4192 6258
322 523 470 572 notaturus
491 523 555 571 xvtl
576 523 649 570 POST
668 522 862 570 rotumam.
883 539 923 552 ··
943 524 986 570 Ab
1006 523 1180 572 anatotosos
1191 525 1200 588 3
1223 525 1321 573 sanato
1341 527 1469 582 QUlNTUS

1613 510 1674 576 499

124 691 298 755 infinitum.
315 693 514 775 abjiciamus
529 711 604 775 ergo
618 693 700 756 banc
720 701 867 768 mortem,
884 693 910 757 A
927 713 971 769 se,
988 694 1072 756 sicut
1087 703 1191 758 crecta
1207 696 1332 759 cervice
1350 717 1405 759 seu
1426 695 1565 779 superbo
1579 697 1673 759 corde

124 797 155 853 et
174 808 282 854 coram
302 792 367 854 Deo
386 793 429 866 sit
444 811 561 876 purum
582 809 637 854 cor
656 799 812 864 nostrum,
829 792 870 854 sit

124 897 258 964 rectum,
275 890 409 966 humile,
426 890 627 968 timoratum3
644 890 868 973 imperfectum

124 995 268 1051 nostrum
292 988 422 1051 videant
445 989 530 1051 oculi
555 988 666 1061 nostri,
691 987 870 1069 dirigatque

123 1087 346 1168 unusquisque
381 1095 413 1150 et
446 1087 586 1150 refrenet
620 1104 656 1148 ac
690 1094 804 1169 purget
836 1104 870 1148 se

124 1186 242 1267 ipsum,
259 1193 289 1247 et
312 1185 396 1248 sicut
419 1186 459 1248 ad
481 1185 716 1268 praesidendum
739 1203 803 1248 non
825 1184 871 1246 in-

122 1284 205 1365 gerit
228 1284 450 1368 semetipsum,
476 1285 522 1346 sic
552 1302 611 1346 nec
640 1283 770 1346 alterius
800 1301 870 1366 pro·

125 1382 258 1445 motioni
285 1381 463 1446 inordinate
490 1382 624 1456 resistat,
647 1401 706 1444 nee
731 1382 872 1465 imperti-

125 1489 237 1543 nentcr
259 1500 293 1544 se
312 1489 458 1564 occupet.

163 1581 328 1652 Phalerea,
345 1581 497 1662 quoniam
512 1581 551 1643 ad
568 1579 712 1643 coelestes
731 1580 870 1662 nuptias,

124 1681 157 1743 in
183 1679 303 1762 quibus
326 1680 391 1743 fleo
415 1679 571 1742 altissimo
595 1679 780 1762 plenissime
805 1699 873 1762 per-

125 1778 283 1852 fruemur,
311 1777 434 1840 invitati
459 1796 579 1850 sumus,
604 1778 696 1840 docct
719 1779 873 1840 Dominus

927 793 1083 856 incedere.
1101 793 1181 866 Quid
1201 794 1287 856 enim
1311 793 1456 877 superbit
1476 803 1559 857 terra
1581 801 1612 856 et
1631 795 1675 856 ci·
1693 813 1820 866 nenas.

926 891 999 952 nisl
1014 890 1094 965 Quid
1110 891 1256 974 superbit
1269 892 1365 954 homo
1381 892 1581 955 miserrimus
1597 910 1673 973 quo-

926 987 1004 1050 tidie
1017 1006 1165 1078 peccans,
1182 989 1471 1052 innumerabilibus
1486 988 1674 1053 defectuosi·

925 1085 1044 1148 tatibus
1064 1086 1189 1168 plenus,
1206 1088 1428 1169 totaxpositus
1449 1088 1612 1170 periculis,
1627 1096 1674 1150 tot

927 1185 1141 1248 circumdatus
1155 1185 1294 1269 laqueist
1305 1186 1381 1248 Hinc
1395 1186 1534 1250 Christus
1547 1187 1673 1251 interm
1704 1195 1802 1250 'narra

926 1291 1017 1364 gatus
1032 1302 1051 1345 a
1066 1283 1244 1366 discipulis,
1261 1285 1334 1367 quis
1349 1283 1451 1364 major
1466 1285 1507 1347 sit
1524 1284 1556 1347 in
1576 1303 1674 1365 regno
1686 1271 1793 1320 “¹¹¹’¹'³·

928 1383 1093 1458 coelorum,
1103 1383 1360 1465 respondit:Nisi
1375 1384 1520 1446 conversi
1535 1383 1672 1459 fueritis,

927 1490 960 1544 et
974 1481 1163 1544 efficiamini
1179 1482 1262 1543 sicut
1279 1482 1414 1565 parvuli,
1432 1500 1495 1545 non
1515 1482 1675 1545 intrabitis

928 1580 961 1642 in
975 1598 1108 1661 regnum
1123 1579 1293 1658 coelorum3
1304 1587 1336 1642 et
1348 1599 1469 1654 rursus,
1477 1581 1675 1663 Quicumque
1702 1589 1760 1634 Ibid·
1775 1593 1796 1634 ⁴·

928 1678 1147 1741 humiliaverit
1175 1678 1316 1741 sesicut
1345 1679 1496 1762 parvulus
1526 1679 1596 1754 iste,
1623 1679 1675 1742 hic

929 1777 1031 1857 major
1051 1784 1100 1840 est
1119 1778 1151 1840 in
1172 1795 1269 1858 regno
1288 1779 1452 1842 coelorum.
1475 1779 1581 1841 Simus
1601 1795 1676 1860 ergo

16 1879 212 1950 exaraviam
239 1877 447 1960 perveniendi
472 1878 512 1939 ad
537 1895 589 1939 aas
613 1893 620 1938 :
646 1877 750 1950 Ouum
774 1875 874 1939 fueris
891 1879 914 1941 B
929 1877 1066 1940 humiles
1086 1878 1169 1940 sicut
1188 1876 1325 1959 parvuli,
1342 1878 1443 1940 simus
1463 1878 1621 1941 mansueti
1641 1885 1677 1939 ut

124 1975 304 2060 (inquiens)
324 1975 475 2039 invitatus
500 1976 539 2038 ad
564 1975 702 2058 nuptias,
724 1975 875 2038 recumbe

125 2077 158 2140 in
182 2076 359 2140 novissimo
384 2075 463 2138 loco.
485 2075 565 2138 Sunt
589 2075 676 2137 enim
701 2082 733 2136 et
755 2074 875 2157 nuptiae

125 2176 273 2259 quaedam
294 2174 475 2258 spirituales
498 2174 594 2236 etiam
620 2173 653 2235 in
676 2173 736 2235 hac
755 2174 822 2236 vita
843 2172 875 2234 in

125 2274 278 2338 militanti
308 2272 459 2336 Ecclesia.
486 2271 759 2346 Quemadmodum
787 2271 875 2334 enim

125 2373 318 2437 universalis
342 2371 484 2435 Ecclesia
509 2371 663 2446 militans,
688 2378 737 2434 cst
760 2387 876 2452 sponsa

124 2473 283 2556 generalis
303 2472 417 2555 Sponsi
439 2472 598 2551 coelestis;
619 2472 665 2534 sic
686 2470 793 2532 anima
812 2486 877 2532 om-

125 2573 176 2634 nis
191 2571 348 2635 veraciter
363 2570 746 2650 christifidelis,ejusdem
762 2567 876 2650 Sponsi

125 2679 174 2734 cst
189 2687 308 2753 sponsa
328 2669 539 2752 particularis,
555 2668 631 2750 quia
651 2686 708 2751 per
726 2666 826 2729 fidem
846 2674 878 2729 et

126 2770 293 2834 caritatem
322 2767 527 2850 conjungitur
556 2767 614 2842 illi,
639 2785 778 2849 eumque
808 2765 877 2828 bra-

125 2869 210 2932 chiis
241 2867 381 2930 caritatis
411 2865 587 2928 affectuose
617 2865 816 2945 constringit,
846 2870 878 2926 et

126 2969 210 3050 ipso,
241 2972 335 3049 prout
366 2966 398 3028 in
430 2965 489 3026 hae
518 2963 774 3047 peregrinatione
804 2961 877 3025 lieri

929 1997 1017 2053 oves,
1033 1978 1197 2062 simplices
1218 1985 1253 2039 ut
1271 1978 1446 2058 columbae3
1462 1979 1563 2042 simus
1578 1978 1675 2059 agiles
1691 1995 1749 2040 rara.
1760 1997 1823 2048 ι,ιι.

930 2084 962 2140 et
980 2077 1141 2139 ferventes
1162 2076 1195 2138 in
1218 2076 1369 2138 omnibus
1389 2097 1459 2159 quae
1479 2085 1553 2140 sunt
1572 2077 1676 2139 cultus

931 2175 1031 2238 divini
1041 2194 1049 2256 ;
1061 2176 1162 2238 simus
1177 2175 1287 2250 sobrii,
1297 2176 1675 2260 custoditionemplares,

931 2281 1122 2348 constantes,
1140 2273 1274 2354 sinceri3
1291 2273 1459 2357 cupiamus
1474 2282 1628 2357 quantum
1644 2276 1678 2337 in

932 2373 1024 2436 nobis
1040 2379 1089 2435 est
1102 2391 1230 2456 semper
1245 2373 1373 2447 nesciri,
1384 2372 1525 2448 obedire,
1535 2373 1676 2436 subesse.

971 2473 1143 2546 Postremo,
1161 2471 1194 2533 in
1214 2471 1379 2553 evangelio
1398 2472 1459 2534 isto
1479 2472 1607 2534 instruit
1621 2489 1679 2534 nos

932 2570 1075 2634 Salvator
1089 2578 1125 2632 ut
1139 2570 1181 2632 sit
1195 2571 1340 2633 ordinata
1356 2571 1486 2634 dilectio
1506 2578 1623 2644 nostra,
1640 2589 1680 2633 ne

931 2670 971 2733 ad
995 2668 1184 2752 temporalia
1205 2675 1237 2731 et
1259 2669 1434 2752 corporalia
1459 2669 1559 2750 magis
1584 2688 1680 2751 quam

931 2768 969 2831 ad
990 2766 1169 2850 spiritualia
1192 2773 1224 2828 et
1247 2773 1365 2829 aeterna
1385 2765 1577 2840 afficiamur,
1598 2767 1682 2828 sieut

931 2865 1026 2949 (prob
1047 2865 1172 2945 dolort)
1192 2863 1285 2927 multi
1308 2870 1382 2926 sunt
1405 2864 1502 2926 etiam
1527 2863 1678 2946 religiosi,

933 2965 988 3047 qui
1004 2965 1031 3026 si
1048 2963 1080 3026 ln
1096 2962 1203 3045 aliqua
1218 2970 1312 3025 ruant
1326 2969 1465 3045 peccata,
1478 2981 1541 3026 non
1556 2970 1680 3025 tantum

126 3073 243 3148 potest,
265 3064 332 3145 jam
362 3062 490 3136 fruitur,
517 3062 547 3124 ei
572 3068 725 3145 tanquam
749 3077 876 3124 summo
896 3059 917 3123 t
934 3063 1100 3126 tristantur
1115 3080 1173 3124 nec
1190 3060 1534 3142 conturbantur,neque
1549 3061 1596 3122 sic
1612 3078 1681 3124 con·

125 3171 158 3226 et
172 3160 356 3226 invariabili
370 3161 449 3224 hono
463 3168 590 3243 propter
604 3179 638 3222 se
654 3179 733 3243 pure
747 3167 778 3222 et
791 3177 878 3222 amo-

124 3281 198 3326 rose
220 3261 388 3335 inherens,
405 3267 436 3323 et
452 3267 557 3322 cetera
575 3266 690 3322 cuncta
709 3258 748 3322 ad
769 3259 876 3342 ipsum

122 3361 269 3424 finaliter
283 3360 443 3422 ordinans.
460 3357 493 3422 Si
509 3375 584 3438 ergo
598 3365 746 3441 optamus
766 3357 798 3419 in
817 3377 876 3420 nu-

123 3461 204 3544 ptiis
227 3458 346 3541 patriae,
364 3458 397 3520 in
420 3457 541 3539 nuptiis
563 3456 682 3537 glorias,
699 3455 732 3517 in
754 3456 875 3539 nuptiis

123 3557 290 3622 fruitionis
310 3562 537 3619 consummata
556 3554 707 3617 constitui
726 3561 821 3637 atque
842 3554 875 3617 in

124 3658 192 3720 illis
216 3656 323 3737 magni
349 3654 567 3736 sublimesque
589 3651 673 3728 fieri,
690 3653 820 3715 interim
843 3653 875 3715 in

124 3754 280 3818 militanti
296 3753 437 3816 Ecclesia
451 3770 616 3815 careamus
635 3751 796 3834 superbia,
812 3771 877 3814 am-

124 3855 309 3937 plectamur
327 3851 473 3925 bumilia,
490 3850 707 3933 deprimamus
726 3857 758 3912 et
772 3850 875 3931 despi-

16 3979 109 4030 catis.
124 3954 252 4016 ciamus
268 3968 324 4014 nos
340 3950 436 4032 ipsos.
452 3949 600 4012 Nemoin
616 3947 805 4030 cogitatione
820 3965 877 4010 sua

125 4071 160 4116 se
184 4049 316 4114 extollat
340 4057 376 4111 ut
399 4055 519 4123 taurus,
540 4047 648 4109 nullus
673 4064 791 4109 cornua
815 4045 876 4108 sibi

123 4155 294 4215 assumat:
313 4147 377 4211 imo
392 4147 419 4209 si
434 4146 507 4230 quis
527 4145 559 4208 in
577 4144 670 4207 donis
689 4152 809 4207 naturae
823 4152 878 4206 aut

933 3168 1112 3245 queruntur
1131 3159 1215 3223 sicut
1229 3160 1256 3221 si
1276 3158 1383 3242 aliqua
1402 3159 1551 3221 utensilia
1565 3166 1619 3222 aut
1633 3159 1679 3222 vi·

933 3259 1060 3334 ctualia,
1070 3266 1126 3322 aut
1139 3257 1327 3322 victualium
1344 3255 1535 3332 lauticinia*,
1547 3275 1603 3319 seu
1617 3257 1680 3320 alia

932 3359 1053 3442 quaevis
1073 3356 1228 3421 exteriora
1247 3355 1293 3418 eis
1307 3375 1326 3418 a
1340 3355 1529 3439 presidente
1549 3363 1603 3418 aut
1616 3356 1679 3440 alio

932 3457 1164 3521 abstrahantur.
1181 3454 1288 3536 Aliqui
1310 3471 1437 3536 quoque
1457 3453 1678 3535 religiosorum

933 3555 1065 3639 praelati,
1082 3561 1157 3617 sunt
1171 3571 1235 3616 non
1253 3551 1456 3614 mediocriter
1470 3552 1678 3635 negligentes,

933 3662 1027 3737 atque
1047 3653 1079 3714 in
1102 3651 1213 3715 ordine
1235 3649 1375 3714 caritatis
1397 3649 1584 3714 deficientes
1601 3669 1609 3714 ε
1624 3652 1681 3734 qni

932 3753 959 3816 si
976 3750 1113 3814 coenobii
1130 3767 1244 3832 pecora
1259 3748 1466 3830 dissipentur,
1482 3749 1621 3812 tristitiis
1637 3749 1681 3812 af-

933 3849 1104 3931 fliguntur3
1114 3848 1140 3910 si
1152 3865 1227 3910 vero
1241 3847 1372 3930 quidam
1387 3865 1426 3910 ex
1440 3846 1602 3910 Fratribus
1618 3848 1681 3913 sibi

933 3947 1113 4012 commissis
1132 3946 1276 4009 acediosa
1293 3954 1324 4009 et
1339 3945 1421 4009 male
1437 3965 1471 4009 se
1488 3947 1636 4023 habeant,
1652 3948 1680 4011 si

933 4046 1136 4120 somnolenti,
1157 4045 1358 4119 contentiosi,
1381 4045 1552 4127 passionali
1578 4048 1680 4110 consi-

934 4153 1025 4219 stant,
1052 4143 1116 4207 cito
1144 4142 1300 4225 facileque
1328 4150 1561 4224 pertranseunt.
1590 4143 1680 4208 Tales

124 4249 249 4333 gratiae,
275 4247 309 4309 in
333 4245 490 4328 sapientia
516 4251 571 4306 aut
595 4243 729 4306 scientia
751 4244 878 4306 videtur
893 4247 917 4311 D
934 4243 1055 4328 praelati
1075 4260 1140 4306 non
1158 4242 1307 4305 videntur
1326 4240 1403 4303 satis
1427 4240 1610 4316 illuminati,
1626 4261 1681 4305 nc·

125 4345 324 4432 praeclarior,
342 4343 373 4406 in
393 4342 543 4406 omnibus
563 4343 605 4404 sit
624 4341 786 4416 humilior,
803 4341 879 4424 qnia

125 4456 164 4512 ut
183 4446 231 4508 nit
245 4442 434 4516 Bernardus‚
450 4441 536 4505 Nihil
555 4448 620 4503 tam
641 4439 758 4503 efficax
777 4448 825 4503 est
839 4440 878 4502 ad

124 4543 362 4611 inveniendum
385 4541 519 4622 gratiam
543 4539 628 4622 apud
653 4539 765 4614 Deum,
782 4558 879 4621 quam

125 4653 165 4710 ut
180 4631 310 4725 semper
325 4640 498 4705 inveniaris
513 4656 576 4701 non
592 4639 655 4701 alta
674 4638 729 4701 sed
744 4638 880 4702 humilia

125 4745 169 4807 de
185 4750 219 4804 te
234 4741 364 4815 sentire,
380 4757 439 4802 nec
458 4755 662 4822 presumere,
678 4736 734 4799 sed
754 4737 877 4799 timere.

125 4843 221 4908 Unde
243 4847 275 4902 et
296 4846 423 4902 sanctus
447 4845 536 4920 patcr
555 4837 766 4920 Hieronymus
787 4836 878 4911 dixit,

125 4939 222 5006 soah
238 4937 451 5002 adolescentia
467 4954 524 5000 sua
540 4935 622 4998 nibil
638 4935 684 4998 sic
699 4934 880 4999 abhorruis-

934 4363 996 4426 que
1020 4341 1198 4405 animarum
1228 4338 1371 4421 pericula
1398 4339 1473 4402 satis
1497 4347 1677 4422 pensantes,

934 4460 992 4506 nec
1008 4460 1103 4524 quam
1120 4457 1244 4502 summe
1260 4445 1292 4500 et
1306 4437 1600 4521 incomparabiliter
1614 4458 1680 4503 om·

934 4541 983 4604 nis
1003 4538 1202 4603 inhonoratio
1218 4545 1249 4600 et
1265 4537 1390 4601 offensa
1404 4538 1461 4600 Dei
1480 4539 1545 4600 sint
1558 4538 1680 4620 fugien-

934 4640 982 4703 dae
1000 4639 1060 4701 rite
1080 4638 1301 4720 ponderantes.
1318 4637 1398 4700 (lum
1420 4643 1562 4700 extrema
1583 4637 1681 4719 igitur

934 4737 1098 4819 diligentia
1116 4735 1293 4818 exstirpent
1312 4735 1434 4817 praelati
1456 4742 1586 4818 peccata
1606 4753 1625 4798 a
1646 4754 1680 4798 se

934 4836 1014 4919 ipsis
1037 4855 1074 4898 ae
1097 4833 1234 4897 subditis
1259 4833 1336 4908 suis,
1357 4842 1390 4897 et
1412 4833 1559 4898 subditus
1584 4853 1681 4898 unus-

936 4935 1072 5017 quisque
1090 4953 1109 4995 a
1127 4933 1257 5017 proprio
1276 4933 1380 4996 corde.
