4140 6258
452 495 599 544 nemrim
621 495 676 542 vm
695 495 769 543 rosr
788 494 982 542 munnam.
1002 511 1043 524 —
1064 494 1162 542 sanae
1183 493 1336 544 assumus
1607 472 1668 539 299

114 664 143 728 si
164 666 377 731 reverentiam
402 666 544 742 honoris,
563 666 697 749 gloriam
717 665 830 742 laudis,
846 685 866 731 a
879 665 905 730 Α
919 666 1006 730 enim
1022 671 1141 748 quanto
1156 665 1229 749 quis
1245 666 1278 732 in
1293 665 1359 730 vita
1373 662 1521 750 prasenti
1536 662 1667 746 amplio

116 764 307 829 melioribus
323 766 434 840 metui,
450 765 491 828 ab
505 766 655 829 omnibus
670 771 798 828 sanetus
813 783 865 829 vo
920 783 987 826 rem
1003 763 1065 827 sibi
1081 771 1230 847 procurat
1245 764 1363 828 lamam
1383 761 1560 826 sanctitatis
1573 767 1605 824 et
1619 779 1666 824 sa-

114 863 205 926 caril
221 864 260 927 Et
274 864 470 947 Augustinus
487 863 605 928 latetur
622 881 629 926 :
646 864 795 946 Quisquis
809 883 865 946 ap
919 863 1059 946 pientia,
1076 871 1164 928 tanto
1179 863 1280 945 major
1295 862 1357 926 erit
1375 861 1446 944 ejus
1466 860 1613 926 conlusio
1633 860 1666 923 in

114 962 310 1045 petitvideri
326 963 410 1044 quod
425 979 489 1042 nou
505 962 735 1046 est,hypocrita
752 961 865 1026 merito
919 961 971 1024 die
994 961 1120 1043 judicii,
1147 960 1402 1044 eternaliterque
1429 960 1461 1023 iu
1490 959 1595 1043 poenis
1620 959 1666 1022 in·

114 1060 296 1143 appellatur
313 1077 320 1122 :
340 1059 470 1124 simulat
489 1059 575 1123 enim
596 1079 629 1122 se
647 1059 782 1141 justum,
799 1077 862 1123 non
919 1058 1014 1134 terni,
1031 1059 1058 1122 si
1074 1079 1174 1124 vanus
1192 1067 1224 1123 et
1244 1059 1340 1122 lictus
1359 1058 1457 1123 luerit
1476 1075 1582 1121 coram
1602 1057 1667 1120 Deo

114 1157 257 1232 exhibet,
273 1158 425 1241 quoniam
445 1163 547 1221 toturn
565 1157 705 1220 fructum
722 1158 754 1221 in
770 1158 863 1221 laude
920 1157 1078 1221 iuventus.
1097 1158 1142 1221 Ex
1158 1157 1208 1220 his
1225 1157 1406 1232 innotescit,
1422 1163 1540 1240 quanta
1557 1155 1598 1220 sit
1613 1155 1667 1239 hy·

113 1257 284 1320 hominum
301 1257 402 1340 ponit.
418 1256 581 1346 luteydum
597 1273 673 1320 vero
690 1256 863 1340 hypocritae
919 1255 1113 1338 poeritarum
1135 1264 1167 1318 ct
1188 1255 1408 1319 simulatorum
1430 1254 1569 1316 fatuitas.

113 1353 255 1416 carnalia
275 1354 441 1417 commoda
460 1361 608 1436 quarunt
629 1361 662 1416 et
682 1352 781 1427 luera,
798 1354 863 1417 imo
964 1354 1019 1416 Est
1048 1372 1175 1437 quoque
1205 1372 1316 1418 eorum
1345 1353 1474 1435 grandis
1503 1352 1664 1435 iniquitas.

113 1451 258 1516 carnales
273 1451 405 1516 delicias
419 1459 515 1535 atque
530 1451 671 1524 divitias,
686 1459 718 1514 et
733 1451 863 1515 mulier·
918 1451 1050 1534 Propter
1070 1453 1155 1535 quod
1179 1452 1293 1515 asserit
1314 1451 1511 1533 Augustinus
1535 1468 1542 1512 :
1565 1451 1668 1514 Simu·

113 1550 196 1613 culis
222 1569 257 1613 se
280 1551 470 1632 adjungunt,
495 1569 567 1632 quae
592 1549 719 1613 facilius
743 1550 862 1632 decipi·
918 1549 982 1614 lata
1003 1550 1135 1633 equitas
1157 1568 1220 1614 non
1242 1557 1291 1614 est
1310 1550 1453 1633 aequitas,
1474 1549 1528 1612 sed
1549 1548 1667 1633 duplex

113 1656 224 1723 untur,
249 1656 285 1711 ut
307 1655 544 1731 cousequantur
568 1655 727 1731 pretecta.
748 1648 792 1711 De
813 1647 863 1710 his
920 1649 1083 1731 iniquitas,
1099 1649 1176 1732 quia
1197 1657 1228 1712 et
1250 1649 1412 1713 simulatio
1432 1655 1480 1712 est
1500 1655 1532 1710 et
1553 1647 1667 1730 iniqui-

114 1747 350 1810 infelicissimis
375 1747 550 1831 hypocritis
579 1747 624 1810 ait
648 1746 827 1810 bernardus
854 1765 861 1809 :
918 1754 976 1811 tas.
989 1749 1152 1822 Praeterea,
1164 1767 1263 1830 quum
1280 1748 1362 1811 Deus
1378 1747 1420 1810 sit
1434 1747 1562 1821 veritae,
1572 1765 1668 1830 quau·

114 1845 285 1929 hypocrita
300 1844 476 1926 singularia
489 1843 590 1926 magis
605 1852 638 1907 et
652 1845 803 1907 inusitata
815 1864 861 1908 se·
879 1845 902 1908 B
919 1853 951 1910 to
965 1845 1087 1928 aliquid
1103 1845 1204 1927 magis
1220 1845 1346 1908 veritati
1362 1843 1583 1918 contrariatur,
1600 1851 1668 1906 tan-

113 1952 228 2018 ctatur,
255 1951 291 2005 ut
314 1943 450 2026 propriae
471 1941 677 2023 fragrantiam
701 1942 863 2024 opinionis
918 1952 951 2008 to
966 1943 1039 2026 plus
1054 1943 1204 2026 displicet
1219 1944 1333 2018 Deo‚et
1346 1943 1525 2024 graviorem
1541 1941 1667 2024 eulpam

114 2049 287 2124 respergat.
305 2040 405 2122 Cujus
419 2039 548 2104 allectio
563 2039 730 2122 elongatur
744 2059 762 2103 a
777 2039 864 2104 Chri·
918 2041 1058 2105 sortitur.
1075 2041 1258 2125 llypocrisis
1278 2048 1384 2106 autem
1405 2058 1504 2124 quum
1525 2039 1567 2102 sit
1581 2038 1666 2102 lalsi·

114 2149 175 2214 sto,
195 2148 228 2204 et
250 2139 340 2202 vanis
363 2138 527 2203 favoribus
549 2139 746 2218 delectatur3
770 2139 863 2221 cujus
918 2147 976 2216 tas,
1003 2146 1034 2204 et
1063 2139 1226 2204 simulatio
1253 2157 1291 2202 ae
1319 2138 1461 2222 palliatio
1485 2137 1665 2212 maledicta,

115 2258 218 2312 meus,
245 2256 309 2302 non
333 2239 518 2303 testimonio
542 2237 679 2322 propria
701 2238 863 2302 conscien-
919 2237 1100 2321 specialiter
1116 2237 1326 2302 contrariatur
1344 2237 1519 2318 Deojusto,
1536 2253 1612 2300 vero
1629 2255 1666 2299 ac

114 2339 178 2410 tissa,
200 2337 256 2400 sed
277 2335 513 2400 adulationibus
534 2336 744 2400 demulcetur.
918 2335 1071 2419 simplici,
1091 2343 1124 2398 et
1142 2335 1347 2418 singulariter
1366 2333 1561 2417 displicet
1533 2353 1572 2398 er.
1594 2334 1665 2399 Pro·

156 2435 272 2509 Tertio,
288 2434 441 2518 quoniam
460 2433 600 2498 lructum
621 2435 812 2517 producunt,
832 2443 864 2498 et
918 2442 990 2517 pter
1013 2435 1097 2517 quod
1123 2434 1381 2517 scriptumest:
1404 2431 1611 2497 Simulatores
1633 2440 1783 2495 ιῐιιιιιι
1756 2457 1812 2496 ιιιι,

116 2539 224 2594 tamen
246 2551 306 2594 usu
331 2530 455 2594 fructus
479 2549 513 2594 se
537 2531 673 2616 privant
697 2531 861 2614 Siquidem
918 2532 1025 2595 callidi
1047 2539 1221 2615 provocant
1240 2531 1319 2594 iram
1339 2531 1407 2594 Dei.
1429 2531 1467 2594 Et
1487 2531 1602 2594 iterum
1620 2513 1713 2594 ait¹³'

114 2647 213 2712 opera
234 2649 273 2692 ex
297 2647 356 2694 suo
376 2647 492 2711 genere
514 2630 598 2693 bona
620 2629 780 2704 alliciunt,
803 2649 863 2694 nec
918 2629 1110 2714 Scriptura:
1134 2631 1186 2695 lae
1207 2629 1367 2713 peccatori
1389 2637 1505 2692 terram
1529 2628 1665 2711 ingredi·
1678 2645 1768 2690 ιιιιιι
1770 2648 1812 2697 ,ιι

113 2737 223 2792 tamen
237 2747 276 2791 ex
297 2727 376 2810 ipsis
394 2727 545 2810 operibus
565 2746 673 2790 veram
692 2727 862 2798 utilitatem
918 2729 984 2790 enti
999 2727 1168 2792 duabus
1139 2728 1209 2791 vris.
1228 2728 1315 2803 Quod
1331 2727 1505 2811 hypocritis
1521 2735 1553 2790 et
1567 2727 1666 2790 simu-

112 2828 230 2890 auimae
253 2826 483 2908 adipiscuntur.
510 2825 578 2889 Non
608 2825 695 2888 enim
721 2845 760 2888 ex
785 2826 863 2910 ipsis
918 2825 1073 2890 latoribus
1099 2827 1237 2890 maxime
1267 2826 1431 2909 competit,
1456 2826 1532 2908 quia
1562 2833 1596 2888 ut
1621 2826 1666 2888 ait

112 2924 267 3008 operibus
288 2924 374 2986 intus
394 2930 559 2998 ornantur,
576 2942 634 2987 nee
653 2923 864 3008 spiritualiter
918 2924 1098 3006 Gregorius,
1129 2924 1253 2988 duabus
1284 2925 1344 2987 viis
1374 2933 1521 3007 peccator
1549 2931 1666 2986 terram

113 3023 330 3096 consolantur,
357 3039 416 3084 uec
442 3029 591 3085 crescunt
615 3023 647 3084 iu
671 3023 783 3105 gratia,
806 3023 861 3086 sed
878 3021 900 3085 C
919 3023 1106 3102 ingreditur,
1123 3023 1249 3106 quando
1269 3030 1301 3086 et
1321 3023 1376 3086 Dei
1395 3029 1443 3084 est
1462 3022 1548 3105 quod
1570 3039 1665 3104 opere

113 3120 258 3205 quotidie
282 3120 421 3203 amplius
445 3119 665 3201 inquinantur,
690 3119 802 3184 loelent
825 3139 861 3184 ac
918 3120 1058 3195 exhibet,
1075 3129 1107 3183 et
1125 3121 1235 3184 muudi
1256 3128 1305 3185 est
1325 3122 1409 3203 quod
1428 3139 1486 3204 per
1504 3119 1666 3201 cogitatio-

113 3222 317 3293 iudurantur,
340 3218 466 3282 dicente
486 3218 635 3300 Gregorio
652 3219 782 3293 :Qualis
804 3219 862 3284 irn-
919 3237 992 3282 nem
1013 3219 1136 3301 quaerit.

114 3318 229 3401 peritis
243 3325 375 3402 apparet
389 3317 565 3400 hypocrita,
577 3317 648 3380 talis
664 3317 732 3380 vult
746 3317 786 3381 ab
801 3335 864 3380 orn-
958 3318 1092 3400 Insuper
1108 3336 1221 3400 magna
1235 3318 1366 3382 omnino
1380 3325 1428 3381 est
1443 3318 1556 3381 horum
1573 3317 1667 3380 mise·

113 3419 212 3482 nibus
226 3417 388 3490 estimari,
405 3425 437 3480 et
452 3416 590 3498 paratior
605 3425 653 3479 est
669 3417 748 3479 mori
766 3437 862 3499 quarn
919 3418 976 3492 ria,
992 3416 1110 3490 vilitas,
1127 3416 1411 3498 contemptibilitas
1426 3423 1522 3499 atque
1538 3417 1666 3480 damua-

112 3515 251 3600 corripi;
265 3525 361 3598 atque
376 3522 454 3596 quot
467 3513 554 3576 vitiis
570 3513 685 3596 plenus
699 3522 757 3587 est,
772 3515 862 3596 quasi
919 3517 974 3580 tio.
996 3516 1160 3598 Siquidem
1185 3515 1276 3580 valde
1298 3515 1377 3578 viles
1399 3523 1475 3578 sunt
1492 3514 1665 3598 hypocritae

110 3623 157 3679 tot
177 3611 375 3678 stercoribus
399 3613 432 3674 iu
452 3620 624 3695 conspeetu
649 3611 758 3675 aeterni
777 3612 863 3676 Judi·
920 3615 971 3676 isti
994 3621 1026 3676 et
1047 3612 1118 3676 lalsi
1142 3613 1316 3696 prophete,
1332 3613 1533 3676 simulatores
1553 3618 1585 3676 et
1605 3612 1666 3675 cal-

109 3713 158 3775 cis
173 3711 273 3786 loetet,
281 3710 417 3794 ejusque
433 3717 573 3773 mentem
588 3709 733 3772 diabolus
748 3710 863 3772 tacitus
920 3712 987 3786 lidi,
1006 3713 1038 3774 in
1057 3710 1176 3793 quibus
1197 3711 1285 3774 nulla
1304 3719 1352 3774 est
1372 3730 1446 3774 vera
1467 3711 1583 3774 mentis
1602 3710 1665 3772 sin·

109 3819 208 3874 tenet
218 3810 343 3883 Quarto,
352 3808 429 3892 quia
443 3827 500 3891 per
514 3809 614 3872 solam
630 3826 811 3891 perversam
827 3827 863 3872 ac
920 3811 1045 3884 ceritas,
1057 3809 1146 3872 nulla
1160 3809 1301 3874 virtuosa
1316 3810 1515 3893 simplicitas,
1530 3810 1585 3872 sed
1601 3816 1664 3872 tam

109 3908 237 3972 latuam
253 3907 475 3980 intentionem,
493 3924 556 3969 nou
574 3905 677 3970 solum
698 3924 732 3969 se
749 3907 864 3989 spoliat
920 3926 1069 3992 perversa
1092 3907 1237 3982 intentio,
1258 3915 1322 3971 tam
1346 3907 1419 3972 vilis
1439 3908 1580 3982 allectio,
1600 3915 1665 3970 tam

106 4007 219 4070 fructu
235 4005 386 4068 virtutum
401 4011 434 4066 et
447 4003 864 4085 gmtiaeiucrementoaeter-
919 4007 1015 4070 stulta
1036 4015 1068 4069 et
1088 4006 1300 4090 aspernabilis
1322 4006 1420 4070 fictio.
1443 4007 1521 4070 Nam
1544 4013 1575 4071 et
1595 4024 1666 4090 pro·

108 4125 220 4190 noque
249 4103 457 4168 beatitudinis
487 4105 629 4186 premio,
655 4105 710 4166 scd
732 4103 864 4186 insuper
919 4106 989 4189 pria
1012 4105 1173 4189 hypocrisi
1197 4104 1386 4168 mirabiliter
1409 4104 1665 4168 lamentabiliter-

107 4211 303 4288 perpetuam
319 4202 381 4266 sibi
396 4202 633 4266 damnationem
650 4211 820 4275 mercatur,
832 4211 863 4266 et
879 4201 981 4287 lique
997 4211 1166 4277 caecantur,
1183 4223 1241 4267 nec
1261 4205 1434 4268 cecitatem
1451 4223 1541 4266 suam
1556 4203 1664 4266 adver-

107 4323 227 4388 poenas
241 4301 372 4365 habebit
390 4301 595 4385 gravissimas
615 4321 651 4365 ac
668 4303 861 4386 praecipuam
919 4311 999 4365 tunt.
1019 4303 1139 4366 ldcirco
1153 4303 1231 4366 dicit
1246 4303 1488 4387 Chrysostomus
1505 4321 1512 4366 :
1529 4303 1553 4367 Ο
1568 4303 1665 4386 hypo

108 4405 142 4466 iu
167 4403 282 4466 divino
302 4401 425 4483 judicio
445 4401 676 4466 confusionem.
700 4403 744 4466 lle
766 4403 864 4486 hypo
919 4402 1009 4476 erite,
1028 4403 1054 4464 si
1077 4401 1197 4464 bouum
1219 4410 1268 4465 est
1289 4402 1408 4464 bonum
1431 4420 1512 4476 esse,
1534 4408 1568 4464 ut
1586 4403 1664 4484 quid

108 4503 193 4566 crita
209 4519 349 4582 namque
365 4499 397 4562 iu
413 4499 496 4562 libro
509 4500 567 4564 Job
581 4501 620 4563 ad
637 4500 773 4564 litteram
790 4502 864 4564 scri·
919 4501 967 4564 vis
981 4518 1134 4583 apparere
1150 4501 1234 4582 quod
1250 4517 1312 4562 non
1328 4501 1376 4562 ris
1391 4519 1461 4564 esse
1469 4500 1527 4565 lSi
1545 4501 1664 4565 malurn

27 4629 90 4726 {¹7⁸⁶
108 4609 206 4684 ptum
226 4606 300 4663 est:
317 4599 349 4662 Si
369 4599 548 4662 ascenderit
566 4618 666 4682 usque
686 4601 725 4662 ad
745 4601 863 4664 coelum
919 4607 967 4663 est
982 4599 1101 4662 malurn
1118 4617 1198 4672 esse,
1211 4606 1246 4660 ut
1260 4598 1337 4681 quid
1353 4599 1401 4662 vis
1416 4618 1485 4662 esse
1500 4601 1585 4682 quod
1602 4619 1665 4664 uon

19 4688 312 4783 ⁹¹·superbia'
283 4717 365 4780 eyus,
382 4705 414 4762 et
429 4706 525 4779 eaput
542 4697 612 4780 ejus
632 4698 734 4762 nubes
753 4699 863 4782 tetige-
919 4699 968 4761 vis
982 4701 1158 4781 appareret
1146 4698 1205 4761 lSi
1224 4698 1344 4760 bonum
1364 4706 1413 4761 est
1431 4698 1551 4762 bonum
1570 4719 1665 4782 appa-

107 4800 162 4872 rit,
181 4796 277 4881 quasi
298 4796 566 4908 sterquiliqium'
558 4817 591 4858 m
613 4796 680 4860 line
700 4798 860 4881 perdetur,
919 4816 999 4870 rere,
1025 4796 1139 4860 melius
1161 4803 1208 4859 est
1233 4797 1351 4859 bonurn
1376 4814 1466 4876 esse;
1491 4798 1518 4860 si
1544 4797 1663 4861 malurn

106 4895 250 4959 transiet
277 4893 369 4977 quasi
397 4894 479 4956 visio
504 4902 678 4974 nocturna;
704 4895 770 4958 luet
791 4915 862 4978 quae
918 4904 967 4960 est
984 4895 1103 4958 malum
1118 4913 1282 4977 apparere,
1299 4895 1392 4979 pejus
1412 4904 1460 4958 est
1480 4896 1600 4958 malum
1617 4917 1664 4960 es·

105 4994 189 5058 lecit
205 4992 326 5067 omnia,
341 5010 399 5055 nec
415 5000 521 5055 tamen
537 5000 757 5072 consumatum
772 4993 863 5075 juxta
918 5013 961 5056 se.
974 4995 1036 5056 hut
1050 5011 1125 5074 ergo
1139 5013 1256 5076 appare
1271 4994 1355 5075 quod
1372 5013 1417 5068 es,
1428 5001 1482 5056 aut
1497 5002 1565 5057 esto
1580 4997 1664 5078 quod

106 5091 356 5156 multitudinem
375 5090 639 5154 adinventionum
658 5110 799 5166 suarum,
816 5093 862 5155 sic
917 5111 1061 5174 appares.

103 5199 137 5254 et
153 5188 353 5268 sustinebit;
369 5188 557 5253 revelabunt
572 5189 642 5254 coeli
660 5189 860 5274 iniquitatem
966 5191 1122 5273 Deinceps
1142 5191 1320 5274 hypocrisis
1342 5191 1400 5253 ista
1424 5192 1604 5274 periculosa
1617 5201 1666 5254 est

102 5289 192 5374 ejus,
210 5295 245 5350 et
259 5295 342 5352 terra
356 5287 508 5350 adversus
524 5305 598 5350 eum
614 5297 793 5369 consurget.
812 5288 862 5352 lit·
918 5288 1010 5352 ratde
1029 5295 1094 5351 tam
1115 5288 1175 5370 ipsi
1196 5289 1380 5371 hypocrite,
1396 5289 1473 5371 quia
1490 5289 1664 5371 unicuique
