4164 6258
478 519 626 570 oomurm
648 523 678 569 rv
698 522 772 570 rosr
792 519 985 570 ramnum.
1006 539 1047 552 -
1067 521 1166 569 sanim
1187 521 1297 569 ramus
1604 501 1661 568 aot

118 691 339 776 negotiatores,
366 693 495 780 propria
524 693 693 779 iniquitate
722 713 864 759 mercan-
879 691 904 758 Α
920 711 974 758 cor
996 693 1136 759 hominis
1156 697 1368 758 ascenderunt
1388 713 1459 778 quaa
1479 694 1563 758 Deus
1586 713 1664 778 pra·

119 793 309 867 fanonibus
324 813 363 858 ex
379 794 599 878 compassione
614 793 735 876 ingenti
751 793 867 858 clamat
919 793 1043 877 paravit
1065 793 1272 876 diligentibus
1296 813 1331 858 se
1351 801 1384 858 et
1407 793 1527 856 electis.
1544 793 1665 856 idcirco

6 915 94 962 aas.
119 891 298 974 Propheta:
315 893 386 957 filii
402 893 583 968 hominum,
595 909 763 975 usquequo
777 893 865 975 gravi
919 892 964 954 ait
978 891 1188 976 Hieronymus
1206 911 1213 954 :
1229 893 1343 956 Nullus
1362 891 1451 955 labor
1469 893 1579 966 durus,
1595 892 1665 954 nul-

120 991 232 1054 cordel
247 991 286 1055 Ut
300 991 377 1074 quid
391 991 527 1073 diligitis
541 992 726 1066 vanitatem,
738 998 770 1053 et
784 1011 866 1072 quas-
921 989 987 1054 lum
1015 998 1143 1073 tempus
1173 992 1303 1073 longum
1332 991 1435 1054 videri
1464 997 1577 1074 potest,
1603 1007 1667 1074 quo

4 1109 106 1158 nnnc
119 1088 189 1151 ritis
205 1089 426 1152 mendaciuml
441 1089 537 1154 lsaias
552 1107 679 1174 quoque
697 1107 704 1152 :
721 1089 867 1153 Pravari-
918 1087 1020 1168 gloria
1042 1088 1228 1151 aternitatis
1249 1088 1437 1172 acquiritur.

119 1193 241 1250 catores
255 1187 398 1270 (inquit),
415 1187 517 1251 redite
537 1187 576 1249 ad
598 1204 664 1250 cor.
958 1186 1064 1250 Tertio
1086 1186 1169 1260 dico,
1187 1188 1271 1270 quod
1294 1195 1419 1251 aterna
1441 1187 1603 1251 felicitatis
1627 1187 1669 1250 sit

157 1285 304 1348 Secundo
327 1284 411 1360 dico,
431 1286 516 1368 quod
541 1285 681 1350 coelestis
704 1284 866 1347 felicitatis
920 1286 1059 1348 maxima
1074 1285 1249 1368 plenitudo.
1266 1285 1345 1349 Nam
1366 1287 1514 1369 quamvis
1533 1285 1668 1349 felicitas

118 1384 159 1446 sit
172 1401 299 1446 summa
322 1382 562 1466 ineffabilisque
579 1383 773 1465 jucunditas,
789 1400 866 1466 quo·
920 1382 974 1448 illa
989 1383 1031 1446 sit
1051 1383 1263 1446 essentialiter
1281 1384 1403 1466 aliquid
1423 1403 1523 1446 unum
1538 1402 1575 1446 ac
1594 1384 1669 1446 sim-

118 1481 204 1544 niam
227 1480 309 1544 Deus
332 1481 481 1544 sublimis
500 1489 532 1544 et
552 1481 753 1555 benedictus,
769 1499 865 1563 quem
920 1482 1005 1564 plen,
1021 1481 1172 1545 videlicet
1192 1481 1276 1544 clara
1295 1489 1327 1544 et
1347 1481 1477 1545 linitiva
1495 1481 1577 1545 visio
1599 1482 1666 1555 Dei,

118 1579 204 1642 beati
221 1579 306 1642 clare
326 1598 361 1642 ac
376 1579 507 1643 fruitive
526 1579 713 1661 inspiciunt,
729 1587 778 1642 est
797 1579 867 1661 pul·
919 1599 991 1662 quae
1011 1587 1059 1642 est
1079 1579 1247 1663 premium
1269 1580 1438 1644 essentiale
1458 1587 1490 1642 et
1506 1579 1667 1643 felicitatis

118 1677 310 1741 chritndinis
334 1677 463 1759 penitus
488 1676 624 1740 infinitas
648 1684 679 1739 et
702 1677 867 1740 suavitatis
921 1678 1069 1754 essentia,
1087 1677 1188 1740 nihilo
1203 1678 1312 1740 minus
1327 1678 1402 1740 huic
1418 1678 1551 1760 premio
1564 1696 1669 1740 essen-

118 1794 248 1859 prorsus
273 1777 438 1839 immensas
462 1793 469 1838 :
494 1775 560 1838 imo
584 1776 653 1858 ipse
676 1783 724 1838 est
745 1775 864 1840 bonum
921 1776 988 1840 tiali
1005 1783 1091 1839 muta
1109 1775 1318 1839 accidentalia
1336 1777 1452 1858 gaudia
1469 1795 1507 1839 ac
1526 1776 1667 1858 praemia,

117 1875 308 1957 perfectum,
326 1874 358 1936 in
373 1892 438 1955 quo
452 1873 557 1936 omnis
577 1873 743 1955 perfectio,
760 1873 864 1938 omnis
883 1875 906 1939 B
922 1882 967 1937 tot
991 1875 1085 1948 bona,
1102 1881 1148 1938 tot
1171 1875 1301 1949 divitias,
1318 1875 1442 1938 delicias
1465 1883 1497 1938 et
1520 1875 1667 1943 honores,

117 1973 279 2046 nobilitas,
295 1973 399 2035 omnis
419 1979 568 2054 potestas,
586 1981 617 2034 et
637 1971 793 2054 quidquid
812 1991 865 2053 ap·
921 1973 1093 2055 conjuncta
1116 1981 1202 2046 suut,
1223 1980 1258 2034 ut
1282 1991 1341 2036 neo
1365 1973 1527 2036 numerari
1552 1980 1670 2056 queant

117 2071 180 2153 peti
196 2077 313 2153 potest,
326 2089 400 2132 oum
417 2069 544 2132 infinita
558 2070 866 2144 excellentiaveris-
919 2091 980 2134 nec
1004 2071 1231 2154 comprehendi
1250 2072 1355 2135 :visio
1379 2072 1502 2134 scilicet
1523 2071 1669 2134 humani·

117 2169 197 2231 sime
216 2187 254 2232 ac
274 2167 514 2250 simplicissime
534 2168 726 2240 continetur,
743 2168 865 2231 inveni·
920 2170 993 2233 tatis
1011 2169 1126 2233 Christi
1147 2176 1178 2232 et
1202 2169 1340 2252 Virginis
1364 2170 1518 2252 gloriose,
1540 2170 1669 2233 intuitio

116 2275 167 2330 tur
181 2286 219 2330 ac
234 2266 424 2330 semitonsi
440 2283 515 2348 ergo
529 2285 579 2328 res
594 2274 682 2329 tanto
695 2267 867 2348 jucundior
920 2275 1016 2350 atque
1031 2268 1165 2331 societas
1180 2267 1324 2330 omnium
1345 2268 1561 2350 angelicorum
1578 2268 1669 2350 spiri·

117 2374 162 2427 est
181 2366 222 2427 ad
241 2365 428 2438 videndum,
443 2372 475 2427 et
495 2372 582 2428 tanto
602 2366 730 2428 suavior
747 2365 786 2428 ad
801 2365 865 2427 fru·
920 2373 1012 2428 tuum
1035 2372 1067 2428 et
1089 2365 1312 2428 universorum
1338 2373 1520 2428 sanctorum
1540 2367 1669 2449 Aposto

116 2466 247 2538 endum,
264 2471 383 2547 quanto
402 2463 581 2545 pretiosior,
599 2463 712 2526 melior
731 2464 867 2526 dulcior·
921 2463 1036 2537 lorum,
1053 2463 1293 2546 Prophetarum,
1310 2465 1572 2538 Patriarcharum,
1589 2483 1670 2527 mar-

116 2581 178 2646 que
200 2562 348 2626 consistit
373 2561 405 2625 iu
430 2561 612 2643 semetipsa,
634 2569 758 2624 constat
781 2563 865 2644 quod
920 2571 1039 2645 tyrum,
1056 2563 1275 2626 confessorum
1301 2581 1336 2626 ac
1359 2563 1531 2644 virginum.
1553 2563 1612 2626 Sed
1637 2572 1669 2626 et

116 2680 248 2745 prorsus
282 2660 577 2744 incomparabiliter
610 2661 798 2724 deliciosum
829 2680 866 2724 ac
921 2668 993 2743 post
1007 2660 1092 2723 diem
1107 2661 1222 2741 judicii
1237 2670 1332 2724 erunt
1347 2678 1478 2744 corpora
1494 2661 1667 2724 electorum

115 2759 209 2822 dulce
234 2759 277 2822 sit
298 2759 398 2822 Deum
423 2759 507 2822 clare
527 2760 724 2842 conspicere,
741 2767 773 2822 et
796 2759 867 2840 ejus
920 2758 1109 2840 glorificata,
1127 2767 1159 2822 et
1174 2767 1310 2843 quatuor
1325 2759 1463 2833 dotibus,
1481 2766 1589 2841 utpote
1607 2760 1667 2821 cla-

116 2857 178 2919 frui
203 2857 346 2920 bonitate
369 2864 465 2939 atque
486 2857 656 2920 dulcedine
680 2857 713 2919 in
738 2858 868 2940 proprio
921 2858 1023 2930 ritate,
1042 2856 1309 2940 impassibilitate,
1325 2857 1501 2920 subtilitate
1520 2875 1557 2919 ac
1578 2857 1668 2938 agili·

115 2954 212 3018 fonte.
230 2955 309 3018 llinc
324 2955 364 3018 de
378 2954 488 3018 electis
504 2955 645 3036 loquitur
660 2956 724 3018 Deo
738 2955 866 3018 Psalmi·
922 2962 994 3028 tate,
1013 2954 1220 3018 ineffabiliter
1239 2955 1407 3034 adornata3
1422 2963 1454 3017 et
1472 2955 1533 3017 erit
1553 2955 1585 3016 in
1606 2973 1667 3018 coe·

1 3075 101 3128 anns,
114 3053 437 3116 sta:lnebriahuntur
450 3053 491 3116 ab
507 3053 650 3116 ubertate
665 3053 776 3116 domus
791 3054 902 3128 tua,G
923 3053 972 3124 lis,
1003 3060 1038 3114 ut
1069 3052 1300 3116 rationabiliter
1330 3053 1481 3126 ereditur,
1512 3053 1580 3116 laus
1611 3053 1666 3114 Dei
1717 3101 1722 3110 .

7 3163 12 3174 '
113 3163 145 3216 et
159 3160 299 3216 torrente
314 3151 485 3234 voluptatis
501 3159 562 3215 tua
577 3151 702 3234 potabis
717 3169 866 3234 eoszquo
921 3151 1051 3225 vocalia,
1078 3151 1268 3234 symphonia
1298 3150 1563 3214 inaestimabiliter
1589 3151 1667 3214 deli-

114 3253 200 3314 niam
221 3251 307 3332 apud
326 3257 357 3312 te
376 3258 424 3314 est
445 3249 516 3313 fons
536 3251 620 3324 vite,
638 3258 670 3312 et
691 3251 722 3313 in
744 3251 866 3313 lumine
922 3251 1017 3323 ciosa,
1039 3250 1163 3331 eritque
1188 3249 1232 3312 ibi
1257 3250 1462 3312 dulcissimus
1486 3250 1584 3329 odor3
1600 3266 1667 3312 oor-

112 3358 168 3412 tuo
182 3347 366 3412 videbimus
382 3347 501 3411 lumen.
512 3348 676 3431 Siquidem
694 3349 727 3410 in
744 3347 865 3411 lumine
921 3365 998 3430 pora
1020 3366 1148 3430 quoque
1173 3348 1314 3412 coelestia
1337 3356 1370 3410 et
1393 3348 1550 3412 elementa
1574 3357 1668 3410 erunt

112 3447 225 3529 gloriae
239 3445 421 3510 videbimus
437 3445 545 3510 lumen
562 3455 729 3520 aternum,
746 3445 865 3510 fontale
922 3447 1111 3509 mirabiliter
1135 3446 1320 3520 clarificata,
1337 3446 1492 3529 speciosa,
1509 3455 1540 3508 et
1560 3447 1598 3508 ad
1622 3445 1667 3508 in-

112 3554 143 3607 et
165 3545 358 3618 increatum,
375 3544 467 3625 eujus
488 3543 610 3626 puritas
629 3551 678 3606 est
697 3544 863 3619 immensa,
919 3545 1075 3607 tuendum
1088 3545 1240 3626 jucunda.
1252 3545 1295 3606 lix
1312 3545 1350 3607 iis
1365 3562 1440 3626 ergo
1455 3552 1487 3606 et
1501 3544 1572 3606 aliis
1588 3544 1668 3606 mul·

112 3653 143 3706 et
163 3643 330 3716 claritatis,
347 3641 471 3705 decoris
494 3660 530 3704 ao
552 3641 772 3706 deliciositatis
794 3643 865 3724 ejus
920 3643 960 3704 tis
976 3652 1070 3706 erunt
1090 3642 1337 3705 innumerabilia
1354 3643 1468 3724 gaudia
1487 3643 1664 3705 Beatorum.

112 3741 223 3803 nullus
245 3748 294 3803 est
313 3739 400 3814 finis,
417 3741 506 3802 nulla
526 3758 685 3803 mensura.
702 3740 782 3803 llinc
801 3741 865 3822 pri·
920 3742 1088 3823 Propterea
1102 3741 1180 3803 dicit
1195 3740 1418 3822 Gregoriustsi
1434 3741 1667 3804 consideremus

5 3862 98 3913 nats,
113 3859 164 3902 ma
185 3837 270 3902 Petri
292 3838 428 3902 habetur
444 3855 450 3900 :
468 3839 618 3902 videntes
639 3839 740 3902 Deum
762 3839 865 3902 exsul·
920 3859 991 3922 quas
1006 3847 1038 3902 et
1053 3847 1171 3921 quanta
1186 3847 1261 3902 sunt
1280 3859 1350 3920 quae
1370 3839 1462 3902 nobis
1478 3839 1669 3922 promittun-

112 3936 224 4000 tabitis
249 3936 357 3999 laetitia
386 3935 590 3998 inenarrabili
615 3943 647 3998 et
674 3935 863 4017 glorificata,
921 3947 973 4000 tur
995 3939 1027 4001 in
1049 3939 1149 4009 coelis,
1167 3937 1325 4000 vilescunt
1344 3938 1452 4000 animo
1471 3938 1578 4000 omnia
1597 3957 1668 4021 quaa

114 4042 314 4118 reportantes
342 4033 442 4096 finem
472 4033 549 4096 fidei
579 4042 704 4108 vestrae,
727 4034 862 4097 salutem
921 4036 1079 4099 hahentur
1101 4037 1134 4098 in
1157 4037 1259 4099 terris.
1276 4036 1413 4098 Terrena
1434 4055 1572 4120 namque
1594 4036 1668 4098 sub·

111 4134 293 4197 animarum
322 4139 509 4194 vestrarum.
533 4133 705 4205 Postremo,
731 4133 756 4195 si
781 4132 865 4196 dele·
919 4134 1035 4197 stantia
1058 4142 1183 4198 caternae
1207 4132 1351 4196 felicitati
1377 4142 1569 4216 comparata,
1593 4152 1669 4216 pon-

110 4233 230 4296 clabile
250 4238 298 4294 est
317 4230 426 4294 videre
446 4229 617 4314 pulchrum
638 4238 776 4312 pratum,
794 4231 863 4313 pul·
878 4230 903 4293 D
919 4234 978 4296 dus
1003 4241 1061 4306 est,
1087 4251 1149 4296 non
1173 4233 1372 4312 subsidium
1395 4233 1579 4315 temporalis
1603 4234 1668 4296 vita

111 4333 228 4394 chrum
244 4331 416 4403 hominem,
434 4329 606 4412 pulchrum
621 4329 810 4402 exercitum,
826 4349 862 4394 ac
918 4341 1043 4396 aeternae
1067 4333 1140 4396 vitta
1165 4339 1357 4414 comparata,
1379 4350 1463 4394 mors
1488 4339 1536 4394 est
1560 4333 1667 4415 potius

110 4439 304 4512 ceteraque
321 4429 352 4492 in
369 4427 860 4510 creaturisspeciosadicuntur,
918 4431 1053 4493 dicenda
1074 4450 1169 4513 quam
1191 4429 1354 4504 vita-Oua
1376 4430 1463 4492 enim
1484 4430 1593 4512 lingua
1614 4451 1666 4494 en-

108 4549 207 4612 quam
234 4526 423 4591 delectabile
447 4535 496 4590 est
524 4544 655 4588 cernere
680 4524 800 4589 fontem
831 4535 862 4590 et
918 4530 1048 4612 plicare,
1065 4537 1119 4592 aut
1139 4531 1211 4613 quis
1233 4529 1414 4591 intellectus
1435 4547 1548 4611 capere
1568 4531 1666 4611 possit

108 4645 240 4690 causam
266 4625 407 4689 universi
431 4624 567 4697 decoris,
592 4644 656 4706 prae
681 4625 805 4687 cunctis
830 4633 862 4688 et
918 4627 972 4690 illa
991 4646 1138 4710 supernas
1160 4627 1297 4690 civitatis
1317 4633 1435 4709 quauta
1457 4627 1521 4690 sint
1539 4629 1665 4709 gaudia,
1784 4701 1791 4714 ,

107 4725 247 4807 singulis
277 4723 405 4787 infinite
434 4731 465 4785 et
494 4723 862 4805 incomprehensibiliter
916 4725 1102 4806 angelorum
1123 4725 1228 4789 choris
1249 4725 1413 4798 interesse,
1431 4743 1504 4786 cum
1524 4724 1667 4789 beatissi-

108 4825 304 4907 pulchrumf
321 4822 398 4886 Etsi
414 4829 500 4884 tanta
516 4822 548 4884 in
564 4821 660 4884 rebus
680 4821 861 4885 carnalibus
917 4825 978 4886 mis
993 4823 1159 4905 spiritibus
1180 4823 1287 4906 gloriae
1303 4824 1482 4887 conditoris
1501 4824 1664 4897 adsistere,

107 4923 279 4986 delectatio
303 4922 363 4984 sita
391 4927 450 4996 est,
477 4939 573 5004 quam
602 4920 861 5003 incomparabilis
916 4930 1105 5005 praesentcm
1122 4922 1177 4984 Dei
1193 4921 1318 4984 vultum
1339 4922 1665 4995 cernercinoircum-

108 5021 281 5085 delectatio
309 5020 342 5083 iu
366 5018 596 5102 omnipotentis
621 5037 658 5081 ac
689 5019 860 5083 incircum·
915 5019 1071 5102 scriptum
1093 5019 1201 5082 lumen
1217 5019 1336 5092 videre,
1356 5019 1445 5082 nullo
1466 5021 1577 5083 mortis
1596 5040 1663 5083 me-

108 5120 301 5203 scriptibilis
316 5118 372 5182 Dei
388 5119 472 5182 clara
487 5117 610 5181 visione
625 5137 662 5180 ac
678 5118 772 5200 plena
788 5118 861 5182 frui·
915 5126 948 5179 tu
964 5117 1065 5191 affici,
1084 5117 1332 5200 incorruptionis
1354 5125 1515 5200 perpetuae
1532 5138 1663 5180 munere

1 5239 94 5288 ,orata
109 5219 197 5282 tione
213 5217 376 5282 consistitl
390 5216 464 5279 ldeo
478 5215 557 5278 dicit
569 5215 739 5298 Apostolus
752 5233 759 5279 :
772 5217 859 5290 Quod
914 5215 1063 5298 gloriaril
1691 5262 1754 5304 Rom·
1766 5272 1810 5311 'm'

109 5335 168 5380 nec
184 5315 298 5380 oculus
312 5315 404 5390 vidit,
420 5332 479 5378 nec
494 5314 581 5378 auris
598 5313 732 5389 audivit,
750 5333 808 5378 nec
824 5315 857 5378 in
954 5315 1074 5396 ltaque,
1092 5314 1175 5377 sicut
1197 5313 1241 5376 ait
1262 5314 1443 5397 Apostolus,
1466 5313 1566 5377 «Non
1588 5321 1661 5375 sunt
1680 5327 1711 5367 u.
