4154 6258
303 517 452 566 aorrmrcn
472 518 528 565 xm
548 517 621 564 soar
641 515 835 564 ramrrsruu.
855 533 896 546 -
915 513 958 562 so
978 513 1173 578 mnrurosos3
1195 515 1295 562 emo
1313 513 1451 572 ouranos
1592 489 1650 555 tlt

108 691 217 753 denter
245 689 342 754 locuti
371 695 446 752 sunt
475 696 506 752 et
534 688 742 771 scripserunt.
773 686 853 750 ilinc
868 686 894 750 A
909 685 1098 761 certissima,
1106 705 1176 768 quae
1190 691 1223 748 et
1237 703 1294 768 per
1308 685 1371 748 alia
1386 683 1487 748 multa
1502 683 1654 766 probatur

108 806 229 871 quoque
244 786 278 852 in
293 787 465 851 israelitica
480 786 574 870 plebe
588 786 666 849 iecit
680 787 762 850 Deus
777 785 853 848 mul·
909 783 1093 847 insolubilia
1111 789 1307 865 argumenta.

108 895 136 950 ta
146 886 299 969 praeclara
311 885 471 960 miracula,
479 885 579 948 multo
590 884 749 967 copiosius
761 902 854 966 quam
948 883 1100 946 Preterea
1114 901 1172 964 per
1185 881 1285 944 fidem
1300 881 1416 946 Christi
1431 881 1566 944 salutem
1582 896 1655 942 con·

109 984 225 1047 fecerat
238 992 321 1047 ante.
330 984 368 1047 Et
382 983 443 1046 hoc
458 983 585 1046 duravit
599 1001 701 1064 usque
716 982 755 1044 ad
770 981 855 1045 Chri·
908 980 1085 1063 sequimur,
1101 981 1275 1044 dummodo
1290 980 1414 1045 Christo
1428 979 1526 1062 capiti
1546 985 1654 1043 nostro
1678 992 1798 1050 raptato,

110 1083 146 1145 sti
165 1081 350 1156 adventum,
369 1082 401 1144 in
423 1099 520 1164 quem
536 1081 688 1144 translata
705 1087 779 1142 sunt
799 1079 854 1142 illa
909 1099 966 1162 per
980 1079 1080 1142 fidem
1099 1079 1279 1154 formatam,
1295 1079 1356 1142 hoe
1372 1086 1420 1142 est
1435 1097 1491 1161 per
1504 1078 1604 1141 fidam
1623 1084 1655 1140 et
1668 1061 1701 1102 ¹³·

110 1179 272 1255 miracula,
288 1180 440 1262 quoniam
459 1197 518 1262 per
532 1197 566 1242 se
582 1179 688 1261 ipsum
704 1186 853 1260 operatus
908 1178 1084 1252 caritatem,
1101 1197 1187 1241 nuno
1205 1178 1364 1240 uniamur.
1385 1177 1515 1260 Oportet
1531 1193 1588 1240 uos
1610 1176 1654 1239 ita

111 1288 154 1342 cst
168 1277 418 1342 innumerabilia
434 1277 704 1340 excellentissima
722 1293 853 1359 prorsus
908 1275 1033 1340 Christo
1052 1276 1149 1352 uniri,
1170 1283 1206 1338 ut
1225 1275 1331 1339 meriti
1349 1293 1387 1339 ae
1405 1275 1513 1357 gloria
1527 1275 1598 1356 ejus
1613 1274 1654 1336 si-

112 1375 260 1460 prodigia.
278 1375 366 1440 Unde
385 1383 417 1439 et
436 1375 567 1458 quidam
586 1375 686 1440 ludaei
704 1375 854 1439 dixerunt
909 1394 981 1438 mus
996 1374 1179 1457 participes.
1197 1374 1365 1457 Quumque
1383 1374 1526 1437 Christus
1546 1373 1588 1436 sit
1605 1391 1655 1436 ca-

10 1498 99 1547 rarum,
111 1477 147 1538 de
160 1476 232 1556 ipso
248 1494 256 1539 ε
273 1475 442 1556 Nunquam
463 1473 612 1556 apparuit
630 1473 676 1536 sic
697 1473 730 1536 iu
745 1472 850 1536 lsrael.
908 1481 967 1557 put
981 1481 1137 1548 nostrum,
1147 1473 1241 1554 cujus
1257 1481 1321 1537 tota
1336 1471 1534 1537 conversatio
1548 1472 1581 1534 in
1597 1471 1656 1534 hac

10 1565 99 1670 lanam
112 1575 145 1636 Et
163 1574 301 1656 ipsemet
322 1577 516 1655 protestatur
533 1589 540 1634 :
557 1571 589 1635 Si
609 1588 706 1653 opera
724 1588 788 1634 nou
807 1569 852 1633 fe·
908 1571 973 1634 vita
994 1572 1057 1634 fuit
1076 1571 1239 1636 meritoria
1260 1571 1365 1646 nobis,
1386 1570 1541 1634 debemus
1560 1587 1657 1652 opera

10 1689 20 1728 l.
111 1673 222 1736 cissam
243 1671 276 1734 iu
297 1671 343 1734 cis
362 1690 433 1754 qua
454 1688 550 1734 nemo
571 1670 652 1734 alius
673 1668 759 1745 fecit,
780 1686 853 1751 pec·
909 1679 1016 1733 nostra
1040 1670 1203 1734 meritoria
1226 1669 1403 1753 plurimum
1425 1669 1583 1733 defectiva
1606 1687 1657 1730 su-

111 1778 213 1833 catum
235 1787 298 1834 uon
320 1768 483 1832 habereut.
908 1769 1197 1850 percopiosissimis
1220 1768 1343 1832 meritis
1365 1765 1482 1831 Christi
1504 1766 1608 1841 unire,
1625 1772 1657 1830 et

147 1868 290 1931 Christus
319 1884 447 1950 quoque
472 1867 623 1929 virtutem
653 1866 768 1947 agendi
792 1865 892 1933 ini-13
909 1867 1087 1930 siceallco
1106 1868 1235 1942 offerre,
1251 1875 1408 1951 quatenus
1428 1866 1655 1949 imperfectum

10 1987 99 2037 nana,
111 1967 214 2030 recula
233 1965 300 2029 suis
320 1965 407 2028 dedit
427 1965 587 2047 Apostolis
607 1963 784 2046 ceterisque
807 1963 852 2026 di·
909 1973 1053 2029 nostrum
1082 1966 1270 2048 suppleatur
1297 1985 1336 2027 ex
1362 1964 1656 2047 superabundantia

10 2055 24 2160 'a
33 2051 98 2164 ffi'g
111 2064 250 2146 scipulis,
274 2064 369 2126 etiam
394 2070 466 2126 ante
491 2081 581 2126 suam
607 2061 799 2145 passionem,
822 2067 854 2124 et
909 2064 1097 2127 meritorum
1126 2063 1252 2127 Domini
1282 2063 1382 2127 nostri
1405 2064 1479 2126 lesu
1509 2063 1653 2126 Christi:

10 2179 32 2218 a.
52 2191 63 2218 a
81 2183 99 2220 a
112 2163 209 2225 multo
228 2161 437 2225 excellentius
457 2169 529 2242 post
549 2179 640 2223 suam
660 2159 851 2242 passionem,
908 2162 1179 2243 quemadmodum
1197 2169 1229 2224 et
1243 2161 1385 2224 Ecclesia
1404 2161 1437 2223 in
1458 2161 1525 2223 suis
1541 2161 1655 2224 oratio-

10 2251 26 2292 Ψ
111 2259 373 2323 resurrectionem
391 2277 429 2321 ac
450 2258 556 2321 Sancti
572 2257 710 2340 Spiritus
730 2257 854 2320 missio·
908 2259 1004 2323 nibus
1024 2261 1201 2342 perlesum
1222 2259 1382 2324 Christum
1405 2259 1544 2342 postulat
1562 2277 1655 2322 exau-

110 2377 189 2420 nem.
211 2357 290 2430 lmo,
311 2356 458 2438 quamvis
480 2355 634 2419 Dominus
655 2356 745 2418 lesus
765 2354 852 2419 Chri·
909 2358 980 2421 diri.
1003 2359 1174 2433 Postremo,
1192 2358 1342 2420 meritum
1363 2357 1478 2421 Christi
1498 2364 1585 2421 tanto
1604 2376 1657 2421 ex-

110 2465 182 2529 stus,
205 2473 261 2518 rex
285 2455 424 2528 Messias,
446 2454 630 2536 unigenitus
655 2453 723 2527 Dei,
740 2471 798 2535 per
818 2473 852 2516 se
909 2456 1095 2519 uberantius
1112 2455 1402 2520 communicabitur
1417 2454 1521 2532 nobis,
1537 2463 1657 2538 quanto

111 2554 212 2636 ipsum
238 2561 286 2616 tot
309 2560 341 2616 et
364 2561 450 2616 taum
473 2552 552 2616 fecit
574 2551 727 2634 prodigia,
751 2551 853 2614 nihilo
908 2556 946 2617 ad
963 2555 1033 2635 ejus
1048 2554 1326 2637 participationem
1342 2555 1481 2637 amplius
1496 2571 1554 2617 nos
1568 2561 1655 2636 apta·

110 2654 224 2728 minus,
250 2653 334 2716 sicut
363 2652 432 2734 ipse
457 2651 604 2733 passione
628 2668 685 2713 sua
714 2651 852 2712 instante
909 2671 992 2726 mus,
1003 2659 1121 2735 quanto
1137 2671 1194 2734 per
1208 2651 1435 2716 ferventiorem
1451 2652 1655 2715 dilectionem

10 2783 96 2822 aaran,
109 2751 263 2833 predixit,
289 2749 382 2814 multi
406 2749 630 2832 Apostolorum
657 2756 688 2812 et
712 2748 851 2830 discipu·
909 2750 1034 2814 Christo
1055 2751 1137 2814 uniti
1158 2751 1327 2825 fuerimus,
1344 2758 1463 2833 quanto
1482 2749 1584 2832 ipsius
1602 2769 1654 2813 ve·

10 2865 12 2874 ·
109 2851 208 2913 lorum
231 2867 372 2923 suorum,
390 2849 423 2911 in
443 2848 561 2910 virtute
580 2855 612 2910 et
630 2848 760 2911 nominc
782 2847 852 2928 ejus
909 2848 1003 2928 stigia
1024 2847 1199 2929 perfectius
1219 2847 1392 2910 imitamur.

109 2948 197 3030 plura
226 2955 259 3010 et
290 2948 411 3029 maiora
441 2946 595 3009 miracula
625 2953 699 3009 sunt
729 2945 851 3028 operati
949 2947 1164 3010 ldeoomnem
1181 2946 1392 3010 inordinatam
1408 2945 1598 3026 abjiciamus
1613 2946 1656 3009 al·

107 3065 200 3128 quam
222 3047 302 3128 ipse,
318 3045 374 3128 qui
394 3045 549 3128 quamdiu
569 3045 652 3107 inter
669 3044 794 3108 Judaeos
814 3043 888 3110 fi-C
909 3045 1093 3118 lectionem,
1108 3063 1237 3108 omnem
1257 3045 1506 3108 consolationem
1528 3063 1656 3127 sperna-

107 3145 177 3206 dem
196 3144 405 3207 christianam
427 3143 691 3226 predicaverunt,
708 3160 852 3204 corusca·
909 3162 980 3205 mus
1005 3143 1180 3224 indignam,
1201 3161 1296 3206 omne
1317 3142 1452 3206 verbum
1476 3151 1508 3206 et
1531 3161 1612 3226 opus
1636 3163 1655 3206 a

107 3243 181 3306 bant
210 3245 296 3306 inter
324 3243 395 3304 illos
428 3241 601 3304 miraculis.
631 3242 747 3308 ludaeis
776 3259 852 3304 vero
909 3242 1032 3306 Christo
1051 3242 1202 3322 elongans
1222 3242 1371 3304 vitemus.
1394 3242 1510 3306 Christi
1532 3241 1654 3305 bonita-

106 3342 217 3422 majori
244 3359 282 3404 ex
311 3348 400 3422 parte
426 3341 459 3402 in
488 3339 677 3402 infidelitate
701 3359 758 3402 sua
788 3359 853 3402 ma·
907 3347 971 3403 tem
988 3347 1020 3402 et
1035 3340 1197 3403 caritatem
1216 3341 1254 3402 ad
1272 3358 1341 3414 nos,
1357 3359 1394 3403 ao
1410 3340 1568 3403 beneficia
1583 3341 1654 3422 ejus

11 3462 91 3512 rana,
105 3439 267 3514 nautibus,
296 3446 329 3502 et
357 3457 396 3501 ex
423 3438 568 3520 jussione
596 3438 705 3501 divina
733 3438 851 3501 sanctis
907 3439 1171 3502 consideremus:
1189 3439 1384 3521 quaomnia
1402 3438 1565 3513 intuendo,
1583 3439 1653 3520 ejus

16 3529 43 3568 ‘⁷'
104 3538 264 3620 Apostolis
293 3537 365 3600 illos
395 3535 661 3619 relinquentibus,
687 3543 782 3618 atquc
810 3537 850 3598 ad
906 3538 1118 3600 accendamur
1131 3538 1421 3601 amore.Discamus
1436 3537 1476 3600 ab
1492 3537 1655 3620 ipso,quia
1674 3562 1762 3606 nstra.
1772 3576 1800 3613 ῃ,

102 3637 273 3717 gentilium
288 3634 547 3698 informationem
562 3653 599 3697 ao
612 3633 851 3698 conversionem
907 3636 995 3700 mitis
1016 3643 1065 3698 est
1079 3642 1110 3698 et
1125 3636 1258 3698 humilis
1278 3637 1384 3710 corde,
1401 3642 1433 3699 ct
1448 3635 1481 3697 in
1501 3636 1655 3718 patientia
1668 3629 1756 3732 {m
1769 3691 1793 3732 ¹9

102 3753 134 3797 se
147 3733 431 3808 transferentibus,
447 3732 598 3796 translata
612 3741 686 3794 sunt
702 3733 850 3795 universa
907 3741 1014 3797 nostra
1039 3734 1259 3816 possideamus
1283 3735 1405 3798 animas
1429 3743 1563 3798 nostras.
1586 3735 1655 3797 Ser·
1759 3720 1765 3740 '
1795 3721 1800 3732 ’

103 3833 257 3896 miracula
280 3830 399 3915 quibus
425 3839 498 3894 ante
527 3831 691 3913 splenduit
714 3831 850 3914 Synago-
906 3832 1031 3896 viamus
1046 3833 1182 3896 Domino
1196 3833 1261 3896 [leo
1279 3841 1387 3897 nostro
1402 3834 1497 3896 corde
1511 3833 1654 3916 perfecto
1668 3856 1801 3909 retusam,

99 3950 147 4013 ga,
164 3950 223 4014 per
241 3930 350 3994 beatos
365 3930 531 4012 Apostolos
546 3931 585 3992 ad
602 3929 776 3992 Ecclesiam
793 3947 850 4011 pro
905 3939 1001 4013 atque
1027 3931 1207 4006 verissimo,
1232 3950 1362 3995 omnem
1386 3933 1571 4015 passionum
1597 3933 1655 3996 im·
1669 3923 1701 3962 ¹⁴·

100 4031 240 4093 maxima
258 4036 348 4112 parte
364 4030 461 4092 etiam
479 4028 655 4109 gentilitate
671 4027 848 4103 collectam,
906 4031 1048 4112 pulsum,
1065 4031 1120 4094 ira
1140 4039 1173 4093 et
1191 4031 1399 4113 impatientia
1424 4031 1592 4114 impetum,
1608 4032 1655 4095 vi-

99 4149 157 4192 nec
186 4130 319 4192 interim
349 4128 530 4192 habuerunt
553 4129 653 4192 ludaei
682 4128 846 4190 miracula.
906 4129 1024 4192 tiorum
1045 4129 1219 4192 tumultum
1241 4130 1440 4192 eradicemus
1459 4149 1478 4192 a
1499 4130 1602 4193 uobis.
1619 4132 1654 4193 ln

97 4229 306 4291 Perdiderunt
320 4245 448 4310 quoque
464 4235 626 4309 sceptrum
642 4227 850 4310 regium,pro
865 4226 890 4289 ll
907 4225 990 4300 cibo,
1014 4235 1102 4309 potu,
1124 4244 1236 4291 somno
1261 4235 1293 4290 et
1318 4229 1441 4290 cunctis
1466 4229 1655 4292 necessariis

98 4327 201 4409 priam
218 4335 349 4400 terram,
367 4324 526 4389 sacrificia
541 4325 630 4407 legis,
643 4326 787 4390 ordinem
802 4345 850 4390 sa·
906 4325 982 4388 huic
1002 4325 1119 4389 misero
1136 4325 1271 4408 corpori,
1288 4326 1390 4388 simus
1406 4345 1533 4409 semper
1548 4327 1655 4390 mode·

97 4425 471 4507 cerdotum,dignitatem
487 4424 687 4507 pontificum.
697 4425 734 4487 Et
749 4445 850 4508 quum
907 4425 966 4486 rati
986 4442 1023 4486 ac
1044 4424 1142 4506 parci,
1159 4432 1195 4486 ut
1210 4424 1309 4487 vitam
1324 4443 1399 4487 vore
1420 4425 1600 4506 religiosam
1617 4446 1654 4489 ac

95 4524 205 4588 omnia
225 4525 357 4588 videant
379 4523 440 4587 sibi
462 4524 577 4600 ablata,
595 4541 658 4588 non
679 4525 847 4588 advertunt
907 4522 1160 4605 poenitcntialem
1185 4523 1351 4598 ducamus,
1378 4531 1473 4606 atque
1503 4524 1536 4586 in
1565 4525 1654 4588 omni

96 4643 154 4686 neo
176 4623 362 4704 intelligere
383 4623 496 4686 voluut
517 4641 554 4686 ca
575 4621 608 4684 in
633 4623 794 4686 Christum
818 4631 850 4686 ct
907 4620 1035 4702 pietate,
1062 4621 1230 4696 munditia,
1256 4620 1392 4697 fervore,
1421 4621 1556 4703 justitia,
1581 4640 1655 4687 con·

94 4722 126 4786 in
141 4723 217 4806 ejus
235 4720 412 4784 Ecclesiam
427 4739 497 4784 esse
512 4721 672 4784 translata.
686 4721 766 4784 Ecce
782 4722 849 4785 brec
908 4720 1033 4793 stantia,
1062 4719 1224 4782 alacritate
1253 4739 1290 4782 ao
1320 4720 1479 4803 spirituali
1510 4721 1654 4804 profectu

94 4830 142 4883 est
165 4820 251 4884 fidei
276 4819 457 4883 christianas
483 4818 627 4901 probatio
651 4838 726 4882 vera
755 4827 849 4902 atqua
908 4816 1127 4880 ministremus
1146 4818 1319 4882 Altissimo.
