4164 6258
405 407 465 473 204
666 429 815 476 nouimus
836 429 867 474 tv
888 429 961 475 husu
981 427 1174 475 fututurum.
1196 445 1236 458 --
1255 427 1430 474 obductum
1451 428 1484 475 ut
1505 427 1699 476 avuncunlum

405 599 606 684 presidentis
624 618 630 663 :
647 601 723 684 quia
742 617 806 664 non
825 600 921 664 debet
940 599 1013 682 quis
1029 599 1194 664 mittereA
1248 601 1401 664 Praeterea
1416 601 1515 685 quaeri
1531 607 1646 684 potest,
1661 620 1702 663 an
1720 619 1760 664 ex
1775 598 1953 683 suspicione

405 697 521 762 falcem
537 700 571 761 in
586 719 723 764 messem
744 699 892 774 alienam,
909 700 941 763 id
960 707 1008 762 est
1027 717 1090 762 non
1105 700 1155 780 ju·
1210 699 1303 762 liceat
1316 700 1528 781 judicaredd
1543 701 1604 763 hoc
1619 700 1755 763 Thomas
1770 700 1951 781 respondet:

405 798 512 861 dicare
534 798 596 861 uisi
621 799 682 862 sibi
706 798 877 880 subjectos.
894 799 1010 872 Tertio,
1027 806 1062 860 ut
1087 816 1156 881 pro·
1210 798 1356 880 Suspicio
1376 807 1425 862 cst
1446 799 1555 881 opinio
1575 798 1650 861 mali
1673 798 1712 860 de
1733 797 1809 872 elio,
1825 815 1865 860 ex
1885 798 1953 861 leri·

404 896 526 961 leretur
549 898 726 960 secundum
753 916 861 960 veram
887 898 1100 980 prudentiam.
1122 897 1154 959 Si
1210 896 1270 959 bus
1293 897 1397 959 causis
1419 905 1589 980 concepta3
1606 905 1638 959 et
1660 897 1833 979 procedere
1857 905 1953 978 potest

404 995 547 1079 primum
562 996 677 1058 horum
693 994 983 1071 defuerit,vocatur
995 995 1155 1076 judicium
1210 1011 1248 1054 ex
1270 992 1382 1055 tribus.
1408 992 1523 1069 Primo,
1549 1012 1588 1056 ex
1611 992 1732 1055 malitia
1752 992 1952 1075 suspicantis,

405 1094 562 1175 injustum
583 1102 678 1176 atque
696 1111 902 1176 perversum3
918 1095 945 1156 si
965 1094 1153 1167 secundum,
1210 1091 1265 1173 qui
1281 1091 1343 1153 sibi
1359 1092 1399 1153 de
1413 1091 1544 1174 propria
1558 1091 1679 1154 malitia
1694 1091 1855 1166 conscius,
1867 1091 1953 1153 facilc

404 1200 536 1255 vocatur
565 1199 775 1276 usurpatum;
801 1193 827 1254 si
857 1193 999 1267 tertium,
1024 1198 1156 1255 vocatur
1210 1197 1300 1272 putat
1314 1188 1394 1252 alios
1408 1189 1470 1252 sibi
1487 1189 1609 1252 similes
1624 1189 1658 1251 in
1673 1189 1825 1272 peccetis.
1843 1189 1953 1252 Secun-

405 1291 621 1373 suspiciosum
644 1299 699 1353 aut
721 1291 938 1354 temerarium.
956 1291 1027 1353 llaec
1048 1291 1156 1372 itaque
1210 1287 1261 1362 do,
1273 1307 1311 1350 ex
1327 1288 1411 1350 malo
1426 1287 1545 1351 affectu
1561 1289 1600 1350 ad
1615 1288 1751 1351 alterum
1765 1305 1771 1350 :
1784 1287 1870 1350 sicut
1881 1287 1952 1350 dum

405 1389 584 1452 inordinata
597 1389 719 1470 judicia
735 1381 886 1472 prohibet
898 1389 1156 1471 christusquum
1209 1386 1326 1469 aliquis
1348 1386 1448 1448 alium
1473 1387 1541 1449 odit
1560 1394 1615 1449 aut
1635 1386 1665 1449 ei
1688 1386 1850 1460 irascitur,
1866 1385 1953 1449 facilc

405 1487 449 1549 ait
459 1505 466 1549 ε
478 1487 606 1550 «Nolite
619 1487 764 1569 judicare
772 1509 799 1548 s.
813 1488 857 1549 De
873 1487 1052 1550 manifestis
1067 1505 1153 1562 vero,
1210 1485 1391 1566 suspicatur
1407 1483 1527 1547 malum
1548 1485 1587 1547 de
1608 1502 1655 1547 eo.
1672 1483 1763 1547 Tales
1778 1482 1878 1565 igitur
1892 1503 1953 1545 sus-

406 1594 437 1648 et
452 1605 523 1668 quae
538 1586 622 1649 bono
642 1585 714 1649 lieri
729 1587 836 1649 animo
856 1593 1030 1667 nequeunt,
1048 1603 1155 1668 possu·
1210 1582 1353 1664 piciones
1382 1589 1457 1645 sunt
1486 1601 1654 1665 perversae,
1683 1583 1767 1646 sicut
1796 1590 1829 1644 et
1858 1601 1954 1645 cause

407 1703 478 1746 mus
490 1684 646 1766 judicare,
658 1704 759 1767 quum
775 1685 860 1747 dicat
874 1684 1155 1748 Salvatortdtten·
1210 1699 1330 1743 earum.
1347 1681 1453 1744 'lertio
1475 1681 1619 1763 procedit
1642 1700 1680 1744 ex
1704 1680 1845 1763 quadem
1869 1699 1955 1763 expe

406 1783 471 1846 dite
485 1804 503 1846 a
518 1783 607 1845 falsis
627 1783 811 1866 prophetis3
827 1803 845 1845 a
864 1781 1023 1845 fructibus
1043 1801 1153 1846 eorum
1168 1781 1192 1842 B
1211 1779 1326 1842 rientia
1342 1797 1349 1840 :
1366 1780 1451 1841 unde
1467 1781 1645 1843 secundum
1659 1780 1902 1862 Philosophum,
1913 1799 1956 1842 se

406 1883 603 1963 cognoscetis
624 1899 688 1944 eos.
1210 1877 1315 1941 cundo
1339 1879 1525 1952 Rhetorice,
1547 1878 1645 1941 Senes
1669 1885 1743 1940 sunt
1767 1878 1872 1959 magis
1896 1897 1956 1939 sus-

445 1979 600 2054 Quoniam
616 1997 691 2060 ergo
706 1978 828 2042 debiles
844 1999 956 2042 sumus
972 1978 1004 2040 in
1021 1978 1153 2052 ratione,
1210 1974 1334 2055 piciosi,
1361 1984 1512 2058 tanquam
1540 1975 1676 2038 aliorum
1701 1975 1956 2040 defectuositatcs

406 2079 448 2140 itu
464 2079 548 2160 quod
564 2079 658 2141 facile
678 2097 821 2140 erramus
836 2086 868 2141 et
886 2078 1040 2150 fallimur,
1058 2085 1154 2159 atque
1211 2074 1310 2154 magis
1333 2074 1465 2155 experti.
1483 2073 1522 2136 Et
1543 2074 1603 2137 ista
1622 2074 1765 2157 suspicio
1785 2081 1836 2137 est
1856 2075 1956 2137 minus

403 2178 441 2240 ad
459 2177 621 2258 passiones
637 2183 668 2238 et
683 2176 760 2238 vitia
774 2184 896 2238 rectum
912 2176 1069 2258 judicium
1086 2194 1152 2257 per·
1210 2170 1331 2246 illicita,
1357 2172 1508 2253 quoniam
1537 2191 1632 2234 causa
1661 2173 1730 2254 ejus
1756 2180 1807 2235 est
1836 2173 1954 2246 melior,

404 2274 561 2337 vertentis
581 2274 673 2356 proni
696 2293 818 2348 sumus,
838 2273 980 2337 Christus
1002 2293 1020 2335 a
1043 2274 1153 2336 multis
1209 2270 1456 2351 certitudinique
1475 2270 1694 2352 propinquior.
1713 2270 1825 2352 ltaque
1840 2288 1904 2334 non
1924 2271 1955 2332 li·

405 2372 558 2455 periculis
573 2389 631 2434 nos
652 2372 748 2453 eripit
763 2379 794 2434 et
813 2380 993 2455 praeservat,
1011 2372 1087 2433 dum
1106 2371 1155 2452 ju·
1208 2377 1259 2430 cet
1276 2369 1421 2449 judicare
1440 2387 1479 2430 ex
1500 2368 1683 2450 suspicione
1705 2370 1900 2451 procedente
1920 2390 1953 2430 ex

405 2471 511 2533 dicere
527 2488 585 2532 uos
604 2470 762 2552 prohibet.
781 2471 818 2532 Et
830 2470 990 2551 judicium
1010 2469 1094 2532 istud
1108 2470 1154 2531 in·
1209 2466 1330 2529 malitia
1359 2466 1552 2549 suspicantis
1576 2467 1627 2529 vel
1656 2486 1695 2530 ex
1725 2467 1811 2530 malo
1840 2467 1953 2530 affectu

405 2569 586 2631 ordinatum
616 2567 776 2650 praecipue
802 2568 1019 2649 periculosum
1047 2575 1094 2629 est
1117 2587 1153 2629 ac
1208 2565 1278 2646 ejus
1302 2565 1342 2626 ad
1365 2564 1476 2639 alium,
1493 2583 1552 2626 nec
1576 2584 1615 2627 ex
1641 2565 1828 2647 suspicione
1851 2585 1953 2648 proce-

404 2667 582 2730 cavendum
608 2665 805 2749 imperfectis
829 2674 861 2729 et
886 2666 1076 2748 passionatis
1101 2665 1154 2728 ho·
1208 2667 1301 2728 dente
1317 2683 1355 2727 ex
1371 2666 1507 2746 quadam
1527 2665 1725 2748 experientia
1744 2683 1821 2728 cum
1836 2664 1955 2727 ahsolu-

404 2764 565 2844 minibus3
590 2772 622 2827 et
645 2764 822 2847 praesertim
848 2765 1081 2846 providendum
1106 2771 1155 2826 cst
1207 2770 1239 2824 ta
1262 2763 1444 2826 assertione.
1472 2763 1605 2846 lnsuper
1629 2763 1746 2845 triplex
1770 2771 1822 2826 est
1845 2764 1955 2844 gradus

404 2863 462 2938 eis,
475 2881 515 2926 ne
530 2863 622 2945 proni
638 2862 702 2924 sint
715 2863 860 2943 judicare
875 2881 929 2924 eos
944 2864 983 2925 ad
1000 2881 1079 2946 quos
1097 2862 1154 2924 mi·
1208 2861 1400 2943 suspicionis
1416 2861 1484 2924 sive
1499 2860 1669 2944 suspiciosi
1683 2862 1811 2943 judicii.
1824 2861 1953 2932 Primus,

403 2981 464 3024 nus
478 2960 678 3034 afficiuntur,
691 2969 722 3023 et
737 2969 846 3024 contra
862 2979 941 3042 quos
957 2961 1020 3024 cito
1032 2969 1154 3023 tentan-
1171 2963 1192 3026 C
1209 2959 1285 3021 dum
1316 2960 1389 3042 quis
1413 2979 1452 3022 ex
1478 2959 1602 3022 levibus
1631 2961 1737 3022 causis
1767 2968 1825 3022 aut
1849 2961 1954 3042 signis,

404 3069 466 3136 tur,
494 3079 534 3124 ne
564 3060 766 3142 passionibus
790 3059 943 3142 vitiisque
973 3060 1090 3132 cecati,
1114 3060 1152 3122 de
1208 3058 1248 3120 de
1280 3058 1419 3121 bonitate
1448 3058 1578 3120 alterius
1609 3059 1733 3121 dubitat
1760 3078 1767 3120 :
1797 3061 1885 3142 quud
1913 3067 1955 3122 cst

403 3159 467 3221 illis
487 3159 634 3240 judicent
653 3159 776 3222 vitiose.
795 3159 855 3221 Sed
873 3177 906 3221 se
928 3159 1034 3240 ipsum
1057 3177 1153 3219 unus-

402 3258 539 3340 quisque
554 3256 1154 3337 discutiat,attendat,dijudicet,incre-

402 3363 502 3438 petet
518 3355 659 3436 castiget.
678 3355 757 3415 Hinc
773 3355 818 3415 ait
831 3353 967 3436 Cyrillus
986 3370 992 3414 :
1010 3353 1153 3416 Christus

404 3452 456 3513 hic
481 3452 569 3514 sedat
593 3459 624 3514 et
647 3451 731 3513 tollit
755 3450 928 3532 pessimam
953 3450 1155 3514 consuetudi·

403 3568 478 3611 nem
496 3556 528 3610 et
548 3549 737 3630 pravitatem
757 3549 937 3610 animarum
960 3555 1152 3621 nostrarum,

403 3645 665 3728 principiumque
681 3653 882 3727 contemptus
897 3645 1043 3708 aliorum.
1053 3645 1153 3718 Ouum

403 3743 490 3806 enim
520 3743 631 3804 deceat
659 3743 805 3805 homiues
831 3743 1080 3824 circumspicere
1106 3761 1153 3805 se-

404 3840 569 3922 metipsos
586 3847 618 3902 et
638 3840 814 3903 secundum
837 3841 938 3903 Deum
959 3840 1152 3915 conversari,

1209 3157 1333 3219 veniale
1359 3163 1536 3238 peccatum,
1559 3157 1723 3238 pertinens
1749 3158 1790 3220 ad
1815 3159 1956 3221 tentatio

1208 3273 1281 3317 nem
1297 3254 1481 3328 humanam,
1494 3255 1563 3316 sine
1578 3274 1641 3337 qua
1657 3273 1797 3337 praesens
1814 3256 1882 3318 vita
1897 3274 1954 3318 non

1207 3353 1321 3433 agitur,
1338 3360 1425 3438 etex
1442 3353 1583 3415 humana
1602 3351 1794 3416 infirmitate
1814 3355 1955 3436 procedit

1208 3449 1349 3530 suspicio
1371 3447 1440 3510 ista.
1463 3448 1628 3510 Secundus
1647 3448 1765 3529 gradus
1785 3457 1847 3524 est,
1864 3469 1956 3532 quan·

1208 3547 1248 3608 do
1267 3565 1305 3608 ex
1328 3546 1453 3608 levibus
1475 3546 1574 3627 signis
1592 3546 1732 3610 firmiter
1750 3549 1890 3611 aestimat
1904 3549 1954 3610 ali-

1208 3664 1262 3707 um
1287 3663 1356 3707 esse
1380 3664 1566 3726 perversum
1591 3663 1597 3706 :
1619 3651 1651 3708 et
1674 3646 1734 3708 hoc
1752 3655 1802 3710 est
1827 3646 1955 3711 mortale

1207 3751 1385 3825 peccatum,
1403 3749 1434 3804 et
1455 3748 1564 3806 contre
1586 3744 1749 3806 caritatem
1772 3743 1954 3818 fraternam,

1207 3849 1238 3904 et
1263 3840 1358 3902 habet
1383 3847 1602 3922 contemptum
1625 3841 1733 3905 fratris
1756 3843 1954 3926 adjunctum.

403 3939 464 4001 hoc
484 3947 591 4000 mmen
613 3938 705 4001 multi
727 3956 790 4002 non
811 3938 945 4014 faciunt,
962 3939 1017 4002 sed
1037 3940 1154 4002 exami-
1207 3939 1331 4002 'lentius
1345 3939 1461 4020 gradus
1476 3947 1534 4012 est,
1547 3940 1674 4022 quando
1690 3959 1729 4003 ex
1745 3941 1873 4005 levibus
1888 3961 1955 4004 cau·

403 4044 481 4099 nant
494 4037 644 4111 alienaet
660 4037 687 4100 si
702 4037 841 4100 viderint
855 4038 978 4119 aliquos
995 4037 1152 4099 infirmari
1208 4038 1252 4117 sis
1272 4038 1455 4119 proceditur
1477 4038 1516 4099 ad
1531 4038 1732 4119 punitionem
1755 4041 1888 4104 alterius
1905 4059 1912 4103 :
1927 4047 1955 4102 et

403 4144 457 4198 aut
472 4136 752 4218 eadere‚tanquam
768 4136 969 4219 propriarum
985 4135 1153 4217 culparum
1168 4137 1193 4199 D
1209 4137 1268 4199 hoc
1283 4137 1387 4198 adhuc
1401 4137 1530 4217 gravius
1545 4143 1603 4212 est,
1616 4145 1648 4199 et
1663 4145 1773 4200 contra
1785 4139 1951 4220 justitiam.

402 4234 506 4310 obliti,
529 4253 601 4298 mox
622 4234 803 4297 detrahunt.
828 4234 980 4297 ureteras
1001 4234 1098 4296 dubia
1121 4235 1152 4295 in
1248 4236 1280 4296 ld
1298 4252 1424 4316 quoque
1440 4235 1618 4309 sciendum,
1635 4237 1719 4317 quod
1737 4238 1888 4319 quamvis
1903 4238 1955 4300 du·

403 4341 526 4416 partem
544 4334 710 4396 meliorem
731 4340 806 4396 sunt
824 4333 1072 4415 interpretanda,
1089 4351 1152 4396 nou
1208 4335 1261 4396 bia
1276 4335 1340 4396 sint
1355 4333 1388 4395 in
1405 4333 1520 4396 melius
1536 4334 1783 4416 interpretanda,
1801 4346 1952 4419 quantum

404 4451 478 4494 cum
493 4433 638 4494 absolute
653 4432 838 4504 assertione,
852 4432 907 4493 sed
923 4450 996 4493 cum
1013 4432 1066 4514 pia
1082 4450 1154 4494 con·
1207 4433 1246 4495 ad
1267 4431 1436 4514 quamdam
1453 4432 1538 4513 piam
1553 4432 1719 4506 fiduciam,
1732 4435 1883 4516 quoniam
1898 4453 1954 4497 non

404 4529 538 4592 fidentio
557 4537 588 4591 et
606 4529 825 4592 estimatione.
842 4529 1003 4591 iudicium
1026 4547 1153 4612 quoque

405 4626 591 4690 detestabile
607 4628 750 4701 est,dum
766 4626 868 4688 fertur
883 4628 1039 4690 sententia
1054 4628 1093 4690 de
1109 4649 1152 4690 sc-

405 4726 500 4788 cretis
516 4726 620 4789 cordis
634 4725 756 4807 absque
775 4724 1015 4789 sufficientibus
1032 4727 1152 4807 signis3

405 4825 493 4899 item,
520 4824 597 4887 dum
620 4823 783 4905 judicatur
812 4824 851 4886 de
882 4824 989 4888 futuro
1015 4825 1153 4888 hominis

405 4930 499 4996 statu,
512 4923 571 4985 hoc
587 4929 646 4997 est,
658 4941 697 4984 an
713 4921 826 4984 debeat
842 4923 997 5004 poenitere
1012 4943 1052 4985 an
1069 4941 1151 4987 non:

406 5021 445 5083 dc
468 5020 527 5083 hoc
549 5039 688 5103 namque
711 5020 825 5084 incerti
844 5021 1061 5095 consistimus,
1079 5041 1154 5104 qua-

406 5118 445 5181 lis
461 5118 585 5182 scilicet
600 5119 736 5202 quisque
758 5118 885 5182 futurus
906 5119 964 5199 sit;
985 5126 1017 5182 et
1031 5139 1152 5195 rursus,

406 5218 483 5282 dum
503 5217 601 5282 dubia
621 5218 653 5281 in
673 5225 797 5300 partem
814 5217 984 5280 trahuntur
998 5217 1151 5301 pejorem.

1208 4529 1362 4593 debemus
1387 4548 1457 4592 esse
1478 4529 1570 4611 proni
1590 4531 1628 4592 ed
1651 4531 1733 4594 mele
1753 4533 1953 4596 sentiendum

1208 4629 1247 4690 de
1262 4628 1345 4707 alio;
1361 4635 1480 4701 tamen,
1496 4629 1623 4710 quando
1641 4619 1896 4711 impendendum
1911 4639 1953 4694 est

1208 4725 1387 4790 remedium
1404 4733 1513 4789 contra
1528 4735 1708 4809 peccatum,
1720 4728 1954 4811 interpretanda

1208 4824 1330 4888 suntin
1349 4832 1470 4906 partem
1491 4824 1645 4907 pejorem,
1662 4835 1793 4908 propter
1809 4829 1954 4890 securita-

1208 4933 1360 4998 lemnon
1375 4925 1546 4986 asserendo
1561 4925 1646 5006 quod
1662 4925 1746 4988 mala
1761 4925 1836 5001 sint,
1847 4927 1903 4990 sed
1918 4927 1952 4988 de

1208 5021 1310 5105 pejori
1326 5021 1481 5095 timendo,
1499 5030 1530 5084 et
1550 5040 1677 5105 poenam
1693 5043 1749 5086 seu
1771 5025 1953 5088 satisfactio

1209 5138 1283 5183 nem
1299 5137 1357 5202 pro
1372 5120 1418 5182 eis
1434 5120 1682 5202 injungendum
1698 5122 1724 5184 si
1741 5123 1825 5185 mala
1839 5132 1950 5186 essent.

1208 5219 1329 5301 ltaque,
1354 5218 1491 5281 «nolite
1517 5219 1662 5300 judicare
1684 5242 1701 5280 n
1724 5220 1848 5302 judicio
1877 5239 1951 5304 quo·
