4164 6258
343 507 491 556 commea
512 509 544 556 vr
565 507 639 556 ross
659 507 855 557 mmmm.
876 525 916 538 -
937 509 980 556 an
1001 508 1177 558 narrorosos
1188 508 1198 573 ;
1220 509 1318 557 aravo
1339 509 1468 566 oumros
1618 491 1679 558 267

133 679 215 765 quit)
233 681 274 744 ad
296 679 498 744 irascendum
520 679 649 744 facilem
670 679 743 762 quis
764 678 881 762 poterit
894 679 921 746 A
934 699 969 742 sa
984 678 1091 743 minus
1106 679 1284 743 molestant.
1301 679 1515 744 Recordemur
1530 682 1615 764 quod
1633 681 1680 745 di-

133 780 308 844 sustineref
323 781 491 862 Propterea
511 779 592 842 dixit
613 777 782 860 Gregorius
798 795 806 842 t
823 779 880 842 Per
934 778 1029 842 vinus
1060 779 1229 862 Dionysius
1263 779 1295 841 in
1327 779 1462 862 epistola
1493 779 1533 843 ad
1565 780 1679 844 Demo·
1705 798 1773 854 Epist.
1783 809 1826 840 m.

133 879 210 942 iram
234 878 360 960 justitia
383 877 586 961 relinquitur,
611 878 712 960 gratia
735 877 809 940 vitae
833 895 881 940 so
936 876 1061 960 philum
1083 877 1207 952 asserit,
1229 877 1368 961 Moysen,
1389 878 1505 961 loseph
1527 885 1560 942 et
1580 878 1680 942 David

133 978 221 1040 cialis
250 977 418 1051 amittitur,
443 977 588 1059 perditur
612 977 743 1050 mititas,
768 982 801 1038 et
824 974 879 1038 lux
934 976 1129 1059 praecipuam
1145 977 1229 1059 apud
1246 977 1345 1040 Deum
1361 977 1494 1058 gratiam
1510 977 1681 1050 invenisse,

133 1075 275 1139 veritatis
297 1075 472 1159 repellitur.
935 1074 1010 1156 quia
1034 1075 1127 1137 mites
1148 1074 1287 1138 fuerunt.
1305 1075 1470 1138 Faciamus
1492 1074 1584 1138 nobis
1609 1093 1682 1140 cou-

171 1174 274 1248 Quum
292 1192 367 1256 ergo
387 1181 432 1238 tot
452 1173 545 1248 mala,
561 1180 609 1236 tot
627 1181 819 1237 nocumenta
835 1174 880 1236 in·
935 1174 1138 1236 suetudinem
1162 1173 1327 1256 praeliandi
1350 1181 1459 1236 contra
1477 1173 1566 1248 vitia,
1584 1175 1682 1238 maxi-

132 1274 211 1337 fcrat
227 1273 352 1336 iratam
370 1273 518 1336 irascenti
534 1291 629 1360 quam
645 1273 728 1346 aliis,
744 1291 814 1336 eam
830 1291 881 1355 pe
936 1290 987 1334 me
1002 1280 1111 1335 contra
1127 1291 1163 1335 ea
1181 1272 1220 1334 ad
1236 1292 1307 1355 quae
1327 1273 1491 1355 proniores
1512 1289 1570 1336 nos
1589 1291 1682 1355 expe·

132 1373 217 1434 nitus
240 1371 435 1434 detestemur
454 1390 490 1434 ac
511 1371 691 1454 fugiamus3
707 1377 740 1434 et
763 1371 879 1434 Christi
936 1369 1045 1431 rimur.
1055 1370 1155 1434 Nemo
1169 1370 1260 1432 alteri
1276 1369 1466 1444 dicat,llaca,
1476 1389 1532 1432 seu
1547 1370 1681 1433 verbum

130 1478 226 1553 atque
249 1471 436 1533 Sanctorum
458 1469 736 1532 mansuetudinem
759 1470 880 1552 patien-
936 1467 1175 1549 indignationis,
1192 1469 1271 1531 iram
1294 1468 1478 1531 interiorem
1495 1469 1681 1551 pandentis3

131 1571 274 1650 tiamque
299 1576 479 1650 pensantes,
502 1586 631 1632 omnem
656 1568 828 1631 iracundia
849 1575 881 1631 et
937 1583 995 1628 nec
1019 1565 1143 1627 fatuum
1171 1565 1354 1648 proximum
1385 1565 1597 1648 appellemus,
1622 1566 1682 1631 boc

132 1667 340 1750 impatientiae
358 1666 605 1730 commotionem
620 1667 770 1741 vitemus,
787 1667 881 1730 mites
936 1672 995 1736 θεῖ,
1009 1663 1049 1726 ab
1068 1663 1156 1727 omni
1180 1663 1278 1728 verbo
1300 1665 1542 1738 contumelioso,
1559 1664 1683 1748 vitupe-

130 1785 166 1828 ac
189 1765 347 1848 patientes
370 1782 428 1828 uos
451 1765 537 1848 ipsos
561 1765 593 1827 in
616 1765 767 1828 omnibus
792 1765 880 1828 exhi·
937 1762 1091 1824 rationem
1108 1769 1226 1824 certam
1243 1771 1274 1825 et
1289 1763 1470 1826 evidentem
1486 1764 1682 1846 designante,

130 1864 276 1936 beamus,
300 1863 363 1925 nisi
390 1863 423 1924 in
446 1870 601 1945 quantum
624 1863 671 1925 ira
695 1881 752 1945 per
775 1863 878 1925 zelum
898 1856 922 1920 B
937 1877 994 1922 nos
1010 1861 1234 1942 reprimamus,
1251 1881 1351 1944 quum
1367 1861 1428 1925 hoc
1442 1881 1480 1925 ex
1495 1880 1553 1926 suo
1568 1881 1684 1944 genere

131 1961 266 2044 requirit
282 1969 495 2043 temperatum
511 1961 683 2024 iracundiae
698 1969 833 2035 motum,
845 1969 880 2024 ut
937 1958 978 2021 sit
992 1968 1159 2042 peccatum
1176 1959 1308 2022 mortale
1323 1960 1419 2023 etiam
1439 1961 1567 2042 gravius
1582 1961 1683 2024 detra-

130 2069 219 2124 actus
234 2060 367 2142 justitie
386 2059 553 2123 efficacius
568 2067 769 2143 exsequatur.
787 2060 880 2146 Doni·
937 2057 1052 2128 ctione,
1078 2057 1162 2120 sicut
1190 2057 1301 2140 rapina
1331 2065 1380 2120 est
1408 2059 1537 2140 gravius
1561 2059 1682 2122 crimen

130 2177 193 2241 que
209 2159 348 2241 propriis
363 2157 541 2221 defectibus
556 2166 588 2220 et
608 2158 746 2241 peccatis
764 2159 795 2221 in
812 2166 879 2221 tan-
936 2172 1031 2236 quam
1054 2154 1185 2217 furtum.

130 2266 198 2320 tum
215 2257 420 2338 indignemur
434 2275 470 2318 ac
486 2256 754 2340 irascamur,quod
771 2265 880 2320 contra
976 2253 1138 2316 Postremo
1153 2253 1192 2316 de
1212 2253 1272 2316 ista
1292 2255 1424 2316 materia
1439 2253 1597 2318 Climacus
1614 2255 1658 2317 ait
1676 2272 1682 2316 :

129 2353 208 2416 alios
240 2371 441 2434 nequaquam
472 2352 733 2416 irrationabiliter
755 2371 880 2416 movea-
936 2352 1210 2425 Quemadmodum
1231 2370 1314 2434 aqua
1333 2352 1432 2415 missa
1451 2352 1483 2414 in
1505 2353 1612 2434 ignem
1632 2371 1683 2416 ex-

131 2470 211 2513 mur.
230 2451 318 2514 Unde
340 2457 372 2512 θῖ
394 2451 426 2513 in
447 2451 578 2524 divinis,
595 2451 621 2514 si
644 2451 717 2532 quis
741 2450 823 2514 forte
847 2452 877 2514 in
937 2451 1071 2531 stinguit
1085 2450 1314 2524 flammam,ita
1330 2449 1527 2532 profluvium
1544 2451 1685 2514 lacrima·

129 2549 308 2632 psalmodia
322 2555 355 2611 et
368 2558 463 2611 cantu
483 2549 672 2622 inordinate,
689 2557 744 2612 aut
759 2550 879 2632 aliqua·
938 2566 1008 2610 rum
1034 2547 1230 2631 poenitentiae
1254 2556 1286 2609 et
1309 2546 1488 2611 devotionis
1512 2549 1684 2630 exstinguit

130 2648 203 2711 liter
224 2647 426 2710 dissonanter
449 2667 505 2710 scu
530 2647 746 2712 somnolenter
771 2667 805 2712 se
827 2649 881 2711 ba·
936 2664 1064 2710 omnem
1097 2645 1325 2727 indignationis
1354 2653 1385 2708 et
1418 2645 1472 2708 ira
1503 2645 1684 2730 furorisque

130 2745 213 2818 beat,
232 2763 295 2807 non
311 2745 457 2828 protinus
478 2745 726 2808 immoderanter
744 2763 882 2810 commo
936 2745 1053 2825 ignem.
1070 2743 1311 2807 inirascibilitas
1331 2743 1464 2807 victoria
1482 2751 1531 2807 est
1552 2753 1683 2819 nature,

129 2861 282 2922 veemur3
304 2842 360 2905 sed
385 2849 516 2924 peccata
539 2843 669 2926 propria
692 2843 811 2926 quibus
836 2844 881 2906 ibi
936 2842 968 2904 in
991 2841 1181 2923 injuriarum
1205 2842 1451 2905 insensibilitate
1472 2860 1511 2904 ex
1530 2842 1685 2923 agonibus

129 2961 187 3026 per
207 2941 416 3006 omissionem
440 2947 471 3002 et
494 2941 753 3004 commissionem
773 2942 880 3024 culpa·
936 2941 1172 3023 sudoribusque
1187 2941 1493 3004 adveniensltlititas
1509 2948 1558 3003 θεῖ
1572 2940 1686 3004 immo-

128 3041 211 3103 biles
227 3057 351 3115 sumus,
369 3039 562 3113 intueamur,
578 3047 609 3101 et
624 3040 709 3121 quod
725 3048 788 3102 tam
807 3040 881 3102 irre·
896 3031 919 3097 C
936 3037 1011 3099 bilis
1036 3038 1213 3100 constantia
1235 3038 1361 3110 animae,
1387 3038 1418 3099 in
1444 3037 1630 3119 ignominiis
1654 3046 1686 3100 et

128 3145 279 3200 verenter
297 3144 329 3200 et
349 3136 497 3199 indevote
517 3153 574 3199 nos
595 3137 626 3199 in
648 3137 768 3200 divinis
787 3136 881 3200 habe·
937 3135 1027 3199 bona
1043 3135 1135 3200 famae
1148 3136 1419 3218 divulgatiouibus
1435 3155 1467 3199 se
1483 3137 1686 3199 uniformiter

128 3255 213 3308 mus,
241 3235 405 3298 tristemur
429 3241 461 3296 et
484 3233 697 3315 deploremus.
725 3235 830 3310 Porro,
854 3237 880 3298 si
936 3234 1067 3296 babens.
1098 3235 1295 3317 Principium
1330 3235 1605 3310 innascibilitatis,
1637 3244 1686 3298 est

127 3332 201 3414 quis
216 3332 322 3395 adbuc
342 3338 407 3393 tam
430 3330 568 3412 pusillus
588 3337 620 3393 et
639 3330 790 3394 infirmus
806 3351 880 3396 con·
936 3333 1101 3396 silentium
1122 3332 1278 3396 labiorum
1300 3334 1332 3395 in
1355 3333 1599 3398 conturbatione
1619 3351 1685 3397 cor·

127 3434 224 3508 sistit,
243 3441 278 3495 ut
293 3432 478 3496 interiorem
499 3431 553 3496 irae
573 3433 820 3497 commotionem
837 3435 881 3497 vi·
935 3431 1003 3510 dis;
1021 3431 1163 3494 medium
1186 3449 1261 3494 vero
1280 3430 1558 3506 inirascibilitatis,
1576 3440 1625 3495 est
1646 3433 1685 3496 si·

126 3539 194 3592 tare
211 3531 266 3594 vix
281 3537 388 3612 queat,
405 3530 517 3593 saltem
533 3549 551 3592 a
565 3529 673 3592 verbis
689 3530 878 3594 inordinatis
936 3529 1071 3592 lentium
1087 3529 1314 3610 cogitationum
1331 3530 1363 3592 in
1379 3530 1455 3593 exili
1471 3530 1686 3594 conturbatio

127 3637 159 3692 et
176 3630 233 3694 irae
253 3627 479 3713 eruptionibus
503 3638 621 3692 caveat.
646 3629 777 3712 Propter
795 3633 879 3713 quod
935 3647 975 3690 ne
991 3628 1122 3706 animae3
1139 3627 1215 3690 finis
1230 3646 1317 3702 vero,
1334 3628 1401 3691 fixa
1420 3627 1634 3711 tranquillitas
1652 3629 1685 3691 in

125 3728 171 3789 ait
190 3726 404 3790 Ambrosius:
422 3727 543 3790 llesiste
564 3727 619 3791 irae
638 3727 664 3790 si
685 3735 786 3810 potes,
802 3729 880 3791 cede
935 3725 1156 3789 insufflatione
1171 3726 1342 3809 spirituum
1359 3727 1609 3789 immundorum.
1626 3728 1685 3789 ru-

125 3827 152 3888 si
169 3843 235 3890 non
256 3833 365 3908 potes;
381 3825 408 3888 si
430 3826 702 3908 preoccupaverit
720 3835 751 3889 et
768 3827 879 3909 imple·
935 3842 988 3888 ror
1016 3831 1064 3887 θεῖ
1093 3824 1206 3887 leviter
1230 3823 1388 3886 vertibilis
1419 3832 1534 3898 motus,
1558 3843 1684 3887 morum

125 3925 210 3988 verit
237 3923 283 3986 ira
309 3930 449 3986 mentem
474 3931 574 3998 tuam,
591 3924 695 3986 locum
722 3931 814 3986 tuum
839 3943 879 3987 ne
935 3922 1132 3996 deformitas,
1149 3922 1309 3986 etanimae
1325 3921 1518 3984 inhonestas.
1535 3923 1686 3996 Quemad-

124 4023 282 4085 deseras:
299 4021 646 4103 locustuuspatientia
666 4029 722 4083 est.
741 4022 879 4084 lsidorus
937 4021 1066 4083 modum
1089 4021 1210 4083 lumine
1232 4029 1405 4104 apparente
1426 4021 1579 4083 recedunt
1598 4028 1684 4083 tene-

124 4137 258 4203 quoqne
271 4120 337 4182 ait:
350 4119 381 4183 Si
397 4136 461 4182 nou
478 4127 567 4202 potes
583 4121 662 4182 iram
678 4119 790 4195 vitare,
803 4127 881 4182 tcm—
935 4119 1011 4192 brae,
1029 4120 1072 4181 ita
1086 4138 1125 4181 ex
1145 4119 1318 4200 fragrantia
1333 4127 1365 4181 et
1382 4119 1478 4182 odore
1493 4119 1684 4181 humilitatis

124 4237 223 4302 pera3
241 4219 267 4281 si
290 4237 354 4282 non
378 4226 468 4300 potes
488 4217 607 4281 furoris
628 4225 733 4281 ortum
754 4237 877 4292 cavere,
895 4214 1039 4280 Domnis
1054 4218 1244 4292 amaritudo,
1262 4217 1307 4279 ira
1322 4226 1353 4280 et
1369 4216 1458 4280 furor
1472 4217 1684 4279 exterminan-

124 4318 245 4382 cobibe
270 4335 345 4380 eum
370 4325 401 4380 et
425 4325 499 4380 tene
523 4315 688 4380 silentium
713 4335 720 4380 :
745 4318 879 4380 tacendo
934 4323 995 4378 tur.
1006 4317 1102 4378 ldulta
1115 4316 1177 4378 alia
1191 4315 1283 4378 valde
1298 4314 1504 4378 accommoda
1517 4313 1630 4376 scribit
1645 4315 1684 4378 do

122 4416 222 4478 citius
246 4414 359 4477 vincis.
935 4416 1083 4497 praesenti
1106 4414 1247 4477 materia.

164 4513 416 4579 Consideremus
436 4511 656 4576 indesinenter
673 4529 801 4576 omnem
825 4534 878 4597 pa·
973 4513 1221 4595 Aequiesoamus
1246 4528 1321 4594 ergo
1342 4511 1492 4594 Apostolo
1516 4511 1684 4574 exhortan-

121 4613 274 4677 tientiam
290 4619 322 4674 et
342 4609 622 4674 mansuetudinem
639 4611 756 4674 Christi
772 4612 805 4674 in
821 4633 878 4676 sua
934 4613 957 4673 ti
976 4630 983 4675 :
1000 4612 1109 4675 Omnis
1123 4611 1312 4686 amaritudo,
1328 4618 1360 4674 et
1375 4609 1561 4691 indignatio,
1578 4617 1611 4672 et
1626 4609 1680 4683 ira,
1708 4627 1829 4684 Ephesis,

123 4709 435 4794 ignominiosissima
459 4709 618 4794 passione,
638 4716 878 4792 martyrumque
933 4718 965 4772 et
980 4710 1100 4772 clamor
1113 4709 1243 4772 tollatur
1262 4708 1398 4782 avobis,
1414 4726 1488 4770 oum
1508 4708 1596 4770 omni
1617 4726 1681 4770 rna·
1698 4696 1729 4734 ³¹·

122 4810 155 4873 in
171 4809 376 4892 gravissimis
391 4826 502 4872 eorum
515 4807 696 4891 suppliciis,
713 4815 748 4870 ut
762 4809 809 4872 sic
825 4829 878 4891 pa·
934 4808 1011 4870 litia.
1031 4808 1119 4882 Quod
1144 4808 1171 4870 si
1193 4807 1265 4890 quis
1289 4825 1327 4870 cx
1352 4825 1410 4868 sua
1432 4814 1618 4888 paupertate
1642 4807 1682 4868 ad

119 4907 614 4973 tientiametmansuetudiuem
632 4906 878 4990 insuperabilem
934 4908 987 4971 irae
1015 4907 1263 4971 commotionem
1293 4923 1412 4988 pronus
1442 4913 1474 4969 et
1498 4905 1590 4969 velox
1620 4913 1680 4978 est,

119 5007 285 5072 veraciter
307 5006 521 5070 addiscamus.
547 5005 611 5069 Nec
635 5024 797 5070 cessemus
822 5008 877 5070 Dei
932 5007 1041 5069 nullus
1069 5014 1176 5067 tamen
1202 5012 1383 5086 perseveret
1414 5004 1445 5066 in
1470 5004 1528 5079 ira,
1554 5003 1681 5067 dicente

119 5106 321 5189 adjutorium
350 5107 511 5178 invocare,
532 5111 564 5167 et
588 5123 645 5186 per
668 5105 877 5187 prescientia
932 5104 1081 5188 Apostolo
1098 5121 1105 5166 ε
1122 5103 1174 5166 Sol
1199 5120 1263 5166 non
1287 5103 1412 5167 occidat
1436 5123 1533 5185 super
1555 5103 1680 5165 iracun-
1713 5117 1772 5162 rare.
1789 5121 1822 5161 aa.

119 5225 158 5269 ac
175 5204 257 5270 boui
271 5203 427 5290 prepositi
447 5203 597 5286 clypeum
614 5211 725 5266 contra
745 5204 877 5266 adversa
931 5205 1016 5266 diam
1037 5210 1185 5264 vestram.
1203 5202 1237 5263 lu
1260 5201 1452 5283 quibusdam
1476 5219 1614 5282 namque
1634 5200 1681 5262 ira

119 5304 238 5368 omnia
256 5303 452 5378 muniamur,
468 5301 626 5384 siquidem
641 5301 747 5382 jacula
763 5303 875 5384 praevi·
931 5302 994 5364 cito
1018 5299 1213 5374 accenditur,
1236 5299 1290 5362 sed
1314 5299 1379 5362 cito
1402 5298 1626 5380 exstinguitur.
1643 5298 1679 5360 lu
