4288 6264
27 2168 126 2210 allatffa.
137 2181 176 2216 vn,

28 2233 64 2280 et,
78 2233 115 2272 id.

442 502 590 550 numnam
610 503 641 550 rv
661 503 735 552 rosr
755 503 885 551 nascar.
906 521 946 532 -
966 505 1009 550 an
1028 504 1222 568 ann1o10s0s3
1246 505 1344 554 scano
1365 507 1477 554 saurus
1691 487 1731 554 23

184 671 353 756 patienter,
373 683 555 756 arroganter
576 675 779 759 respondent,
799 693 863 738 non
887 684 931 738 at·
946 676 972 739 A
987 683 1063 759 puta
1083 676 1222 759 praelato,
1245 677 1456 741 reverentiam
1482 678 1586 741 cordis
1606 696 1643 741 ac
1666 695 1733 742 cor·

184 773 362 847 tendentes,
393 774 576 848 miserrimi,
607 775 690 856 quod
725 775 829 838 taliter
862 793 932 838 sese

184 870 342 945 habendo,
359 890 423 934 non
438 871 542 936 solum
558 872 622 936 Deo
637 881 669 934 et
682 873 814 954 angelis,
831 874 885 935 sed
902 881 933 935 et

184 969 344 1052 spirituali
367 971 448 1054 patri
471 990 507 1034 ac
529 971 690 1034 Fratribus
712 973 836 1034 cunctis
858 972 934 1034 vile-

185 1077 285 1144 scant,
303 1087 409 1133 ceram
432 1070 550 1151 quibus
569 1070 774 1133 vitiositatem
796 1077 827 1132 et
848 1070 934 1132 stoli-

185 1167 318 1230 ditatem
333 1187 424 1230 suam
438 1175 502 1232 tam
523 1168 688 1230 evidenter
704 1169 930 1231 demonstrant.

185 1264 245 1338 Qui
273 1266 300 1328 si
331 1266 499 1348 patienter,
525 1266 685 1348 sapienter
709 1274 741 1328 et
768 1266 934 1330 humiliter

186 1364 426 1445 responderent,
453 1383 550 1447 seque
577 1365 729 1438 modeste,
754 1365 782 1427 si
811 1365 933 1428 innoxii

186 1469 302 1537 essent,
319 1481 414 1526 causa
434 1462 553 1526 vitandi
574 1463 714 1525 scandali
734 1471 933 1536 excusarent,

185 1568 239 1623 aut
261 1560 287 1622 si
310 1560 404 1642 culpa
426 1561 550 1623 modica
574 1569 667 1634 esset,
685 1561 932 1634 dissimularent,

186 1667 367 1722 crescerent
383 1659 493 1741 utique
509 1660 541 1721 in
562 1659 761 1722 audientium
781 1661 886 1732 corde,
904 1667 935 1722 et

186 1776 262 1820 vere
286 1757 487 1820 honorabiles
513 1766 746 1840 reputarentur.
772 1758 808 1820 lli
839 1758 935 1839 igitur

986 775 1072 856 poris
1088 782 1118 836 et
1133 774 1348 838 obedientiam
1364 776 1561 838 caritativam
1579 793 1615 838 ac
1632 793 1736 857 prom·

987 880 1074 956 ptam
1106 873 1334 953 exhibeamus;
1365 874 1579 936 confratribus
1609 873 1736 937 consili·

988 990 1042 1033 um
1068 979 1099 1033 et
1122 971 1277 1034 auxilium
1301 973 1510 1054 praebeamus,
1531 971 1638 1035 verbis
1662 973 1737 1034 dum

988 1069 1062 1134 licet
1077 1071 1164 1153 loqui
1186 1069 1340 1134 hortando
1359 1079 1392 1134 et
1410 1072 1607 1144 instruenda,
1623 1071 1737 1134 oratio-

988 1189 1027 1232 ne
1041 1169 1193 1250 juvando,
1206 1189 1262 1232 seu
1278 1169 1356 1232 alias
1372 1168 1466 1232 mode
1481 1169 1627 1251 possibili
1645 1169 1737 1231 mini·

987 1268 1120 1330 sterium
1144 1266 1334 1330 exhibenda.
1360 1268 1513 1342 Quocirca
1536 1268 1581 1330 ait
1605 1268 1736 1330 Bernar-

988 1365 1198 1428 dus:Nullum
1215 1383 1272 1446 ego
1288 1366 1456 1428 consilium
1472 1365 1608 1428 arbitror
1622 1365 1736 1428 melius

988 1483 1084 1546 quam
1104 1465 1131 1526 si
1151 1465 1298 1546 exemplo
1315 1474 1369 1526 tuo
1386 1465 1516 1527 fratrem
1536 1472 1628 1526 tuum
1644 1464 1735 1527 doce·

989 1581 1022 1624 rc
1037 1563 1164 1624 studeas
1180 1582 1251 1644 quae
1270 1570 1412 1644 oporteat
1427 1570 1458 1626 et
1479 1581 1549 1644 qua
1564 1582 1628 1626 non
1643 1580 1735 1644 opor·

988 1668 1052 1722 teat
1077 1659 1160 1734 lieri,
1185 1679 1360 1741 provocans
1385 1681 1458 1724 eum
1484 1662 1523 1723 ad
1550 1661 1682 1724 meliora
1705 1669 1737 1724 ct

989 1757 1158 1820 consulens
1188 1775 1252 1820 non
1277 1757 1374 1820 verbo
1403 1777 1507 1840 neque
1536 1757 1655 1839 lingua,
1681 1759 1735 1820 scd

187 1875 221 1918 se
242 1856 422 1930 emendent,
439 1863 534 1937 atque
555 1857 586 1918 in
602 1875 677 1919 vera
696 1857 888 1930 humilitate,
904 1853 972 1918 etB
990 1873 1086 1938 opere
1102 1864 1133 1918 et
1148 1856 1298 1934 veritate;
1315 1858 1370 1919 sed
1385 1875 1490 1938 neque
1505 1855 1670 1919 efficacius
1685 1876 1738 1919 au-

189 1953 344 2017 fractione
366 1954 503 2036 propria
527 1955 710 2029 voluntatis
726 1974 762 2017 ac
784 1954 935 2036 exstirpa-

189 2054 275 2116 tione
291 2053 406 2134 privati
421 2053 650 2126 amoris‚totam
667 2072 755 2116 suam
773 2071 937 2116 conversa-

191 2150 310 2212 tionem
332 2148 487 2212 stabiliter
506 2148 652 2225 fundent,
670 2158 706 2212 ut
720 2150 938 2212 assimilentur

189 2249 260 2312 viro
274 2249 409 2331 sapienti
430 2249 486 2331 qui
505 2249 677 2311 edificavit
695 2249 825 2311 domum
846 2267 934 2311 suam

190 2365 287 2428 supra
302 2354 435 2428 petram,
445 2364 508 2409 non
523 2347 619 2410 stulto
634 2347 689 2428 qui
704 2347 875 2410 aedificavit
889 2367 938 2409 su·

191 2464 248 2526 per
265 2463 404 2508 arenam.

231 2544 363 2625 Insuper
378 2543 514 2624 Spiritus
533 2543 665 2606 Sanctus
685 2563 742 2627 per
757 2544 936 2627 superiores

190 2648 314 2704 nostros
329 2640 433 2722 arguit
447 2659 505 2703 nos
520 2641 559 2703 de
573 2641 696 2722 justitia
712 2660 809 2723 quam
825 2641 936 2723 imple-

191 2758 224 2802 re
245 2739 452 2819 negleximus.
469 2739 548 2802 Nam
567 2739 631 2802 Deo
651 2739 815 2814 honorem,
833 2740 937 2822 proxi-

192 2837 253 2900 mis
275 2837 530 2910 aedificationem,
548 2837 640 2900 nobis
662 2837 740 2920 ipsis
760 2839 936 2900 custodiam

189 2935 299 3018 jugem
325 2944 480 2998 tenemur.
498 2937 530 2999 Si
554 2953 630 3017 erge
654 2937 801 3018 praelatus
823 2937 939 2998 viderit

991 1955 1104 2016 xilium
1121 1961 1169 2015 est
1184 1973 1280 2035 quam
1297 1963 1330 2016 ut
1346 1972 1417 2017 ores
1437 1955 1549 2016 devote
1565 1973 1622 2036 pro
1637 1972 1686 2029 ee,
1704 1963 1738 2016 ut

992 2069 1054 2114 non
1069 2051 1252 2114 dissimules
1273 2053 1461 2133 redarguere
1481 2052 1590 2134 culpas
1605 2053 1687 2133 ejus,
1703 2059 1739 2114 nt

991 2150 1118 2211 nullum
1142 2150 1170 2212 ei
1195 2149 1429 2213 offendiculum
1456 2166 1565 2231 ponas,
1589 2157 1620 2212 et
1642 2169 1739 2232 quan·

991 2255 1059 2308 tum
1084 2246 1247 2328 prevales,
1263 2246 1420 2309 sollicitus
1442 2247 1496 2322 sis,
1513 2255 1663 2330 tanquam
1686 2267 1739 2311 an·

991 2345 1081 2426 gelus
1097 2346 1195 2427 pacis,
1212 2345 1360 2408 scandala
1379 2345 1489 2408 tollere
1510 2354 1542 2408 et
1556 2347 1738 2410 occasiones

992 2441 1213 2505 scandalorum
1238 2444 1365 2524 penitus
1389 2459 1562 2506 removere.
1584 2445 1618 2507 Si
1641 2445 1736 2506 talem

992 2549 1022 2603 te
1045 2540 1134 2603 fratri
1159 2548 1214 2603 tuo
1242 2541 1460 2604 consiliarium
1484 2548 1517 2602 et
1534 2541 1738 2604 auxiliarium

992 2638 1135 2711 exhibes,
1152 2637 1257 2702 reddis
1279 2638 1308 2700 ei
1331 2640 1416 2720 quod
1436 2639 1545 2714 debes,
1562 2658 1621 2702 nec
1644 2640 1740 2703 habet

993 2738 1077 2800 unde
1093 2745 1249 2799 causetur.
1267 2737 1361 2799 Porro
1376 2737 1431 2818 qui
1446 2737 1544 2800 alicui
1558 2745 1682 2819 praeest,
1698 2738 1742 2801 di-

993 2835 1162 2916 sciplinam
1178 2835 1207 2896 ei
1223 2842 1350 2897 tenetur
1364 2843 1460 2916 atque
1475 2835 1742 2918 custodiam,quia

994 2934 1033 2996 de
1050 2953 1144 2996 manu
1160 2934 1238 3014 ejus,
1249 2933 1413 3014 pereuntis
1428 2933 1548 2996 subditi
1563 2933 1742 3016 exquiritur

191 3034 376 3117 quempiam
401 3051 506 3096 ceram
529 3035 600 3096 aliis
623 3034 881 3116 inexemplariter
904 3033 975 3098 seG
995 3032 1134 3112 sanguia,
1147 3031 1173 3093 si
1190 3031 1274 3113 quod
1289 3031 1339 3093 sui
1355 3039 1402 3093 est
1417 3029 1518 3093 officii
1535 3031 1581 3094 illi
1597 3031 1742 3112 neglexe-

191 3132 515 3215 habcntem,pusillos
529 3133 805 3206 scandalizantem,
816 3151 878 3195 non
895 3151 939 3194 re·

193 3238 242 3293 cta
262 3249 298 3292 ac
319 3231 404 3311 regia
420 3231 471 3292 via
491 3238 686 3312 pergentem,
705 3231 849 3311 protinus
865 3249 938 3293 con-

193 3336 240 3390 tra
258 3328 360 3400 illum,
378 3329 443 3390 imo
462 3345 520 3410 pro
535 3346 583 3402 eo,
599 3327 667 3390 zelo
685 3329 876 3390 accendatur
890 3327 939 3407 ju-

193 3427 297 3500 stitiae,
314 3434 346 3488 ct
367 3434 478 3507 arguat
499 3445 585 3499 eum,
606 3427 766 3499 informet,
784 3426 937 3500 hortetur,

194 3533 229 3586 ut
246 3523 337 3605 juxta
356 3524 528 3606 apostolica
547 3525 747 3598 documenta,
764 3543 834 3606 quar
853 3523 939 3606 pacis

194 3629 268 3685 sunt
292 3629 441 3696 sectetur,
466 3629 498 3684 et
527 3641 597 3703 quaa
619 3623 840 3684 edificationis
866 3631 940 3684 sunt

193 3722 363 3801 diligenter
377 3721 544 3792 custodiat,
562 3737 684 3782 memor
698 3720 861 3783 sententiaa
877 3719 941 3783 Sal-

194 3820 311 3882 vatoris
329 3835 336 3880 :
353 3819 404 3880 l'ae
424 3817 546 3880 homini
567 3836 625 3899 per
639 3837 734 3899 quem
755 3818 939 3884 scandalum

53 3919 80 3944 ‘¹¹
91 3935 97 3954 ³
110 3919 129 3954 ¹¹
157 3932 162 3943 ·
193 3918 300 3995 venit;
316 3923 348 3978 et
362 3916 417 3997 qui
439 3915 698 3977 scandalizaverit
713 3935 812 3976 unum
828 3916 867 3977 dc
884 3936 940 3997 pu-

193 4017 286 4088 sillis,
311 4014 440 4096 expedit
464 4014 492 4076 ei
519 4022 554 4075 nt
576 4013 703 4094 alligato
729 4013 830 4095 ipsius
859 4015 941 4076 collo

194 4132 269 4176 saxo
286 4120 454 4194 mergatur.
472 4112 559 4185 Quod
575 4112 602 4174 si
619 4119 681 4173 tam
697 4111 877 4174 damnabile
893 4120 941 4175 est

994 3131 1035 3191 rit
1050 3129 1210 3192 exhibere.
1229 3129 1261 3191 Si
1277 3147 1352 3191 vero
1367 3129 1438 3190 aliis
1454 3147 1516 3192 non
1532 3130 1653 3211 praesis,
1671 3147 1741 3212 pro-

993 3228 1064 3309 prio
1084 3227 1218 3308 corpori,
1237 3227 1434 3288 sensualitati
1457 3233 1488 3288 et
1509 3226 1657 3289 sensibus
1676 3228 1740 3290 tuis

993 3327 1195 3407 disciplinam
1211 3325 1449 3409 custodiamque
1465 3325 1662 3408 impendant
1677 3345 1742 3389 cor·

994 3444 1053 3506 pus
1077 3432 1168 3486 tuum
1194 3424 1338 3504 castiges,
1360 3425 1392 3486 in
1418 3424 1605 3487 servitutem
1625 3426 1740 3488 animae

994 3522 1128 3602 redigas,
1153 3542 1192 3584 ne
1217 3529 1327 3602 regnet
1351 3522 1382 3583 in
1408 3539 1445 3583 eo
1470 3529 1655 3604 peccatum3
1672 3542 1741 3586 sen·

994 3619 1123 3682 sualitas
1140 3637 1266 3701 quoque
1281 3620 1439 3693 dometur,
1455 3627 1486 3680 et
1501 3619 1672 3682 sensitivus
1687 3639 1742 3702 ap-

995 3719 1113 3801 petitus
1129 3717 1243 3780 rationi
1259 3717 1427 3796 subdatur;
1439 3724 1471 3778 et
1485 3717 1657 3780 exteriores
1673 3737 1742 3780 sen-

995 3837 1049 3880 sus
1073 3817 1302 3890 custodientur,
1320 3836 1359 3878 ne
1381 3816 1466 3878 circa
1486 3835 1541 3878 sua
1565 3816 1742 3880 inordinate

995 3914 1206 3988 oblectentur,
1232 3921 1406 3996 evagentur
1433 3914 1661 3996 lasciviantque
1686 3914 1741 3977 ob-

994 4014 1087 4095 jecta.

1041 4115 1192 4176 Praeterea
1226 4111 1469 4192 diligentissime
1507 4112 1740 4193 perpendamus

194 4231 295 4274 unum
317 4210 529 4274 scandalizare
552 4210 716 4292 pusillum,
732 4229 828 4290 quem
852 4211 938 4272 dam·
956 4215 979 4277 l)
996 4213 1080 4294 quod
1106 4211 1137 4273 in
1167 4211 1312 4292 praesenti
1338 4210 1502 4290 evangelio
1530 4210 1573 4271 ait
1598 4209 1741 4272 Salvator

194 4310 300 4372 habile
320 4318 351 4372 et
370 4328 499 4372 enorme
519 4315 568 4370 est
586 4326 692 4370 coram
713 4309 939 4370 communitate

194 4429 287 4490 agere
319 4408 502 4471 scandaloso
533 4426 569 4468 ac
604 4406 759 4488 plurimos
788 4407 940 4469 scandali-

195 4511 287 4570 zaret
312 4507 370 4581 Qui
396 4525 470 4587 ergo
495 4505 624 4588 publice
648 4525 684 4567 ac
707 4507 844 4586 graviter
867 4525 940 4587 pec-

196 4614 257 4678 cat,
274 4604 439 4668 manifeste
461 4612 492 4666 et
511 4605 626 4666 acriter
647 4611 807 4684 arguatur;
828 4611 859 4665 et
878 4605 938 4666 nisi

195 4703 420 4776 emendaverit,
440 4703 550 4764 durius
573 4701 753 4781 castigetur,

237 4802 388 4884 Denique,
404 4801 494 4882 juxta
515 4800 722 4874 Bernardum,
739 4800 839 4862 tribus
862 4801 941 4862 exsi-

196 4903 309 4965 stimus
325 4899 651 4973 debitoreS,vidclicet
665 4899 941 4980 superiori‚aeqrra-

199 5001 231 5073 li,
245 4999 399 5062 inferiori.
418 4997 579 5080 Superiori
597 4997 806 5059 reverentiam
823 5006 855 5059 et
868 4997 940 5060 ohe-

196 5098 362 5170 dientiam,
372 5096 496 5178 aequali,
509 5103 621 5176 utputa
636 5095 800 5176 proximis,
817 5096 943 5157 consili-

198 5215 253 5257 um
276 5203 370 5276 atque
390 5193 557 5261 auxilium,
575 5193 717 5254 inferiori
739 5193 941 5274 disciplinam

199 5294 440 5374 custodiamque
471 5299 626 5353 tenemur.
663 5291 823 5373 Superiori
856 5311 940 5372 erge,

995 4311 1154 4393 Apostolis
1172 4327 1178 4372 :
1197 4311 1227 4372 Si
1251 4327 1314 4372 non
1338 4307 1456 4379 abiero,
1473 4307 1651 4370 Paracletus
1676 4325 1738 4371 nen
1753 4331 1886 4386 ramma,

995 4409 1102 4472 veniet
1125 4409 1164 4470 ad
1191 4425 1263 4485 vos;
1289 4407 1314 4468 si
1339 4415 1445 4468 autem
1469 4404 1588 4478 abiere,
1615 4407 1738 4468 mittam
1754 4400 1774 4440 ⁷·

995 4527 1069 4570 eum
1093 4508 1131 4569 ad
1155 4525 1220 4568 vos.
1239 4507 1336 4585 Cujus
1358 4505 1414 4578 rei,
1435 4503 1611 4566 secundum
1636 4505 1740 4567 docto

995 4625 1056 4678 res,
1073 4624 1136 4665 una
1157 4603 1218 4665 fuit
1238 4621 1332 4664 causa
1349 4619 1355 4662 :
1374 4602 1448 4683 quia
1463 4602 1684 4684 Apostolorum
1701 4603 1739 4663 ad

996 4704 1155 4766 Christum
1173 4721 1247 4763 cum
1267 4701 1312 4762 eis
1333 4700 1537 4782 corporaliter
1554 4718 1742 4763 conversan-

996 4810 1059 4864 tem
1076 4801 1205 4863 affectio
1220 4799 1281 4860 fuit
1299 4798 1478 4879 aliqualiter
1494 4797 1661 4872 sensualis,
1677 4814 1739 4860 nen

997 4900 1123 4983 penitus
1148 4897 1333 4981 spiritualis.
1354 4896 1485 4968 ldcirc0,
1506 4903 1607 4958 stante
1632 4895 1741 4977 hujus-

998 4999 1082 5060 modi
1108 4997 1277 5058 affcctione
1302 5004 1332 5057 et
1358 5014 1452 5056 causa
1477 4994 1588 5075 ipsiuS,
1610 5013 1741 5077 capaces

996 5115 1059 5159 non
1076 5103 1166 5158 erant
1181 5094 1316 5176 Spiritus
1333 5093 1437 5155 Sancti
1454 5091 1486 5153 in
1501 5099 1588 5154 tenta
1608 5093 1742 5174 plenitu-

997 5195 1082 5266 dine,
1101 5194 1131 5254 in
1153 5201 1270 5274 quanta
1290 5211 1362 5254 euru
1387 5198 1458 5272 post
1480 5189 1596 5252 Christi
1615 5209 1743 5270 accepe-

999 5299 1073 5353 runt
1098 5310 1266 5352 recessum.
1285 5291 1316 5352 Si
1340 5306 1414 5369 crgo
1435 5287 1591 5350 sensualis
1614 5287 1742 5349 affectio
