4192 6258
466 518 614 566 sonitum
634 519 700 565 mm
721 518 795 566 vosr
814 519 1008 568 ramuarsn.
1029 537 1070 551 -
1090 523 1189 572 sarno
1208 525 1333 573 rannus
1615 512 1676 576 tet

6 711 90 756 ‚na
123 686 348 770 peccatoribus
365 687 443 750 dicit
457 688 552 752 lsaias
571 707 577 751 :
594 689 761 752 Peccatum
780 691 914 756 suumd
931 693 1141 767 oumstantiis,
1172 701 1250 776 puta
1278 695 1357 770 loco,
1389 714 1494 772 causa,
1519 705 1674 780 tempore,

123 787 216 869 quasi
233 787 369 850 Sodoma
383 787 649 870 praedicaverunt,
667 807 726 851 nec
741 788 874 851 abscon·
929 791 1024 853 modo
1039 791 1278 875 intentioneque
1292 797 1676 877 opportunis,secundum

123 886 249 949 derunt.
263 886 308 948 lle
323 884 441 968 quibus
458 885 490 948 in
505 886 685 950 Proverbiis
700 887 871 952 asseritur:
929 889 1014 971 quod
1034 891 1163 972 expedit
1176 891 1215 954 ad
1230 895 1487 957 emendationem
1502 896 1674 977 peccantis.

5 999 106 1044 autt-
122 984 285 1048 Laetamrn
300 1004 400 1068 quum
422 984 652 1060 malefecerint,
669 994 702 1049 et
715 986 875 1049 exsultant
929 987 1017 1050 Unde
1042 989 1200 1072 correptio
1220 990 1281 1054 ista
1305 992 1407 1054 trihus
1431 993 1535 1057 modis
1559 993 1677 1057 omitti·

123 1082 157 1144 in
175 1081 270 1144 rebus
285 1082 444 1165 pessimis.
462 1083 545 1158 Haec,
563 1085 741 1146 secundum
757 1085 790 1146 B.
803 1084 874 1146 Ber·
929 1093 990 1147 tur.
1010 1085 1127 1162 Primo,
1146 1089 1307 1154 meritorie
1323 1099 1354 1153 et
1369 1110 1408 1154 ex
1424 1091 1565 1166 caritate,
1577 1112 1675 1176 quan-

120 1181 272 1254 nardum‚
283 1189 332 1244 est
346 1181 500 1264 iniquitas
517 1183 671 1262 maxima3
688 1190 719 1246 et
733 1183 814 1244 nihil
832 1182 874 1245 ita
929 1185 969 1247 do
984 1184 1134 1249 videlicet
1148 1194 1275 1270 tempus
1291 1189 1483 1272 corripiendi
1499 1209 1675 1272 congruum

121 1280 261 1344 oliendit
285 1281 498 1358 ditissimum,
525 1283 609 1345 sicut
637 1283 676 1345 de
704 1283 873 1367 praeteritis
929 1289 1141 1376 exspectatur,
1158 1293 1213 1347 aut
1232 1286 1271 1348 de
1289 1286 1426 1366 graviori
1448 1288 1610 1369 peccantis
1630 1289 1676 1350 in-

121 1379 213 1442 vitiis
231 1397 295 1443 non
316 1380 419 1444 solum
440 1398 504 1444 non
524 1381 690 1463 poenitere,
707 1380 872 1444 sedetiam
929 1380 1094 1445 duratione
1110 1382 1318 1465 probabiliter
1332 1383 1530 1448 formidatur.
1541 1385 1673 1468 Nempe,

121 1478 262 1559 gloriari.
929 1487 964 1542 ut
988 1479 1136 1545 Salomon
1166 1481 1318 1564 loquitur,
1344 1483 1402 1558 Oui
1427 1483 1819 1560 eruditderiso·rr0v.11.r.

21 1601 36 1629 a
79 1620 86 1630 ·
165 1578 285 1640 Deinde
309 1577 418 1640 subdit
440 1577 655 1642 Salvator:Si
674 1585 705 1640 te
724 1577 871 1652 audierit,
928 1597 1008 1654 rem,
1040 1580 1109 1662 ipse
1140 1581 1201 1643 sibi
1232 1581 1383 1661 injuriam
1414 1582 1505 1660 iacit3
1534 1589 1574 1657 et,
1604 1583 1818 1660 Nonnaaaan.

6 1671 23 1702 ⁴
65 1684 71 1695 '
122 1675 185 1738 hoc
203 1683 261 1752 est,
278 1677 305 1739 si
329 1677 493 1759 proximus
513 1684 575 1740 tuae
597 1676 807 1758 increpationi
826 1695 874 1738 ca·
928 1686 1013 1739 amat
1036 1678 1190 1760 pestilens
1215 1697 1289 1742 eum
1314 1680 1367 1762 qui
1398 1699 1431 1743 se
1456 1681 1596 1764 corripit.
1623 1683 1675 1746 Se-

121 1775 260 1839 ritativae
285 1776 492 1859 acquieverit,
518 1776 660 1839 lucratus
684 1795 718 1839 es
743 1775 873 1838 fratrem
929 1776 1044 1850 cundo,
1068 1776 1227 1840 omittitur
1248 1778 1371 1854 vitiose,
1396 1786 1522 1842 etcum
1548 1781 1674 1844 mortali

122 1880 229 1948 tuum,
254 1874 316 1938 hoo
341 1881 399 1948 est,
424 1875 464 1938 de
488 1875 609 1957 peccati
639 1873 817 1957 perditione
843 1881 874 1936 et
892 1871 1070 1957 Bpeccato,
1088 1882 1123 1937 ut
1137 1876 1213 1939 dnm
1230 1895 1268 1940 ex
1289 1877 1474 1960 cupiditate,
1491 1887 1545 1942 aut
1560 1881 1674 1945 timore

1 1981 107 2031 daw-
122 1972 343 2036 dominatione
363 1972 482 2036 diaboli
502 1991 576 2036 eum
596 1973 753 2055 eripuisti.
771 1973 803 2036 Si
820 1992 874 2035 au·
929 1973 1102 2056 corporalis
1122 1993 1224 2058 poena
1241 1977 1466 2058 temporalisve
1486 1979 1605 2054 damni,
1621 1986 1676 2042 aut

121 2076 191 2133 tem
210 2079 241 2134 te
262 2089 325 2134 non
345 2071 495 2148 audierit,
511 2070 627 2135 adhibe
646 2078 753 2133 tecum
772 2089 873 2132 unum
929 2073 1028 2135 simili
1053 2091 1237 2156 causaque
1261 2094 1324 2139 non
1350 2083 1398 2138 est
1419 2077 1543 2140 caritati
1565 2079 1676 2161 prele-

121 2179 239 2234 tcstem
255 2171 306 2234 vel
322 2171 412 2246 duos,
429 2170 461 2233 id
477 2177 536 2246 est,
548 2171 581 2232 in
597 2169 765 2253 praesentia
779 2170 874 2232 unius
930 2173 1038 2246 reuda,
1055 2173 1221 2235 omittitur.
1238 2174 1354 2249 Tertio,
1371 2193 1445 2238 cum
1466 2177 1584 2240 veniali
1605 2197 1676 2259 pec-

121 2270 176 2332 vel
197 2270 334 2333 duorum
355 2269 485 2332 testium
504 2269 629 2350 corripe
649 2287 735 2343 eum,
753 2287 792 2332 ne
813 2269 876 2332 cito
931 2278 1010 2346 cato,
1037 2279 1072 2334 ut
1096 2273 1173 2335 dum
1198 2273 1357 2355 praedicta
1381 2293 1483 2338 causae
1507 2277 1677 2358 correptio-

43 2394 107 2430 .m.
123 2385 233 2430 coram
249 2367 400 2430 omnihus
416 2366 613 2441 dillametur,
630 2373 666 2429 ut
681 2367 713 2429 in
729 2386 783 2430 ore
799 2368 875 2430 duo·
931 2387 1005 2431 nem
1025 2370 1118 2432 istam
1139 2389 1202 2434 non
1223 2371 1413 2453 impediunt,
1431 2373 1486 2434 sed
1507 2375 1675 2437 retardant.

1 2479 2 2486 ¹
123 2485 199 2528 rum
215 2466 265 2529 vel
280 2456 378 2528 trium
394 2466 525 2529 testium
542 2471 604 2528 stet
617 2483 713 2528 omne
728 2464 874 2540 verbum,
971 2469 1105 2551 Insuper
1127 2469 1246 2532 subditi
1271 2470 1451 2552 superiores
1473 2489 1547 2534 suos
1570 2473 1679 2535 carita-

125 2565 158 2627 id
180 2571 238 2639 est,
255 2583 313 2646 per
328 2571 375 2628 tot
390 2571 486 2627 testes
506 2562 660 2646 probetur
676 2564 760 2646 quod
778 2563 877 2626 delin-
931 2566 996 2628 tive
1016 2567 1174 2648 corrigere
1194 2575 1328 2649 possunt
1347 2586 1383 2630 ac
1402 2567 1520 2632 dehent
1540 2570 1572 2632 in
1591 2571 1678 2633 vitiis

124 2663 237 2745 quenti
254 2662 415 2743 objicitur.
434 2663 521 2737 Quod
537 2662 564 2724 si
580 2680 634 2725 eos
649 2680 712 2724 non
728 2660 875 2735 audierit,
932 2664 1111 2728 manilestis
1127 2665 1390 2748 correptioneque
1406 2666 1521 2748 dignis,
1539 2686 1679 2750 congruo

123 2762 183 2844 qui
201 2769 308 2824 tecum
328 2760 506 2843 corripiunt
525 2761 629 2835 illum,
646 2761 699 2822 dic
715 2761 875 2834 Ecclesia,
932 2763 1001 2827 loco
1022 2770 1053 2826 et
1073 2771 1228 2845 tempore,
1246 2783 1319 2826 eum
1339 2764 1520 2830 humilitate
1540 2773 1571 2828 et
1593 2785 1679 2830 reve·

123 2861 187 2924 hoo
212 2867 260 2923 est
284 2860 414 2943 praelato
440 2879 496 2922 seu
520 2859 622 2941 judici
646 2864 703 2922 aut
722 2859 780 2922 toti
805 2877 878 2922 con·
931 2860 1045 2935 rentia,
1061 2878 1125 2923 non
1148 2860 1324 2943 procaciter
1344 2869 1400 2924 aut
1420 2869 1577 2944 proterve.
1599 2863 1678 2928 Nam

122 2960 313 3041 gregationi,
330 2959 407 3041 quid
427 2957 482 3020 ille
504 2958 666 3022 commisit
686 2957 806 3041 inique,
823 2966 878 3021 aut
932 2965 964 3022 et
978 2960 1099 3042 Moyses
1120 2965 1247 3022 sanctus
1263 2959 1318 3042 qui
1333 2959 1475 3042 quotidie
1490 2962 1529 3023 ad
1550 2961 1678 3024 libitum

123 3058 205 3140 quid
224 3059 339 3122 vitiose
359 3056 478 3132 omisit,
494 3064 527 3119 et
545 3057 705 3139 quomodo
725 3057 876 3139 correpti·
895 3053 1122 3141 Cloquehatur
1145 3077 1219 3120 cum
1248 3058 1371 3139 angelo,
1396 3060 1678 3141 reprehensionem

122 3173 222 3220 onem
252 3163 407 3220 secretam
433 3155 628 3238 testiumque
659 3155 876 3218 inductionem
932 3177 969 3221 ac
989 3156 1246 3221 informationem
1261 3157 1368 3219 Jethro
1382 3157 1444 3220 viri
1463 3159 1591 3239 gentilis
1610 3178 1679 3241 gra-

122 3254 257 3335 ahjecit,
278 3255 312 3317 in
334 3273 392 3318 sua
414 3272 547 3316 manens
565 3253 693 3316 duritia.
716 3253 747 3316 Si
770 3261 877 3316 autem
932 3264 1035 3320 tenter
1058 3275 1095 3318 ac
1117 3254 1350 3337 patientissime
1373 3257 1556 3338 assumpsit.
1574 3257 1678 3340 Siqui-

122 3353 303 3417 Ecclesiam
318 3369 382 3416 nou
396 3351 589 3426 audieritsit
603 3350 663 3414 tibi
679 3351 762 3414 sicut
776 3352 877 3414 ethni·
932 3357 1005 3418 dem
1026 3355 1059 3417 in
1076 3353 1184 3418 Exodo
1197 3353 1304 3417 Jethro
1324 3353 1368 3416 ait
1386 3354 1425 3417 ad
1440 3355 1567 3438 ldoysen
1585 3372 1592 3419 :
1608 3356 1677 3420 Non
1717 3370 1792 3416 moa

1690 3448 1749 3488 xvnu,
1760 3439 1793 3486 17,
1800 3439 1825 3479 ld

122 3471 195 3524 cus,
212 3450 244 3512 id
260 3457 309 3512 est
322 3450 463 3531 gentilis,
475 3457 507 3512 et
520 3449 724 3533 publicanus,
740 3451 800 3514 hoo
816 3458 874 3526 est,
931 3454 1048 3516 honam
1063 3471 1131 3516 rem
1146 3452 1230 3534 agis3
1246 3452 1343 3515 stulto
1357 3450 1465 3515 labore
1480 3455 1677 3519 consumeris
1692 3502 1714 3541 οἱ
1725 3510 1771 3554 Μ,

122 3557 205 3614 tunc
227 3549 360 3612 omnino
381 3549 506 3612 retrahe
528 3556 559 3610 te
579 3547 619 3611 ah
638 3566 685 3612 eo.
930 3559 977 3627 tu,
993 3559 1025 3614 et
1043 3551 1147 3614 omnis
1172 3549 1310 3633 populus
1329 3557 1446 3613 tecum.
1463 3551 1585 3615 Praelati
1603 3570 1679 3634 ergo

167 3648 247 3710 ltem
268 3647 510 3722 advertendum,
527 3648 612 3729 quod
632 3654 798 3729 peccatum
818 3649 876 3710 du·
931 3668 994 3714 non
1015 3651 1079 3712 sint
1094 3649 1192 3712 nimis
1212 3649 1320 3730 magni
1335 3654 1368 3712 at
1382 3648 1541 3732 sapientes
1556 3651 1590 3713 in
1603 3669 1678 3715 ocu·
1707 3669 1737 3713 n.
1751 3671 1817 3722 aar.

122 3746 256 3830 pliciter
275 3745 504 3809 consideratur.
521 3745 637 3822 Primo,
660 3747 694 3808 iu
718 3753 873 3829 quantum
931 3749 970 3813 lis
996 3748 1074 3823 suis,
1096 3749 1151 3811 sed
1175 3747 1376 3810 subditorum
1401 3765 1533 3812 suorum
1559 3768 1596 3812 ac
1622 3749 1679 3814 ali-

122 3845 280 3908 nocivum
304 3851 352 3908 est
372 3845 527 3927 peccanti.
551 3844 666 3927 Sieque
689 3852 874 3928 peccantem
930 3867 1022 3912 orum
1052 3846 1208 3910 humilem
1237 3846 1483 3929 correptionem,
1513 3848 1600 3930 piam
1629 3849 1679 3912 in-

120 3961 271 4025 arguere,
288 3950 377 4006 actus
396 3950 445 4006 est
467 3943 617 4017 caritatis,
634 3943 673 4005 ad
692 3961 787 4025 quem
808 3961 874 4008 om·
929 3947 1165 4021 formationem,
1197 3945 1393 4008 caritativam
1426 3941 1679 4012 exhortationem

121 4062 185 4107 nes
199 4049 360 4117 tenentur,
376 4042 460 4105 sieut
473 4042 512 4104 ad
528 4042 693 4105 caritatem
706 4059 713 4104 :
726 4061 800 4106 nam
816 4043 875 4108 ista
929 4051 1088 4128 gratanter
1116 4042 1345 4127 humiliterque
1368 4043 1555 4126 suscipiant,
1579 4065 1678 4129 quum

122 4141 286 4224 correptio
310 4158 374 4204 non
398 4147 447 4204 est
470 4139 532 4203 nisi
562 4141 741 4204 remedium
766 4149 875 4206 contra
930 4143 963 4206 in
984 4142 1163 4207 Proverbiis
1184 4142 1309 4204 dicatur
1330 4160 1337 4206 :
1358 4142 1463 4223 Argue
1487 4143 1675 4225 sapientem,
1690 4169 1823 4224 mna,

121 4249 306 4326 peceatum.
334 4241 491 4316 Secundo,
516 4241 736 4304 consideratur
763 4245 963 4324 pecca-[let
984 4241 1096 4322 diliget
1118 4247 1167 4320 te3
1193 4240 1271 4304 doce
1298 4239 1433 4321 justum,
1458 4247 1491 4304 et
1513 4239 1677 4306 festinabit
1689 4236 1710 4280 ⁹·

120 4349 197 4404 tum
228 4348 262 4405 ut
288 4346 336 4404 est
363 4341 498 4404 aliorum
528 4339 810 4404 scandalizativum
838 4359 875 4404 ao
930 4341 1084 4423 accipere.

121 4439 338 4514 turbativum,
356 4439 681 4521 inhonorativumque
696 4439 761 4502 llei.
779 4439 818 4502 Et
833 4440 876 4502 ita
970 4438 1133 4512 nataret,
1145 4435 1283 4499 fraterna
1298 4435 1466 4518 correptio,
1476 4443 1512 4499 ut
1526 4444 1574 4500 est
1587 4444 1677 4503 actus

123 4545 316 4624 peccantem
344 4537 516 4620 corripere,
543 4544 591 4600 est
614 4545 703 4601 actus
730 4538 874 4619 justitia,
928 4537 1061 4621 justitia
1085 4536 1249 4618 pertinens
1270 4535 1309 4597 ad
1331 4534 1522 4617 superiores
1544 4555 1608 4599 non
1631 4545 1679 4602 est

122 4643 276 4722 spectans
302 4636 480 4719 prasertim
505 4636 544 4699 ad
566 4635 784 4718 presidentes,
801 4655 877 4719 quo
931 4634 1106 4699 omittenda
1120 4634 1160 4698 oh
1176 4633 1208 4696 id
1223 4650 1263 4696 ne
1278 4639 1442 4715 correptus
1457 4633 1515 4697 liat
1529 4635 1677 4712 deterior,

122 4756 202 4801 rum
222 4743 271 4800 est
285 4735 444 4818 respicere
464 4735 503 4798 ad
520 4735 641 4798 honum
658 4753 828 4798 commune
845 4743 877 4798 et
932 4734 1082 4817 quoniam
1105 4731 1178 4794 talis
1198 4731 1356 4813 correptio
1376 4730 1472 4795 hahet
1491 4740 1679 4816 potestatem

122 4853 318 4901 conservare
338 4835 440 4917 legem
462 4841 557 4917 atque
578 4841 722 4898 tenorem
743 4853 779 4897 ao
799 4835 879 4916 rigo
931 4831 1098 4897 coercendi
1113 4849 1171 4914 per
1184 4829 1398 4913 disciplinam.
1409 4830 1531 4895 ldcireo
1546 4850 1604 4915 per
1618 4851 1682 4916 poe·

123 4955 197 5000 rem
218 4933 359 5016 justitia.
931 4952 987 4995 nas
1006 4929 1247 5013 compellendus
1265 4935 1313 4991 est
1332 4946 1478 5011 peccans,
1495 4937 1531 4992 ut
1545 4939 1679 4994 cessata

168 5035 332 5107 Praeterea,
349 5031 425 5115 quia
440 5039 637 5114 preceptum
653 5033 692 5095 de
708 5033 878 5116 correptio·
931 5030 1030 5105 vitiis,
1047 5029 1074 5092 si
1089 5029 1182 5091 aliter
1196 5027 1276 5091 nolit
1292 5027 1454 5090 desistere.
1471 5027 1517 5090 Ex
1531 5029 1588 5091 tali
1603 5048 1679 5112 quo

121 5152 171 5198 ne
187 5131 325 5195 fraterna
340 5137 387 5194 est
401 5129 644 5206 allirmativuin,
661 5129 781 5212 obligat
795 5150 877 5194 sem·
930 5148 993 5213 que
1015 5129 1214 5210 correptione
1240 5125 1359 5189 utilitas
1383 5127 1481 5189 oritur
1502 5129 1679 5192 communi-

123 5250 198 5316 pcr,
216 5230 349 5293 sednon
365 5228 404 5291 ad
419 5246 555 5310 semper.
572 5228 653 5291 Hinc
669 5228 815 5292 iacienda
830 5236 878 5292 est
930 5229 999 5304 tati,
1016 5227 1093 5290 dum
1107 5227 1193 5309 rigor
1205 5224 1337 5307 justitiae
1351 5224 1547 5300 observatur,
1559 5225 1678 5308 aliique

123 5327 290 5412 correptio
316 5327 376 5391 ista
401 5345 475 5390 cum
497 5326 614 5390 debitis
638 5326 794 5391 virtutum
819 5327 878 5390 cir·
932 5326 1080 5409 exemplo
1093 5324 1198 5407 puniti
1213 5330 1427 5398 terrentur,ne
1441 5331 1536 5405 agant
1550 5323 1675 5388 similia.
