4154 6258
467 529 615 576 noulnrcll
635 531 699 578 XVII
720 531 792 577 rost
812 531 1007 579 TIIINI'IATIIII.
1028 550 1068 560 ·-
1089 533 1187 579 saeuo
1209 533 1319 580 I'IIIIIIIS
1611 512 1672 578 483

115 695 195 754 estis
210 696 245 756 in
263 716 330 756 una
347 715 412 774 spa,
430 698 526 760 idest
545 700 584 762 ad
605 701 748 763 eamdem
769 700 868 762 beati·
883 696 908 760 Α
923 699 1039 763 valoris
1061 719 1080 762 a
1104 717 1308 784 quocumque
1333 699 1542 772 ministretur,
1559 697 1672 779 quoni-

115 792 461 867 tudinemoocatiom's
476 797 642 868 vescroe,id
659 799 759 860 estad
775 817 868 880 quam
922 816 1053 861 amnon
1074 799 1221 861 consistit
1234 799 1267 860 in
1288 797 1402 860 merito
1422 795 1525 859 dantis
1545 814 1601 858 seu
1620 814 1672 858 ex·

114 897 223 952 vestra
244 892 410 954 ordinatur
431 895 566 957 vocatio.
922 896 1021 958 terius
1038 896 1238 978 baptizantis,
1256 897 1311 958 sed
1327 897 1360 958 in
1376 896 1493 958 virtute
1508 901 1540 956 θῖ
1555 893 1671 956 merito

156 989 278 1052 Deinde
301 989 450 1053 subditur
472 992 553 1056 ratio
575 1011 632 1055 cur
653 994 867 1057 conservanda
921 994 1089 1056 dominicae
1114 994 1283 1076 passionis,
1300 1013 1356 1055 seu
1378 992 1492 1057 Christi
1518 993 1604 1054 intus
1629 990 1671 1052 la-

114 1086 158 1148 sit
178 1087 285 1150 unitas
305 1088 365 1150 Ista
382 1106 389 1150 :
406 1108 491 1164 nam,
512 1093 603 1152 Unus
621 1094 793 1163 Domitius,
809 1093 868 1156 sei·
921 1093 1034 1155 ventis
1056 1095 1147 1156 Uncus
1169 1096 1257 1154 Deus
1281 1100 1311 1152 et
1334 1094 1439 1154 Pater
1462 1092 1620 1160 omnium
1637 1089 1669 1152 id

115 1184 193 1246 licet
208 1184 292 1248 Deus
307 1186 452 1249 Trinitas.
471 1187 514 1252 De
530 1205 594 1270 quo
609 1189 642 1252 in
657 1189 739 1252 libro
754 1191 867 1254 Esther
921 1197 969 1254 est
988 1190 1070 1254 Deus
1091 1191 1226 1254 Triuitas
1244 1207 1251 1252 :
1269 1190 1324 1272 qui
1346 1190 1430 1252 Deus
1448 1189 1592 1252 omnium
1614 1206 1668 1269 ap·

5 1302 100 1351 aaran
116 1282 235 1364 legitur
252 1301 259 1346 :
277 1284 421 1360 Domine,
445 1305 499 1348 rex
523 1287 738 1369 omnipotens,
765 1288 797 1350 in
822 1289 867 1351 di·
920 1287 1057 1371 pellatur
1082 1289 1204 1352 ratione
1224 1285 1409 1365 creationis3
1429 1286 1581 1367 Paterque
1603 1303 1669 1348 om·

115 1381 206 1444 tione
221 1388 275 1444 tua
290 1390 405 1446 cuncta
418 1391 494 1446 sunt
507 1385 618 1467 posita.
640 1388 710 1448 Una
725 1389 818 1464 fidas,
834 1386 865 1448 id
920 1387 1148 1461 nium,ratione
1164 1386 1309 1468 benignae
1323 1383 1561 1467 gubernationis
1575 1391 1667 1466 atque

113 1487 174 1555 est,
191 1480 338 1544 omnium
354 1481 604 1546 Christianorum
625 1491 673 1546 θεῖ
688 1503 750 1546 una
769 1492 801 1547 et
815 1504 865 1548 ea-
920 1494 1058 1568 paternae
1081 1485 1282 1568 provisionis.
1305 1485 1363 1548 Cui
1384 1483 1479 1546 Isaias
1499 1482 1576 1545 dicit
1593 1499 1599 1544 :
1615 1484 1668 1546 Pa·
1688 1506 1719 1550 n.
1731 1509 1813 1560 rarae.

113 1579 189 1640 dem
206 1578 288 1642 fides
304 1579 336 1642 in
353 1581 471 1662 specle,
488 1589 566 1662 puta
581 1600 619 1644 ex
634 1591 722 1664 parto
738 1583 863 1663 objecti,
918 1593 967 1646 ter
982 1592 1090 1647 noster
1105 1603 1138 1646 es
1158 1591 1203 1658 tu,
1220 1601 1277 1646 nos
1294 1601 1369 1646 vero
1390 1582 1512 1662 lutum3
1529 1588 1560 1643 et
1573 1581 1667 1645 lictor

112 1677 201 1758 quod
217 1685 266 1740 est
279 1678 396 1741 veritas
416 1679 535 1760 prima3
551 1680 607 1743 sed
627 1699 666 1742 ex
684 1689 773 1763 perte
792 1681 865 1744 sub
919 1691 1025 1746 noster
1043 1690 1090 1756 tu,
1107 1690 1139 1744 et
1157 1701 1252 1765 opera
1275 1700 1429 1744 manuum
1451 1689 1578 1743 tuarum
1600 1698 1666 1744 om-

109 1777 271 1857 jectorum
292 1777 373 1840 lides
393 1778 602 1842 numeraliter
622 1780 861 1862 multiplicatur.
919 1801 975 1845 nes
991 1800 1058 1844 nos.
1077 1783 1142 1850 Oui
1156 1791 1201 1842 est
1217 1800 1315 1856 super
1330 1800 1450 1850 omnes,
1466 1779 1497 1840 id
1518 1786 1576 1853 est,
1594 1779 1666 1842 inli-

111 1874 266 1947 Ouamvis
295 1877 382 1940 enim
415 1877 516 1940 multe
544 1878 609 1941 sint
638 1879 804 1942 credibilia
833 1887 865 1942 et
881 1884 904 1946 B
918 1881 984 1943 nita
1000 1879 1188 1942 excellentia
1203 1879 1368 1942 universos
1383 1877 1592 1940 transcendit:
1599 1877 1668 1957 jux·

113 1972 208 2036 multi
224 1975 350 2036 articuli
371 1975 460 2049 lidei,
478 1996 541 2039 una
559 1983 665 2040 tamen
681 1985 730 2039 est
748 1978 863 2041 lorma-
918 1985 948 2040 ta
971 1979 1050 2042 illud
1074 1978 1107 2040 in
1129 1977 1263 2050 Psalmo,
1279 1976 1435 2050 Quoniam
1457 1983 1491 2039 tu
1513 1975 1666 2038 Dominus
1681 1997 1812 2050 resana.

112 2072 155 2134 lis
184 2079 217 2134 et
244 2074 372 2156 propria
402 2075 482 2137 ratio
508 2074 673 2156 objeclalis
703 2077 754 2139 cui
782 2077 863 2139 lides
916 2076 1092 2139 altissimus
1107 2095 1203 2158 super
1219 2093 1347 2138 omnem
1362 2081 1491 2148 terram,
1506 2073 1602 2136 nimis
1618 2093 1668 2136 ex·

112 2171 275 2244 innititur,
292 2179 324 2234 et
343 2180 583 2255 propterquam
603 2173 710 2236 omnia
728 2174 782 2235 illa
797 2193 863 2236 cre·
917 2176 1032 2238 altatus
1054 2193 1088 2237 es
1110 2192 1207 2256 super
1229 2191 1340 2236 omnes
1364 2174 1459 2252 deos;
1475 2181 1505 2232 et
1525 2191 1586 2248 per
1605 2191 1667 2232 om·

112 2271 246 2343 duntur,
262 2277 372 2352 utpote
393 2271 508 2334 veritas
531 2271 671 2334 increata
688 2290 695 2334 :
712 2272 863 2353 quemad·
918 2275 987 2344 nia,
1009 2273 1040 2334 id
1066 2279 1123 2346 est,
1146 2291 1202 2334 sua
1226 2270 1440 2333 immensitate
1463 2269 1571 2333 omnia
1595 2287 1667 2331 con·

111 2368 247 2430 modum
273 2368 368 2430 etiam
399 2387 463 2430 una
486 2376 538 2454 est¹
557 2369 670 2431 caritas
695 2388 757 2450 qua
781 2370 863 2432 Deus
917 2372 1006 2444 tinet,
1025 2370 1138 2453 implet
1157 2379 1189 2433 et
1209 2377 1355 2452 penetrat
1373 2386 1379 2431 :
1397 2368 1667 2451 quemadmodum

111 2467 344 2549 proximusque
366 2467 520 2547 diligitur,
537 2467 688 2548 quoniam
711 2467 794 2530 Deus
816 2475 864 2530 est
917 2489 975 2552 per
996 2469 1167 2533 Ieremiam
1192 2475 1397 2540 contestatur,
1417 2467 1579 2548 Numquid
1603 2484 1665 2529 non
1694 2482 1741 2528 rer.
1755 2497 1813 2536 ιιιιι,

112 2585 211 2628 causa
235 2565 443 2646 lormalisque
472 2565 552 2628 ratio
576 2565 728 2646 diligendi
758 2567 863 2648 proxi·
917 2567 1035 2630 coelum
1062 2574 1093 2629 et
1113 2574 1229 2629 terram
1254 2583 1312 2646 ego
1333 2565 1475 2647 impleol
1497 2575 1527 2626 et
1549 2565 1582 2624 in
1604 2585 1667 2624 om·
1681 2549 1715 2590 '⁴'

111 2683 214 2726 mum.
237 2667 343 2727 Unum
360 2667 593 2740 estBapta'sma
610 2664 643 2726 in
658 2666 864 2747 specie,quia
917 2669 1015 2727 olbam
1038 2668 1130 2726 nobis
1154 2671 1212 2738 est,
1238 2664 1313 2746 quia
1337 2665 1371 2725 in
1395 2662 1667 2728 Christilidelibus

111 2762 249 2824 materia
271 2781 334 2824 una
356 2769 413 2835 est,
431 2769 540 2843 utpote
562 2781 655 2843 aqua,
673 2771 704 2826 θῖ
728 2783 791 2825 una
816 2772 865 2826 est
917 2772 966 2826 est
982 2783 1040 2846 per
1061 2763 1173 2836 Iidem,
1191 2763 1354 2824 caritatem
1375 2768 1407 2823 et
1425 2762 1569 2842 gratiam.
1587 2761 1666 2823 Nem

110 2861 217 2923 lorma
243 2861 355 2941 ipsius,
379 2859 528 2922 videlicet
552 2860 654 2924 lorma
678 2861 860 2924 verborum.
917 2870 949 2924 et
974 2863 1034 2944 ipsi
1060 2869 1135 2923 sunt
1158 2860 1316 2942 templum
1339 2860 1407 2933 Dei,
1435 2859 1560 2921 dicente
1585 2860 1666 2941 Apo·

111 2960 238 3022 Dicitur
263 2977 390 3040 quoque
407 2980 423 3018 <r
438 2977 540 3020 unum
565 2959 726 3042 Baptisma
741 2982 770 3033 a,
788 2977 863 3040 quo
917 2960 997 3023 stolo
1024 2977 1030 3022 :
1056 2960 1224 3042 Templum
1248 2958 1304 3020 Dei
1329 2965 1472 3019 sanctum
1500 2963 1558 3032 est,
1581 2957 1665 3038 quod
1681 2977 1705 3082 ¹q
1714 2977 1766 3023 aar.
1777 2992 1805 3031 ιιι,

110 3058 199 3120 niam
227 3058 335 3120 iterari
359 3074 422 3119 non
445 3064 560 3139 potest,
580 3066 691 3140 estque
717 3058 860 3140 ejusdem
877 3059 899 3122 C
917 3058 994 3120 estis
1016 3075 1082 3120 vos.

662 3485 854 3575 SERIIO
893 3489 1112 3576 PRIMUS

302 3753 341 3799 DE
363 3751 570 3800 aleramnus
590 3753 668 3799 VI'IAE
689 3752 947 3812 centenariones,
969 3756 1006 3800 II'I
1027 3755 1169 3811 QUOMODO
1191 3753 1284 3802 bruna
1305 3753 1471 3800 meduana

641 3850 672 3896 IN
697 3851 869 3899 VOCA'IIONE
894 3854 953 3900 sua
979 3853 1128 3900 nubatur.

180 4130 297 4194 IGNE
309 4130 481 4190 ambuletis
495 4130 660 4190 vocatione
674 4149 738 4209 quc
755 4130 860 4190 vocati
913 4148 955 4194 sae
969 4147 1006 4192 ac
1022 4129 1155 4194 sublimi
1170 4129 1327 4194 vocationi
1348 4130 1660 4212 correspondentem,

193 4229 280 4290 estis.
298 4226 413 4310 Ephes.
431 4244 472 4301 rv,
490 4225 517 4288 l.
874 4228 900 4290 D
916 4245 1085 4292 consonam
1103 4247 1159 4293 seu
1179 4228 1386 4292 conformem.
1404 4228 1542 4291 Tenetur
1556 4228 1662 4309 itaque

149 4327 186 4390 ln
215 4326 266 4389 his
291 4325 398 4390 verbis
424 4324 743 4407 compendiosissime
769 4325 861 4388 docet
915 4325 1051 4409 quilibet
1066 4327 1264 4391 ChristIanus
1283 4325 1473 4407 evangelice
1490 4325 1569 4406 legis
1584 4343 1662 4408 pre

106 4425 277 4510 Apostolus
292 4424 396 4508 qualis
412 4443 480 4488 esse
495 4423 609 4487 debeat
624 4423 762 4486 omnium
776 4423 861 4487 Chri·
915 4433 1007 4508 cepta
1029 4443 1166 4499 servare,
1185 4424 1290 4507 primo
1311 4442 1412 4487 unum
1435 4423 1535 4486 Deum
1556 4423 1660 4486 colen-

106 4524 301 4590 stilidelium
325 4525 401 4598 vita,
428 4532 464 4585 ut
486 4523 609 4586 seilicet
633 4529 860 4586 conversentur
915 4524 964 4587 do.
982 4524 1086 4587 PrImo
1106 4532 1213 4587 autem
1231 4530 1263 4586 et
1282 4522 1420 4585 maxime
1441 4521 1557 4585 colitur
1577 4523 1661 4587 Deus

105 4625 201 4706 juxta
215 4621 330 4686 Christi
346 4622 692 4704 doctrinampraecepta
707 4628 739 4683 et
753 4638 858 4703 opera,
915 4642 972 4705 per
993 4623 1103 4696 Iidem,
1121 4641 1211 4705 spem
1234 4630 1266 4685 et
1289 4622 1462 4698 caritatem,
1480 4629 1514 4684 ut
1539 4622 1662 4686 scilieet

6 4747 91 4801 ,nqis
107 4723 188 4805 quia
210 4727 246 4782 ut
266 4721 310 4782 ait
330 4720 483 4794 Salvator,
499 4719 556 4783 Cui
579 4719 652 4801 plus
672 4720 780 4782 datum
799 4728 857 4793 est,
915 4722 947 4784 in
964 4723 1068 4804 ipsum
1085 4720 1304 4784 indubitanter
1319 4721 1496 4795 credamus,
1507 4721 1539 4784 in
1555 4739 1593 4784 eo
1607 4722 1661 4784 lir-

107 4822 184 4904 plus
204 4819 385 4902 requiretur
405 4817 445 4880 ab
467 4835 514 4882 eo.
536 4818 594 4892 Oui
617 4834 692 4900 ergo
714 4817 754 4880 ad
778 4817 860 4880 chri·
915 4821 1008 4882 miter
1027 4819 1238 4895 confidamus,
1256 4827 1288 4881 et
1308 4837 1382 4880 eum
1402 4819 1562 4880 ferventer
1578 4818 1660 4899 jugi-

107 4921 221 4982 stianae
237 4917 399 4999 religionis
414 4935 450 4979 ac
470 4915 661 4998 evangelicae
681 4916 759 4997 legis
779 4917 859 4979 noti·
913 4926 1025 5001 terque
1044 4937 1197 4981 ememus.
1216 4917 1269 4980 Isti
1290 4923 1364 4980 sunt
1384 4924 1473 4980 actus
1493 4916 1658 4979 interiores

106 5019 188 5080 tiam
203 5023 252 5079 est
267 5022 396 5080 vocatus
411 5022 506 5097 atque
522 5014 759 5097 perductusita
772 5015 858 5097 quod
914 5017 1031 5100 quibus
1053 5017 1169 5081 colitur
1189 5017 1283 5080 Deus.

107 5115 308 5180 Christianus
330 5114 467 5178 allectus
487 5120 545 5188 est,
561 5121 687 5177 tenetur
706 5115 771 5177 Deo
792 5132 860 5196 gra·
953 5115 1108 5197 Denique,
1127 5117 1210 5179 sicut
1233 5117 1284 5179 lex
1309 5114 1425 5179 Christi
1449 5121 1497 5176 est
1520 5114 1658 5176 maxime

106 5223 161 5277 tus
176 5231 247 5277 esse
262 5213 301 5276 de
316 5211 475 5276 beneficio
494 5219 592 5286 tanto,
610 5211 653 5274 ita
669 5213 754 5295 quod
775 5212 858 5275 Deus
913 5213 986 5288 alta,
1010 5212 1183 5295 spiritualis
1207 5220 1302 5293 atque
1326 5214 1477 5294 perlecta,
1501 5212 1547 5274 sic
1572 5211 1659 5275 Chri-

106 5313 253 5398 requIret
265 5311 306 5375 ab
321 5330 359 5376 eo
373 5311 647 5376 conversationem
665 5318 730 5374 tam
745 5311 859 5393 gratio
913 5311 1089 5374 stianorum
1110 5311 1174 5373 vita
1192 5309 1288 5372 debet
1305 5328 1375 5372 esse
1397 5329 1462 5393 pre
1481 5317 1659 5376 ceterarum
