4288 6264
400 477 548 526 DOHINIGA
569 478 643 526 rost
663 477 875 525 ASGSNSlONSlf
895 477 1013 524 Dollfll.
1036 495 1076 508 ···
1097 478 1272 526 sntrulrro
1293 481 1325 526 ΙΝ
1346 481 1513 528 urtsrotart
1691 463 1732 528 49

181 647 222 710 tis
242 649 415 712 dimittitur
435 651 529 734 eulpa
551 659 707 734 qnantum
730 653 769 714 ad
790 649 971 734 poenam,h
984 655 1103 729 formis
1125 655 1247 732 pratfoe
1270 655 1343 724 Dei,
1367 654 1399 716 id
1428 663 1477 717 est
1505 654 1597 716 donis
1623 655 1731 736 gratie

180 745 224 806 ita
248 747 333 828 quod
357 755 476 830 quanto
503 749 604 830 major
627 757 674 812 est
700 751 793 812 ardor
817 749 930 811 carita-
985 749 1123 812 coelestis
1138 750 1220 814 bene
1235 758 1266 813 et
1281 751 1443 814 fructuose
1459 759 1594 826 utentes,
1604 769 1732 834 erogan-

180 841 221 905 tis
242 843 274 906 in
298 845 398 908 Deum
422 854 454 908 et
477 847 669 928 proximum,
696 847 872 931 prasertim
898 847 930 910 in
984 848 1025 910 dc
1049 857 1081 911 et
1102 848 1284 912 exhibendo
1305 869 1342 912 ea
1365 851 1396 912 in
1421 850 1592 932 proximos.
1609 849 1732 912 Dicitur

181 941 293 1016 Deum,
310 951 397 1006 tanto
418 944 490 1026 plus
511 945 550 1008 de
570 947 692 1027 peccati
713 965 807 1028 poena
823 946 930 1008 dimit·
983 953 1089 1009 autem
1105 947 1205 1027 gratia
1221 947 1521 1030 multiformis‚quia
1536 946 1731 1029 multiplices

181 1039 276 1120 titur3
288 1048 455 1124 potestque
470 1042 577 1106 fervor
592 1044 732 1106 caritatis
750 1044 795 1106 sic
811 1062 930 1106 cresce·
984 1043 1080 1107 hahet
1103 1044 1238 1108 effectus
1263 1054 1295 1108 et
1319 1046 1453 1128 species,
1469 1045 1730 1127 ramificaturquc

181 1158 226 1213 re,
243 1140 328 1221 quod
344 1149 408 1205 tota
423 1140 603 1230 dimittatur
618 1161 713 1225 poena
728 1143 860 1226 peccati.
873 1143 929 1206 llic
985 1142 1017 1204 in
1038 1142 1165 1206 habitus
1180 1144 1335 1206 virtutum
1355 1150 1450 1225 atque
1468 1144 1633 1206 donorum.
1651 1143 1731 1206 Hinc

180 1237 299 1301 etenim
315 1239 408 1301 ardor
422 1247 470 1301 est
486 1240 661 1322 spiritualis
678 1240 759 1321 ignis
778 1259 841 1322 quo
857 1259 931 1304 con·
983 1240 1027 1303 ait
1055 1241 1198 1304 Christus
1229 1243 1260 1304 in
1290 1242 1461 1323 Evangelio
1487 1261 1493 1304 :
1519 1241 1730 1323 Negotiamini
1744 1267 1877 1322 aunan.

182 1343 354 1397 sumuntur
372 1344 502 1418 peccata
523 1346 677 1419 quantum
696 1339 734 1400 ad
751 1339 877 1420 culpam
899 1345 930 1400 et
984 1339 1059 1400 dnm
1077 1338 1179 1402 venio.
1191 1339 1228 1402 Et
1244 1339 1383 1402 fructum
1402 1340 1536 1422 requirit
1550 1359 1588 1402 ex
1604 1341 1730 1404 talentis

182 1451 321 1516 poenam.
338 1433 468 1517 Propter
482 1436 567 1517 quod
582 1437 622 1498 de
637 1435 819 1498 beatissima
834 1436 930 1498 llaria
983 1456 1054 1519 que
1076 1437 1172 1499 dedit.

28 1552 165 1604 crearunt.
181 1532 362 1613 Magddene
379 1533 520 1615 loquitur
534 1533 677 1597 Christus
695 1551 702 1596 τ
720 1535 930 1596 Dimittuntur
1023 1538 1065 1597 Si
1087 1537 1161 1614 quis
1182 1540 1341 1616 loquitur,
1357 1539 1454 1617 quasi
1476 1557 1636 1599 sermones
1657 1540 1730 1609 Dei,

181 1631 211 1694 ei
226 1640 356 1714 peccata
371 1634 641 1716 multa,quoniam
656 1634 768 1698 dilexit
783 1635 927 1698 multum.
956 1701 968 1712 ᾗ
985 1633 1015 1695 id
1031 1642 1089 1707 est,
1104 1633 1201 1696 verba
1215 1634 1354 1698 salubria
1370 1635 1509 1718 proferat
1524 1645 1555 1698 et
1570 1637 1678 1699 diviua
1691 1637 1731 1700 ad

181 1731 215 1792 ln
236 1748 274 1793 co
293 1749 420 1814 quoque
439 1733 494 1814 qui
515 1731 599 1794 circa
619 1733 835 1814 proximorum
857 1751 930 1796 con·
984 1730 1038 1794 Dei
1055 1732 1207 1794 honorem
1224 1741 1255 1795 et
1269 1733 1465 1796 audientium
1480 1735 1730 1810 edificationem,

181 1830 373 1905 versionem,
390 1831 624 1913 correptionem
647 1840 679 1894 et
699 1833 928 1895 correctionem
947 1830 1067 1896 Bsicnt
1085 1838 1117 1892 et
1135 1831 1249 1893 Paulus
1271 1831 1315 1893 ait
1336 1833 1496 1914 apostolus
1513 1851 1520 1894 ε
1538 1832 1647 1896 Omnis
1669 1851 1732 1895 ser·
1753 1858 1877 1915 apruna,

181 1929 338 1992 sollicitus
357 1936 416 2002 est,
433 1929 547 1994 caritas
567 1931 680 2014 operit,
697 1931 774 2012 tegit
794 1939 824 1994 ct
848 1931 929 1993 tollit
986 1945 1038 1990 mo
1053 1928 1155 1990 malus
1171 1947 1209 1992 ex
1229 1947 1283 1992 ore
1299 1937 1404 1993 vestro
1420 1948 1482 1994 non
1498 1932 1659 2012 procedat,
1676 1932 1730 1994 sed
1745 1925 1779 1968 ²⁹·

183 2027 420 2090 multitudinem
445 2037 660 2112 peccatorum,
677 2029 720 2091 ita
741 2036 777 2090 ut
799 2048 862 2092 non
887 2029 930 2092 vi·
985 2026 1040 2108 qui
1058 2026 1145 2088 utilis
1160 2033 1209 2088 est
1223 2028 1262 2090 ad
1276 2027 1533 2102 edificationem,
1551 2036 1585 2090 ut
1599 2029 1653 2090 det
1665 2047 1733 2110 gra-

182 2125 327 2201 deantur,
344 2125 375 2188 id
395 2135 454 2200 est,
471 2145 534 2189 non
555 2127 753 2208 imputentur
770 2146 789 2189 a
809 2128 873 2190 Deo
890 2128 929 2190 ad
985 2125 1062 2186 tiam
1086 2125 1240 2188 audienti.
1256 2126 1389 2189 Vitanda
1411 2134 1486 2188 sunt
1508 2127 1615 2209 itaque
1637 2127 1734 2190 verba

39 2243 156 2296 rann.
182 2223 393 2305 puniendum,
415 2225 499 2288 sicut
522 2233 590 2288 orat
613 2226 768 2306 Propheta
788 2243 796 2288 τ
815 2226 931 2288 Averte
986 2225 1103 2298 inania,
1120 2224 1238 2306 quibus
1263 2225 1368 2287 cordis
1388 2226 1510 2306 puritas
1535 2225 1733 2308 inquinatur,

182 2323 297 2386 faciem
313 2330 433 2386 tuama
455 2323 593 2406 peccatis
617 2323 706 2386 meis.
724 2324 811 2386 t'nde
826 2325 932 2388 denuc
986 2322 1199 2405 tranquillitas
1224 2323 1408 2406 impeditur,
1425 2332 1457 2386 et
1481 2343 1573 2386 mens
1596 2343 1674 2406 vaga
1698 2344 1735 2388 aa

24 2440 65 2484 r..
76 2445 167 2490 amn.
182 2423 227 2484 ait
240 2439 246 2484 :
259 2421 345 2484 Beati
361 2440 498 2505 quorum
514 2431 595 2485 tecta
610 2430 685 2485 sunt
700 2431 838 2504 peccata.
852 2423 932 2486 llinc
986 2421 1140 2484 dissoluta
1168 2420 1319 2483 eflicitur.
1350 2421 1417 2494 Vel,
1447 2423 1541 2496 Quasi
1572 2441 1734 2486 sermones

25 2537 167 2589 raanan.
180 2519 317 2583 lacobus
332 2521 376 2582 ait
393 2537 399 2582 :
415 2521 473 2596 Qui
496 2521 638 2584 converti
658 2520 771 2583 fecerit
790 2529 932 2602 peccato
986 2520 1053 2592 Dei,
1070 2519 1130 2582 hoc
1155 2526 1213 2594 est,
1231 2537 1294 2583 non
1320 2519 1393 2594 sibi,
1409 2521 1464 2582 sed
1490 2521 1554 2584 Deo
1577 2520 1736 2584 adscribat

183 2637 251 2680 rem
272 2617 312 2680 ab
334 2635 440 2681 errore
461 2620 520 2682 viae
542 2639 618 2693 suae,
635 2618 770 2682 salvabit
790 2619 929 2683 animam
987 2616 1106 2679 bonum
1132 2618 1216 2699 quod
1242 2617 1331 2691 dicit,
1349 2625 1383 2679 ut
1407 2618 1505 2681 verba
1529 2638 1587 2682 sua
1610 2626 1736 2701 reputet

182 2717 253 2798 ejus
284 2737 302 2780 a
333 2724 445 2792 morte,
475 2726 507 2780 et
537 2719 660 2800 operiet
691 2719 930 2782 multitudinem
987 2733 1051 2778 non
1071 2734 1138 2790 sua,
1155 2717 1209 2778 sed
1230 2716 1297 2791 Dei,
1316 2716 1346 2778 in
1369 2723 1523 2798 quantum
1546 2725 1621 2780 sunt
1640 2718 1733 2793 bona,

181 2823 395 2896 peccatorum.
987 2815 1256 2897 quemadmodum
1285 2815 1329 2877 ait
1353 2815 1495 2878 Salvator
1521 2833 1527 2878 :
1554 2816 1622 2880 Non
1647 2817 1734 2880 enim
1761 2845 1882 2897 aava„

221 2915 405 2990 Hospitales
420 2915 559 2974 invicem
579 2921 679 2977 estote
693 2917 763 2975 sine
782 2936 929 2976 murmu·
986 2931 1042 2975 vos
1058 2913 1135 2975 cstis
1151 2913 1206 2994 qui
1223 2913 1467 2994 loquimini,sed
1484 2914 1620 2996 Spiritus
1635 2915 1734 2978 Patris
1749 2912 1782 2954 ²⁰·

183 3013 321 3082 ratione,
331 3018 367 3072 ut
382 3011 566 3094 peregrinos
582 3020 614 3074 et
628 3031 785 3094 pauperes
801 3021 931 3095 propter
950 3011 1083 3075 Gvestri
1108 3011 1164 3093 qui
1189 3012 1329 3094 loquitur
1355 3012 1387 3074 in
1411 3012 1512 3075 vobis.
1530 3013 1606 3088 lmo,
1624 3031 1735 3076 secun-

180 3111 280 3172 Deum
303 3109 447 3172 hilariter
466 3110 659 3193 suscipiatis,
677 3111 757 3174 bene
779 3113 928 3186 tractetis,
986 3112 1061 3173 dum
1082 3111 1280 3192 Apostolum,
1297 3109 1396 3174 Nemo
1418 3117 1522 3192 potest
1541 3111 1658 3185 dicere,
1676 3113 1733 3176 [lo-
1748 3133 1882 3186 remma.

181 3208 343 3270 caritative
364 3209 549 3290 repausetis.
566 3209 646 3272 Hine
664 3211 703 3272 ad
723 3209 871 3274 Hebraeos
886 3211 930 3272 di·
986 3210 1093 3272 minus
1108 3208 1277 3282 lesus,nisi
1296 3208 1327 3270 in
1344 3209 1462 3292 Spiritu
1479 3209 1653 3272 SanctoSi
1661 3213 1735 3290 quis

180 3306 263 3368 citur
280 3323 287 3368 :
304 3307 423 3370 Caritas
448 3306 653 3370 fraternitatis
680 3315 805 3371 maneat
827 3307 930 3372 vohis·
985 3311 1168 3378 mz'nistrac,
1178 3308 1241 3370 Deo
1256 3306 1362 3370 debite
1378 3307 1556 3384 serviendo,
1566 3309 1617 3371 vcl
1632 3310 1736 3391 proxi·

70 3419 76 3431 ·
182 3424 267 3480 cum,
298 3411 329 3466 et
360 3405 608 3486 hospitalitatem
639 3407 737 3470 nolite
769 3406 927 3469 oblivisci.
986 3407 1046 3468 mis
1077 3405 1255 3469 necessaria
1285 3404 1476 3480 exhibendo,
1508 3415 1665 3486 tanquam
1694 3427 1734 3466 eu

180 3503 248 3566 Nou
274 3503 360 3565 cuim
385 3501 507 3564 suflicit
532 3505 694 3566 caritatem
723 3504 808 3566 intus
834 3505 929 3568 habe·
986 3507 1110 3565 uirtute
1133 3525 1231 3584 quarn
1254 3506 1470 3566 ndrninisfrut
1494 3507 1593 3574 Deus,
1618 3504 1650 3566 id
1674 3512 1733 3580 est,

179 3619 224 3674 re,
242 3601 303 3662 nisi
324 3607 466 3682 tempore
486 3608 666 3682 opportuno
688 3601 877 3666 exhibeatur
897 3603 929 3666 in
986 3603 1045 3666 hoc
1061 3621 1095 3666 se
1110 3602 1214 3665 facere
1229 3601 1411 3677 arbitretur,
1429 3619 1492 3664 non
1509 3601 1646 3685 propriis
1661 3603 1735 3666 viri·

179 3716 285 3780 opere.
302 3697 434 3772 Idcirco,
446 3697 530 3760 sicut
544 3699 707 3780 proximos
723 3718 829 3764 amare
845 3707 930 3764 tene-
984 3701 1056 3776 bus,
1073 3701 1127 3764 sed
1144 3700 1199 3763 Dei
1214 3699 1333 3762 auxilio
1349 3706 1381 3762 ct
1396 3699 1513 3762 virtute
1528 3701 1666 3783 desuper
1681 3702 1735 3763 da-

180 3814 263 3870 mur,
281 3796 324 3858 ita
339 3802 370 3858 et
385 3813 480 3878 opera
496 3797 636 3860 caritatis
650 3816 686 3860 ac
703 3798 929 3863 misericordie
984 3808 1025 3873 ta,
1042 3819 1142 3882 quum
1163 3807 1282 3861 asserat
1302 3798 1444 3862 Christus
1462 3815 1469 3860 ε
1487 3799 1561 3861 Sine
1582 3817 1632 3861 mc
1653 3799 1733 3861 nihil
1753 3823 1879 3878 raanan,

179 3895 226 3957 eis
257 3895 440 3976 impendere
470 3894 661 3976 obligamur,
684 3896 776 3977 juxta
803 3899 929 3980 exigen-
985 3897 1116 3981 potestis
1132 3897 1245 3959 facere.
1257 3897 1540 3970 Unde,secundum
1556 3897 1732 3981 apostolum
1747 3891 1767 3930 ⁵·

179 3993 257 4054 tiam
273 3989 386 4054 fociae
403 3993 568 4076 temporis.
585 3994 706 4057 Idcirco
722 3995 755 4056 in
772 3995 929 4059 Canonica
984 3996 1126 4070 Paulum,
1151 3997 1234 4058 Dens
1258 4003 1306 4057 est
1329 3994 1385 4077 qui
1410 4004 1559 4078 operatur
1583 3997 1615 4058 in
1640 3995 1731 4058 nobis
1745 4021 1877 4078 errrrqpm.

52 4125 123 4154 lana.
178 4090 308 4154 loannis
323 4091 478 4173 seriptum
499 4099 547 4154 est
565 4109 571 4154 :
588 4091 656 4155 Non
676 4092 847 4174 diligamus
862 4113 929 4156 ver·
984 4093 1065 4156 velle
1081 4101 1113 4156 ct
1127 4093 1294 4176 perficere,
1310 4111 1368 4176 pro
1385 4093 1467 4156 bona
1482 4095 1654 4168 voluntate,
1671 4094 1730 4156 hcc
1747 4087 1778 4127 ¹³·

180 4189 222 4254 bc
254 4207 358 4272 neque
390 4189 508 4270 lingue,
538 4191 594 4253 scd
627 4207 722 4273 opere
753 4199 784 4254 et
812 4193 1031 4258 verita-best
1058 4211 1097 4254 ex
1122 4211 1179 4255 sua
1201 4190 1364 4254 voluntate
1389 4190 1545 4272 piissima.
1562 4190 1728 4274 Deinceps,

180 4297 220 4352 te.
239 4287 358 4351 Caritas
380 4286 539 4370 siquidem
561 4288 662 4352 otiosa
685 4308 746 4352 non
769 4297 817 4352 est
833 4307 841 4352 z
858 4289 929 4354 ideo
983 4290 1059 4373 quid
1075 4289 1172 4352 habes
1188 4289 1272 4370 quod
1294 4307 1357 4351 non
1372 4289 1524 4371 accepisti
1537 4291 1548 4350 t
1563 4289 1729 4371 Propterea
1744 4315 1875 4370 teman.

178 4387 307 4469 signum
335 4385 526 4461 dilectionis,
552 4395 601 4450 cst
629 4387 784 4451 exhibitio
810 4389 926 4472 operis.
981 4391 1116 4452 loannes
1130 4387 1270 4468 Baptista
1283 4388 1327 4449 ait
1344 4405 1350 4449 :
1368 4387 1435 4450 Non
1452 4394 1556 4469 potest
1571 4387 1666 4451 homo
1680 4407 1729 4452 ac·
1753 4413 1876 4470 raanan,

184 4487 423 4565 Unusquisque,
448 4485 533 4546 sicut
560 4487 682 4563 accepit
707 4489 866 4564 pretium,
892 4491 928 4550 in
982 4488 1089 4570 cipere
1109 4487 1295 4568 quidquam,
1314 4485 1374 4548 uisi
1394 4486 1503 4549 datum
1523 4487 1621 4549 fucrit
1640 4487 1670 4549 ei
1689 4489 1728 4551 de
1742 4480 1776 4522 ²⁷·

179 4589 381 4646 alterutrum
397 4585 488 4644 illanc
505 4587 854 4658 administrantium
870 4593 926 4660 est,
982 4587 1071 4650 coel0.
1089 4587 1187 4649 'lento
1202 4603 1277 4666 ergo
1292 4584 1448 4648 humilius
1464 4585 1628 4670 impendat
1642 4587 1728 4669 quis·

180 4682 317 4767 quilibet
337 4683 470 4765 gratiam
496 4682 557 4746 sibi
579 4683 726 4747 collatam
750 4685 928 4748 communi·
981 4705 1043 4767 que
1066 4685 1210 4768 proximo
1233 4701 1291 4746 suc
1313 4683 1432 4746 honum
1455 4703 1550 4748 omne
1569 4687 1653 4768 quod
1676 4704 1730 4768 po

179 4789 229 4846 cet
256 4780 421 4864 proximis,
446 4782 659 4864 impendendo
684 4783 730 4844 eis
755 4783 925 4847 consilium
981 4792 1053 4858 test,
1069 4791 1187 4866 quanto
1203 4783 1320 4846 certius
1340 4783 1429 4846 novit
1444 4803 1511 4846 sea
1530 4785 1648 4866 seipso
1665 4802 1730 4848 non

178 4882 246 4945 sive
270 4879 425 4942 auxilium
455 4880 524 4942 loco
548 4887 580 4943 et
604 4887 749 4963 tempore
774 4899 925 4962 congruo,
981 4883 1097 4946 hahere
1112 4884 1197 4965 quod
1213 4882 1379 4965 impendit.
1390 4883 1470 4946 Hinc
1486 4883 1590 4946 omnis
1606 4885 1729 4947 vanitas

66 5011 161 5048 οωιιι,
177 4987 333 5064 quantum
355 4987 467 5061 potest.
485 4980 604 5043 Caritas
624 4982 710 5044 enim
732 5000 794 5045 non
813 4982 926 5064 quaerit
980 4990 1074 5065 atque
1090 4982 1297 5064 presumptio
1313 4989 1388 5044 sunt
1407 4983 1604 5064 spernendae,
1621 4983 1729 5047 dicen·

176 5099 248 5163 quae
264 5098 321 5142 sua
336 5086 411 5142 sunt
426 5087 561 5154 tantum,
573 5081 628 5143 sed
644 5087 676 5143 et
692 5100 762 5163 quae
778 5081 923 5145 aliorum.
980 5089 1011 5144 te
1034 5081 1185 5162 Apostolo
1207 5097 1214 5142 ε
1236 5079 1267 5142 Si
1292 5079 1455 5162 accepisti,
1482 5081 1558 5163 quid
1583 5081 1729 5162 gloriaris
1744 5106 1874 5159 resanat.

93 5209 161 5248 ‚ma
175 5179 256 5242 Hinc
274 5177 305 5241 in
320 5177 511 5262 Apocalypsi
532 5179 649 5241 dicitur
666 5196 672 5240 :
690 5179 748 5254 Qui
763 5179 862 5254 audit,
879 5179 925 5242 di·
980 5181 1071 5262 quasi
1096 5198 1160 5243 non
1184 5179 1366 5261 acceperist
1388 5180 1531 5261 Itemque
1552 5196 1558 5242 :
1580 5179 1638 5254 Qui
1663 5181 1728 5261 glo·
1751 5203 1873 5256 leuari.

49 5292 55 5303 ‘
175 5286 237 5355 ent,
253 5277 344 5340 Veni.
361 5280 456 5340 Sicut
472 5278 548 5338 boni
561 5280 798 5356 dispensatores
815 5281 926 5339 multi·
980 5279 1090 5355 riatur,
1114 5281 1147 5342 in
1168 5278 1303 5342 Domino
1323 5277 1486 5358 glorietur.

300 5411 333 5464 Τ.
351 5413 391 5466 30.
1583 5412 1598 5466 t
