4164 6258
456 465 602 514 nolanum
624 467 644 512 v
664 465 738 512 rosr
757 464 950 512 rnrmrnrarr.
972 483 1012 492 —
1033 464 1131 512 ssauo
1152 465 1305 514 succubus
1597 445 1658 510 237

105 635 209 699 solum
224 644 274 700 est
289 636 471 700 festinanter
486 637 624 700 cundum
640 636 679 698 ad
694 635 856 718 publicam
870 635 895 698 A
911 635 1009 718 patris
1034 636 1100 716 tui;
1120 635 1272 718 itemque,
1287 635 1428 700 Audiens
1452 635 1591 718 sapiens,
1612 654 1658 696 sa·
1680 656 1747 702 rma
1758 673 1772 710 t.
1783 663 1802 706 s.

106 735 379 817 pradicationem,
405 736 461 798 sed
485 735 582 798 etiam
607 734 646 797 ad
669 753 856 816 quemcum-
911 734 1049 815 pientior
1064 734 1219 797 critllinc
1234 735 1387 816 scriptum
1403 733 1558 798 estznudi
1574 752 1660 795 man·
1674 757 1804 813 carnin,

106 852 168 914 que
184 833 292 896 virum
308 834 470 908 devotum,
482 833 521 895 ad
535 833 696 896 salubrem
714 832 858 895 exhorta·
911 832 982 894 data
1004 832 1093 910 vitae3
1109 832 1241 895 auribus
1261 833 1401 916 percipe,
1419 841 1453 894 ut
1472 831 1553 895 scias
1572 831 1658 893 viam
1672 821 1693 863 ⁹·

106 932 228 994 tionem
255 939 287 994 et
313 932 399 1013 piam
425 932 668 995 instructionem
699 939 855 1012 paratum.
912 931 1098 1012 prudentie.
1115 931 1173 992 Via
1192 939 1298 994 autem
1319 932 1496 1014 prudentias
1518 937 1566 993 est
1585 949 1660 994 vera

146 1030 376 1094 Verumtamen
402 1030 494 1093 multi
523 1030 588 1110 jam
614 1029 767 1092 libentius
792 1037 858 1092 ten·
912 1028 1072 1102 discretio,
1090 1037 1125 1090 ut
1145 1029 1177 1090 in
1196 1029 1348 1092 omnibus
1367 1030 1510 1092 ordinate
1529 1047 1586 1092 nos
1605 1029 1659 1092 ha·

107 1129 189 1190 dunt
218 1128 257 1191 ad
285 1129 478 1192 audiendum
506 1147 603 1191 vanas
632 1127 858 1190 confabulatio·
913 1125 1055 1188 beamus.
1079 1127 1241 1200 Praeterea,
1263 1135 1381 1209 quanto
1400 1127 1556 1210 sapientia
1578 1127 1661 1190 salu-

107 1246 176 1301 nes,
196 1228 237 1290 ad
261 1227 477 1308 garriendum,
493 1227 530 1289 ad
558 1227 805 1289 comessationes
827 1233 860 1288 et
912 1225 988 1287 taris
1005 1244 1060 1287 seu
1077 1244 1173 1288 sacrae
1194 1226 1365 1308 Scripturae
1385 1226 1528 1289 doctrina
1543 1227 1659 1309 pretio·

108 1326 288 1408 potationes
303 1325 430 1407 gulosas
444 1326 530 1407 (que
548 1325 657 1387 omnia
676 1331 751 1386 sunt
765 1343 858 1386 vene·
913 1323 977 1385 sior
992 1343 1028 1386 ac
1048 1323 1290 1387 desiderabilior
1305 1331 1352 1387 est
1369 1325 1457 1386 omni
1477 1325 1613 1406 pecunia
1628 1331 1660 1387 et

107 1443 148 1486 na
171 1431 204 1486 et
228 1441 313 1486 mors
334 1422 540 1502 animarum),
557 1441 652 1504 quam
672 1422 711 1484 ad
730 1421 859 1484 audien·
913 1421 1072 1496 thcsauro,
1089 1431 1176 1485 tanto
1192 1431 1239 1485 est
1259 1423 1368 1505 utique
1384 1423 1509 1486 avidius
1526 1423 1660 1486 incessa-

108 1521 187 1583 dum
209 1521 345 1584 verbum
366 1521 488 1584 salutis.
505 1520 550 1582 lle
571 1519 690 1602 quihus
713 1519 859 1602 praedixit
914 1518 1075 1601 biliusque
1105 1522 1274 1603 quaerenda
1299 1529 1330 1583 et
1354 1522 1579 1585 conservanda.
1606 1521 1660 1584 Est

30 1647 94 1694 aar«,
109 1619 281 1703 Apostolus
303 1620 407 1702 prima
430 1620 468 1682 ad
491 1607 692 1682 'limothe‘um
711 1635 717 1679 :
735 1619 759 1681 Α
779 1617 859 1680 veri·
913 1626 1019 1681 autem
1055 1619 1348 1702 incomparabiliter
1382 1619 1550 1704 pretiosior
1583 1620 1658 1697 iltis,

108 1725 173 1780 tate
195 1719 341 1781 auditum
367 1725 522 1790 avertent,
538 1717 576 1779 ad
601 1717 725 1780 fabulas
750 1725 858 1780 autem
888 1793 894 1806 .
914 1719 1182 1799 quemadmodum
1200 1719 1233 1780 in
1247 1719 1427 1782 Proverbiis
1444 1719 1558 1801 legitur
1570 1737 1577 1781 :
1589 1720 1660 1783 Pre-
1673 1737 1806 1788 amnne.

107 1824 344 1880 convertentur.
353 1817 442 1880 Tales
458 1833 533 1896 ergo
547 1815 648 1878 sciant
664 1834 697 1877 se
712 1833 781 1877 esse
797 1815 858 1897 spi·
877 1818 900 1881 B
915 1816 1025 1879 tiosior
1053 1824 1101 1878 est
1131 1817 1287 1900 sapientia
1315 1819 1439 1880 cunctis
1468 1819 1603 1900 opibus3
1629 1826 1661 1881 et

109 1915 268 1978 ritualiter
284 1914 505 1988 mortuos,hoc
521 1922 569 1976 est
585 1915 616 1976 in
632 1923 763 1996 peceato
780 1931 860 1976 mor·
914 1914 1022 1976 omnia
1041 1934 1112 1996 que
1132 1915 1362 1989 desiderantur,
1379 1917 1453 1978 huic
1473 1934 1537 1978 uon
1555 1916 1662 1978 valent

108 2014 164 2075 tali
188 2012 466 2095 damnationisque
488 2019 582 2086 statu,
599 2012 675 2094 quia
697 2013 768 2093 plus
788 2013 859 2074 dili·
915 2013 1101 2094 comparari.
1127 2014 1215 2076 Unde
1239 2021 1271 2076 et
1294 2033 1404 2076 rursus
1429 2015 1473 2076 ait
1497 2015 1658 2096 Sapiens:

108 2119 190 2192 gunt
211 2111 383 2174 vanitatem
408 2129 505 2192 quam
527 2111 705 2183 veritatem,
723 2119 858 2174 mortem
914 2111 1072 2192 Praeposui
1089 2111 1278 2194 sapientiam
1299 2113 1405 2192 regnis
1425 2121 1457 2175 et
1472 2112 1613 2188 sedibus,
1630 2120 1662 2175 et
1675 2129 1800 2186 Sapuna.

109 2210 214 2292 culpae
230 2229 324 2292 quam
342 2209 441 2271 vitam
458 2208 577 2290 gratiae,
595 2209 733 2272 carnalia
747 2216 778 2272 et
798 2217 859 2271 ter·
915 2209 1041 2272 divitias
1066 2209 1147 2272 nihil
1171 2228 1242 2272 esse
1266 2210 1342 2273 duxi
1367 2211 1400 2273 in
1425 2211 1661 2294 comparatione

110 2327 186 2370 rena
201 2327 298 2391 quam
313 2306 492 2390 spiritualia
508 2315 539 2370 et
553 2307 772 2389 superna‚imo
787 2308 859 2390 plus
916 2307 1012 2370 illius.

109 2425 208 2489 quam
243 2406 342 2469 Deum
376 2407 521 2469 omnium
555 2414 740 2469 creatorem.
771 2407 858 2481 Quod
956 2406 1070 2470 Contra
1091 2407 1159 2470 haec
1178 2414 1276 2488 agunt
1292 2408 1348 2490 qui
1368 2408 1465 2472 verba
1487 2410 1662 2492 predicati-

109 2507 198 2568 enim
214 2505 287 2588 quis
302 2506 441 2588 amplius
456 2506 616 2587 diligit,de
630 2505 690 2569 hoc
706 2505 859 2570 libentius
915 2506 996 2579 onis,
1021 2506 1250 2571 exhortationis
1278 2515 1310 2569 et
1339 2507 1559 2572 instructionis
1589 2528 1663 2572 cum

109 2605 201 2687 loqui
223 2605 323 2678 audit,
342 2605 431 2667 etad
453 2604 534 2666 illud
557 2605 656 2685 magis
679 2603 817 2667 festinat.
916 2605 1127 2668 somnolentia
1141 2613 1172 2667 et
1187 2605 1280 2668 taedio
1295 2606 1513 2680 audiunt,imo
1528 2627 1567 2670 ex
1582 2626 1664 2672 scm·

149 2702 299 2766 Secundo
320 2703 433 2766 fideles
455 2702 573 2765 debent
592 2702 690 2764 verba
711 2704 860 2785 praedica·
916 2703 1057 2765 nolentia
1081 2721 1143 2766 uon
1170 2703 1314 2778 audiunt,
1338 2713 1370 2767 et
1394 2724 1459 2787 praa
1481 2707 1574 2768 taedio
1599 2725 1662 2769 nou

107 2801 208 2864 tionis
231 2809 263 2864 et
283 2800 420 2864 salubris
443 2801 671 2864 exhortationis
696 2820 769 2864 cum
795 2820 859 2864 ma·
916 2801 1085 2862 advertunt
1103 2817 1109 2862 :
1127 2801 1211 2883 quod
1232 2808 1280 2862 est
1297 2801 1424 2883 signum
1442 2803 1556 2866 animae
1576 2803 1662 2866 vitiis

106 2919 173 2982 gne
187 2900 338 2963 aviditate
353 2900 473 2974 audire,
490 2907 522 2962 et
537 2899 706 2982 diligenter
721 2901 861 2963 adverte·
918 2907 1059 2962 mortuae.
1076 2899 1154 2962 Nam
1171 2900 1254 2962 sicut
1268 2900 1465 2982 corporalem
1482 2900 1591 2964 cibum
1607 2903 1662 2964 diu

107 3019 155 3072 re,
175 3017 239 3062 non
254 2999 339 3061 sicut
352 2999 450 3061 verba
469 2999 621 3072 hominis,
638 2999 694 3060 sed
714 3007 749 3061 ut
764 2999 861 3062 verba
880 2999 1105 3072 denominari,
1131 3007 1179 3060 est
1202 2999 1329 3080 signum
1355 2999 1477 3062 infirmi
1504 3001 1664 3064 morituri-

13 3123 93 3165 ann,
107 3099 167 3162 Dei
190 3099 433 3181 omnipotentis,
452 3098 722 3180 quemadmodum
744 3098 783 3162 ad
806 3097 861 3162 Ga·
917 3115 978 3177 que
995 3095 1155 3178 corporis3
1172 3096 1218 3158 sic
1234 3095 1368 3158 verbum
1384 3096 1439 3158 Dei
1455 3115 1518 3160 non
1533 3097 1663 3162 affecta·

107 3198 190 3260 latas
217 3198 318 3278 tangit
337 3197 515 3280 Apostolus.
534 3197 616 3260 [leus
641 3215 780 3279 namque
805 3215 862 3280 per
917 3215 961 3268 re,
979 3195 1034 3257 sed
1056 3194 1176 3276 fugere,
1199 3203 1246 3258 est
1266 3196 1393 3277 signum
1413 3197 1580 3278 languidae,
1599 3199 1664 3262 imo

106 3316 144 3360 os
176 3296 422 3379 praedicatorum
453 3303 484 3358 et
508 3295 700 3358 vicariorum
729 3313 860 3358 suorum
917 3303 948 3356 et
964 3299 1096 3358 mortuae
1110 3293 1235 3367 animae,
1250 3294 1341 3375 juxta
1356 3294 1435 3357 illud
1450 3295 1665 3361 Psalmi:0m·
1678 3315 1809 3366 recula.

104 3395 355 3459 sermocinatur.
372 3393 540 3456 Audiendo
558 3393 645 3456 enim
665 3393 762 3456 verba
779 3395 861 3457 salu·
918 3412 991 3455 nem
1013 3411 1119 3455 escam
1140 3392 1321 3455 abominata
1346 3401 1393 3455 est
1414 3393 1521 3457 anima
1539 3412 1662 3470 eorum,

106 3495 161 3570 tis,
180 3494 278 3557 discit
291 3494 387 3556 homo
406 3492 595 3574 sapientiam
611 3511 730 3566 veram,
748 3493 781 3556 in
799 3513 862 3576 qua
918 3499 950 3553 et
980 3490 1318 3574 appropinquaverunt
1352 3511 1453 3574 usquc
1484 3492 1523 3556 ad
1557 3501 1664 3576 portas

103 3594 198 3656 salus
214 3612 273 3654 sua
288 3591 444 3665 consistit,
459 3591 502 3653 ita
517 3591 601 3672 quod
617 3591 686 3654 sine
701 3611 738 3654 ea
752 3593 863 3674 nequit
919 3589 1038 3652 mortis.
1051 3589 1185 3653 Omnem
1201 3606 1276 3669 ergo
1291 3589 1547 3666 somnolentiam,
1560 3599 1665 3674 torpo-
1685 3593 1691 3607 '

103 3692 240 3754 salvari.
257 3690 337 3752 ilinc
352 3689 385 3752 in
400 3689 580 3752 Proverbiis
595 3687 743 3752 Salomon
759 3698 864 3752 conte·
918 3707 986 3751 rem
1008 3696 1039 3750 et
1062 3687 1178 3750 mentis
1198 3687 1437 3750 distractionem
1458 3689 1491 3751 iu
1514 3691 1665 3772 praedica·

13 3817 87 3864 nna,
103 3801 215 3854 statur
234 3807 241 3851 :
258 3789 290 3853 Si
311 3789 500 3871 sapientiam
522 3788 686 3870 quaesieris
702 3789 793 3871 quasi
809 3808 862 3870 pe·
917 3787 1004 3848 tione
1024 3793 1056 3848 et
1077 3785 1296 3848 exhortatione
1318 3805 1354 3849 ac
1375 3786 1599 3851 informatione
1620 3809 1667 3853 sa·

101 3891 294 3962 cuniam,et
308 3887 399 3969 quasi
415 3887 600 3949 thesaurum
616 3886 767 3950 effoderis
782 3906 861 3958 eam,
918 3884 1002 3947 lubri
1024 3883 1224 3965 abjiciamus.

99 3999 187 4050 tunc
211 3987 373 4067 intelliges
393 3986 541 4049 timorem
562 3985 629 4058 Dei,
646 3993 677 4048 et
695 3985 861 4048 scientiam
951 3982 1054 4044 Tertio
1068 3982 1234 4045 Christiani
1250 3981 1368 4045 dehent
1383 3983 1479 4046 verba
1495 3986 1665 4067 praedicati·

98 4089 161 4152 Dei
188 4086 346 4150 invenies.
363 4084 422 4158 Qui
442 4102 517 4165 ergo
538 4084 693 4146 veraciter
712 4085 862 4165 sapienti·
916 4081 986 4144 onis
1002 4088 1032 4143 et
1047 4080 1158 4144 salutis
1174 4082 1353 4144 memoriter
1368 4083 1510 4157 retinere,
1518 4085 1665 4166 quoniam

96 4207 153 4249 am
181 4184 311 4268 appetit
332 4183 515 4256 salutarem,
533 4183 564 4244 id
588 4191 636 4244 est
659 4201 756 4246 sacrae
781 4183 861 4246 Scri·
877 4179 901 4242 ll
919 4197 1031 4262 magna
1053 4178 1246 4260 negligentia
1268 4187 1316 4240 est
1338 4180 1492 4243 oblivioni
1514 4181 1580 4244 haec
1606 4189 1666 4246 tra·

96 4295 213 4370 pturae
235 4282 424 4356 doctrinam,
441 4289 505 4343 tam
526 4280 696 4362 diligenter
715 4301 751 4342 ac
766 4281 861 4344 fervi·
917 4279 1002 4352 dere,
1020 4285 1050 4340 et
1067 4276 1165 4338 multa
1182 4277 1255 4338 inde
1272 4277 1353 4338 mela
1369 4279 1566 4361 contingunt,
1579 4281 1664 4343 vide-

95 4386 139 4446 de
157 4389 288 4466 quaerat
302 4399 487 4462 eam‚quam
503 4379 674 4460 diligenter
687 4399 723 4442 ac
739 4379 861 4443 fervide
917 4377 990 4438 licet
1012 4377 1051 4438 de
1074 4375 1213 4457 peccatis
1236 4375 1268 4436 in
1292 4383 1420 4457 peccata
1444 4395 1601 4440 corruere.
1619 4379 1665 4441 ld·

94 4487 260 4566 quaerunt
282 4479 368 4542 avari
392 4477 561 4561 pecuniam
585 4485 615 4540 et
639 4479 803 4541 thesauros
828 4479 860 4540 in
917 4477 1002 4538 circo
1017 4473 1172 4554 Propheta
1188 4472 1328 4555 loquitur
1343 4473 1468 4538 Deozln
1484 4477 1578 4540 corde
1594 4495 1665 4542 meo
1691 4505 1811 4559 ruenni,

94 4585 174 4645 loco
192 4597 263 4662 quo
282 4578 389 4640 sciunt
403 4595 457 4640 eos
473 4595 542 4639 esse
562 4576 773 4640 absconditos.
793 4579 862 4640 Por·
916 4571 1068 4635 abscondi
1084 4571 1211 4652 eloquia
1227 4577 1290 4644 tua,
1308 4580 1343 4633 ut
1363 4590 1425 4635 nou
1446 4593 1577 4656 peccem
1592 4576 1661 4640 tihi.
1678 4572 1711 4613 ¹¹·

93 4702 132 4745 ro
155 4679 358 4763 sapientiam
381 4675 505 4758 quaerit,
521 4675 576 4758 qui
597 4676 694 4738 verba
714 4677 862 4758 praedica-
916 4671 995 4733 llinc
1020 4671 1141 4752 hloyses
1164 4669 1208 4730 ait
1230 4687 1236 4730 :
1259 4669 1304 4732 Ne
1328 4669 1528 4736 obliviscaris
1553 4675 1664 4739 verbo·
1677 4703 1808 4755 neuin-‚2

94 4781 218 4853 tionis,
238 4775 467 4840 exhortationis
486 4783 518 4837 et
538 4775 771 4837 informationis
788 4795 860 4837 cum
916 4789 987 4832 rum
1013 4768 1138 4830 Domini
1169 4767 1224 4830 Dei
1249 4768 1307 4841 tui,
1334 4776 1366 4830 et
1390 4787 1429 4831 ne
1453 4771 1601 4835 excidant
1625 4775 1664 4837 de

92 4875 273 4943 desiderio
300 4875 399 4938 audit.
425 4874 560 4937 Auditus
589 4893 727 4955 namque
750 4893 862 4936 sensus
917 4868 1010 4930 corde
1026 4874 1081 4929 tuo
1096 4867 1220 4929 cunctis
1235 4865 1348 4928 diebus
1364 4868 1615 4934 vilarentum
1631 4873 1665 4936 in

91 4988 146 5042 est
172 4974 374 5056 disciplinae,
397 4973 548 5055 quoniam
574 4972 742 5046 audiendo,
767 4971 863 5035 infor·
918 4967 985 5046 lege
1008 4965 1134 5048 hloysis,
1150 4965 1302 5028 animalia
1319 4984 1383 5029 uon
1403 4969 1597 5034 ruminantia
1619 4990 1664 5034 re·
1689 4997 1811 5050 unm.

93 5077 289 5142 mationem
305 5079 337 5133 et
352 5070 515 5152 sapientia
532 5071 765 5133 incrementum
781 5069 862 5132 acci·
918 5064 1112 5148 putabantur
1134 5064 1300 5126 immunda
1324 5073 1357 5127 et
1380 5065 1418 5128 ad
1438 5067 1597 5131 edendum
1618 5070 1664 5132 in·
1677 5062 1810 5168 {23⁹le

92 5179 147 5262 pit
169 5177 289 5238 homo.
306 5172 437 5253 Propter
456 5169 541 5252 quod
561 5169 594 5230 in
613 5168 792 5232 Proverbiis
809 5168 864 5230 ite·
917 5173 989 5246 epta
1006 5181 1014 5243 3
1038 5162 1189 5225 animalia
1217 5181 1293 5226 vcro
1322 5164 1517 5228 ruminantia
1537 5167 1663 5247 judica-

26 5303 74 5354 aa.
91 5281 180 5342 rum'
207 5270 348 5334 habetur
366 5286 372 5331 :
389 5268 483 5343 Audi,
507 5266 555 5330 fili
581 5267 637 5343 mi,
658 5267 863 5350 disciplinam
918 5264 1034 5327 bantur
1053 5262 1173 5326 munda
1194 5269 1226 5325 et
1247 5263 1316 5326 esui
1338 5271 1420 5347 apta.
1437 5265 1495 5328 Per
1514 5266 1666 5336 animalia
