4206 6258
475 509 623 557 nouimus
643 510 721 557 xxru
741 510 815 558 rosr
834 507 1029 558 antuniana.
1049 530 1089 540 —
1110 511 1209 560 santio
1229 513 1339 560 antuus
1624 495 1684 561 607

128 685 173 754 te,
190 697 255 744 uon
270 679 305 742 in
319 679 385 743 vita
400 681 548 764 presenti
564 699 624 744 neo
637 680 678 743 ab
693 679 880 744 hominibus
895 679 922 743 A
937 679 1041 743 solum
1061 681 1145 744 istud
1168 681 1323 757 hortatur,
1340 682 1395 745 sed
1415 681 1512 745 etiam
1531 689 1568 744 ut
1583 679 1685 744 cousi·

129 779 314 842 mercedem
329 780 512 862 quaerendo,
529 781 585 843 scd
600 800 618 842 a
633 781 698 843 Deo
717 780 882 843 dumtaxat
936 778 1085 842 deremus
1110 797 1163 844 eos
1189 781 1244 863 qui
1272 781 1364 862 juxta
1391 800 1482 844 suam
1507 779 1684 844 doctrinam

128 877 165 941 in
180 877 495 960 coelo.ltaque,sicut
510 878 541 940 in
557 885 641 941 terra
655 878 879 952 thesaurizare,
936 897 1065 960 sueque
1089 879 1163 944 vitae
1187 881 1364 943 maneriam
1389 886 1628 954 conversantur,
1649 886 1686 941 ut

128 984 179 1040 est
193 977 364 1059 pecuniam
383 977 535 1051 adunare,
552 977 596 1039 ita
616 977 881 1040 thesaurizarem
936 995 1108 1059 sequamur
1127 985 1160 1042 et
1179 978 1250 1042 illos
1272 997 1279 1041 :
1305 979 1457 1062 quoniam
1481 980 1560 1042 tales
1583 977 1684 1060 aliqui

128 1075 222 1151 coelo,
239 1082 290 1138 est
308 1082 433 1139 aeternae
452 1075 660 1138 beatitudinis
681 1075 794 1138 merita
809 1094 882 1139 con·
936 1083 1011 1137 sunt
1030 1095 1158 1158 semper
1179 1078 1211 1140 in
1233 1078 1353 1141 mundo
1373 1085 1405 1140 et
1425 1078 1609 1160 frequenter
1628 1094 1684 1140 no·

126 1193 271 1256 gregare,
287 1173 426 1257 indeque
450 1174 618 1256 preamium
644 1173 819 1257 praestolari
842 1174 881 1236 de
936 1173 1073 1249 hiscum,
1090 1194 1225 1258 quorum
1248 1177 1405 1259 exemplis
1428 1177 1558 1240 accendi
1581 1176 1685 1258 quoti-

128 1293 228 1336 manu
258 1273 503 1356 omnipotentis.
530 1273 603 1338 llaec
633 1293 694 1336 una
724 1278 772 1336 est
801 1273 881 1336 ratio
936 1271 987 1335 die
1016 1272 1170 1336 debemus
1198 1275 1238 1337 ad
1268 1275 1409 1338 meliora.
1442 1275 1684 1338 Consideremus

127 1391 189 1435 cur
213 1373 413 1437 conversatio
434 1371 701 1436 christifidelium
727 1371 882 1454 perfecto
935 1388 1011 1452 ergo
1033 1373 1168 1435 virtutes
1190 1379 1221 1435 et
1242 1372 1326 1436 bona
1350 1372 1500 1436 exercitia
1524 1373 1684 1455 proximo·

128 1491 203 1534 rum
223 1471 342 1534 dicitur
361 1489 430 1534 esse
450 1471 483 1533 in
501 1471 600 1534 coelis.
935 1487 1007 1532 rum
1023 1476 1203 1534 nostrorum
1219 1471 1321 1534 Deum
1335 1471 1530 1544 timentium,
1547 1487 1683 1553 quorum

170 1571 240 1633 Alia
255 1571 335 1633 ratio
350 1577 547 1654 est,proptcr
562 1569 817 1632 conformitatem
833 1588 882 1631 ac·
935 1587 1018 1630 unus
1044 1569 1144 1651 magis
1166 1570 1307 1633 abundat
1332 1571 1365 1633 in
1386 1570 1505 1632 virtute
1529 1577 1561 1631 et
1584 1570 1684 1650 gratia

127 1677 222 1730 tuum
247 1686 358 1732 eorum
385 1687 459 1730 eum
481 1668 605 1731 actibus
630 1667 750 1730 civium
775 1685 882 1749 super·
936 1665 1005 1740 ista,
1022 1667 1102 1729 alter
1118 1668 1150 1728 in
1171 1667 1233 1730 illa.
1251 1669 1373 1732 Idcirco
1388 1669 1427 1730 ab
1443 1685 1507 1731 uno
1522 1668 1683 1730 diseamus

127 1786 257 1841 norum,
288 1784 425 1849 quorum
454 1774 544 1829 actus
574 1773 659 1841 sunt,
690 1765 881 1848 superglori-
935 1765 1074 1827 caritatis
1087 1765 1245 1828 fervorem
1260 1785 1296 1829 ac
1311 1766 1542 1849 puritatem,ab
1553 1767 1616 1829 alio
1628 1767 1683 1829 hu-

126 1864 314 1928 osissimum
345 1865 446 1928 Deum
476 1864 560 1926 clare
589 1872 621 1926 et
648 1863 881 1926 incessabiliter
898 1863 1116 1938 Bmilitatem,
1132 1863 1172 1927 ab
1195 1865 1258 1928 alio
1278 1865 1474 1947 patientiam,
1490 1865 1531 1927 ab
1552 1865 1616 1928 alio
1635 1885 1683 1927 ca·

127 1963 351 2045 contemplari,
382 1963 543 2025 ferventer
572 1961 880 2043 inavertibiliterque
936 1961 1086 2037 stitatem,
1112 1962 1152 2024 ab
1180 1963 1243 2026 alio
1268 1963 1531 2039 misericordiam,
1556 1963 1596 2026 ab
1620 1964 1683 2027 alio

126 2062 274 2142 diligere,
293 2061 488 2124 incessanter
510 2061 649 2135 laudare,
667 2059 819 2123 admirari
843 2078 880 2122 ac
934 2060 1103 2142 justitiam,
1121 2061 1162 2123 ab
1186 2061 1249 2125 alio
1273 2053 1486 2136 devotionem,
1503 2062 1682 2126 orationum

126 2161 297 2234 honorare,
323 2167 354 2222 et
378 2161 408 2222 ei
434 2160 467 2221 in
491 2160 616 2222 eunetis
640 2158 881 2243 promptissime
936 2159 1379 2234 instantiam,meditationum
1395 2161 1683 2225 sinceritatemsic

125 2258 271 2322 obedire.
288 2259 342 2321 llis
362 2258 585 2322 sacratissimis
606 2257 732 2320 actibus
751 2277 785 2320 se
805 2257 880 2320 totis
935 2257 1013 2321 feeit
1034 2260 1253 2322 sanctissimus
1276 2267 1364 2342 pater
1386 2267 1494 2323 noster
1514 2260 1681 2334 Antonius,

124 2357 254 2420 viribus
277 2356 339 2420 viri
364 2357 498 2441 perfecti
523 2355 734 2430 conformant,
756 2364 788 2419 et
811 2375 883 2440 per·
936 2357 990 2438 qui
1013 2363 1165 2440 tanquam
1187 2358 1436 2441 prudentissima
1453 2358 1533 2441 apia,
1550 2359 1589 2421 ab
1608 2377 1684 2422 uno·

125 2457 261 2520 fectioni
286 2457 396 2538 patriae
424 2456 567 2538 quotidie
591 2455 808 2538 propinquare
833 2454 880 2518 ni·
935 2474 1063 2538 quoque
1088 2457 1194 2519 Fratre
1218 2457 1332 2520 devoto
1355 2456 1478 2530 didicit,
1500 2457 1629 2538 collegit
1652 2465 1684 2520 et

124 2562 251 2630 tuntur,
268 2556 301 2618 in
322 2555 452 2618 caritate
471 2574 509 2618 ac
528 2554 643 2617 ceteris
661 2554 770 2635 gratiae
788 2554 880 2617 donis
936 2553 1042 2616 hausit
1060 2553 1211 2617 virtutem
1231 2563 1263 2619 et
1281 2555 1415 2636 gratiam
1440 2555 1473 2617 in
1493 2574 1556 2637 qua
1577 2556 1684 2619 Frater

125 2655 339 2738 proficiendo.
357 2654 508 2716 llomines
530 2671 606 2734 crgo
625 2652 759 2735 perfecti
779 2653 881 2715 Deum
936 2651 991 2713 ille
1006 2660 1061 2713 aut
1076 2652 1129 2714 ille
1144 2653 1283 2735 amplius
1303 2653 1485 2715 abundavit.
1504 2652 1574 2726 Sed,
1591 2653 1654 2716 heu
1673 2660 1680 2715 t

126 2772 189 2836 pro
206 2752 335 2816 modulo
349 2770 418 2827 suo,
435 2760 530 2836 prout
550 2753 582 2814 in
604 2752 665 2814 isto
685 2750 756 2813 fieri
777 2759 881 2834 potest
937 2751 1030 2814 multi
1049 2759 1124 2813 sunt
1142 2752 1239 2814 nimis
1260 2752 1413 2834 perversi,
1431 2751 1486 2833 qui
1506 2751 1590 2815 bona
1609 2753 1683 2816 alio

126 2852 256 2926 exsilio,
268 2851 363 2926 clare,
375 2851 433 2914 etsi
449 2868 513 2913 uon
529 2850 757 2924 indesinenter,
773 2857 880 2912 tamen
936 2869 1007 2912 rum
1031 2850 1279 2932 interpretantur
1304 2851 1336 2912 in
1361 2851 1466 2934 pejus,
1489 2858 1521 2914 et
1543 2850 1681 2913 meliori·

125 2951 326 3032 frequenter,
356 2949 624 3033 contemplantur,
654 2948 815 3012 ferventer
844 2968 880 3012 ac
936 2949 996 3011 bus
1020 2948 1248 3031 obloquuntur,
1271 2949 1471 3032 aliorumque
1494 2949 1682 3013 defectuosi·

125 3049 255 3113 fortiter
278 3050 426 3130 diligunt,
449 3048 625 3131 saepissime
649 3048 790 3122 laudant,
816 3065 880 3108 ma·
899 3048 1015 3111 Ctates
1039 3055 1071 3110 et
1094 3047 1204 3131 culpas
1229 3048 1409 3124 observant,
1437 3049 1598 3112 memoriae
1624 3048 1682 3110 irn-

125 3150 217 3212 xime
240 3149 449 3223 admirantur,
470 3156 502 3211 et
521 3147 551 3210 ei
574 3147 607 3209 in
630 3147 754 3209 cunctis
776 3165 881 3229 prom·
936 3145 1090 3228 primunt,
1116 3147 1187 3210 aliis
1207 3148 1352 3222 recitant,
1372 3155 1467 3230 atque
1488 3156 1683 3212 stercoreum

124 3257 183 3333 pte
204 3248 370 3312 obediunt.
386 3247 466 3310 llinc
485 3247 518 3309 in
541 3245 654 3308 talium
679 3263 816 3328 persona
840 3246 879 3308 ad
935 3245 1048 3308 nidum
1079 3246 1111 3308 in
1137 3247 1268 3329 proprio
1296 3254 1484 3311 construunt
1512 3249 1617 3321 corde,
1643 3248 1683 3310 si·

61 3400 66 3411 .
124 3347 310 3413 Corinthios
324 3347 369 3410 ait
382 3345 552 3428 Apostolus
566 3363 573 3408 :
589 3344 651 3407 Nos
667 3361 778 3406 omues
793 3362 879 3407 reve
936 3343 1028 3406 miles
1052 3343 1155 3406 brutis
1178 3363 1250 3426 quae
1278 3351 1453 3427 pascuntur
1476 3346 1679 3409 stercoribus.

125 3448 192 3510 lata
208 3445 300 3520 facie,
311 3445 343 3508 id
357 3452 406 3508 est
421 3443 600 3506 illuminata
615 3449 733 3517 mente,
745 3442 878 3524 gloriam
934 3441 1051 3504 Verum
1070 3441 1216 3505 homines
1236 3443 1323 3518 boni,
1340 3444 1474 3508 virtutes
1493 3451 1525 3507 et
1544 3445 1626 3508 dona
1644 3463 1681 3507 ae

123 3545 256 3610 Domini
272 3543 483 3628 speculantes,
498 3543 530 3605 in
546 3542 691 3606 eamdem
707 3541 879 3623 imaginem
934 3558 1031 3622 opera
1045 3541 1185 3603 virtuosa
1200 3560 1270 3623 quae
1286 3542 1318 3604 in
1334 3561 1368 3604 se
1384 3542 1462 3625 ipsis
1475 3560 1538 3606 non
1551 3542 1680 3620 habent,

122 3643 394 3707 transformamur
418 3661 436 3704 a
460 3641 603 3703 claritate
632 3640 665 3703 in
689 3640 877 3716 claritatem,
934 3639 967 3702 in
996 3640 1068 3703 aliis
1100 3646 1218 3714 amant,
1249 3640 1379 3704 laudaut
1411 3661 1448 3705 ac
1476 3651 1680 3718 venerantur,

123 3752 282 3825 tanquam
300 3761 319 3804 a
336 3738 462 3804 Domini
482 3739 612 3821 Spiritu.
631 3738 706 3813 lloc,
723 3745 878 3820 quantum
934 3743 1028 3820 atque
1050 3757 1107 3821 per
1121 3738 1182 3802 hoc
1202 3739 1241 3801 ad
1261 3739 1401 3803 similem
1421 3740 1554 3821 gratiam
1574 3742 1681 3824 dispo-

123 3843 166 3905 ad
183 3839 498 3923 contemplationem.
515 3837 676 3912 Quantum
691 3855 768 3900 vero
781 3838 821 3900 ad
837 3838 880 3900 di·
934 3843 1063 3899 uuntur.

124 3941 313 4013 lectionem,
338 3938 431 4002 docet
454 3955 492 4000 ac
516 3942 626 3999 monet
648 3935 819 4019 Apostolus
844 3944 879 3998 ut
973 3936 1107 4018 lnsuper
1129 3936 1221 3998 docet
1239 3935 1408 4018 Apostolus
1430 3955 1488 3999 cur
1509 3939 1681 4002 necessari-

11 4061 43 4104 ιη’
75 4039 244 4110 .1,caritas
275 4043 383 4100 nostra
416 4053 545 4118 semper
576 4034 676 4116 magis
709 4052 746 4097 ac
777 4035 878 4116 magis
934 4054 988 4096 um
1010 4035 1103 4098 nobis
1123 4035 1165 4097 sit
1184 4035 1291 4118 ipsum
1311 4035 1402 4117 sequi
1425 4055 1463 4098 ac
1483 4037 1561 4100 alios
1581 4038 1679 4102 virtu·

11 4203 39 4232 m
60 4203 96 4232 vm
123 4137 279 4201 abundet.
296 4135 335 4197 Et
349 4134 454 4198 denuo
474 4133 615 4216 loquitur
632 4149 639 4194 :
656 4132 732 4206 Quis
753 4149 810 4196 uos
830 4151 878 4195 se·
932 4151 1003 4197 osos
1025 4151 1032 4196 :
1053 4134 1128 4216 quia
1145 4133 1212 4214 jam
1238 4133 1330 4196 multi
1355 4141 1429 4196 sunt
1453 4153 1510 4216 per
1528 4137 1679 4200 vitiorum

42 4222 47 4234 '
99 4221 106 4240 ’
123 4234 255 4320 parabit
278 4253 297 4296 a
321 4233 451 4296 caritate
476 4231 560 4295 [leit
585 4232 744 4306 Quantum
770 4241 878 4294 autem
893 4236 918 4297 D
934 4232 1046 4295 itinera
1065 4232 1256 4313 gradientes,
1273 4232 1328 4313 qui
1351 4232 1475 4294 inimici
1497 4241 1571 4295 suut
1591 4235 1678 4299 Chri·
1692 4257 1825 4316 enitamur,

122 4336 167 4398 ad
184 4333 369 4397 continuam
387 4331 443 4394 Dei
464 4329 689 4405 laudationem,
705 4330 750 4392 ait
767 4330 807 4392 ad
822 4330 879 4393 lle·
932 4331 983 4404 sti,
1000 4349 1136 4414 quorum
1159 4331 1237 4393 deus
1259 4338 1308 4392 est
1328 4337 1439 4392 venter
1461 4348 1583 4406 eorum,
1601 4351 1678 4416 quo·
1693 4326 1768 4376 ¹⁸³⁹·

11 4463 106 4498 imur,
123 4434 232 4496 braeos
253 4450 260 4494 :
281 4432 338 4495 Per
361 4430 521 4494 Christum
544 4428 719 4492 offeramus
741 4429 877 4492 hostiam
932 4449 1003 4491 rum
1022 4448 1103 4492 vana
1124 4429 1225 4511 gloria
1247 4429 1280 4491 iu
1300 4437 1450 4492 aternam
1470 4431 1679 4511 ignominiam

101 4531 234 4619 ‚laudis
252 4532 317 4594 Deo
339 4545 483 4610 semper3
504 4533 536 4590 et
554 4526 709 4608 Propheta
726 4546 733 4590 :
750 4527 879 4590 Benedi·
931 4527 1158 4610 tristitiamque
1188 4534 1338 4590 vertetur.
1365 4527 1446 4591 Eece
1477 4529 1572 4604 istud,
1598 4533 1679 4614 proh

122 4649 200 4694 cam
222 4629 393 4692 Dominum
414 4627 447 4689 in
469 4625 558 4688 omni
580 4633 735 4708 tempore,
752 4643 878 4707 semper
931 4627 1038 4689 dolorl
1053 4627 1120 4708 jam
1136 4627 1233 4689 nimis
1250 4615 1419 4709 impletum
1434 4635 1492 4691 est.
1509 4628 1577 4692 lam
1592 4632 1679 4696 euim

122 4732 199 4793 laus
218 4728 289 4809 ejus
306 4728 339 4790 in
358 4744 413 4790 ore
432 4743 514 4788 meo.
931 4732 995 4788 tam
1012 4725 1125 4788 vitiosa
1140 4732 1188 4787 est
1203 4725 1455 4789 Christianorum
1470 4727 1545 4803 vita,
1562 4736 1598 4791 ut
1611 4730 1681 4811 jur·

167 4826 326 4903 Quoniam
353 4826 459 4906 itaque
488 4823 561 4886 talis
590 4823 652 4885 fuit
681 4823 879 4886 conversatio
932 4832 963 4886 ta
978 4824 1075 4887 verba
1090 4823 1252 4898 Bernardi,
1270 4831 1379 4887 contra
1396 4824 1556 4890 Christum
1572 4829 1681 4911 conju-

120 4925 308 4995 beatissimi
341 4925 428 4988 Pauli
463 4923 610 5007 apostoli,
644 4925 703 4987 rite
736 4923 879 4985 hortatur
932 4943 1017 4986 rasse
1039 4923 1186 4985 videatur
1208 4923 1399 4986 universitas
1422 4925 1533 5008 populi
1555 4927 1680 4992 christi·

120 5047 187 5094 nos
210 5033 246 5088 nt
266 5027 372 5108 ipsum
393 5023 558 5086 imitemur
577 5023 609 5084 in
632 5023 719 5086 omni
740 5021 879 5084 caritatis
932 5023 994 5085 ani.
1013 5023 1091 5096 Heu,
1108 5021 1211 5103 qualis
1230 5029 1278 5083 est
1293 5040 1379 5084 nunc
1394 5023 1459 5086 vita
1478 5024 1678 5102 clericorum,

120 5131 267 5198 fervore,
292 5123 482 5186 humilitatis
506 5121 734 5205 profunditate,
760 5122 879 5203 patien-
933 5121 997 5183 vita
1022 5120 1233 5194 sacerdotum,
1254 5120 1320 5181 vita
1341 5138 1468 5203 quoque
1490 5140 1600 5184 eorum
1623 5125 1680 5206 qui

120 5229 181 5291 tiae
207 5221 525 5303 mansuetudinisque
545 5221 663 5302 vigore,
681 5221 713 5282 in
738 5220 793 5281 llei
815 5219 879 5282 lau·
933 5219 1074 5300 religiosi
1095 5223 1268 5282 vocanturt
1288 5217 1348 5280 Sed
1372 5225 1405 5280 et
1426 5219 1581 5300 majorum
1607 5241 1680 5286 oon-

120 5325 259 5392 datione
282 5341 319 5386 ac
342 5320 545 5385 veneratione
570 5320 603 5382 in
628 5318 787 5384 omnibus.
814 5318 878 5381 Nec
933 5317 1071 5382 versatio
1090 5317 1293 5400 prelatorum
1313 5316 1416 5398 qualis
1436 5318 1487 5393 sit,
1504 5319 1575 5402 quis
1594 5322 1680 5406 igno·
