4140 6258
435 433 496 500 360
725 451 873 500 nomiman
892 453 924 498 Xl
945 451 1018 498 POST
1037 450 1231 498 TRINITATEH.
1250 469 1291 479 -
1310 449 1484 496 auxamio
1503 449 1537 495 IN
1556 447 1749 496 avertentia!

437 625 586 707 praelatus
617 631 648 686 et
673 623 823 707 prinecps
849 641 856 684 :
882 641 956 704 ergo
982 623 1096 685 Paulus
1120 640 1183 685 non
1198 622 1222 684 A
1239 621 1396 684 subtraxit
1410 640 1455 696 se,
1472 638 1532 683 nec
1547 620 1793 684 communicavit
1806 639 1870 684 cum
1883 621 1942 686 aliis.

437 723 560 786 exstitit
580 722 734 785 minimus
754 723 837 784 inter
856 739 920 784 eos.
938 722 1005 784 Imo
1025 720 1087 784 Leo
1104 720 1185 802 Papa
1238 720 1326 793 Quod
1347 739 1448 802 quum
1468 721 1523 782 diu
1543 719 1683 794 lecisset,
1698 719 1796 802 aliqui
1814 721 1945 784 monacho

436 822 589 896 allirmat,
606 822 692 903 quod
711 821 750 884 de
770 821 859 883 Petro
873 827 905 883 et
923 819 1018 882 Paulo
1038 819 1117 881 nihil
1134 819 1186 881 de·
1239 837 1310 880 rum
1326 819 1608 882 consideraverunt
1621 819 1682 881 boc
1697 818 1947 901 ipsumiuterroga-

438 921 552 984 bemus
568 920 687 982 sentire
702 919 875 982 diversum.
894 917 1003 982 Glossa
1018 918 1113 980 etiam
1128 917 1183 991 ait,
1239 925 1418 1000 veruntque
1440 919 1581 980 Fratrem
1603 917 1695 979 illum
1719 937 1776 980 cur
1794 917 1833 979 ita
1849 919 1944 999 egisset.

309 1020 523 1102 caat.11,quod
553 1018 667 1081 Paulus
691 1017 809 1080 restitit
836 1018 927 1080 Petro
951 1017 984 1078 in
1010 1016 1125 1078 taciem
1151 1023 1187 1077 ut
1240 1014 1297 1088 Qui
1315 1016 1426 1078 videns
1445 1034 1479 1078 se
1499 1033 1563 1078 non
1582 1034 1675 1098 posse
1695 1017 1801 1091 latere,
1816 1017 1945 1080 veritatem

292 1103 325 1143 ¹¹·
438 1136 504 1200 par.
531 1117 704 1191 Postremo,
730 1115 845 1178 Paulus
870 1115 1046 1177 secundum
1071 1114 1185 1176 veritu-
1240 1116 1365 1197 aperuit
1389 1116 1446 1189 eis,
1465 1115 1575 1177 dicens
1599 1134 1633 1177 se
1657 1133 1721 1177 nou
1747 1115 1864 1177 credere
1884 1119 1945 1198 quod

437 1224 504 1278 tem
534 1215 649 1295 dignus
679 1220 711 1276 et
733 1214 824 1277 valde
854 1214 969 1296 dignus
994 1212 1057 1274 luit
1079 1213 1186 1274 vocari
1241 1213 1384 1276 Christus
1406 1221 1490 1276 esset
1512 1213 1545 1275 in
1568 1213 1772 1276 Sacramento
1788 1230 1794 1274 :
1810 1215 1881 1296 quod
1901 1233 1947 1276 ruo

437 1313 612 1395 apostolus,
629 1311 806 1374 secuudum
823 1311 907 1393 quod
921 1310 998 1373 alibi
1019 1309 1184 1392 loquitur:
1240 1313 1333 1374 nachi
1359 1313 1467 1374 statim
1491 1311 1669 1374 retulerunt
1692 1311 1722 1374 S.
1742 1311 1893 1374 Bemardo.
1905 1309 1946 1386 Oui

300 1427 424 1480 uocem,
438 1411 525 1474 Nihil
540 1411 647 1472 miuus
663 1409 725 1472 ieci
740 1409 780 1471 ab
797 1409 836 1470 iis
851 1409 906 1491 qui
922 1415 996 1470 suut
1011 1427 1107 1490 supra
1123 1424 1187 1469 mo·
1241 1411 1381 1472 Fratrem
1403 1409 1494 1472 illum
1514 1409 1639 1472 vocavit
1657 1409 1696 1471 ad
1717 1427 1764 1483 se,
1778 1417 1863 1491 atque
1879 1411 1909 1473 de
1920 1411 1946 1472 li·

293 1494 326 1535 ¹¹·
439 1511 517 1572 dum
538 1508 690 1591 Apostoli.
713 1508 795 1589 Ergo
818 1525 881 1570 nou
903 1507 984 1569 dixit
1004 1506 1183 1569 veraciter:
1240 1508 1291 1570 dei
1312 1509 1444 1571 veritate
1463 1507 1633 1589 diligenter
1653 1527 1727 1570 eum
1748 1507 1947 1586 instruxit;sed

438 1609 506 1672 Nou
530 1625 601 1670 sum
625 1607 740 1688 dignus
761 1606 866 1668 vocari
889 1605 1061 1686 apostolus.
1079 1605 1117 1666 Et
1139 1623 1186 1667 re·
1241 1607 1295 1669 ille
1320 1625 1382 1669 non
1406 1607 1577 1688 acquievit,
1602 1607 1667 1669 imo
1690 1606 1824 1669 asseruit
1843 1625 1871 1668 se
1891 1627 1948 1667 uuu-

438 1706 672 1788 spoudendum,
689 1703 774 1785 quod
794 1704 833 1765 ad
848 1702 1101 1766 verificatiouem
1121 1720 1187 1765 ora·
1241 1724 1336 1787 quam
1359 1705 1488 1767 credere
1510 1721 1602 1786 posse
1625 1703 1710 1786 quod
1732 1703 1766 1766 in
1785 1705 1947 1767 Saemmento

437 1804 561 1866 tionum
582 1821 621 1865 ex
640 1801 822 1864 bumilitate
841 1801 1047 1883 prolatarum,
1063 1800 1223 1862 sullicitB
1241 1810 1324 1865 esset
1347 1802 1490 1865 Christus
1514 1803 1680 1877 veraciter,
1704 1803 1835 1884 ideoque
1856 1812 1947 1864 cenum

437 1902 521 1984 quod
540 1900 720 1964 secundum
741 1900 882 1981 aliquam
904 1899 989 1980 piam
1011 1899 1188 1962 considera·
1241 1921 1275 1964 se
1288 1920 1356 1964 esse
1372 1902 1457 1983 quod
1472 1901 1663 1964 aetemaliter
1677 1909 1764 1965 esset
1778 1901 1946 1963 damnandus.

436 1999 557 2063 tionem
580 1998 705 2080 possint
724 1997 850 2060 salvari.
868 1997 983 2079 Sisque
1003 1997 1116 2060 Paulus
1135 2016 1188 2061 vo
1241 1999 1307 2072 Quo
1332 1999 1450 2074 audito,
1475 1998 1678 2061 beatissimus
1703 2007 1798 2081 atque
1820 1998 1949 2080 piissimus

438 2106 489 2161 cat
503 2117 537 2160 se
553 2097 724 2160 minimum
739 2095 960 2177 Apostolorum
977 2104 1007 2158 et
1023 2095 1187 2178 indiguum
1242 2105 1331 2179 peter
1346 2097 1524 2160 Bernardus
1544 2097 1624 2159 dixit
1640 2115 1646 2159 :
1664 2098 1768 2172 Ouidi
1786 2095 1950 2160 damnabitur

438 2197 543 2259 vocari
564 2195 755 2278 apostolum,
772 2212 829 2276 per
849 2201 1030 2276 respectum
1052 2194 1091 2256 ad
1111 2213 1188 2276 prae·
1242 2196 1417 2258 monachus
1443 2199 1555 2258 meusl
1570 2195 1661 2258 Absit
1683 2195 1744 2259 hoc
1767 2195 1798 2258 in
1819 2202 1948 2259 eternum.

439 2293 584 2356 cedentia
607 2311 665 2354 sua
686 2291 851 2366 demerita,
869 2299 900 2353 et
924 2292 999 2372 quia
1023 2292 1187 2355 vocatione
1242 2295 1349 2376 ltaque
1374 2294 1403 2356 S.
1422 2293 1600 2356 Beruardus
1623 2294 1727 2356 orarit
1751 2311 1807 2376 pro
1829 2291 1950 2355 monachu

438 2391 501 2453 luit
515 2389 689 2472 posterior;
706 2390 761 2451 sed
776 2397 931 2472 quantum
947 2390 986 2451 ad
1003 2390 1117 2452 merita
1131 2409 1188 2452 sua
1243 2392 1313 2472 illo;
1330 2400 1361 2454 et
1375 2399 1519 2474 tempore
1534 2392 1607 2466 alio,
1623 2392 1752 2474 quando
1767 2393 1877 2454 Fratres
1889 2407 1951 2452 com·

438 2508 477 2552 ex
503 2489 559 2551 Dei
584 2487 686 2569 gratia
715 2487 776 2550 sibi
801 2505 961 2562 concessa,
984 2487 1046 2549 luit
1072 2488 1187 2568 dignus
1243 2488 1499 2560 municaverunt,
1515 2487 1668 2570 praecepit
1688 2487 1838 2550 monacho
1857 2485 1951 2558 illidi-

439 2587 530 2651 valde
554 2587 617 2649 dici
640 2585 801 2669 apostolus
819 2603 825 2648 :
842 2593 873 2648 et
895 2594 1051 2668 quantum
1075 2587 1114 2648 ad
1138 2605 1186 2662 ea,
1243 2606 1317 2649 cens
1335 2604 1341 2648 :
1358 2587 1459 2650 lubeo
1473 2594 1504 2648 te
1520 2586 1552 2648 in
1568 2586 1686 2649 virtute
1701 2585 1878 2649 obediontia
1891 2583 1951 2646 utin

439 2704 502 2749 uon
525 2683 679 2748 debemus
701 2684 827 2746 Petrum
851 2685 912 2765 ipsi
935 2684 1094 2766 praelerre.
1243 2703 1313 2748 mea
1329 2685 1394 2748 lide
1408 2686 1504 2747 vadas
1519 2703 1593 2748 cum
1608 2685 1691 2758 aliis,
1703 2693 1735 2747 et
1749 2685 1952 2748 Sacramentum

476 2783 605 2865 Legitur
620 2783 705 2864 quod
721 2782 750 2844 S.
763 2781 941 2844 Bernardus
956 2782 1068 2844 babuit
1082 2802 1189 2864 quem·
1242 2785 1389 2865 accipias.
1408 2783 1514 2846 Frater
1535 2784 1631 2864 igitur
1653 2783 1708 2845 ille
1727 2801 1890 2865 repugnare
1907 2798 1952 2842 uor

439 2884 511 2946 dam
528 2881 720 2943 monachum
737 2879 792 2961 qui
812 2897 942 2960 gravem
962 2880 1074 2942 babuit
1088 2889 1187 2943 teuta-
1242 2883 1373 2956 audens,
1386 2880 1537 2945 obedivit.
1550 2881 1588 2943 Et
1603 2881 1710 2944 statim
1726 2881 1910 2944 Sacramenta
1920 2895 1953 2938 ar·

438 2981 559 3044 tionem
576 2979 660 3042 circa
674 2979 841 3041 veritatem
859 2979 1053 3041 Sacramenti
1068 2980 1186 3055 altaris,
1204 2980 1225 3043 G
1243 2988 1346 3063 cepto,
1363 2980 1403 3042 ab
1418 2979 1507 3043 omni
1523 2980 1696 3042 tentatione
1711 2979 1827 3043 diaboli
1840 2997 1871 3041 ac
1884 2975 1954 3059 perli-

439 3079 472 3141 in
495 3085 618 3140 tuntum
645 3077 729 3158 quod
754 3076 882 3139 tandem
907 3094 970 3139 uon
997 3077 1131 3140 credidit
1156 3079 1188 3140 in
1242 3080 1295 3142 dia
1324 3079 1424 3141 sensit
1447 3097 1480 3141 se
1509 3078 1692 3153 liberatum,
1718 3078 1841 3160 egitque
1864 3075 1952 3156 gratius

439 3182 637 3240 sacramento
659 3175 866 3238 Eucharistiae
888 3175 1046 3238 Christum
1069 3177 1188 3240 veraci·
1243 3197 1373 3260 magnas
1388 3180 1453 3241 Deo
1467 3177 1624 3239 altissimo
1638 3184 1670 3238 et
1684 3185 1793 3239 sancto
1807 3173 1900 3238 abbati
1912 3189 1954 3233 suo

439 3282 488 3336 ter
512 3293 593 3337 esse.
615 3273 702 3336 Unde
728 3272 855 3354 quaudo
880 3282 1056 3337 conventus
1082 3294 1188 3339 mona·
1243 3277 1275 3339 B.
1293 3276 1470 3354 Bernard03
1486 3282 1581 3356 atque
1596 3275 1635 3337 de
1655 3281 1761 3337 celero
1776 3273 1895 3336 devotus
1910 3267 1953 3330 luit

440 3373 572 3435 chorum
593 3370 768 3435 solenniter
785 3372 1045 3447 communicavit,
1063 3373 1187 3436 occulte
1244 3375 1430 3456 integerque
1453 3373 1484 3434 in
1506 3372 1580 3434 lide.

830 3804 1132 3890 ENARRATIO
1165 3807 1222 3892 IN
1255 3805 1594 3892 EVANGELIUM

512 4069 595 4115 nrxrr
615 4069 703 4116 rusus
724 4068 767 4113 an
788 4066 931 4123 ouosnarr
952 4069 1002 4124 our
1024 4069 1056 4115 ur
1078 4069 1113 4115 su
1135 4069 1346 4117 courronaxur
1364 4071 1511 4128 ruuouxu
1530 4073 1621 4119 rusrr.
1638 4053 1715 4119 Luc.
1732 4073 1814 4132 arur,
1829 4051 1904 4118 tls.

515 4351 661 4415 UONlAlll
679 4349 823 4414 omnium
846 4350 998 4413 vitiorum
1020 4357 1126 4429 caput,
1144 4368 1190 4411 re·
1204 4353 1228 4414 D
1243 4352 1361 4433 pietate
1375 4359 1407 4414 et
1421 4353 1521 4434 gralia
1535 4353 1603 4426 Dei,
1614 4357 1812 4431 confidebant
1827 4363 1957 4431 tunquam

445 4349 603 4550 Ogina
623 4457 656 4511 et
678 4455 778 4511 mater
799 4456 847 4510 est
865 4446 1026 4530 superbia,
1043 4446 1188 4509 omnium
1235 4451 1336 4526 justi,
1362 4449 1392 4512 id
1423 4458 1481 4524 est,
1511 4451 1603 4533 quasi
1632 4469 1707 4514 vere
1734 4451 1806 4534 justi
1834 4450 1956 4517 luissent,

440 4566 518 4611 vero
532 4548 687 4610 virtutum
704 4546 1077 4620 fundamentumuutrix
1093 4555 1123 4608 et
1137 4547 1189 4608 de·
1243 4567 1343 4629 quum
1367 4548 1498 4612 luerunt
1522 4551 1778 4632 praesumptuosi,
1793 4550 1861 4613 rani
1884 4547 1956 4629 spiri-

442 4645 700 4723 cor,humilitas;
714 4645 832 4707 idcirco
847 4644 991 4708 Christus
1007 4645 1039 4707 in
1055 4664 1186 4727 evange·
1242 4646 1433 4729 tualiterque
1462 4647 1603 4729 superbi.
1629 4647 1720 4710 Tales
1746 4648 1855 4712 etenim
1877 4643 1957 4728 aliqui

442 4745 485 4808 lio
504 4745 575 4817 isto,
592 4744 631 4806 ad
654 4744 896 4806 detestationem
916 4742 1074 4826 superbiae
1093 4752 1187 4826 atque
1242 4745 1373 4808 luerunt
1392 4746 1424 4808 iu
1445 4746 1539 4809 turba
1558 4747 1610 4808 cui
1630 4747 1772 4811 Christus
1789 4743 1955 4830 praedicarit

440 4845 479 4906 ad
502 4841 691 4905 humilitatis
713 4859 854 4904 amorem
879 4850 911 4904 et
934 4843 1118 4924 amplexum
1144 4843 1189 4904 iu·
1242 4844 1381 4918 Quorum
1407 4845 1501 4908 corda
1526 4844 1653 4908 intuens
1679 4847 1758 4928 ipse,
1781 4850 1901 4928 propter
1919 4859 1957 4904 eo

440 4941 556 5004 lormat
586 4959 655 5014 nos,
680 4957 861 5023 proponens
890 4942 1073 5023 exemplum
1097 4943 1188 5005 valde
1242 4961 1314 5004 rum
1334 4943 1564 5006 correctionem
1586 4944 1666 5007 dixit
1686 4943 1853 5027 sequeutia,
1868 4958 1957 5023 quam-

441 5038 590 5103 notabile.
608 5039 715 5120 ltaque
730 5039 774 5100 ait
789 5038 988 5121 Evangelista
1005 5058 1012 5102 :
1030 5043 1126 5102 Discit
1140 5044 1189 5102 Je-
1242 5041 1290 5103 vis
1319 5059 1373 5103 eos
1402 5059 1465 5104 non
1494 5041 1687 5124 expresserit
1718 5041 1901 5106 nominatim.
1925 5039 1958 5100 lit

441 5159 496 5198 stes
512 5141 557 5198 ad
575 5139 731 5217 quosdam
748 5139 807 5216 qui
824 5139 860 5197 ira
880 5158 923 5208 se,
941 5138 970 5199 id
994 5145 1042 5200 est
1064 5139 1095 5200 in
1119 5156 1189 5220 pro·
1242 5141 1505 5215 aspernabantur
1529 5150 1647 5200 ceteros
1672 5147 1813 5223 tanquam
1842 5137 1957 5218 injustos

442 5237 520 5319 priis
546 5234 668 5299 meritis
696 5253 732 5298 ac
759 5235 881 5298 viribus
909 5237 1008 5318 magis
1033 5255 1128 5319 quam
1155 5237 1187 5298 iu
1242 5257 1277 5300 ae
1293 5237 1383 5313 viles,
1400 5257 1500 5320 quum
1521 5246 1627 5302 tamen
1644 5240 1704 5322 ipsi
1725 5239 1958 5317 solasuasuper·
