4206 6258
437 491 497 554 658
647 509 795 556 conturna
816 510 877 557 XXV
898 509 971 556 POST
991 509 1185 555 rntrtrrnrurt.
1206 526 1246 537 -
1268 507 1310 554 Ab
1330 509 1524 572 ncr.to10sos;
1546 509 1645 555 Sllffllo
1666 509 1778 554 sextus

437 685 472 739 ut
488 685 597 742 votum
613 682 808 763 paupertatis
824 699 934 745 eorum
955 681 1098 764 requirit.
1115 679 1225 743 Pro-A
1241 680 1395 742 mnitibus
1411 680 1529 743 debent
1548 699 1617 743 esse
1635 679 1764 752 reclusi,
1781 687 1927 760 tanquam
1945 678 1972 740 in

438 785 510 858 pter
528 780 613 860 quod
633 780 783 842 domiuus
803 780 992 844 Guillelmus
1009 779 1186 841 Antisiodo-
1240 779 1467 860 omnipotentis
1491 779 1546 842 uei
1571 779 1739 861 presentia
1764 778 1934 850 constituti,
1948 785 1973 838 ct

438 876 539 938 rensis
555 875 671 939 fatetur
686 878 718 940 in
733 878 864 940 Summa
878 879 1033 960 suaquod
1049 878 1186 941 tenuitas
1239 877 1342 939 vultui
1357 877 1465 959 gloriae
1484 879 1555 958 ejus
1576 877 1688 940 intenti
1703 878 1855 960 (quorum
1870 883 1917 938 est
1934 876 1971 938 di·

437 973 541 1036 rictus
562 982 594 1035 ct
612 977 746 1038 vestitus
765 976 844 1038 adeo
867 984 943 1038 sunt
964 977 1002 1038 de
1023 975 1185 1056 religionis
1240 994 1311 1037 cere
1336 994 1410 1038 cum
1436 976 1514 1050 Elia,
1534 976 1620 1038 Vivit
1643 976 1808 1048 Dominus,
1834 975 1864 1037 in
1890 974 2049 1054 cujusmm

437 1073 585 1147 essentia,
602 1074 686 1154 quod
703 1092 766 1137 non
782 1075 866 1136 cadit
881 1073 1076 1156 dispensatio
1090 1092 1186 1155 super
1240 1082 1412 1156 conspectu
1428 1081 1476 1137 sto
1492 1074 1610 1154 bodie),
1626 1081 1662 1135 ut
1676 1091 1771 1137 omne
1787 1090 1867 1155 opus
1882 1073 1974 1134 Domi·
1986 1061 1998 1098 ¹·

437 1188 483 1231 ea.
500 1170 645 1252 Insuper,
667 1191 724 1254 per
746 1173 954 1234 mutationem
976 1172 1122 1244 restitus,
1140 1171 1185 1232 in·
1241 1172 1272 1233 ni
1302 1170 1447 1234 alliciant
1480 1171 1659 1253 diligenter,
1689 1180 1722 1232 et
1746 1171 1838 1251 juxta
1869 1172 1974 1250 regula

437 1268 548 1330 nuitur
567 1270 651 1350 quod
672 1271 847 1334 monachus
867 1271 906 1332 de
925 1271 1023 1351 gradu
1044 1288 1186 1333 commu·
1240 1253 1311 1331 suaa¹
1331 1276 1474 1331 tenorem
1503 1267 1669 1330 ambulent
1698 1267 1844 1330 timorate
1873 1267 1975 1329 indesi-

438 1366 488 1428 nis
507 1367 611 1449 plebis
631 1369 670 1431 ad
692 1368 837 1432 altiorem
857 1369 1032 1430 assumitur
1051 1368 1185 1448 gradum
1240 1375 1363 1440 uenter,
1374 1386 1433 1428 nec
1451 1367 1592 1429 intuente
1607 1367 1772 1429 Altissimo
1786 1365 1920 1428 audeant
1933 1384 1975 1427 co

436 1483 472 1526 ac
492 1466 638 1528 ordinem
656 1485 662 1528 :
681 1475 810 1549 propter
827 1468 913 1549 quod
929 1469 967 1528 ad
988 1484 1102 1529 noram
1124 1485 1186 1528 me·
1239 1466 1339 1546 gitare
1353 1474 1384 1527 et
1399 1464 1550 1527 allectare
1570 1465 1654 1546 quod
1675 1483 1783 1527 coram
1802 1463 1973 1526 bominibus

438 1563 614 1645 lioremquc
636 1565 733 1627 vitam
756 1573 892 1627 tenetur.
1240 1563 1465 1626 erubescerent
1486 1564 1601 1626 dicere.

478 1662 522 1724 lle
536 1662 586 1725 his
603 1662 636 1724 iu
652 1662 734 1726 libro
749 1664 880 1744 praelato
900 1664 1000 1726 multa
1016 1663 1185 1747 Dionysius
1278 1662 1331 1724 Vae
1355 1662 1452 1743 igitur
1476 1661 1633 1742 religiosis
1658 1661 1770 1743 pigris,
1793 1659 1972 1727 carnalibus.

436 1779 525 1823 sacer
544 1762 729 1836 conscribit,
747 1763 920 1844 exquibus
939 1763 1185 1826 fundamentali-
1240 1759 1431 1822 intimoratis
1454 1777 1491 1820 ac
1514 1760 1689 1832 dissolutis,
1706 1759 1762 1841 qui
1787 1777 1859 1820 curn
1884 1758 1974 1838 iugra-

436 1867 484 1920 ter
513 1859 683 1922 innotescit
710 1879 806 1942 quam
836 1861 970 1934 interna,
996 1861 1183 1943 spiritualis,
1199 1861 1223 1922 B
1240 1857 1373 1920 tissimis
1389 1857 1452 1920 illis
1466 1858 1582 1921 iudeis
1598 1858 1732 1919 redeunt
1747 1858 1842 1920 corde
1857 1857 1887 1918 in
1899 1858 1975 1938 AEgq·
1994 1881 2011 1920 r

437 1977 516 2039 pura
537 1977 574 2021 ac
597 1958 760 2022 fructuosa
779 1958 999 2040 religiosorum
1020 1977 1185 2022 conversa·
1241 1965 1330 2039 ptum
1360 1956 1468 2019 seculi
1493 1957 1590 2037 bujus
1614 1975 1764 2038 nequam,
1791 1956 1851 2018 boc
1877 1963 1923 2017 est
1942 1947 2015 2016 ad²·⁸

435 2055 481 2118 tio
504 2056 618 2118 debeat
639 2076 719 2131 esse,
736 2056 812 2138 quia
833 2057 942 2120 divino
964 2058 1118 2139 obsequio
1142 2065 1185 2120 to·
1240 2055 1382 2118 levitates
1398 2055 1549 2137 pueriles,
1566 2056 1606 2117 ad
1625 2056 1781 2118 vanitates
1797 2061 1829 2117 et
1847 2054 1975 2118 allectio-

437 2154 542 2216 taliter
567 2155 738 2237 mancipati
767 2155 954 2218 consistunt.
981 2156 1102 2218 ldcirco
1128 2175 1186 2238 per
1240 2171 1296 2215 nes
1317 2153 1470 2227 carnales,
1486 2155 1525 2216 ad
1549 2154 1755 2236 loquacitates
1776 2162 1808 2216 et
1831 2153 1976 2216 lautitiam

436 2251 632 2315 sacrilicium
649 2253 729 2316 illud
746 2253 844 2333 legale
860 2254 945 2336 quod
965 2254 1184 2317 holocaustum
1238 2261 1351 2332 gustus
1375 2251 1672 2334 oblectamentaque
1694 2253 1838 2334 corporis
1855 2253 1976 2334 :sicque

436 2357 585 2412 vocatum
609 2357 668 2423 est,
690 2359 765 2412 sunt
787 2352 939 2433 expressi.
960 2351 1183 2415 llolocaustum
1239 2351 1278 2413 ad
1293 2351 1560 2432 transgressiones
1576 2359 1608 2413 et
1627 2351 1838 2432 negligentias
1855 2351 1976 2412 detesta-

437 2467 576 2531 namque
590 2467 646 2512 seu
663 2450 830 2512 incensum
846 2451 884 2512 ad
905 2451 1021 2513 divinae
1039 2451 1184 2530 majesta·
1240 2449 1320 2511 biles
1335 2448 1524 2511 alliciuntur
1538 2448 1681 2531 quotidie
1697 2451 1911 2531 proniores‚ct
1923 2459 1978 2510 tau

436 2548 477 2609 tis
493 2547 646 2610 honorem
662 2548 800 2611 totaliter
815 2548 1073 2622 comburebatur,
1090 2549 1128 2610 ad
1146 2548 1184 2610 ti·
1239 2547 1312 2609 dem
1332 2547 1378 2608 sic
1399 2547 1588 2609 indurantur
1611 2555 1646 2610 ut
1665 2547 1829 2630 propriam
1853 2564 1913 2609 non
1934 2547 1977 2608 ad·

436 2646 615 2726 gur-andum
639 2647 724 2728 quod
746 2647 886 2727 religiosi
908 2647 1027 2710 debent
1050 2667 1084 2709 se
1103 2656 1184 2711 totos
1239 2653 1363 2708 vertant
1378 2646 1515 2719 ruinam,
1532 2665 1591 2708 nec
1607 2665 1665 2709 sua
1679 2654 1816 2729 pensent
1833 2647 1975 2728 pericula.

438 2745 502 2807 lieo
516 2744 634 2806 offerre
655 2745 838 2826 mundoque
859 2753 1000 2809 mortuos
1020 2746 1181 2808 exhibere.
1240 2745 1305 2806 imo
1319 2763 1378 2806 uec
1393 2743 1661 2819 informationem,
1669 2764 1728 2808 nec
1744 2745 1976 2827 correptionem,

289 2866 353 2909 nom.
364 2869 421 2918 me.
437 2843 558 2916 Quibus
576 2843 806 2925 specialissime
822 2843 867 2905 ait
881 2845 1050 2926 Apostolus
1062 2862 1069 2906 ε
1082 2845 1185 2907 Nolite
1241 2844 1406 2925 multoque
1422 2843 1529 2905 minus
1547 2845 1776 2907 correctionem
1793 2845 1975 2926 suscipiantj.

300 2965 423 3018 etiamn,
438 2939 630 3003 conformari
655 2941 730 3004 huic
754 2942 888 3021 saeculo;
905 2951 936 3005 et
960 2961 1070 3004 rursus
1087 2961 1094 3005 :
1111 2944 1184 3017 Quae
1239 2943 1294 3004 sed
1311 2941 1350 3003 lit
1367 2941 1414 3003 eis
1432 2941 1520 3004 frons
1541 2941 1686 3005 mulieris
1707 2943 1897 3017 meretricis,
1912 2943 1977 3024 quia
1997 2960 2039 3002 a„

290 3031 335 3070 t-a.

438 3057 566 3101 sursum
592 3047 667 3100 sunt
686 3038 838 3120 quaerite3
864 3059 934 3121 quae
959 3059 1085 3102 sursum
1111 3041 1221 3104 suntll
1240 3041 1278 3102 de
1293 3041 1359 3102 suis
1375 3040 1463 3103 vitiis
1482 3039 1671 3103 erubescere
1688 3049 1839 3103 renuunt.
1855 3041 1975 3114 Quibus.

438 3137 550 3219 sapite,
576 3155 640 3200 uon
664 3156 735 3218 quae
764 3155 861 3219 super
890 3146 1006 3200 terram
1034 3157 1040 3200 :
1068 3140 1184 3202 mortui
1241 3146 1275 3199 ut
1296 3138 1500 3201 beatissimus
1523 3139 1673 3221 princeps
1694 3138 1918 3220 Apostolorum
1941 3139 1977 3201 lo-

437 3235 523 3297 euim
551 3235 639 3310 estis,
661 3243 692 3298 et
717 3236 782 3298 vita
805 3243 909 3299 vestra
932 3236 1117 3300 abscondita
1138 3245 1186 3300 est
1240 3247 1332 3302 cutus
1356 3247 1414 3312 est,
1437 3239 1571 3320 contigit
1595 3239 1674 3302 illud
1699 3241 1768 3303 veri
1792 3240 1948 3322 proverbii
1969 3259 1974 3302 :
1994 3255 2068 3297 rinc.

439 3352 513 3395 eum
533 3333 659 3396 Christo
680 3333 713 3395 iu
735 3334 807 3397 Deo.
832 3335 912 3396 llinc
935 3335 1117 3398 coeuobium
1140 3355 1186 3398 se·
1240 3337 1332 3400 Canis
1347 3356 1494 3400 reversus
1509 3338 1548 3400 ad
1563 3339 1720 3400 vomitum
1739 3357 1855 3418 suum;
1870 3348 1911 3412 et,
1927 3322 2010 3401 Sus'*

439 3431 551 3513 pulcro
574 3432 780 3506 assimilatur,
806 3433 882 3514 quia
907 3433 938 3494 in
965 3434 1111 3497 coeuobio
1135 3436 1186 3497 de·
1240 3437 1303 3498 lota
1327 3436 1359 3496 in
1384 3435 1550 3499 volutabro
1576 3436 1644 3497 luti.
1668 3438 1879 3499 Attendamus
1901 3455 2061 3517 ergata-t„⁴

439 3529 494 3591 bet
520 3530 687 3610 religiosus
716 3531 790 3592 huic
822 3531 941 3592 mundo
968 3531 1120 3595 abscondi
1148 3552 1186 3595 ac
1239 3534 1394 3610 obatres,
1410 3535 1608 3598 vocatiouem
1624 3534 1920 3618 professionemque
1935 3553 1979 3598 oo

439 3629 530 3690 mori.
556 3629 643 3691 Unde
668 3637 699 3690 et
723 3629 897 3691 claustrum
921 3649 940 3691 a
962 3630 1108 3693 clausura
1133 3650 1186 3694 uo
1240 3642 1355 3712 stram3
1371 3641 1403 3694 et
1425 3641 1539 3695 cuncta
1561 3633 1701 3696 carnalia
1722 3653 1760 3696 ac
1785 3643 1978 3717 terrena-pm

439 3745 513 3788 meu
528 3728 661 3809 accepit,
678 3727 754 3808 quie
768 3727 951 3790 claustrales
971 3729 1011 3790 ab
1028 3730 1185 3792 universis
1241 3731 1340 3794 nibilo
1354 3730 1715 3814 adspicientes,Domiuo
1732 3734 1907 3814 majestatis
1921 3752 1980 3796 cum
2079 3745 2080 3786 ἒ

439 3823 547 3887 saeculi
577 3825 673 3906 hujus
688 3826 991 3908 inquietudinibus,
1017 3828 1113 3901 curis,
1139 3837 1186 3890 tu·
1239 3830 1324 3891 omni
1340 3830 1498 3912 spirituali
1514 3830 1658 3913 profectu
1672 3832 1797 3914 jugiter
1810 3835 1979 3896 serviamus.

988 4257 1181 4345 SERMO
1220 4260 1440 4348 SEXTUS

776 4523 814 4568 DE
837 4523 939 4580 ΕΟΒΜΑ
960 4525 997 4569 lll'
1018 4523 1263 4572 stonlrtcnrtortu
1284 4526 1414 4588 utullus
1436 4527 1657 4578 NONAGHORUU.

479 4799 623 4864 NDUJr
635 4801 1306 4872 meDomicccscestc'mentosalutis,linisi
1335 4822 1418 4866 verce
1446 4805 1620 4876 devotioni,
1651 4813 1854 4894 contemptui
1884 4812 1982 4876 muudi

493 4906 522 4956 et
538 4898 728 4956 indumento
736 4898 883 4974 justitiae
896 4899 1112 4958 circumdedit
1128 4919 1186 4960 me.
1244 4901 1481 4984 virtutibusque
1515 4905 1650 4978 insistat,
1681 4927 1771 4970 nunc
1804 4910 1924 4993 aliquid
1952 4911 1982 4970 dr

440 4996 479 5057 Is.
497 5013 557 5068 uxr,
575 4992 623 5058 lo.
1245 4999 1314 5081 ipso
1330 5001 1505 5065 monastico
1520 5002 1630 5065 habitu
1646 5011 1695 5065 est
1710 5010 1917 5088 tangendum.
1933 5009 1982 5069 llo

482 5094 520 5154 Ut
535 5092 702 5174 religiosus
721 5092 864 5155 advertat
882 5112 978 5174 quam
993 5093 1190 5156 abominabi·
1244 5099 1418 5161 nachorum
1438 5101 1557 5163 etenim
1578 5102 1718 5176 babitus,
1736 5123 1803 5168 non
1823 5108 1923 5170 solum
1942 5105 1982 5166 lit-

442 5191 481 5254 lis
510 5200 541 5254 et
571 5191 721 5271 injustus,
748 5210 908 5273 quamque
937 5192 1129 5254 deridendus
1157 5200 1189 5255 et
1244 5196 1362 5271 teralis,
1388 5199 1497 5262 sedet
1520 5201 1674 5282 mysticus
1700 5204 1902 5284 perhibetur.
1919 5203 1982 5286 quia

442 5291 558 5352 stultus
573 5292 613 5352 sit
628 5307 734 5353 coram
755 5291 933 5372 inspectore
952 5290 1096 5352 cordium
1113 5291 1187 5365 Deo,
1244 5312 1307 5356 nou
1332 5294 1436 5358 solum
1462 5305 1568 5360 certus
1592 5299 1722 5362 babitus
1746 5303 1796 5364 eis
1821 5303 1982 5386 prefigitur
