4154 6258
447 492 507 559 tte
702 512 851 561 nonnum
872 515 912 560 xv
934 513 1007 560 rosr
1027 509 1222 560 rnrnrrarnu.
1242 527 1282 539 -
1302 509 1477 556 summme
1498 508 1530 556 m
1551 508 1746 557 evanescunt

451 701 515 746 non
530 683 667 748 habeant
684 685 795 747 cibost
811 687 927 749 Nonne
943 705 996 743 aas
1012 685 1115 760 napis
1125 679 1240 758 pla-h
1256 683 1435 761 inquirunt
1455 700 1528 744 cum
1548 681 1764 745 sollicitudine
1784 679 1970 754 immoderata,

452 786 512 854 ris,
522 783 553 846 id
569 792 617 847 est
632 784 762 866 majoris
778 783 941 865 dignitatis
957 801 993 844 ac
1008 781 1114 864 pretii,
1125 784 1201 841 estis
1254 781 1406 862 quoniam
1436 781 1669 863 providentiam
1694 779 1750 842 Dei
1780 779 1915 860 ignorant
1931 787 1972 842 aut

451 883 522 941 illis
537 882 742 945 volatilibus?
758 883 797 944 Et
816 899 872 964 per
892 899 1091 962 consequens
1109 877 1200 942 vobis
1254 895 1317 941 non
1339 879 1520 953 advertunt,
1538 885 1686 960 putantes
1707 878 1809 941 Deum
1831 877 1891 940 bac
1910 878 1972 940 inle

452 979 557 1060 potius
586 979 768 1062 providebit
791 998 887 1061 quam
913 978 987 1040 illis.
1014 978 1048 1040 ln
1075 983 1199 1038 tantum
1253 977 1337 1040 riora
1364 995 1428 1040 non
1457 994 1649 1058 cognoscere
1681 976 1839 1050 distincte,
1860 994 1911 1038 nec
1933 996 1972 1038 ac-

451 1077 600 1159 equidem
623 1078 726 1160 major
745 1097 821 1141 cura
841 1085 889 1141 est
903 1078 967 1139 lleo
987 1076 1026 1138 dc
1042 1074 1199 1138 rationali·
1253 1083 1304 1138 tus
1320 1076 1476 1138 humanos
1490 1075 1695 1139 determinate
1707 1074 1973 1158 particulariterque

451 1174 511 1238 bus
527 1195 622 1258 quam
640 1175 876 1240 irrationalibus
892 1175 1056 1249 creaturis,
1066 1180 1102 1235 ut
1116 1173 1200 1236 dicat
1254 1174 1423 1257 disponere
1438 1181 1470 1237 et
1483 1193 1603 1249 curare,
1611 1174 1703 1256 juxta
1718 1173 1798 1236 illud
1811 1173 1971 1236 Psalmiste:

305 1290 437 1345 learns.
451 1273 621 1356 Apostolus
653 1293 660 1338 :
691 1275 854 1357 Numquid
884 1293 960 1337 cura
990 1281 1038 1335 est
1066 1272 1131 1335 lleo
1160 1271 1199 1333 de
1254 1272 1418 1346 linierunt,
1435 1271 1597 1344 Quomodo
1622 1271 1683 1333 scit
1704 1271 1808 1334 lleust
1828 1277 1866 1345 et,
1886 1270 1912 1333 Si
1933 1279 1972 1334 est
1991 1293 2059 1348 nm

451 1372 577 1436 bobust
1254 1371 1389 1434 scientia
1407 1371 1440 1432 in
1464 1369 1618 1433 Excelsol
1633 1371 1703 1432 Scit
1724 1372 1810 1431 euim
1829 1372 1916 1431 Pater
1933 1361 2005 1430 sel·

492 1475 573 1542 Quis
586 1482 695 1534 autem
710 1483 853 1534 oestrum
867 1473 1012 1550 capitana
1022 1479 1128 1547 potest
1142 1471 1199 1530 ad·
1255 1479 1322 1530 ster
1335 1469 1522 1541 ccelesiisid
1537 1477 1585 1532 est
1599 1469 1683 1532 Deus
1698 1469 1897 1551 omnipotens,
1905 1487 1973 1532 unus

443 1571 550 1648 jiaere
564 1573 609 1632 ad
622 1581 785 1632 staturam
800 1590 892 1631 suam
907 1570 1053 1629 cubitum
1070 1568 1200 1628 unum?
1255 1569 1288 1630 in
1303 1569 1440 1631 essentia
1455 1576 1487 1631 et
1501 1569 1604 1631 trinus
1621 1568 1654 1630 in
1670 1567 1823 1650 personis.
1840 1567 1923 1648 Cujus
1937 1569 1975 1630 in-

451 1669 484 1731 id
512 1676 571 1744 est,
597 1688 698 1752 quum
723 1686 819 1732 nemo
848 1669 948 1751 possit
977 1667 1118 1750 corporis
1148 1665 1199 1728 sui
1255 1665 1396 1729 effabilis
1411 1667 1720 1749 pietas,dulcissima
1733 1666 1853 1741 caritas,
1864 1665 1976 1728 immer-

452 1769 662 1850 quantitatem
682 1786 798 1850 augere
819 1767 928 1830 cubito
947 1784 1021 1841 uno,
1038 1765 1094 1828 sed
1115 1765 1198 1828 Deus
1256 1784 1291 1828 sa
1318 1765 1459 1846 dignatio
1488 1772 1576 1848 patet
1598 1765 1633 1828 in
1661 1766 1735 1840 hoc,
1760 1765 1842 1847 quod
1864 1783 1880 1827 a
1900 1765 1975 1828 nobis

450 1867 504 1929 det
532 1867 743 1949 quantitatem
773 1867 833 1929 sibi
860 1865 1051 1949 placentem,
1076 1871 1199 1927 constat
1217 1866 1240 1930 B
1256 1863 1470 1947 pauperrimis
1485 1864 1671 1927 vermiculis
1687 1872 1777 1947 pater
1791 1864 1931 1947 appellari
1942 1864 1976 1926 di·

450 1967 535 2048 quod
555 1968 594 2030 de
614 1967 767 2029 alimento
785 1964 1015 2028 sufficientiam
1035 1963 1197 2044 largietur,
1254 1970 1378 2044 gnatur.
1405 1963 1466 2025 Sed
1494 1961 1734 2025 formidandum
1759 1971 1808 2026 est
1833 1962 1924 2036 nobis,
1944 1981 1974 2024 re
2058 2015 2059 2024 ,

450 2064 600 2127 similiter
618 2065 657 2128 de
672 2063 802 2127 vestitu.
820 2063 892 2126 ldeo
912 2061 1083 2125 subditur:
1101 2065 1145 2124 lit
1159 2064 1198 2121 cie
1255 2069 1383 2144 pmpter
1397 2062 1654 2144 ingratitudinem
1669 2069 1701 2124 et
1715 2062 1927 2143 negligentiam
1937 2080 1976 2125 no

450 2166 638 2225 uestimento
659 2166 752 2244 quid,
768 2163 801 2226 id
820 2170 869 2225 est
887 2180 954 2236 cur,
970 2162 1105 2222 solliciti
1123 2161 1199 2220 estis
1254 2168 1352 2223 stram
1367 2179 1548 2224 mereamur
1562 2161 1673 2224 audire
1688 2161 1729 2224 ab
1744 2179 1782 2224 eo
1799 2161 1973 2224 illudlssie:

451 2262 636 2344 superflue?
652 2263 690 2324 Et
709 2261 794 2344 quod
814 2261 888 2323 inde
908 2259 1116 2323 immoderate
1137 2257 1198 2321 sol·
1254 2259 1350 2322 Filios
1365 2259 1500 2323 exaltavi
1516 2267 1548 2322 et
1562 2259 1783 2342 enutrivi,ipsi
1796 2267 1895 2322 autem
1908 2277 1975 2341 spre
1993 2276 2014 2317 r.
2024 2278 2059 2338 a,

452 2359 568 2422 licitari
584 2378 647 2423 non
663 2359 809 2434 debeant,
823 2357 936 2440 probat
949 2357 1197 2420 inanimatorum
1254 2367 1369 2421 verunt
1389 2378 1451 2422 me.
1468 2362 1554 2430 Quia
1573 2361 1625 2420 nis
1640 2362 1801 2430 omnibus,
1815 2360 1926 2424 seilicet
1941 2359 1974 2421 ci·

451 2459 609 2540 exemplo.
628 2461 837 2521 Considerate
852 2460 927 2517 lilia
940 2458 1028 2535 apri,
1044 2475 1115 2538 quae
1132 2474 1198 2518 cre·
1254 2457 1306 2531 bo,
1322 2465 1410 2541 potu,
1428 2458 1555 2532 vestitu,
1572 2458 1767 2534 habitaculo,
1784 2460 1935 2537 indipetis.
2058 2459 2059 2550 l

450 2564 543 2621 scunt
565 2558 597 2620 in
616 2575 701 2640 agro,
718 2558 1045 2637 quomodocrescunt.
1062 2557 1199 2618 Nonia—
1294 2557 1340 2630 Ex
1354 2557 1472 2640 quibus
1487 2557 1638 2620 omnibus
1653 2556 1753 2620 infert
1767 2557 1900 2621 Salvator
1911 2558 1975 2619 salu·

451 2659 687 2737 cornuumque
697 2665 775 2717 nent
790 2673 848 2738 pro
862 2654 1031 2737 adeptione
1045 2654 1198 2717 naturalis
1253 2656 1430 2719 berrimum
1450 2658 1689 2719 documentum.
1707 2659 1848 2726 Quaerite
1861 2677 1937 2734 arao,
1950 2656 1975 2717 id
2058 2665 2059 2748 p

453 2754 667 2818 consistentia
680 2771 716 2816 ac
732 2753 866 2826 decoris,
883 2760 915 2815 et
929 2759 1035 2815 tamen
1051 2752 1198 2835 pulcher·
1254 2761 1312 2829 est,
1330 2754 1574 2830 benevivendo,
1592 2754 1848 2837 contemplando,
1860 2755 1975 2817 amando
2058 2759 2059 2846 t

451 2854 532 2916 rime
556 2853 756 2927 decorantur,
780 2851 957 2914 secundum
980 2852 1065 2933 quod
1089 2850 1197 2914 subdi·
1253 2853 1387 2936 adipisci
1406 2854 1541 2928 studete,
1553 2856 1704 2931 primum
1721 2853 1975 2932 repercutiente

449 2958 501 3013 tur
512 2953 608 3012 :Dico
623 2961 732 3012 autem
749 2951 847 3020 vobis,
864 2951 1019 3030 quoniam
1036 2969 1093 3010 nec
1106 2953 1198 3012 Salo-
1254 2968 1318 3035 quo
1341 2952 1473 3035 Sapiens
1498 2951 1611 3014 scribit
1636 2969 1643 3014 τ
1668 2952 1750 3015 lusti
1772 2951 1922 3034 accipient
1941 2969 1976 3012 re
1989 2953 2059 3038 susq

449 3050 594 3132 namqui
610 3049 672 3112 luit
685 3069 739 3112 rer
752 3049 844 3111 valde
859 3048 948 3112 dives
962 3067 999 3111 ac
1014 3056 1198 3131 prepotens,
1213 3053 1235 3116 G
1253 3070 1352 3133 gnum
1367 3051 1491 3114 decoris
1505 3058 1537 3114 et
1552 3051 1699 3114 diadema
1713 3052 1831 3134 speciei
1847 3052 1884 3114 de
1899 3069 1975 3113 manu

449 3151 486 3210 in
501 3151 592 3210 omni
601 3150 712 3227 ylario
726 3168 797 3219 sua,
814 3147 846 3210 id
866 3155 915 3210 est
933 3155 1086 3231 apparatu
1104 3154 1199 3229 atque
1252 3149 1388 3213 Domini.
1406 3149 1471 3213 Hoc
1495 3167 1629 3230 regnum
1651 3157 1700 3214 est
1724 3148 1884 3213 beatitudo
1904 3148 1977 3212 ciale
2058 3173 2059 3248 p

449 3255 562 3312 ornatu
578 3265 645 3323 suo,
663 3256 830 3324 coopertus
844 3256 902 3318 est,
918 3246 950 3307 id
970 3254 1028 3320 est,
1045 3253 1110 3308 tam
1128 3265 1198 3328 spe·
1252 3248 1320 3323 stis,
1346 3267 1401 3310 seu
1428 3247 1578 3311 Ecclesia
1602 3247 1831 3330 triumphantis
1854 3249 1975 3312 societas.
2058 3251 2059 3262 ¹

449 3347 534 3410 ciose
548 3353 678 3409 ornatus
693 3353 751 3420 cst,
761 3347 844 3406 siaul
860 3365 964 3406 unuin
980 3365 1020 3404 ea
1034 3346 1107 3405 istis
1121 3344 1198 3407 liliis
1251 3347 1339 3420 Quod
1358 3366 1458 3428 quum
1475 3346 1517 3408 sit
1531 3346 1608 3409 linis
1627 3353 1747 3422 noster,
1764 3347 1865 3430 primo
1884 3347 1977 3409 eaden

448 3447 525 3528 agri.
543 3446 616 3519 Quae
640 3445 726 3508 enim
747 3463 889 3526 purpura
908 3462 1030 3525 regum,
1047 3463 1118 3526 quaa
1138 3443 1199 3505 tin·
1251 3444 1347 3507 debct
1362 3445 1395 3506 in
1415 3443 1602 3518 intentione,
1618 3451 1714 3526 atque
1735 3444 1774 3506 ad
1793 3444 1895 3528 ipsum
1910 3445 1977 3508 ordi-

448 3553 538 3608 ctura
560 3543 723 3606 artificum
745 3542 863 3624 aequari
884 3542 1002 3625 poterit
1023 3542 1199 3624 pulchritu-
1251 3542 1520 3605 nandasuutalia
1540 3542 1698 3606 universa.
1718 3543 1778 3607 Sed
1799 3543 1979 3626 quonismil

448 3643 516 3705 dini
533 3641 671 3704 ilorum‘t
687 3641 745 3703 Ars
763 3659 879 3723 nempe
900 3640 1040 3702 humana
1055 3639 1198 3702 imitatur
1252 3640 1306 3703 lud
1325 3641 1460 3723 adipisci
1484 3659 1548 3704 non
1568 3659 1741 3723 possumus
1764 3642 1827 3704 nisi
1845 3641 1977 3705 servando
2058 3649 2059 3656 ’

449 3751 607 3813 naturam,
624 3757 688 3801 nou
704 3745 809 3801 autem
829 3738 973 3820 adaquat
988 3757 1069 3800 eam.
1085 3741 1127 3800 Si
1140 3759 1197 3800 au·
1252 3744 1420 3820 praecepta,
1434 3737 1506 3800 ideo
1521 3737 1608 3801 addit
1622 3737 1977 3817 Salvator:etjmtitiau

450 3849 513 3900 tem
527 3840 653 3915 faenum
669 3839 756 3915 apri,
771 3837 803 3899 id
819 3845 868 3899 est
883 3837 1027 3912 herbam,
1044 3841 1130 3917 quod
1145 3839 1199 3898 lra-
1251 3838 1334 3915 ejus,
1349 3836 1381 3898 id
1403 3843 1462 3911 est,
1479 3853 1575 3918 opera
1598 3835 1741 3899 virtuosa
1764 3855 1801 3899 ac
1826 3837 1976 3908 meritorio,

448 3939 503 3998 die
522 3944 580 4006 est,
600 3945 630 3996 et
649 3955 735 4005 cras,
757 3935 789 3997 id
811 3943 859 3997 est
882 3935 945 3997 cito
969 3943 1040 4017 post
1064 3936 1143 4011 baec,
1161 3937 1198 3996 in
1251 3934 1369 4017 quibus
1384 3934 1423 3996 ad
1438 3953 1572 4016 regnum
1588 3934 1718 3998 ooeleste
1733 3936 1928 4017 pertingitur,
1937 3954 1978 3997 er·

447 4036 613 4096 clibanum
626 4035 773 4094 mittitur
784 4033 823 4094 ad
839 4031 1198 4108 comburendum,Deus
1251 4040 1366 4096 arcete.
1391 4033 1469 4096 Nam
1494 4032 1577 4095 lides
1601 4033 1671 4095 siue
1696 4033 1849 4116 operibus
1873 4043 1979 4098 mortua
2001 4039 2047 4120 lm

448 4135 494 4194 sic
509 4134 617 4204 uestit,
633 4131 666 4194 id
681 4137 740 4205 est,
755 4137 821 4193 tam
837 4129 971 4212 pulchre
987 4133 1197 4195 ornatvirore
1251 4134 1369 4194 estitit
1393 4133 1460 4192 lac
1481 4133 1591 4192 omnia
1614 4131 1688 4194 vita
1713 4133 1890 4196 necessaria
1910 4111 2010 4210 adii-³⁹·

447 4251 484 4294 ac
499 4232 570 4295 aliis
585 4228 810 4315 qualitatibus;
826 4239 947 4309 quanto
963 4231 1068 4308 mauis
1082 4231 1197 4294 vestiet
1212 4236 1237 4300 Ι)
1251 4232 1382 4291 cientur
1406 4232 1505 4302 uobis,
1529 4230 1621 4313 quasi
1649 4229 1734 4294 bona
1759 4232 1938 4295 secundaria
1955 4239 1979 4293 et

448 4354 502 4394 vos
516 4333 650 4393 modicae
663 4330 755 4408 fidei,
771 4327 826 4410 qui
846 4327 885 4390 de
900 4327 1009 4390 divina
1029 4328 1196 4410 provideri·
1252 4329 1360 4391 minus
1389 4327 1590 4412 principalia,
1616 4335 1726 4392 tamen
1751 4337 1783 4392 et
1809 4329 1979 4393 necessaria

448 4431 492 4493 tia
522 4427 743 4513 imperfectam
772 4426 872 4489 iidem
898 4425 1034 4501 habetis,
1060 4426 1196 4509 ideoque
1251 4427 1405 4510 ltaque,si
1421 4427 1504 4490 bona
1518 4426 1697 4509 spiritualia
1712 4435 1745 4490 et
1758 4435 1875 4492 aeterna
1889 4429 1919 4491 in
1932 4428 1981 4512 pri·

448 4537 512 4590 tam
539 4527 779 4591 immoderatam
804 4524 1053 4588 sollicitudinem
1080 4526 1119 4588 de
1143 4543 1196 4588 ne·
1252 4525 1313 4588 rnis
1329 4527 1484 4607 condigne
1499 4526 1673 4609 querimus
1688 4535 1721 4590 et
1736 4536 1982 4603 consumentem

448 4625 594 4689 cessariis
614 4625 687 4687 vitae
707 4623 854 4686 habetist
1251 4626 1373 4708 poralia
1387 4625 1461 4690 vite
1475 4625 1662 4700 necessaria,
1669 4626 1735 4689 lleo
1749 4626 1981 4700 ordinante,non

488 4726 599 4789 Nolite
613 4742 688 4801 erqo
703 4723 837 4783 solliciti
850 4741 926 4793 esse,
943 4740 1017 4784 cum
1033 4721 1195 4804 inquietu-
1251 4726 1395 4788 deerunt.
1412 4725 1554 4788 Primum
1573 4731 1682 4789 autem
1701 4726 1742 4788 ad
1762 4727 1934 4790 secundum
1946 4745 1982 4788 re

448 4824 523 4888 dinc
546 4821 662 4885 mentis
683 4820 878 4903 impediente
899 4839 1011 4904 pacem
1037 4821 1194 4885 internam
1250 4822 1362 4886 fertur.
1380 4823 1438 4887 Per
1460 4823 1521 4888 hoc
1546 4823 1652 4906 itaque
1677 4825 1764 4906 quod
1788 4825 1927 4890 Salvator
1946 4843 1981 4886 re

448 4931 480 4987 et
495 4922 673 4985 libertatem
689 4919 793 4983 cordis
808 4919 841 4981 in
856 4919 1080 4995 lleo,dicenles
1088 4941 1099 4981 .·
1108 4924 1195 4990 Quid
1250 4941 1349 5004 gnum
1374 4924 1430 4986 llei
1455 4929 1487 4986 et
1506 4921 1663 5004 justitiam
1685 4923 1757 5006 ejus
1780 4925 1874 4989 docet
1893 4926 1982 5010 primo

446 5022 729 5091 manducabimus,
758 5027 816 5080 aut
843 5021 925 5099 quid
954 5021 1107 5090 bibemus,
1136 5029 1195 5082 aut
1250 5041 1319 5084 esse
1339 5022 1520 5104 quaerenda,
1537 5021 1642 5084 innuit
1661 5023 1850 5107 temporalia
1870 5041 1981 5108 quoquc

446 5144 509 5205 quo
533 5120 731 5199 operiemur,
757 5117 789 5181 id
812 5125 870 5194 est,
894 5118 1093 5182 vestiemurt
1117 5123 1195 5182 Haec
1249 5139 1318 5184 esse
1339 5121 1500 5185 moderate
1518 5121 1688 5204 quaerenda
1706 5141 1782 5188 cum
1802 5123 1910 5189 labore
1929 5125 1982 5186 lau

446 5224 534 5284 enim
553 5220 675 5290 omnia,
692 5223 802 5300 utpote
823 5216 943 5295 cibum,
961 5225 1083 5302 potum,
1099 5219 1194 5283 vesti·
1248 5219 1359 5295 dabili,
1389 5237 1454 5283 nou
1488 5239 1562 5282 curn
1592 5219 1808 5286 sollieitudine
1839 5223 1981 5296 saeculari,
1996 5271 2057 5316 Μ,

446 5331 525 5398 tum,
544 5328 668 5401 nentes,
691 5317 724 5380 id
745 5324 794 5381 est
815 5318 949 5400 gentiles
973 5325 1005 5382 et
1031 5317 1191 5394 infideles
1250 5339 1350 5402 quum
1365 5317 1521 5402 scriptum
1536 5317 1744 5384 sittLabores
1759 5341 1914 5388 manuum
1929 5333 2006 5386 tus-³.
