4192 6258
428 482 488 548 IIIS
770 502 917 550 nortmtcA
938 502 1015 548 XVIII
1036 501 1108 548 I’OSI‘
1128 500 1322 548 lemmatum
1342 519 1383 530 ·-
1404 500 1502 548 SERHO
1522 501 1646 548 TERTIUS

431 670 616 748 utilitatem,
641 673 791 738 videlicet
814 674 855 738 ob
884 674 1067 738 mercedem
1093 679 1181 737 ater·
1196 672 1221 735 A
1235 692 1349 756 parum
1374 681 1463 736 curat
1487 675 1525 738 de
1548 673 1704 756 corporali
1725 671 1900 756 praesentia,
1914 671 1962 734 nisi

294 784 418 837 mann,
432 790 518 847 nam,
536 791 636 854 quum
650 773 735 835 dicat
749 773 915 836 Psalmista
933 791 939 835 :
957 773 1112 836 inclinavi
1128 790 1183 836 eor
1236 772 1317 836 forte
1340 781 1469 857 propter
1491 775 1693 857 spiritualem
1716 772 1906 856 profectum,
1921 771 1964 834 sed

285 850 332 892 ¹¹²·
435 889 543 934 meum
557 872 596 934 ad
612 871 773 934 faciendas
791 871 1039 952 justificationes
1058 880 1128 934 tuas
1149 871 1181 933 in
1238 870 1363 936 sincero
1378 873 1482 936 cordis
1497 873 1615 935 intuitu
1630 892 1666 936 ac
1677 870 1853 954 tranquillo
1865 868 1964 932 aflectu

434 976 599 1044 aternum,
617 977 748 1053 propter
767 970 1021 1034 retributionem.
1040 970 1127 1032 Unde
1143 969 1183 1031 de
1238 969 1391 1033 dilectum
1412 972 1700 1054 contemplaturae
1718 969 1836 1050 diligit,
1852 968 1914 1032 sive
1925 968 1965 1031 ale

286 1079 421 1132 detauct-
435 1067 539 1150 Moyse
564 1067 643 1130 dicit
666 1068 846 1151 Apostolus,
874 1069 958 1151 quod
985 1068 1126 1151 respexit
1149 1067 1183 1129 in
1239 1075 1373 1144 sentem,
1404 1069 1471 1133 sive
1503 1077 1704 1152 praesentem.
1734 1067 1912 1132 Secundum
1935 1066 1965 1129 si-

436 1166 735 1230 remunerationem.
762 1167 951 1250 Oppositum
975 1166 1072 1247 hujus
1097 1167 1182 1230 vide·
1238 1186 1337 1248 gnum
1367 1168 1502 1231 carnalis
1525 1168 1655 1244 amoris,
1680 1175 1729 1230 est
1754 1165 1918 1230 collocutio
1937 1166 1966 1226 de

435 1271 497 1339 tur,
515 1265 590 1346 quia
605 1266 669 1328 Deo
684 1265 804 1328 servire
820 1273 852 1328 et
872 1265 1004 1345 diligere
1020 1283 1094 1326 eum
1112 1282 1183 1347 pro·
1238 1265 1329 1328 vanis
1355 1274 1389 1328 et
1415 1266 1584 1330 inutilibus
1615 1266 1721 1340 rebus,
1748 1264 1918 1348 presertim
1937 1264 1966 1326 de

434 1369 506 1444 pter
520 1363 682 1444 propriam
698 1363 868 1426 utilitatem
886 1371 917 1425 et
932 1363 1125 1437 mercedem,
1135 1369 1183 1424 est
1240 1365 1456 1446 magnitudine
1472 1373 1591 1430 mutue
1606 1363 1897 1438 dilectionis,rerba
1908 1363 1967 1424 adu

433 1460 498 1522 Deo
512 1461 560 1523 uti
579 1468 611 1523 ct
630 1478 664 1522 sc
685 1461 755 1543 ipso
775 1461 850 1536 frui,
867 1462 927 1525 hoc
948 1469 995 1524 est
1014 1463 1115 1524 Deum
1131 1461 1183 1523 ha·
1239 1463 1350 1526 latoria
1369 1472 1424 1527 aut
1446 1463 1565 1527 lasciva
1589 1464 1763 1526 miscendo.
1781 1462 1913 1525 Tertium
1934 1460 1965 1523 si·

432 1556 508 1619 bere
527 1575 585 1639 pro
605 1557 711 1620 medio
730 1566 763 1621 et
783 1576 817 1620 se
839 1558 947 1640 ipsum
966 1576 1024 1640 pro
1042 1557 1118 1620 fine.
1135 1559 1182 1620 Ad
1237 1579 1347 1642 gnum,
1364 1570 1412 1624 est
1432 1562 1605 1644 corporalis
1620 1561 1839 1632 contrectatio,
1855 1561 1965 1622 insertio

431 1654 513 1718 hanc
528 1657 736 1738 questionem
753 1657 882 1738 quidam
899 1656 1042 1720 doctores
1058 1675 1183 1739 respon·
1238 1679 1402 1734 manuum,
1418 1660 1590 1743 applicatio
1609 1661 1757 1731 laterum,
1773 1658 1928 1740 amplexus
1941 1665 1965 1720 et

431 1753 507 1816 dent
530 1753 735 1829 affirmative,
757 1754 811 1817 alii
836 1755 1003 1836 negative3
1023 1764 1182 1818 verumta·
1237 1758 1355 1833 oscula,
1373 1765 1601 1841 conmctnsque
1622 1759 1874 1838 uberum,atqne
1893 1756 1966 1818 simi-

431 1869 504 1914 men
520 1852 664 1915 insensu
680 1853 968 1915 concordantNam
982 1854 1102 1918 servire
1118 1855 1181 1918 Deo
1200 1852 1223 1914 B
1238 1856 1290 1932 lia,
1307 1876 1345 1919 ex
1361 1857 1478 1940 quibus
1495 1857 1681 1939 frequenter
1695 1856 1772 1919 hinc
1792 1856 1863 1918 inde
1878 1854 1967 1916 libidi-

430 1956 463 2012 et
481 1949 614 2031 diligere
634 1969 709 2013 eum
730 1958 861 2034 propter
880 1952 1043 2033 propriam
1066 1953 1182 2016 utilita-
1237 1955 1306 2019 nesi
1323 1963 1428 2018 motus
1443 1962 1625 2030 causantur,
1642 1962 1673 2016 et
1690 1954 1776 2037 quod
1791 1953 1965 2016 horrendum

430 2057 495 2112 tem
519 2067 555 2110 ac
578 2050 758 2112 mercedem
782 2050 1005 2133 principaliter
1026 2059 1122 2134 atque
1146 2052 1182 2115 fi·
1237 2063 1294 2128 est,
1312 2054 1463 2117 resolutio
1483 2053 1617 2116 seminis
1635 2071 1642 2116 :
1660 2072 1730 2136 quae
1750 2054 1838 2134 gravi
1856 2069 1912 2114 uon
1928 2070 1967 2113 ea·

431 2147 556 2221 naliter,
574 2148 606 2210 id
630 2155 678 2210 est
703 2149 809 2231 potius
834 2168 929 2232 quam
956 2158 1086 2233 propter
1110 2169 1181 2233 pro·
1237 2161 1308 2215 rent
1330 2153 1435 2235 culpa,
1452 2153 1604 2235 quoniam
1626 2171 1721 2215 causa
1744 2169 1852 2216 eorum
1870 2159 1967 2233 sponte

432 2245 534 2328 priam
551 2246 607 2309 Ilei
622 2245 954 2328 bonitatem,gloriam
970 2255 1002 2310 et
1017 2249 1179 2323 honorem,
1236 2252 1424 2314 admittitur,
1451 2252 1512 2314 Sed
1539 2252 1619 2315 ratio
1648 2251 1767 2314 carnali
1798 2251 1921 2313 mollitie
1944 2256 1968 2310 et

432 2362 620 2425 perversum
645 2353 693 2407 est
717 2363 723 2406 :
748 2345 858 2428 sicque
881 2347 1012 2429 quidam
1037 2348 1180 2412 docteres
1237 2350 1321 2414 foedo
1349 2367 1458 2414 amore
1486 2349 1705 2424 obtenebrata,
1736 2350 1770 2412 in
1802 2347 1969 2432 particulari

432 2441 596 2522 accipiunt
616 2460 757 2505 amorem
778 2445 1024 2520 mercenarium,
1040 2465 1181 2509 assereu·
1237 2466 1300 2511 non
1315 2448 1452 2511 advertit
1471 2466 1531 2511 nec
1548 2448 1672 2529 judicat
1691 2447 1777 2530 quod
1798 2446 1830 2508 in
1844 2445 1968 2528 generali

431 2546 479 2601 tes
496 2540 580 2621 quod
595 2558 685 2604 amor
699 2542 753 2604 ille
770 2543 859 2605 sitin
875 2562 909 2605 se
929 2543 1128 2608 inordinatus
1149 2553 1181 2607 et
1236 2547 1535 2610 indecentissimum
1555 2565 1626 2609 esse
1644 2547 1808 2628 cognoscit
1824 2563 1831 2608 :
1847 2545 1905 2608 imo
1922 2544 1967 2606 hir

431 2638 575 2701 vitiosus.
592 2639 652 2702 Sed
675 2640 738 2703 Deo
760 2641 880 2704 servire
902 2650 934 2704 et
954 2661 1028 2706 eum
1047 2644 1180 2724 diligere
1235 2663 1326 2708 amor
1347 2645 1424 2709 talia
1447 2644 1551 2708 efficit
1575 2645 1608 2707 in
1633 2645 1771 2719 occulto,
1795 2645 1894 2727 qualia
1915 2662 1966 2706 nec

432 2745 562 2819 propter
576 2739 756 2801 mercedem
773 2740 1006 2824 utilitatemque
1020 2743 1181 2826 propriam
1235 2744 1327 2807 fateri
1352 2763 1412 2808 nec
1436 2745 1496 2807 fari
1518 2745 1615 2807 audet
1635 2751 1757 2807 amator
1783 2745 1814 2806 in
1838 2743 1964 2826 publico.

432 2837 539 2899 minus
562 2837 783 2919 principaliter
804 2858 901 2922 quam
926 2849 1056 2923 propter
1080 2842 1180 2924 ipsius
1234 2845 1365 2926 Propter
1384 2843 1469 2925 quod
1488 2843 1533 2904 ait
1551 2842 1722 2925 Apostolus
1741 2843 1780 2904 ad
1803 2841 1964 2924 Ephesios:

431 2933 605 2998 bonitatem
628 2942 660 2998 et
680 2936 827 3017 gloriam,
846 2939 969 3000 licitum
994 2947 1052 3014 est,
1070 2959 1180 3022 quam·
1234 2942 1308 3016 Quae
1325 2942 1356 3003 in
1377 2941 1503 3004 occulto
1522 2940 1609 3004 fiunt
1626 2941 1666 3004 eh
1687 2941 1745 3016 eis,
1761 2949 1851 3022 turpe
1869 2949 1912 3002 cst
1925 2940 1965 3001 di·
1984 2954 2051 3010 rem

431 3032 480 3094 vis
496 3033 537 3094 sit
552 3033 790 3116 imperfectum,
803 3055 902 3117 quum
918 3037 959 3098 sit
974 3037 1018 3099 ibi
1035 3039 1179 3120 quaedam
1197 3038 1219 3103 G
1235 3059 1315 3104 cere.
1334 3040 1486 3114 Quartum
1507 3039 1647 3121 siguum,
1668 3047 1717 3102 est
1735 3039 1819 3122 qued
1843 3038 1963 3101 carnalis
1976 3022 1999 3061 ¹²

432 3130 564 3194 reflexio
584 3133 624 3195 ad
644 3152 678 3196 se
698 3134 815 3217 ipsum.
833 3135 938 3210 Porro,
955 3137 982 3198 si
1001 3136 1097 3200 hemo
1116 3156 1181 3200 ser·
1234 3145 1355 3202 amator
1369 3138 1439 3201 vult
1453 3139 1540 3202 solus
1554 3138 1666 3214 amari,
1678 3145 1711 3201 et
1725 3139 1764 3200 de
1780 3137 1862 3200 facili
1876 3137 1965 3219 suspi-

430 3229 497 3291 viat
511 3230 575 3292 Deo
594 3237 626 3293 et
646 3231 758 3312 diligat
778 3251 852 3295 eum
872 3242 1002 3317 propter
1022 3235 1180 3299 beneficia
1234 3245 1323 3300 cetur
1337 3237 1437 3299 alium
1452 3237 1526 3319 plus
1541 3237 1641 3301 amari
1657 3255 1755 3320 quam
1770 3237 1965 3310 sefluintnm,

432 3327 502 3408 ejus
517 3347 553 3391 ac
568 3330 710 3412 praemia,
728 3330 760 3392 iu
777 3339 932 3413 quantum
947 3333 1016 3395 sine
1032 3333 1095 3396 illis
1115 3335 1179 3398 Deo
1234 3343 1281 3398 est
1306 3336 1448 3418 pronitas
1478 3335 1618 3399 invicem
1648 3335 1832 3417 indignandi
1859 3353 1894 3398 ac
1915 3335 1966 3396 ira·

431 3428 561 3502 servire,
588 3428 714 3512 placere
738 3448 775 3491 ac
800 3429 884 3491 uniri
909 3449 972 3494 non
998 3440 1113 3515 potest,
1137 3435 1179 3496 ita
1234 3435 1352 3509 scendi,
1362 3435 1539 3516 iterumque
1554 3434 1966 3516 placandi,qnemadmodum

431 3528 516 3608 quod
546 3546 626 3609 pure
654 3536 749 3611 atque
778 3529 919 3592 totaliter
947 3530 1045 3593 refert
1075 3549 1112 3592 ea
1139 3531 1178 3593 ad
1233 3532 1325 3615 pueri
1342 3532 1405 3595 cito
1424 3532 1568 3594 rixantur
1582 3551 1620 3595 ac
1639 3532 1890 3596 reconciliantur.
1905 3531 1966 3594 Sex·

431 3626 532 3689 Deum
555 3635 587 3688 et
606 3627 676 3707 ejus
696 3627 869 3708 honorem3
886 3636 961 3690 tunc
980 3630 1045 3692 Deo
1059 3629 1179 3692 servire
1233 3639 1313 3705 tum,
1325 3638 1374 3694 est
1388 3629 1473 3693 datio
1488 3649 1544 3693 sen
1560 3631 1763 3694 transmissio
1777 3630 1965 3693 munusculo

432 3731 552 3786 etcum
572 3725 704 3806 diligere
724 3733 855 3808 propter
874 3725 1034 3789 beneficia
1053 3728 1123 3808 ejus
1142 3745 1179 3789 ac
1234 3727 1442 3810 rum,quibus
1458 3728 1510 3791 hic
1525 3746 1615 3791 amor
1629 3729 1778 3791 nutritur.
1791 3728 1962 3810 Septimum,

431 3823 573 3903 premia,
589 3841 792 3906 nequaquam
812 3824 1042 3907 perfectIenem
1063 3826 1180 3888 minuit
1233 3834 1282 3889 est
1296 3826 1444 3890 fraternae
1459 3826 1669 3909 correptionis
1683 3827 1853 3890 subtractio
1866 3835 1896 3889 et
1910 3845 1964 3888 mu·

432 3919 581 3993 caritatis
592 3920 656 3983 imo
671 3929 703 3984 et
716 3929 820 4004 auget,
827 3923 902 4005 qula
916 3930 1065 3986 tenemur
1079 3925 1179 3987 Deum
1233 3933 1361 3988 tuorum
1377 3925 1528 3988 vitiorum
1544 3925 1686 4007 palpatio
1700 3926 1769 3989 sive
1784 3926 1921 3996 laudatio,
1935 3925 1963 3985 in

432 4017 529 4080 etiam
554 4027 685 4102 propter
705 4019 863 4084 beneficia
885 4041 943 4084 sua
963 4041 999 4084 ac
1024 4022 1180 4104 promissa
1234 4031 1357 4086 tautum
1380 4024 1465 4106 quod
1483 4023 1590 4086 taliter
1610 4042 1643 4086 se
1664 4033 1816 4099 amantes,
1831 4023 1963 4105 frequen·

432 4135 548 4179 amare.
1234 4131 1282 4184 ter
1305 4140 1339 4184 se
1363 4129 1475 4185 mutuo
1497 4122 1612 4202 juvant
1640 4122 1674 4184 in
1703 4121 1895 4186 defendendo
1915 4139 1962 4183 sua

473 4215 625 4292 Subinde,
643 4217 717 4298 quia
737 4216 922 4299 frequenter
935 4234 1026 4280 arnor
1044 4217 1178 4280 carnalis
1193 4226 1218 4289 D
1234 4228 1372 4303 peccata.

432 4313 591 4396 spirituali
613 4315 712 4378 amori
734 4334 768 4378 se
790 4316 913 4392 miscet,
937 4325 969 4379 et
993 4316 1052 4379 sub
1072 4317 1179 4399 specie
1274 4320 1357 4382 Vitet
1373 4320 1478 4401 itaque
1494 4319 1722 4382 christifidelis
1738 4337 1860 4384 omnem
1871 4335 1962 4382 carue

432 4412 608 4492 spiritualis
623 4413 740 4476 amoris
756 4415 885 4496 quidam
903 4435 936 4478 se
950 4423 1058 4478 amant
1073 4434 1180 4478 carna·
1234 4418 1273 4480 lis
1295 4419 1413 4480 amoris
1437 4417 1555 4492 labem,
1572 4417 1728 4481 effectum
1749 4426 1781 4481 et
1804 4425 1960 4492 notumne

433 4506 520 4586 liter;
537 4516 573 4568 ut
587 4508 809 4571 discernantur
829 4511 880 4572 isti
900 4529 1024 4575 amores
1043 4511 1084 4574 ab
1099 4512 1179 4574 iuvi·
1233 4516 1314 4578 ratio
1329 4534 1387 4578 sua
1401 4535 1483 4580 verae
1499 4517 1665 4598 sapientie
1680 4517 1751 4580 luce
1768 4517 1961 4600 privatumne

432 4622 514 4678 cem,
541 4606 662 4688 aliquid
687 4607 726 4670 de
750 4608 877 4672 indiciis
901 4611 1018 4672 amoris
1042 4611 1178 4672 carnalis
1233 4615 1401 4698 luntasquc
1415 4614 1789 4699 effeminataspiritualis
1804 4613 1961 4678 dilectionis

431 4704 625 4783 tangendum
650 4713 706 4767 est.
724 4706 865 4768 Primum
889 4707 1017 4787 signum
1042 4709 1178 4771 carnalis
1233 4713 1416 4776 sinceritate
1439 4713 1640 4776 destituatur.
1661 4715 1799 4796 Spiritus
1822 4714 1899 4777 euim
1918 4719 1959 4772 cst
1980 4730 2058 4772 raus-

431 4801 561 4876 amoris,
587 4809 635 4864 est
663 4803 844 4886 inquietum
871 4805 1067 4868 desiderium
1096 4808 1178 4870 exsi-
1233 4812 1289 4894 qui
1317 4811 1487 4890 vivificat3
1517 4830 1591 4874 caro
1621 4820 1729 4875 autem
1761 4831 1823 4877 nou
1849 4799 1995 4895 prodest“

432 4900 536 4963 standi
551 4901 705 4983 corporali
727 4903 895 4985 prasentia
914 4922 987 4966 cum
1007 4905 1124 4969 dilecto
1139 4907 1179 4969 si·
1233 4910 1419 4993 quidquam.
1436 4909 1474 4971 llt
1494 4909 1740 4992 qualiscumque
1760 4913 1801 4974 sit
1815 4907 1960 4993 dispositio

431 5018 470 5062 ve
486 4999 600 5062 dilecta
618 5017 624 5062 :
642 5019 715 5062 nem
730 5000 881 5083 quoniam
902 5021 1030 5066 carnem
1046 5006 1179 5068 carneli·
1234 5009 1491 5090 carnis,quidest
1503 5026 1575 5071 caro
1588 5008 1651 5070 uisi
1664 5006 1960 5090 carol-Legiturde

432 5106 482 5160 ter
504 5097 619 5179 diligit,
646 5098 732 5160 carui
762 5100 851 5181 cupit
877 5100 970 5163 uniri.
997 5103 1179 5184 Spiritualis
1234 5108 1370 5190 quadam
1386 5106 1961 5190 sanctissimafemina,cujnsmanum

432 5205 538 5259 autem
559 5196 698 5270 dilectio,
715 5197 868 5278 quoniam
886 5199 1065 5282 spiritualia
1079 5203 1179 5286 respi-
1234 5225 1334 5288 quum
1349 5212 1492 5287 tangeret
1507 5225 1583 5269 suus
1599 5205 1775 5282 confessor,
1787 5215 1817 5270 et
1831 5203 1961 5269 sensisset

433 5295 486 5370 uit,
503 5314 573 5377 quae
599 5294 704 5359 locum
730 5304 761 5359 et
785 5303 913 5380 tempus
938 5302 1177 5378 transcendunt,
1234 5325 1273 5368 ex
1288 5305 1348 5367 hoc
1364 5304 1530 5367 stimulum
1547 5305 1701 5386 corporis,
1718 5304 1837 5370 femina
1854 5304 1901 5367 illa
1915 5318 1961 5362 au·
