4164 6258
472 522 619 572 noururca
641 523 671 568 iv
693 521 766 568 rosr
785 519 979 568 mmirarau.
1002 537 1040 548 -
1062 519 1161 566 snnuo
1180 519 1317 575 ouanrcs
1609 497 1670 564 tto

124 693 278 778 possibile
296 702 354 770 est,
371 713 468 778 seque
490 694 553 757 illis
572 701 698 777 reputet
712 693 868 766 viliorem,
884 689 911 754 Α
925 691 1089 774 consequi,
1106 698 1255 754 aeternam
1271 689 1506 754 damnationem
1527 689 1671 762 evadere,

123 812 161 857 eo
177 794 263 876 quod
277 793 413 876 propriae
428 793 528 876 culpae
543 813 579 856 ac
595 792 794 874 negligentiae
807 791 870 853 sihi
925 790 1087 854 coelestem
1104 789 1334 852 beatitudinem
1350 789 1483 871 adipisci
1498 787 1673 851 desiderati

124 893 244 955 certius
265 898 411 955 constent
426 910 521 974 quam
543 891 645 973 oulpae
662 898 694 952 et
710 890 871 970 negligen·
925 889 992 962 Ouo
1008 888 1105 969 igitur
1120 895 1212 970 pacto
1228 887 1478 951 misericordiam
1494 887 1549 949 Dei
1566 885 1675 968 implo-

125 991 176 1053 tiaa
202 990 348 1054 aliorum.
374 991 439 1053 lloo
464 997 565 1052 totum
595 989 704 1052 docuit
728 988 871 1051 Christus
927 992 997 1048 rant
1012 985 1159 1048 homines
1176 987 1332 1060 crudeles,
1350 985 1580 1068 implacabiles,
1597 984 1676 1046 invi·

35 1131 72 1168 „,‚
92 1120 111 1158 5,
125 1087 217 1150 brevi
233 1087 332 1150 verbo
347 1105 410 1170 quo
425 1087 524 1152 dixit:
543 1085 674 1149 «Nolito
687 1085 869 1166 judicare».
927 1085 1019 1160 diosi,
1035 1084 1244 1147 vindicativil
1260 1085 1320 1147 Sed
1341 1084 1447 1148 forsan
1469 1084 1541 1164 quis
1563 1083 1648 1144 dicet
1665 1099 1672 1144 t

164 1185 325 1267 Amplius,
342 1193 377 1247 ut
390 1205 408 1247 a
423 1185 593 1248 temerario
605 1183 727 1265 judicio
742 1183 874 1264 diligen·
926 1183 1037 1264 llagnu
1057 1183 1136 1245 mihi
1155 1183 1273 1263 injuria
1294 1183 1377 1246 facta
1395 1191 1453 1256 est,
1471 1189 1561 1264 pater
1583 1201 1674 1244 meus

18 1319 30 1346 a
63 1317 113 1356 aa,
126 1285 192 1347 tius
207 1303 387 1358 caveamus,
404 1284 503 1346 verbo
518 1289 668 1366 praetacto
681 1282 799 1362 adjecit
814 1301 821 1345 :
839 1282 873 1344 ln
927 1282 1052 1345 occisus
1074 1288 1132 1356 est,
1151 1281 1234 1344 bona
1256 1299 1327 1344 mea
1345 1280 1506 1343 destructa
1526 1287 1610 1342 sunt.
1626 1280 1673 1342 Ad

7 1372 38 1420 ’²'
127 1402 192 1466 quo
216 1384 303 1446 enim
326 1383 448 1465 judicio
470 1381 701 1465 judicaveritis,
718 1381 874 1462 judicahi·
929 1380 989 1442 ista
1011 1380 1197 1462 respondeo,
1215 1380 1299 1462 quod
1320 1379 1497 1442 secundum
1517 1378 1674 1461 evangeli-

127 1481 219 1544 mini.
241 1481 330 1545 Unde
351 1482 407 1564 qui
433 1482 532 1543 durus
555 1488 587 1542 et
608 1498 701 1562 asper
722 1487 770 1541 est
791 1479 875 1559 judi·
929 1497 998 1540 cam
1025 1478 1141 1541 Christi
1168 1478 1357 1552 doctrinam,
1382 1477 1520 1560 quilibet
1546 1476 1675 1540 Christi-

127 1581 230 1644 cando
254 1581 293 1642 de
317 1581 400 1654 aliis,
427 1580 458 1642 id
484 1587 636 1653 moretur,
663 1585 698 1639 ut
720 1578 804 1640 Deus
828 1597 874 1640 se·
928 1595 1008 1638 anus
1038 1583 1165 1638 tenetur
1193 1593 1322 1640 ornnem
1354 1575 1516 1638 hominem
1549 1574 1581 1636 in
1614 1575 1673 1637 hoo

126 1681 270 1742 cundum
292 1678 424 1760 justitias
446 1697 511 1742 suaa
531 1678 669 1759 rigorem
690 1675 876 1739 terribiliter
929 1676 1057 1749 mundo,
1075 1683 1371 1757 quantumcumque
1392 1674 1560 1736 inimicum
1580 1681 1612 1736 et
1631 1673 1676 1736 in-

124 1777 249 1861 judicet
263 1777 379 1858 ipsum.
391 1777 616 1839 Verumtamen
632 1776 772 1838 humana
787 1774 876 1836 infir·
928 1772 1267 1855 juriosum,spirituali
1283 1789 1392 1834 amore
1406 1771 1591 1854 diligara,et
1606 1772 1676 1852 ejus

127 1877 222 1938 mites
237 1883 285 1937 est
299 1874 455 1956 suspicari
473 1874 591 1936 malum
604 1873 643 1936 de
658 1872 874 1954 aliis,quando
893 1869 916 1932 B
931 1871 1066 1934 salutern
1083 1877 1248 1952 appetere;
1265 1889 1324 1933 neo
1340 1877 1444 1952 potest
1458 1889 1491 1932 se
1507 1869 1593 1933 licite
1610 1888 1678 1952 pro

126 1975 236 2057 aliqua
259 1982 359 2055 agunt
382 1973 421 2036 de
445 1973 563 2054 quihus
586 1973 744 2034 incertum
766 1979 814 2034 est
834 1991 874 2034 an
932 1969 1000 2050 pria
1019 1976 1051 2031 et
1071 1968 1193 2050 privata
1214 1969 1398 2032 auctoritate
1420 1968 1543 2041 ulcisci,
1559 1987 1618 2030 nec
1638 1987 1676 2030 ex

127 2075 191 2136 sint
216 2073 301 2135 hona
325 2071 376 2134 vel
400 2071 492 2134 mala.
513 2071 586 2134 ldeo
611 2069 752 2152 loquitur
772 2071 875 2151 Augu·
931 2067 1052 2130 invidia
1073 2066 1112 2129 ad
1135 2067 1289 2130 ultionem
1312 2067 1428 2130 conari.
1448 2066 1528 2128 ilinc
1550 2084 1678 2148 semper

127 2173 233 2234 atinus
255 2191 262 2235 :
284 2170 316 2232 Si
338 2170 538 2252 suspiciones
558 2169 657 2232 vitare
679 2185 742 2230 non
767 2185 877 2249 possu-
931 2166 1160 2248 ignoscendum
1193 2175 1241 2228 est
1274 2165 1420 2248 proximo
1451 2173 1606 2247 quantum
1638 2164 1677 2226 ad

128 2290 214 2342 mus,
231 2270 305 2350 quia
322 2267 467 2331 homines
483 2286 605 2342 sumus,
620 2266 742 2348 judicia
757 2274 874 2338 tamen,
930 2263 1070 2345 culpam,
1093 2263 1147 2326 sed
1167 2263 1253 2344 justa
1273 2282 1308 2326 ac
1329 2262 1437 2326 dehita
1458 2280 1552 2344 poena
1571 2262 1676 2344 expeti

128 2369 160 2430 id
176 2375 226 2430 est
241 2366 424 2430 definitivas
440 2365 614 2447 firmasque
630 2365 813 2438 sententias,
830 2365 876 2425 vi·
932 2368 1035 2443 potest
1055 2380 1093 2423 ex
1116 2361 1246 2423 caritate
1268 2369 1299 2422 et
1321 2361 1388 2423 zelo
1407 2360 1550 2442 justitie,
1567 2379 1680 2422 secun-

127 2475 194 2529 tare
210 2465 602 2528 dehemusllerumtameu
617 2481 656 2524 ax
672 2462 876 2544 praeinductis
931 2460 1008 2522 dum
1029 2459 1164 2523 formam
1185 2466 1216 2522 et
1236 2459 1381 2522 ordinem
1401 2459 1494 2539 juris,
1511 2458 1552 2520 ab
1571 2458 1621 2520 his
1640 2458 1679 2521 ad

128 2565 203 2627 nolo
222 2562 413 2626 concludere
432 2561 510 2642 quin
531 2560 651 2643 praelati
668 2566 699 2621 et
714 2559 875 2641 praesideS,
932 2576 1012 2639 quos
1038 2557 1175 2640 pertinet
1197 2557 1235 2620 de
1259 2557 1500 2638 injuriatoribus
1523 2557 1677 2637 judicare.

128 2673 159 2726 et
179 2681 293 2726 omnes
314 2660 493 2723 animarum
515 2678 622 2722 curam
646 2657 809 2731 habentes,
825 2658 875 2719 de·
932 2656 1093 2718 interdum
1110 2673 1185 2718 vero
1200 2655 1373 2717 virtuosius
1393 2663 1477 2717 esset
1496 2655 1592 2716 etiam
1614 2672 1679 2737 poe·

129 2763 227 2824 beant
252 2759 396 2822 subditos
421 2775 494 2821 suos
520 2757 719 2820 considerare
741 2764 772 2818 ct
795 2756 877 2818 facte
932 2773 1006 2817 nam
1036 2761 1166 2836 propter
1194 2754 1295 2816 Deum
1325 2753 1484 2816 dimittere
1515 2773 1522 2816 :
1553 2753 1681 2834 quando

129 2878 243 2923 eorum
266 2859 425 2920 discutere
447 2873 454 2918 :
476 2857 522 2918 sic
544 2864 661 2930 umen,
680 2863 713 2916 ut
734 2873 798 2918 non
823 2873 877 2916 ne·
933 2853 1083 2915 videlicet
1105 2852 1274 2932 injuriator
1293 2852 1331 2913 de
1351 2869 1408 2915 suo
1430 2851 1515 2914 dolet
1534 2870 1678 2924 excessu,

127 2958 252 3040 gligant
272 2955 469 3037 semetipsos.
933 2969 992 3012 nec
1011 2949 1152 3032 amplius
1172 2951 1233 3012 tale
1251 2950 1329 3033 quid
1349 2957 1503 3012 attentare
1518 2950 1678 3032 proponit,

170 3055 289 3128 Tertio,
305 3055 398 3116 docet
414 3053 555 3116 Salvator
572 3051 604 3114 in
620 3051 784 3132 evangelio
805 3051 875 3124 isto,
896 3050 992 3114 Gneo
1017 3048 1079 3109 alia
1103 3047 1300 3110 rationabilis
1325 3066 1421 3109 eausa
1443 3047 1592 3121 occurrit,
1611 3063 1681 3128 pro-

129 3163 165 3217 ut
181 3154 346 3216 neminem
362 3149 724 3233 condemnemus:quod
742 3148 878 3231 qualiter
934 3155 1005 3228 pter
1026 3164 1123 3227 quam
1150 3145 1341 3208 laudabilius
1366 3146 1407 3206 sit
1429 3163 1557 3226 poenam
1578 3145 1618 3206 ah
1642 3161 1680 3207 eo

2 3279 113 3334 :spansa
130 3252 268 3333 intelligi
284 3251 408 3324 debeat,
422 3251 454 3311 in
469 3249 666 3330 expositione
682 3254 785 3309 textus
802 3266 878 3328 prae·
934 3264 989 3307 seu
1011 3243 1260 3306 satisfactionem
1277 3243 1449 3325 requirere,
1466 3261 1562 3324 quam
1577 3250 1680 3305 totum

130 3351 279 3413 habitum
301 3357 358 3411 est.
378 3348 464 3411 Unde
488 3354 783 3429 quantumcumque
805 3346 877 3427 quis
933 3344 1103 3405 dimittere.
1121 3341 1152 3404 Si
1170 3342 1255 3404 onim
1279 3341 1447 3422 injuriator
1461 3361 1500 3404 ex
1521 3341 1580 3403 hoc
1596 3340 1680 3424 quod

128 3449 277 3510 videatur
298 3445 440 3526 iniquus,
454 3462 519 3507 non
540 3450 645 3506 tamen
666 3443 819 3504 debemus
840 3443 878 3504 de
934 3441 995 3503 sihi
1016 3459 1110 3522 poena
1125 3439 1309 3513 dimittitur,
1326 3439 1418 3502 ficret
1432 3438 1471 3500 ad
1492 3439 1574 3502 male
1589 3457 1681 3520 agen·

129 3547 235 3629 ipsius
250 3546 419 3626 desperaro
434 3543 546 3616 salute,
563 3543 618 3604 sed
634 3542 738 3622 potius
755 3541 878 3604 ferven-
934 3541 1010 3602 dum
1035 3539 1195 3613 audacior,
1216 3546 1248 3600 et
1269 3537 1388 3600 bonrum
1415 3556 1585 3601 commune
1607 3537 1680 3600 inde

128 3651 236 3706 teret
261 3642 526 3704 instanterorare
555 3655 613 3719 pro
642 3638 720 3719 ipso.
747 3638 810 3700 Nec
839 3658 878 3700 cx
933 3638 1148 3700 turbationem
1179 3637 1365 3709 incurreret,
1397 3636 1569 3698 virtuosius
1599 3644 1682 3698 esset

128 3739 330 3810 crudelitate,
347 3736 431 3810 odio,
449 3735 494 3798 ira
515 3743 570 3796 aut
590 3733 788 3817 impatientia
811 3752 879 3815 pro·
936 3755 1062 3820 pinnam
1083 3736 1209 3816 exigere
1227 3755 1264 3797 ex
1283 3735 1443 3817 spirituali
1462 3752 1569 3796 amore
1586 3742 1617 3795 et
1633 3753 1680 3796 za-

128 3837 264 3903 ferenda
280 3843 328 3897 est
343 3842 452 3898 contra
464 3833 617 3914 aliquem,
634 3839 879 3914 quantumcum-
936 3836 965 3896 lo
979 3835 1121 3916 justitiae,
1131 3841 1260 3916 propter
1276 3833 1393 3896 bonurn
1411 3832 1681 3914 reipublicae,imo

128 3959 194 4022 que
210 3933 633 4009 sceleratum,damnationis
648 3931 878 4005 sententia,sed
934 3941 965 3994 et
990 3941 1119 4014 propter
1144 3933 1278 3995 salutem
1307 3939 1362 3995 aut
1387 3932 1543 3994 minorem
1569 3930 1680 3992 saltem

129 4059 169 4102 ex
201 4037 270 4100 zelo
296 4034 438 4116 justitiae,
465 4041 499 4094 ut
523 4039 729 4095 conservetur
758 4029 878 4092 honum
935 4031 1171 4092 damnationem
1195 4030 1307 4111 iniqui.

129 4153 316 4208 commune,
332 4141 427 4215 atque
447 4151 485 4194 ex
502 4131 643 4203 caritate,
661 4137 694 4191 ut
708 4137 880 4208 transgres·
975 4129 1100 4204 Quinto,
1118 4129 1209 4191 docet
1224 4129 1255 4190 in
1271 4129 1436 4210 evangelio
1452 4129 1512 4190 isto
1528 4128 1679 4202 Christus,

128 4255 184 4300 sor
204 4236 239 4298 in
256 4235 321 4297 vita
339 4234 397 4295 hac
418 4249 475 4314 pro
495 4231 560 4293 suis
581 4230 732 4312 puniatur
746 4227 880 4290 excessi·
894 4233 919 4295 D
935 4235 970 4290 ut
993 4228 1084 4310 proni
1107 4228 1208 4290 simus
1230 4227 1269 4289 ad
1294 4226 1442 4289 dandum.
1461 4225 1611 4288 Generosi
1637 4232 1680 4286 et-

129 4341 204 4413 hus,
229 4355 268 4399 ne
292 4335 483 4399 aeternaliter
507 4339 625 4414 pereat,
648 4330 702 4392 sed
729 4330 878 4402 salvetur,
935 4329 1021 4390 cuim
1047 4334 1095 4388 ost
1119 4325 1217 4387 animi
1243 4324 1417 4406 proclivem
1443 4343 1512 4386 esse
1541 4325 1579 4386 ad
1604 4324 1679 4385 dan·

128 4437 286 4520 quoniam
312 4453 413 4517 poenae
436 4432 507 4495 vita)¹
530 4429 694 4512 praesentis
719 4436 793 4490 siunt
816 4449 879 4490 rne-
935 4428 1023 4500 dum,
1041 4425 1191 4507 quoniam
1215 4431 1294 4485 toste
1315 4423 1425 4484 divino
1448 4423 1606 4505 Dionysio,
1623 4423 1678 4486 Bo·
1715 4441 1825 4490 danista.

129 4534 299 4598 dicinales.
318 4533 449 4594 Summe
471 4548 545 4593 vero
570 4528 747 4591 cavendum
772 4535 880 4588 estne
936 4545 1013 4588 uum
1039 4533 1086 4586 est
1110 4523 1300 4585 diffusivum
1325 4523 1374 4584 sui
1400 4521 1511 4605 ipsius,
1537 4529 1568 4584 et
1591 4521 1817 4584 amor¹¹⁰¹”·⁶·¹'·

130 4636 207 4716 quis
224 4633 427 4695 innocentem
443 4630 643 4700 condemnet,
660 4635 691 4688 et
707 4627 880 4708 pracsertim
937 4623 1223 4687 communicativus
1240 4629 1287 4683 est
1307 4619 1382 4682 boni
1400 4621 1484 4702 quod
1503 4622 1607 4684 habet.
1627 4621 1681 4684 Da-

131 4753 172 4795 ne
196 4752 238 4794 ex
260 4731 433 4813 cupiditate
456 4729 487 4790 id
508 4733 587 4809 agat.
938 4740 1118 4804 aequoque
1139 4726 1260 4802 spectat
1281 4719 1319 4780 ad
1340 4719 1514 4781 liberalem.
1532 4719 1683 4782 Liberali-

172 4833 304 4905 Ouarto,
321 4829 413 4890 docet
427 4827 568 4888 Salvator
584 4825 614 4886 in
631 4823 795 4903 evangelio
811 4823 882 4895 isto,
938 4831 985 4884 tas
1008 4839 1083 4884 vero
1105 4820 1180 4881 facit
1202 4819 1365 4882 hominem
1388 4818 1460 4880 aliis
1484 4819 1574 4880 valde
1597 4839 1684 4881 aocc-

5 4956 116 5002 aaaer,
133 4941 169 4994 ut
189 4929 392 4994 dimittamus
413 4933 445 4988 et
465 4926 666 5007 ignoscamus
688 4921 884 4984 forefactori-
940 4929 1029 5002 ptum
1053 4928 1083 4980 ct
1106 4937 1226 4990 carum,
1245 4917 1421 4979 secundum
1446 4916 1683 5000 Philosophum.

4 5017 34 5056 ἱ·
77 5019 96 5056 ⁷·
132 5031 197 5092 bus
214 5027 509 5108 nostris,quatenus
525 5024 607 5084 Deus
624 5021 715 5083 uobis
733 5021 882 5101 ignoscat.
941 5019 1044 5090 Percu,
1063 5023 1187 5078 tenaces
1208 5035 1244 5078 ac
1264 5015 1431 5097 cupidi,et
1452 5033 1578 5096 semper
1597 5017 1636 5077 ad
1653 5037 1685 5078 se

132 5129 219 5204 Quid
241 5127 327 5190 enim
351 5132 414 5185 mm
438 5121 636 5192 rationabile,
655 5119 730 5201 quid
753 5126 816 5181 tem
837 5119 886 5198 ju·
941 5117 1027 5198 ipsos
1052 5115 1175 5188 reflexi,
1200 5114 1374 5196 ignobilem
1395 5113 1514 5175 habent
1534 5122 1683 5177 mentem.

133 5237 236 5298 stum,
257 5243 353 5306 quarn
380 5229 414 5282 ut
436 5219 589 5302 proximis
614 5217 681 5280 suis
706 5217 886 5278 misericors
941 5215 1021 5277 ilinc
1047 5214 1078 5275 iu
1102 5214 1233 5276 Actibus
1259 5212 1371 5276 Paulus
1389 5231 1395 5274 :
1413 5212 1542 5293 Oportet
1555 5213 1688 5293 (inquit)
1702 5233 1834 5283 nassas.

134 5327 179 5389 sit
206 5333 238 5388 et
262 5325 439 5404 ignoscens,
465 5319 521 5402 qui
550 5317 606 5380 Dei
636 5314 886 5378 miscricordiam
944 5313 1105 5376 reminisci
1132 5313 1221 5376 verbi
1251 5311 1377 5375 Domini
1405 5313 1489 5387 lesu,
1515 5311 1590 5394 quia
1620 5311 1687 5393 ipsc
