4288 6264
304 485 451 533 nouimus
473 485 546 532 rosr
568 483 779 532 Ascurtswnhtt
800 482 918 530 noumr.
940 499 978 512 -
1000 482 1042 529 so
1062 481 1257 545 nuarctosos3
1280 483 1378 529 senno
1399 483 1537 539 ounnrus
1656 463 1694 528 61

141 655 360 730 accommoda,
376 663 408 718 et
427 655 466 718 de
486 655 614 718 illorum
636 653 895 718 exsecutionibus
909 654 935 715 Α
950 672 1024 728 non,
1041 653 1116 735 quia
1135 653 1228 716 multi
1250 653 1354 716 idiote
1373 661 1404 716 et
1421 652 1513 716 valde
1532 652 1696 736 simplices

142 754 351 838 disponendo.
378 754 556 818 Prudentiae
585 755 705 836 quippe
735 762 783 815 est
812 752 895 814 inter
949 753 1070 814 suntin
1089 752 1218 815 caritate
1236 759 1365 814 etstatu
1385 751 1508 825 salutis,
1525 751 1558 812 in
1578 749 1696 832 quibus
1751 741 1755 753 ¹

142 854 265 916 bonum
290 859 322 916 et
347 853 467 915 malum
492 853 683 926 discernere,
708 853 837 915 modum
863 859 895 913 et
949 869 1012 914 non
1037 850 1164 913 videtur
1192 869 1262 913 esse
1291 850 1461 933 prudentia
1487 867 1494 912 τ
1521 849 1696 932 presertim

142 951 279 1014 formam
303 959 422 1025 tenere,
440 969 615 1033 congruum
639 951 744 1014 locum
769 958 894 1032 aptum·
949 968 1049 1030 quurn
1069 956 1148 1011 teste
1167 948 1368 1031 Philosopho,
1388 946 1556 1030 prudentia
1574 946 1697 1029 experi-

143 1069 206 1132 que
229 1057 367 1131 tempuS,
384 1058 415 1111 et
438 1049 622 1131 qualitatem
648 1048 766 1129 negotii
792 1047 894 1110 consi·
950 1055 1057 1110 mento
1076 1067 1112 1110 ac
1138 1056 1280 1130 tempore
1306 1047 1453 1127 indigeat.
1477 1047 1564 1109 Unde
1588 1052 1620 1108 et
1640 1046 1694 1120 ait,

143 1148 254 1210 derare
276 1155 308 1210 et
327 1147 507 1210 observare.
529 1146 620 1220 Hinc,
636 1145 812 1208 secundum
832 1144 893 1206 Au·
949 1147 1033 1227 quod
1048 1146 1080 1208 in
1095 1145 1269 1226 juvenibus
1284 1163 1348 1208 non
1364 1153 1412 1208 est
1426 1144 1605 1226 prudentia,
1622 1144 1697 1226 quia

143 1245 321 1326 gustinum,
347 1243 518 1327 prudentia
547 1251 595 1306 est
619 1243 757 1324 cognitio
786 1260 893 1304 rerum
949 1251 1024 1306 sunt
1047 1244 1215 1327 inexperti.
1235 1244 1308 1307 ldeo
1331 1243 1448 1305 dicitur
1469 1263 1476 1306 :
1498 1243 1533 1304 ln
1556 1242 1696 1324 antiquis
1716 1262 1843 1314 raanan.

143 1343 397 1425 appetendarum
427 1361 464 1404 ac
490 1341 715 1423 fugiendarum
722 1359 731 1420 ;
752 1349 782 1403 et
804 1341 894 1421 juxta
949 1349 997 1404 est
1012 1341 1178 1424 sapientia,
1191 1350 1222 1403 et
1238 1342 1269 1404 in
1287 1341 1387 1405 multo
1402 1348 1545 1423 tempore
1561 1349 1609 1402 est
1624 1359 1698 1423 pru·

143 1440 383 1524 Philosophum,
414 1448 462 1503 est
491 1448 577 1503 recta
606 1440 686 1502 ratio
714 1439 891 1520 agibilium.
950 1439 1066 1502 dantia.
1084 1440 1122 1502 Et
1137 1441 1406 1523 respondendum,
1421 1439 1505 1521 quod
1521 1459 1621 1521 quum
1636 1439 1698 1502 dis-

144 1541 244 1614 Unde,
275 1541 452 1604 secundum
481 1539 648 1612 lsidorum,
678 1539 818 1621 prudens
845 1537 893 1599 di·
951 1539 1048 1602 cretio
1062 1557 1117 1601 seu
1136 1540 1303 1621 prudentia
1317 1539 1359 1601 sit
1371 1538 1458 1601 omni
1479 1538 1599 1601 homini
1619 1525 1699 1600 snm·

144 1639 228 1701 citur
251 1639 341 1722 quasi
367 1638 478 1720 procul
501 1637 624 1700 videns.
651 1637 729 1700 Nam
755 1637 895 1718 prudens
952 1657 1002 1700 me
1025 1639 1213 1713 necessaria,
1235 1656 1299 1701 non
1319 1637 1454 1701 dubium
1476 1637 1554 1720 quin
1573 1655 1648 1700 vera
1667 1643 1699 1699 et

143 1738 325 1800 considerat
339 1756 376 1799 ea
392 1756 462 1818 que
478 1735 589 1819 procul
605 1743 689 1808 sunt,
707 1735 738 1797 id
753 1742 801 1796 est
816 1753 894 1816 pre·
950 1734 1057 1798 iniusa
1084 1736 1253 1818 prudentia
1278 1737 1402 1800 cunctis
1432 1737 1465 1798 in
1493 1736 1593 1816 gratia
1618 1735 1698 1798 exsi-

144 1836 238 1898 terita
254 1855 312 1918 per
330 1835 529 1909 memoriam,
547 1842 578 1897 et
592 1835 700 1896 lutura
720 1852 777 1916 per
791 1831 895 1915 provi·
912 1833 936 1898 B
951 1834 1109 1897 stantibus
1130 1835 1215 1910 insit,
1232 1854 1332 1917 quum
1348 1843 1379 1897 et
1393 1835 1527 1898 virtutes
1546 1834 1607 1896 sibi
1625 1852 1698 1897 ocn-

144 1936 297 2009 dentiam,
320 1935 352 1996 in
375 1941 531 2017 quantum
553 1953 592 1996 err
615 1933 726 1996 talium
751 1932 894 1995 conside·
951 1953 1038 1996 nere
1067 1933 1223 1996 dicantur.
1250 1933 1435 1997 Aristotcles
1459 1952 1535 1996 vero
1559 1933 1598 1995 de
1623 1952 1698 2015 pru·

144 2035 266 2096 ratione
291 2033 460 2096 instruitur
484 2041 514 2094 et
537 2032 668 2114 juvatur
692 2031 725 2093 in
749 2031 799 2092 his
823 2049 894 2112 que
950 2031 1056 2094 dentia
1072 2030 1213 2113 loquitur
1226 2033 1390 2114 acquisita.
1408 2031 1528 2113 Nempe
1543 2050 1642 2114 quum
1659 2031 1699 2093 ad

145 2132 389 2214 praesentialiter
418 2138 493 2194 sunt
521 2130 650 2211 agenda.
677 2131 782 2204 Porro,
808 2130 892 2211 quod
949 2129 1151 2212 prudentiam
1176 2137 1296 2213 spectet
1319 2131 1475 2193 industria
1496 2130 1535 2191 de
1556 2129 1697 2210 agendis,

143 2229 314 2311 prudentia
333 2229 450 2291 dicitur
469 2247 575 2291 rerum
596 2228 846 2310 appetendarum
862 2235 894 2290 et
949 2228 1026 2310 quid
1041 2228 1164 2290 scilicet
1178 2229 1220 2290 sit
1234 2229 1403 2309 agendum,
1419 2228 1496 2310 quid
1512 2228 1697 2301 cavendum,

143 2327 370 2410 fugiendarum
390 2327 540 2408 cognitio,
557 2345 620 2389 non
636 2326 676 2388 de
691 2343 893 2408 quacumque
950 2327 1009 2389 ista
1031 2327 1186 2388 industria
1205 2326 1356 2390 omnibus
1375 2326 1467 2389 bonis
1487 2327 1569 2388 inest
1589 2344 1700 2388 sccun-

144 2426 326 2508 cugnitione
344 2432 392 2488 est
409 2425 663 2506 intelligendum,
681 2423 757 2506 quia
776 2423 894 2486 nonde
949 2425 1025 2486 dum
1051 2424 1190 2506 aliquem
1214 2425 1359 2506 gradum,
1379 2431 1415 2486 ut
1438 2424 1562 2487 scilicet
1585 2425 1697 2499 sciant,

144 2525 231 2587 nuda
246 2533 278 2586 et
292 2523 422 2587 inlormi
438 2542 475 2586 ac
490 2523 687 2606 speculativa
701 2521 892 2603 cognitione,
949 2530 1003 2585 aut
1018 2532 1102 2584 certe
1116 2523 1157 2584 ab
1172 2522 1243 2586 aliis
1263 2522 1325 2586 sibi
1346 2523 1573 2605 inquirendum
1590 2524 1699 2586 adver·

144 2641 217 2704 quar
232 2628 421 2704 potestesse
436 2621 468 2682 in
485 2620 609 2683 vitiosis
625 2620 822 2696 hominibus,
838 2619 894 2680 sed
950 2628 1027 2695 tant,
1037 2621 1115 2703 quid
1129 2639 1221 2702 agere
1237 2620 1468 2704 debeant,quid
1484 2621 1697 2684 vitareldcir-

143 2721 184 2783 de
207 2721 388 2801 cognitione
411 2719 546 2782 formata
567 2726 599 2782 ct
619 2719 757 2801 practica
780 2735 893 2801 appro-
950 2737 988 2782 co
1006 2720 1045 2781 de
1064 2719 1214 2782 omnibus
1233 2721 1368 2801 gratiam
1386 2727 1510 2802 gratum
1527 2719 1697 2782 facientem

144 2819 316 2901 bativaque
336 2817 423 2892 boni,
440 2837 511 2901 que
531 2817 607 2880 solis
627 2816 719 2880 bonis
740 2817 821 2879 inest
839 2815 893 2878 hu·
949 2817 1141 2880 habentibus
1156 2819 1200 2880 ait
1213 2819 1347 2882 loannes
1365 2818 1570 2900 evangelista,
1587 2817 1698 2882 Unctio
1718 2847 1843 2901 mmm,

145 2915 300 2990 minibus,
321 2924 357 2978 ut
377 2924 465 2978 sexto
484 2915 670 2978 Ethicorum
691 2915 802 2998 probat
823 2913 893 2978 Phi·
949 2918 1041 2979 docet
1056 2934 1112 2979 vos
1131 2917 1170 2978 de
1187 2915 1348 2992 omnibus,
1366 2915 1489 2980 scilicet
1503 2917 1542 2980 ad
1562 2917 1697 2980 salutem
1711 2913 1745 2954 ²⁷·

144 3015 307 3096 losophus.
342 3013 520 3076 Prudentiae
556 3032 694 3096 namque
730 3019 778 3074 est
811 3011 930 3083 benec
949 3014 1121 3096 requisitis.

142 3113 288 3194 judicare
312 3113 351 3174 de
377 3111 491 3174 mediis
520 3111 560 3173 ad
589 3110 689 3174 linem
720 3110 893 3186 salubrem,
989 3113 1133 3194 insuper,
1160 3111 1251 3193 juxta
1281 3111 1427 3187 morales,
1453 3114 1494 3175 ad
1521 3114 1699 3194 prudentiae

144 3212 230 3274 etde
246 3229 355 3274 eorum
377 3210 582 3274 exsecutione
598 3210 768 3292 disponere
786 3227 792 3271 :
810 3209 895 3291 quod
950 3211 1177 3295 perlectionem
1203 3211 1304 3272 multa
1328 3211 1490 3294 pertinent
1514 3218 1545 3274 et
1569 3229 1700 3275 concur-

143 3310 271 3372 amalis
291 3307 477 3372 hominibus
495 3307 576 3370 bene
591 3307 663 3370 lieri
681 3307 804 3391 nequit,
820 3307 895 3390 quia
950 3317 1032 3372 runt.
1057 3309 1196 3372 Primum
1220 3317 1268 3371 est
1290 3309 1502 3373 consideratio
1526 3311 1700 3394 praeterito·

144 3409 178 3470 in
197 3408 245 3471 eis
265 3425 322 3490 per
341 3407 504 3489 passiones
520 3415 553 3469 et
566 3405 643 3469 vitia
663 3407 793 3468 rationis
811 3405 894 3487 judi·
950 3427 1034 3482 rum,
1064 3427 1134 3490 quae
1163 3415 1294 3471 vocatur
1322 3407 1486 3483 memoria,
1516 3428 1574 3491 per
1602 3428 1698 3491 quam

144 3509 231 3568 cium
248 3506 448 3588 pervertitur,
461 3512 648 3579 excecatur,
661 3505 892 3586 corrumpitur;
951 3507 1079 3588 conjicit
1090 3507 1186 3570 homo
1198 3507 1275 3589 quid
1289 3506 1436 3590 expediat
1450 3509 1591 3582 modoet
1603 3509 1642 3570 de
1654 3508 1701 3570 lu·

143 3614 177 3668 et
200 3604 347 3688 quamvis
376 3603 513 3667 habeant
541 3604 713 3686 quamdam
743 3603 892 3666 astutiam
950 3605 1031 3667 turis
1047 3604 1492 3686 cavetpericulis.-ldcirco
1506 3606 1645 3670 secundo
1661 3607 1699 3669 ad

143 3712 199 3766 aut
219 3702 397 3766 naturalem
416 3701 618 3779 industriam,
634 3720 697 3766 non
717 3711 823 3765 tamen
840 3720 893 3764 ve·
950 3704 1152 3785 prudentiam
1178 3703 1316 3786 pertinet
1341 3703 1552 3767 consideratio
1579 3705 1701 3768 luturo-

144 3820 212 3864 ram
242 3801 455 3882 prudentiam.
481 3801 617 3884 Insuper
645 3800 821 3884 prudentiae
846 3807 894 3862 est
950 3821 1033 3876 rum,
1051 3801 1201 3864 videlicet
1219 3803 1461 3865 commodorum
1478 3810 1509 3866 et
1526 3803 1699 3866 incommo-

143 3900 307 3981 applicare
326 3899 611 3962 considerationem
632 3917 836 3962 communem
854 3899 893 3962 ad
949 3900 1061 3963 dorum
1079 3919 1135 3962 scu
1151 3899 1368 3984 periculorum
1384 3919 1454 3982 que
1470 3909 1603 3984 possunt
1618 3901 1699 3964 acci·

144 4005 231 4059 certa
250 3997 523 4079 determinataque
542 4015 639 4079 opera
656 4017 663 4060 :
682 3997 802 4060 idcirco
821 4017 894 4080 pru·
949 3999 1035 4074 dere,
1046 3997 1073 4060 si
1089 3999 1148 4062 hoc
1163 4006 1218 4060 aut
1234 3997 1312 4061 illud
1328 4007 1439 4079 agatur
1453 4007 1506 4060 aut
1522 3999 1696 4062 omittatur.

144 4095 253 4157 dentis
281 4103 330 4158 est
354 4095 564 4176 singularium
594 4095 808 4176 cognoscitiva
837 4113 894 4177 per
948 4096 1020 4171 Quae
1036 4097 1318 4172 considerati0,non
1334 4115 1373 4160 er
1388 4097 1555 4179 preteritis
1568 4105 1696 4174 tantum,

144 4193 315 4274 quamdam
347 4192 566 4256 reflexionem.
592 4193 695 4268 Quum
720 4211 795 4275 ergo
819 4195 1004 4276 pru-Dsed
1033 4204 1064 4257 et
1093 4215 1131 4258 ex
1161 4195 1370 4277 presentibus
1400 4195 1546 4256 sumitur.
1578 4197 1699 4261 ldcirco

143 4292 253 4353 dentia
274 4292 316 4354 sit
336 4292 438 4354 virtus
462 4299 526 4354 tam
549 4292 677 4367 nobilis,
694 4292 892 4355 intellectum
949 4294 1118 4376 prudentia
1142 4293 1259 4356 dicitur
1283 4311 1422 4375 praesens
1451 4293 1538 4355 notio
1562 4301 1699 4358 tractans

143 4389 317 4473 perficiens
342 4391 602 4472 voluntatemque
627 4390 778 4472 dirigens,
798 4398 893 4473 atque
950 4392 1130 4455 futurorum
1160 4399 1321 4454 eventum.
1348 4392 1386 4453 Et
1416 4391 1535 4454 Seneca
1563 4391 1608 4454 ait
1634 4409 1641 4454 :
1667 4393 1699 4456 Si

142 4487 266 4571 ubique
288 4488 493 4552 moderamen
515 4488 635 4550 iaciens
655 4487 828 4564 observari,
846 4508 893 4552 re·
951 4490 1090 4573 prudens
1106 4509 1176 4553 esse
1194 4491 1296 4572 cupis,
1314 4489 1346 4550 in
1366 4488 1474 4550 lutura
1494 4498 1699 4572 prospectum

143 4595 194 4650 cte
217 4588 360 4649 hortatur
381 4605 438 4650 nos
459 4587 706 4668 gloriosissimus
727 4588 893 4670 apostolici
950 4590 1090 4664 intende,
1102 4596 1133 4651 et
1149 4608 1219 4672 quae
1236 4595 1369 4670 possunt
1384 4587 1579 4670 contingere,
1592 4590 1701 4653 animo

143 4686 267 4750 ordinis
289 4686 451 4768 princepe,
468 4686 502 4748 in
523 4686 676 4748 hodierna
697 4687 841 4768 epistola,
859 4695 894 4748 nt
950 4697 1006 4751 tuo
1021 4695 1138 4751 cuncta
1150 4705 1292 4771 propone
1299 4685 1398 4766 ;nihil
1414 4685 1473 4749 tibi
1489 4687 1629 4751 subitum
1644 4689 1701 4752 im·

142 4785 246 4848 simus
260 4784 445 4867 prudentes,
464 4784 495 4846 id
510 4792 558 4846 est
573 4785 809 4866 circumspecti,
826 4803 896 4868 pre
950 4789 1179 4871 provisumque
1204 4787 1255 4862 sit,
1276 4786 1331 4848 sed
1354 4793 1455 4849 totum
1479 4795 1552 4850 ante
1577 4789 1699 4872 prospi-

142 4884 211 4948 vidi
230 4890 263 4946 et
282 4883 421 4946 discreti.
950 4886 1025 4948 cias.
1056 4885 1114 4960 Qui
1143 4884 1284 4966 prudens
1313 4891 1371 4960 est,
1399 4901 1464 4948 non
1493 4885 1572 4948 dicit
1599 4903 1605 4948 :
1630 4887 1699 4951 Non

185 4983 276 5046 Girca
296 4981 382 5064 quod
404 4981 503 5064 quaeri
529 4989 643 5064 potest,
664 5001 703 5044 an
725 4983 895 5064 prudentia
950 4982 1060 5068 putavi
1079 4982 1139 5045 hoc
1160 4981 1243 5044 lieri.
1261 5017 1301 5028 —-
1315 4982 1421 5046 l'ertio
1440 4984 1479 5046 ad
1496 4984 1697 5066 prudentiam

143 5083 187 5146 sit
201 5081 380 5144 necessaria
399 5081 439 5142 ad
458 5081 605 5155 salutem,
622 5080 727 5155 idest,
744 5101 784 5143 an
805 5081 894 5145 sitin
950 5089 1071 5165 spectat
1101 5081 1322 5162 intelligentia,
1353 5081 1385 5144 id
1414 5089 1462 5144 est
1492 5084 1698 5164 praesentium

144 5181 272 5246 cunctis
294 5179 481 5243 hominibus
503 5179 667 5242 caritatem
690 5179 892 5256 habentibus,
950 5179 1161 5264 operabilium
1177 5180 1300 5256 notitia,
1311 5180 1388 5262 quid
1403 5188 1436 5244 et
1449 5179 1543 5262 quale
1557 5181 1599 5243 sit
1612 5183 1697 5264 quod

144 5281 203 5365 qui
223 5287 299 5343 sunt
318 5279 351 5342 in
371 5287 454 5342 statu
473 5278 594 5342 salutis.
612 5279 650 5342 Et
664 5279 790 5342 videtur
808 5281 893 5363 quod
953 5279 1057 5343 instat.
1080 5280 1118 5342 Et
1138 5279 1214 5362 quia
1236 5279 1405 5361 prudentia
1428 5287 1476 5342 est
1496 5279 1580 5342 circa
1604 5281 1698 5363 parti·
