4214 6254
437 471 495 538 tlt
839 491 985 540 nonnum
1008 492 1051 538 ss.
1071 487 1251 538 rathrrarts.
1272 507 1313 520 —
1333 489 1432 538 santio
1452 489 1577 538 marrus

436 663 469 726 in
498 682 568 726 esse
597 661 824 735 conservando,
855 681 924 744 quae
954 662 1032 725 aliss
1060 662 1180 725 dudum
1196 658 1222 723 A
1238 679 1299 742 que
1321 660 1447 724 videtur
1471 661 1583 724 tellum
1607 658 1655 722 uti
1680 657 1833 721 consiliis.
1854 657 1976 737 Propter

437 761 663 842 multotiesque
687 759 832 842 perisset.
855 759 1029 822 Certissimi
1055 777 1129 841 ergo
1151 767 1183 822 et
1237 760 1321 840 quod
1346 761 1378 822 in
1400 757 1623 822 Ecclesiastico
1644 756 1780 819 hebetur
1797 773 1804 817 :
1821 753 1911 818 llulti
1932 773 2075 836 pa-sennr

437 876 567 942 prorsus
585 857 753 921 tortissimi
775 858 875 920 simus
898 858 930 919 in
952 857 1028 930 lide,
1045 858 1181 920 scientes
1238 857 1325 920 cilici
1350 858 1414 921 sint
1437 858 1509 932 tibi,
1530 856 1731 920 consiliarius
1756 855 1798 918 sit
1818 853 1878 916 tibi
1901 872 1976 915 unus

437 956 624 1038 possibilius
643 975 713 1018 esse
733 956 851 1018 coelum
871 963 903 1018 et
922 965 1039 1018 terram
1058 955 1182 1018 annihi·
1238 956 1277 1018 de
1297 957 1401 1035 mille;
1420 957 1571 1039 itemque,
1588 956 1657 1020 Non
1677 955 1765 1018 omui
1784 953 1909 1018 homiui
1930 971 1977 1016 cor
1996 972 2074 1021 nene,

435 1055 507 1128 lari,
533 1074 629 1137 quam
654 1054 825 1117 minimum
849 1054 983 1117 verbum
1010 1054 1126 1117 Christi
1150 1060 1181 1115 et
1237 1061 1328 1115 tuum
1351 1055 1482 1117 reveles.
1500 1055 1657 1136 Deinceps
1678 1053 1717 1115 ad
1739 1053 1861 1116 bouum
1885 1037 2012 1113 consi-²²

435 1152 659 1235 Apostolorum
690 1172 726 1216 ao
761 1152 1033 1234 Evangelistarum
1065 1151 1181 1214 cassari
1239 1152 1365 1214 liarium
1385 1153 1560 1235 requiritur
1578 1152 1683 1234 primo
1698 1149 1879 1233 prudentia,
1896 1156 1929 1210 ut
1942 1149 1977 1210 sit

435 1259 490 1313 sut
510 1251 685 1314 lclsilicari.
704 1251 763 1313 Sed
784 1260 816 1312 et
832 1249 932 1312 iidem
952 1257 1092 1313 nostram
1113 1269 1182 1312 scn—
1237 1251 1489 1332 circumspectus
1512 1259 1544 1316 et
1569 1251 1670 1313 multa
1693 1249 1915 1326 considerans3
1935 1266 1977 1309 se·

435 1349 495 1411 ctis
524 1349 677 1431 operibus
705 1350 908 1422 adornemus,
939 1367 978 1412 ex
1007 1366 1070 1430 quo
1099 1349 1182 1411 Deus
1237 1349 1353 1422 cundo,
1379 1356 1414 1410 ut
1438 1349 1479 1410 sit
1500 1349 1617 1430 justus,
1644 1366 1684 1410 ue
1707 1354 1827 1429 quserat
1857 1346 1978 1427 propria

434 1466 504 1510 cam
525 1456 571 1511 tot
590 1448 690 1529 signis
710 1449 846 1522 ornavit,
862 1448 1059 1530 etquonism
1080 1448 1119 1509 de
1137 1446 1183 1508 lu·
1237 1448 1414 1522 commoda,
1431 1467 1535 1530 neque
1557 1447 1617 1510 sub
1639 1446 1747 1528 specie
1771 1444 1847 1508 boni
1872 1463 1978 1526 sugge-

434 1547 577 1610 turollei
594 1546 718 1628 judicio
735 1565 771 1608 ec
787 1545 996 1608 retributione
1011 1544 1102 1608 iiuali
1117 1552 1182 1607 tam
1238 1554 1285 1606 rat
1312 1546 1404 1622 mala,
1430 1565 1489 1608 uec
1518 1565 1556 1608 ex
1587 1545 1708 1608 invidia
1737 1543 1859 1606 melum
1888 1543 1976 1606 alicui

286 1655 420 1709 recanat.
435 1645 603 1708 certificati
619 1645 831 1707 consistimus.
840 1644 919 1707 Nam
935 1644 1016 1707 lides
1031 1643 1100 1706 sine
1113 1661 1182 1725 ope
1237 1634 1452 1723 mabhinetur3
1469 1643 1574 1717 tertio,
1591 1651 1626 1706 ut
1645 1643 1687 1706 sit
1706 1649 1904 1715 mansuetus,
1920 1659 1977 1704 nou

434 1742 523 1805 ribus
545 1751 670 1806 mortua
689 1742 860 1823 judicatur.
1237 1759 1379 1823 praeceps
1401 1741 1562 1824 nimisque
1584 1741 1705 1804 calidus
1722 1759 1730 1803 :
1747 1742 1795 1804 ira
1815 1740 1902 1804 enim
1925 1740 1977 1800 im-

475 1840 631 1916 Secundo,
644 1840 792 1922 exemplo
807 1840 837 1902 S.
849 1839 1014 1903 Nicodemi
1029 1840 1182 1902 docemur
1198 1840 1220 1901 Β
1237 1839 1326 1920 pedit
1349 1839 1634 1903 considerationem
1663 1847 1789 1902 acutam
1819 1857 1857 1901 ac
1883 1845 1977 1900 metu·

433 1958 503 2001 esse
527 1939 620 2001 valde
645 1938 774 2001 solliciti
800 1956 858 2021 pro
882 1941 990 2000 uo'strc
1013 1938 1125 2011 salute,
1150 1945 1183 2000 et
1237 1955 1316 2010 ram,
1338 1936 1370 1999 in
1397 1939 1592 2001 consulendo
1618 1937 1901 2021 pernecessariam.
1925 1937 1978 1998 Un-

434 2057 492 2120 pro
513 2055 624 2101 eorum
647 2037 776 2099 salutari
799 2037 911 2099 notitia
930 2056 1002 2119 quae
1020 2036 1182 2118 pertinent
1235 2037 1285 2110 de,
1303 2037 1479 2098 secundum
1498 2036 1738 2119 Philosophum,
1755 2043 1882 2118 oportet
1896 2037 1977 2099 tarde

433 2137 473 2199 ad
497 2136 644 2198 salutem.
672 2135 822 2208 Quamvis
847 2136 965 2196 etenim
989 2135 1181 2198 Nicodemus
1235 2133 1408 2208 consiliari,
1434 2133 1586 2216 quoniam
1611 2133 1831 2197 consulentem
1858 2141 1977 2216 oportet

433 2241 518 2296 esset
540 2233 690 2315 princeps
714 2233 887 2314 doctorque
910 2233 1101 2306 Judaeorum,
1124 2232 1180 2314 qui
1236 2231 1335 2292 multa
1358 2249 1507 2313 pensare3
1528 2232 1693 2309 consiliata
1712 2249 1789 2294 vero
1811 2240 1887 2294 suut
1904 2232 1977 2294 cele-

434 2351 492 2416 pro
513 2332 651 2394 maxima
674 2339 763 2413 parte
784 2331 908 2394 Christo
927 2330 1058 2393 luerunt
1079 2332 1180 2392 iucre—
1235 2329 1311 2390 riter
1329 2329 1531 2411 exsequenda
1551 2339 1695 2412 tempore
1714 2348 1783 2392 suo.
1801 2331 1909 2393 'lalem
1928 2331 1978 2392 ha·

433 2430 512 2506 dull,
534 2430 636 2492 nihilo
664 2429 782 2504 minus,
808 2429 982 2511 postposita
1007 2429 1094 2491 omni
1124 2429 1180 2490 hu·
1234 2427 1309 2490 bere
1325 2429 1538 2491 consiliarium
1553 2429 1760 2492 indicibiliter
1774 2430 1977 2512 expedittam

433 2547 526 2592 mana
555 2527 747 2592 verecundia
774 2535 869 2610 atque
898 2527 1069 2590 formidine
1098 2547 1178 2610 prae·
1233 2526 1271 2588 ad
1291 2527 1432 2607 jucunde
1450 2546 1487 2589 ac
1507 2545 1657 2610 prospere
1676 2528 1852 2591 vivendum
1873 2528 1906 2590 in
1926 2549 1977 2592 ste·

431 2628 567 2702 valente,
594 2625 754 2690 Christum
786 2644 844 2708 pro
868 2645 924 2688 sua
954 2626 1178 2690 informatione
1234 2624 1306 2687 culo
1321 2625 1392 2699 isto,
1409 2645 1505 2707 quam
1525 2626 1564 2688 ad
1584 2625 1821 2708 proficiendum
1842 2626 1976 2690 inomni

431 2727 573 2788 accessit.
591 2727 636 2787 lta
656 2733 687 2787 et
701 2723 839 2808 quilibet
854 2724 1062 2799 Christianus,
1080 2743 1178 2807 quan·
1233 2723 1349 2786 virtute
1372 2732 1404 2786 et
1422 2724 1627 2805 gratiaNam
1650 2732 1682 2787 et
1702 2724 1861 2788 diabolica
1883 2733 1977 2787 teuta·
2087 2725 2088 2728 ’

430 2831 641 2907 tumcumque
670 2823 813 2906 perversi
842 2831 873 2885 et
899 2823 1073 2885 intimorati
1104 2829 1179 2884 sunt
1232 2827 1339 2882 menta
1368 2840 1425 2902 per
1453 2822 1513 2884 hoc
1543 2822 1747 2904 potissimum
1776 2831 1975 2904 superantur,

430 2923 513 2985 inter
536 2940 617 3005 quos
642 2929 859 2995 conversatur,
881 2921 982 2984 nihilo
1007 2921 1114 2984 minus
1138 2921 1177 2983 de
1232 2919 1315 2999 quod
1335 2919 1458 2981 homini
1478 2919 1562 2982 bono
1575 2938 1611 2982 ac
1627 2919 1762 3002 sapienti
1784 2922 1975 3002 panduntur.

428 3039 486 3083 sua
510 3021 605 3083 debet
628 3021 730 3084 salute
759 3039 886 3102 semper
909 3039 979 3082 esse
1008 3019 1175 3093 sollicitus,
1191 3016 1213 3079 C
1231 3016 1395 3098 Siquidem
1412 3017 1562 3099 princeps
1577 3017 1782 3080 tenebrarum
1800 3025 1833 3080 et
1846 3018 1917 3100 ejus
1933 3037 1976 3081 sa-

427 3127 524 3202 atque
540 3119 696 3182 indubiis
716 3118 802 3182 circa
821 3138 892 3202 quae
909 3117 1105 3181 conscientia
1124 3135 1177 3199 po
1231 3114 1347 3177 tellites
1371 3115 1483 3179 odiunt
1507 3115 1624 3190 lucem,
1645 3116 1729 3178 sicut
1752 3117 1867 3180 asserit
1891 3117 1975 3180 Chri·

426 3225 489 3280 test
512 3218 698 3300 periclitari,
720 3216 963 3281 instructionem
985 3236 1004 3279 a
1025 3215 1175 3299 sapienti·
1230 3220 1297 3274 stus
1315 3232 1322 3276 :
1339 3213 1448 3276 Omnis
1464 3213 1519 3296 qui
1541 3215 1623 3277 mele
1637 3214 1712 3296 egit,
1728 3215 1796 3277 odit
1812 3215 1931 3290 lucem,
1947 3223 1977 3278 et
1997 3239 2064 3280 teau
2086 3279 2087 3286 ,

427 3316 487 3378 bus
507 3335 660 3398 quterere,
678 3316 855 3399 praesertim
876 3335 976 3398 quum
999 3315 1176 3378 mortaliter
1229 3329 1293 3372 nou
1323 3313 1411 3374 venit
1437 3313 1476 3374 ad
1506 3312 1622 3388 lucem,
1647 3320 1683 3374 ut
1711 3330 1775 3376 nou
1804 3305 2013 3394 arguantur²⁰·

428 3422 539 3495 peccet
553 3415 609 3495 qui
629 3413 807 3477 discrimini
829 3433 862 3475 se
880 3413 1061 3486 committit,
1078 3413 1109 3474 id
1126 3420 1174 3475 est
1228 3427 1324 3491 opera
1344 3411 1423 3492 ejus.
1440 3411 1520 3472 ilino
1541 3411 1573 3472 in
1590 3411 1813 3475 Ecclesiastico
1832 3413 1972 3475 dicitur:

426 3511 571 3594 periculo
594 3511 697 3593 culpae
719 3510 941 3574 mortalis:ut
961 3511 988 3572 si
1011 3512 1084 3592 quis
1108 3531 1173 3573 am·
1228 3508 1307 3571 Cum
1327 3509 1395 3572 viro
1417 3517 1526 3572 scncto
1547 3510 1694 3572 assiduus
1716 3517 1844 3585 esto,et
1864 3531 1973 3594 quem·
2006 3523 2056 3567 tat.

427 3609 514 3690 bigat
533 3629 573 3672 an
592 3609 653 3672 hoc
673 3608 724 3671 vel
749 3609 827 3670 illud
848 3608 891 3670 sit
911 3608 1043 3673 mortale
1062 3627 1171 3691 pecca·
1227 3626 1366 3689 cumque
1383 3607 1568 3688 cognoveris
1585 3607 1807 3671 observantem
1826 3609 1972 3673 timorem
1984 3589 2069 3694 ffl'l‘

424 3705 1170 3789 tumettamenlacithoc,mortaliterpeccet,
1226 3705 1370 3786 Domini;
1390 3706 1483 3786 cujus
1505 3707 1612 3768 anime
1635 3714 1684 3769 est
1707 3709 1885 3770 secundum
1910 3709 1973 3772 ani-
2085 3735 2086 3752 κ

425 3807 522 3870 etiem
541 3807 614 3869 dato
629 3805 714 3887 quod
735 3805 815 3867 illud
835 3823 899 3868 non
918 3806 960 3868 sit
974 3805 1069 3887 culpa
1089 3824 1172 3868 mor·
1226 3823 1311 3865 mam
1333 3812 1430 3867 tuam.

424 3906 506 3968 talis.
526 3905 605 3968 Nam
625 3903 717 3966 valde
738 3903 863 3966 incaute
883 3913 915 3967 ct
934 3912 1043 3967 contra
1063 3924 1170 3968 veram
1266 3901 1391 3974 Quarto,
1417 3901 1569 3963 docemur
1596 3920 1655 3983 per
1683 3901 1893 3966 Nicodemum
1923 3923 1973 3967 ne

278 4025 408 4080 sothero.
424 4004 489 4085 agit
510 4002 724 4086 prudentiam.
742 4002 815 4065 ldeo
837 4003 919 4064 dixit
939 4003 1052 4066 Tobios
1070 4023 1077 4067 ε
1094 4004 1172 4084 Con·
1226 4018 1385 4081 quaquam
1401 4019 1420 4062 c
1435 3999 1486 4062 via
1499 3999 1685 4081 justitimah
1701 3999 1815 4064 itinere
1830 4003 1971 4065 veritatis

425 4101 534 4164 silium
557 4119 685 4183 semper
707 4120 725 4163 a
746 4101 891 4183 sapiente
912 4103 1072 4184 perquire.
1090 4105 1171 4186 Moy·
1226 4097 1402 4172 discedere,
1420 4098 1474 4160 sed
1496 4099 1648 4179 usquein
1668 4097 1770 4160 linem
1791 4109 1971 4164 constanter

276 4221 475 4277 neu.u111,ses
504 4219 632 4284 quoque
663 4220 670 4264 :
701 4201 861 4282 Interroga
893 4207 997 4283 patres
1026 4210 1108 4276 tuos,
1139 4210 1170 4264 et
1187 4205 1211 4265 D
1227 4197 1258 4257 in
1282 4195 1374 4258 bonis
1396 4214 1600 4278 perseverare
1619 4213 1625 4258 :
1643 4197 1719 4278 quia
1741 4203 1777 4258 ut
1801 4199 1846 4260 ait
1866 4199 1970 4262 Salva·
2084 4247 2085 4260 ,

276 4288 296 4330 ⁷·
423 4298 658 4361 annuntiabunt
673 4297 749 4379 tibi;
767 4297 903 4378 majores
919 4305 1000 4374 tuos,
1017 4306 1049 4361 et
1063 4299 1170 4361 dicent
1226 4295 1350 4368 tor,Qui
1366 4295 1617 4376 perseveraverit
1631 4314 1733 4376 usque
1748 4296 1782 4358 in
1798 4297 1969 4372 liuem‚hic
2004 4318 2063 4363 unc.

300 4419 375 4464 neers.
423 4397 491 4459 tihi.
510 4396 548 4458 Et
562 4397 596 4458 iu
612 4395 835 4460 Ecclesiastico
850 4397 1005 4478 scriptum
1022 4397 1167 4470 est:Fili,
1225 4393 1330 4454 salvus
1350 4394 1421 4455 erit.
1443 4393 1547 4466 Quum
1567 4394 1655 4456 euim
1673 4385 2054 4460 Nicodemusvide-¹¹“*'¹'

274 4485 381 4534 ¹¹⁸²¹¹·²⁸·
422 4495 491 4556 sine
513 4493 648 4557 consilio
669 4494 750 4556 nihil
772 4493 882 4568 iacias,
902 4502 934 4556 et
955 4503 1026 4576 post
1047 4495 1168 4556 lactum
1224 4499 1272 4551 ret
1287 4491 1429 4571 quotidie
1445 4491 1605 4554 Christum
1621 4511 1639 4554 a
1653 4493 1967 4568 Judaeis,Pharisaeis,

272 4615 409 4666 totumne,
423 4609 486 4654 uon
502 4591 691 4674 poenitebis3
709 4593 861 4674 itemque,
877 4593 958 4654 Ante
973 4610 1102 4655 omnem
1118 4610 1168 4654 ac·
1224 4589 1579 4664 Scribis,sacerdotibus
1595 4599 1752 4654 eteorum
1768 4593 1969 4676 principibus

272 4679 307 4720 ²⁰·
423 4699 502 4764 tum,
523 4689 694 4753 consilium
715 4689 828 4753 stabile
848 4697 879 4752 te
899 4691 1064 4771 precedat.
1224 4687 1360 4762 irrideri,
1372 4688 1544 4762 diliamari,
1555 4690 1749 4772 tandemque
1764 4692 1969 4773 comprohen-

460 4787 576 4861 Tertio,
597 4786 810 4850 informamur
831 4788 995 4850 Nicodemi
1020 4788 1169 4870 exemplo
1223 4806 1294 4848 sum
1317 4787 1411 4849 morti
1434 4795 1578 4850 cerneret
1598 4787 1787 4868 adjudicari,
1810 4789 1967 4873 insepara·
2083 4799 2084 4844 t

420 4905 482 4952 uon
500 4885 561 4948 nisi
577 4885 728 4948 idoneum
743 4885 973 4960 consiliarium,
983 4886 1015 4948 id
1030 4893 1079 4948 est
1094 4905 1167 4968 pru*
1223 4884 1330 4948 biliter
1344 4892 1450 4948 tamen
1466 4886 1591 4949 Christo
1605 4887 1784 4962 adhaesit,et
1798 4887 1866 4952 line
1880 4890 1967 4971 quie-

418 4987 547 5048 dentem
565 4993 596 5048 et
610 4986 800 5060 virtuosum,
817 4985 980 5065 requirere
1000 4993 1032 5047 et
1047 4985 1167 5066 cmple-
1222 4984 1268 5047 vit
1286 4984 1388 5046 beato.
1406 4984 1486 5046 llinc
1507 4985 1540 5046 in
1562 4984 1786 5050 Ecclesiastico
1806 4987 1964 5050 habetur:

419 5084 472 5146 cti.
497 5083 621 5147 Grande
641 5083 762 5166 quippe
782 5082 961 5164 periculum
984 5090 1042 5156 est,
1062 5083 1166 5146 cordis
1221 5083 1290 5144 Nou
1312 5091 1342 5144 te
1363 5083 1498 5145 ventiles
1522 5083 1555 5145 in
1580 5101 1709 5146 omnem
1730 5093 1863 5148 ventum
1871 5103 1880 5166 ;
1900 5097 1966 5150 esto
1977 5103 2071 5150 cesso

417 5183 467 5245 sui
497 5189 619 5244 secreta
644 5181 805 5262 arduaque
835 5181 960 5261 negotia
989 5181 1165 5263 inexperto,
1220 5181 1336 5244 lirmus
1356 5181 1455 5244 invia
1472 5182 1597 5245 Domini
1613 5183 1691 5245 etin
1708 5183 1840 5247 veritate
1855 5205 1966 5250 sensus
1980 5171 2007 5212 ¹²·

417 5281 602 5356 indiscreto,
623 5279 806 5343 intimorato
828 5297 1002 5362 exponere;
1021 5280 1164 5361 gravius·
1220 5280 1280 5356 tui,
1296 5289 1329 5344 et
1350 5288 1561 5364 prosequetur
1581 5287 1612 5344 te
1633 5280 1768 5346 verbum
1790 5301 1897 5347 verax.
2082 5285 2083 5290 ’
