4192 6258
366 484 370 492 ·
430 455 490 520 520
636 471 783 520 norumm
803 471 880 518 xvru
900 471 973 518 ross
992 471 1186 518 rarunarau.
1206 489 1247 500 —
1267 472 1310 518 an
1329 471 1503 518 aaarorosos
1514 471 1523 534 ;
1545 471 1644 519 sanae
1664 470 1777 518 smus

431 641 521 706 tenti.
540 642 695 706 Proximis
710 659 838 725 quoque
853 641 1047 724 obsequiosi,
1058 641 1180 707 lavora-
1193 644 1218 709 Α
1233 642 1382 724 cogitatio
1396 642 1510 719 virilis,
1530 642 1634 718 sortis,
1649 641 1800 726 pervigil,
1818 657 1878 704 non
1899 641 1955 706 dcc·

431 739 679 815 biles,benelici,
686 741 732 823 pii
748 740 1010 823 exemplaresque
1025 741 1179 804 simusUt
1233 742 1360 816 mitam,
1386 741 1593 823 cogitationes
1617 740 1748 804 inutiles
1772 739 1955 802 advenientes

431 845 538 902 autem
553 839 592 902 ad
607 838 764 902 actualem
780 839 836 901 Dei
852 839 1001 902 unionem
1017 839 1177 902 assiduam
1232 839 1401 923 repellens,
1417 847 1449 902 et
1463 848 1604 904 mentem
1620 841 1654 903 iu
1667 839 1733 902 Deo
1746 838 1885 900 firmans.
1898 838 1955 902 llac

433 937 652 1020 proficiamus,
669 944 740 1013 stet,
753 937 844 1018 juxta
859 937 990 1001 Climaci
1005 937 1177 1000 documen·
1231 946 1337 1002 autem
1357 938 1505 1020 cogitatio
1525 945 1717 1022 potestesse
1737 934 1956 1000 istaautsimi·

432 1043 512 1110 tum,
529 1055 656 1119 semper
671 1037 703 1100 iu
725 1043 815 1118 porta
833 1037 937 1099 cordis
957 1037 1056 1099 nostri
1070 1036 1177 1119 aliqua
1230 1038 1271 1101 lis
1288 1055 1295 1099 ε
1312 1036 1389 1102 Volo
1410 1056 1538 1119 semper
1558 1038 1623 1102 Deo
1643 1055 1712 1100 esse
1734 1036 1880 1098 intentus.

606 1732 645 1778 DE
666 1731 847 1778 brictricus
868 1731 968 1788 atoue
989 1729 1112 1776 lNDlGllS
1133 1730 1247 1776 auoms
1268 1730 1434 1788 EGSTATlCl‚
1456 1730 1555 1788 DEQUE
1576 1732 1803 1778 uutttcttctacs

1069 1829 1222 1874 silcamus
1243 1829 1333 1875 ALllS.

980 1464 1172 1551 SERMO
1212 1464 1430 1553 SEXTUS

499 2113 651 2172 [alces
662 2112 839 2171 Dominum
850 2113 954 2171 Deum
970 2118 1062 2168 turim
1078 2128 1118 2167 ca
1135 2115 1176 2166 to·
1191 2107 1214 2168 B
1230 2125 1290 2188 gna
1303 2107 1420 2171 amoris
1434 2107 1607 2190 spiritualis
1622 2109 1836 2192 ecstatici,per
1848 2108 1961 2172 allectus

514 2211 655 2268 locorde
672 2217 738 2277 tuo,
755 2214 814 2269 etc.
832 2207 938 2270 llatth.
959 2204 1100 2280 xx11,37.
1231 2211 1263 2266 et
1287 2204 1377 2285 signa
1405 2223 1442 2268 ac
1467 2207 1677 2288 proprietates
1703 2207 1820 2270 amoris
1843 2208 1962 2270 carnalis

471 2305 655 2388 spiritualia
685 2325 741 2388 per
765 2305 941 2387 corporalia
964 2304 1174 2367 declarantur.
1231 2303 1372 2366 ecstatici
1389 2312 1464 2366 sunt
1478 2305 1648 2386 pandendi.
1664 2306 1775 2388 ltaque
1794 2306 1911 2388 primus
1926 2305 1962 2368 el·

431 2405 486 2468 Est
504 2411 610 2466 autem
632 2421 720 2466 amor
740 2404 869 2486 quidam
890 2403 1026 2465 carnalis
1044 2409 1108 2464 tam
1127 2420 1178 2464 re·
1231 2400 1334 2464 lectus
1355 2409 1387 2463 et
1406 2401 1546 2484 primum
1567 2403 1694 2484 signum
1712 2404 1829 2467 amoris
1843 2404 1962 2467 carnalis

430 2503 563 2565 hemena
582 2509 676 2584 atque
698 2502 942 2584 praedominans,
959 2501 1044 2583 quod
1063 2499 1177 2562 merito
1232 2499 1385 2573 ecstatici,
1417 2506 1465 2562 cst
1493 2501 1674 2564 concavitas
1702 2503 1962 2584 oculorumque

429 2618 521 2663 amor
544 2601 612 2685 ἔρως
637 2607 669 2662 et
692 2600 862 2662 ecstaticus
888 2599 1076 2681 appellatur,
1103 2597 1178 2680 quia
1232 2597 1318 2659 niam
1339 2597 1424 2661 oculi
1445 2605 1623 2680 sequuntur
1643 2600 1777 2682 spiritus
1795 2619 1863 2664 sese
1879 2602 1913 2663 ad
1927 2601 1963 2662 in·

430 2699 544 2763 rationi
563 2698 700 2762 amantis
722 2698 753 2760 in
774 2704 896 2760 tantum
917 2697 1175 2779 pradominatur‚
1232 2702 1280 2757 tra
1304 2696 1500 2759 retrahentes
1523 2705 1619 2780 atque
1642 2699 1682 2761 ad
1711 2698 1818 2762 locum
1842 2701 1962 2764 aestim-
2074 2711 2075 2732 ¹

429 2798 514 2881 quod
538 2803 697 2859 amantem
721 2816 740 2858 a
765 2814 798 2858 se
828 2796 898 2877 ipso
922 2794 1012 2878 quasi
1040 2793 1178 2858 totaliter
1231 2794 1305 2857 tivae
1324 2803 1559 2858 concurrentes.
1584 2795 1797 2860 conformiter
1813 2798 1962 2860 interiores

429 2897 547 2959 alienat
561 2902 593 2958 et
608 2895 639 2957 in
660 2901 801 2956 amatum
821 2893 1010 2976 transponit,
1027 2890 1176 2955 transtor-
1231 2890 1316 2953 oculi
1331 2893 1446 2956 anime
1465 2893 1624 2975 spirituali
1639 2912 1748 2958 amore
1767 2897 1911 2958 ecstatico
1925 2896 1963 2957 in-

432 3002 508 3068 mat,
534 2993 656 3074 deligit,
681 2993 714 3055 in
739 2999 862 3055 tantum
887 2999 923 3054 ut
947 2991 1016 3072 ejus
1041 2996 1177 3072 nequeat
1232 2989 1413 3066 flammatae,
1430 2991 1664 3075 profundantur
1678 2994 1717 3056 ad
1734 2995 1817 3056 intra
1833 2995 1863 3056 in
1879 2993 1964 3056 lundo

430 3092 622 3166 oblivisci,et
635 3108 743 3153 amore
760 3090 846 3153 illius
862 3090 974 3153 crebro
987 3089 1174 3170 languescat,
1232 3107 1288 3150 seu
1314 3089 1427 3154 intimo
1449 3091 1564 3165 cordis,
1580 3091 1621 3153 ab
1644 3092 1855 3155 exterioribus
1876 3111 1907 3155 se
1924 3111 1963 3153 re-

431 3190 644 3264 deliciat,imo
660 3190 821 3253 interdum
837 3189 870 3251 in
885 3189 1057 3252 amentiam
1073 3206 1177 3270 quam-
1232 3187 1403 3262 trabentes,
1429 3189 1581 3270 quoniam
1611 3208 1775 3253 summum
1803 3190 1917 3254 bonum
1939 3199 1964 3252 et

431 3291 504 3353 dam
534 3289 666 3352 labatur.
693 3287 795 3361 Quum
821 3305 896 3368 ergo
921 3288 1004 3349 Deus
1032 3286 1177 3369 omnipo·
1192 3285 1214 3348 (l
1232 3285 1372 3368 primum
1397 3305 1509 3349 verum
1534 3288 1619 3369 quod
1643 3289 1769 3371 quaerit,
1795 3291 1877 3371 quod
1902 3307 1963 3351 con-

431 3396 512 3462 tens,
539 3387 632 3468 cujus
656 3386 807 3449 bonitatis
832 3385 940 3448 nullus
969 3385 1101 3448 omnino
1128 3391 1176 3448 est
1231 3383 1414 3465 temptatur,
1445 3385 1545 3467 cupit,
1570 3386 1786 3468 amplectitur,
1814 3387 1897 3450 omni
1923 3406 1962 3449 sc·

429 3486 518 3560 linis,
535 3486 576 3548 sit
595 3485 753 3548 universis
776 3483 889 3547 creatis
912 3483 1037 3546 infinite
1059 3481 1177 3546 amabi·
1231 3487 1318 3544 creto
1340 3489 1441 3544 exstat
1464 3485 1629 3559 secretius,
1647 3485 1798 3568 intusque
1820 3485 1914 3568 lulget
1931 3503 1961 3546 ac
2076 3475 2077 3558 l

431 3584 501 3660 lior,
527 3603 590 3648 non
619 3583 735 3646 mirum
762 3583 788 3644 si
812 3582 957 3645 homines
982 3581 1174 3663 spirituales,
1232 3579 1402 3643 iuvenitur.
1419 3582 1463 3644 lle
1478 3600 1543 3664 quo
1557 3582 1807 3665 loquiturlsaias
1824 3603 1831 3646 :
1846 3585 1920 3648 l'ere
1932 3592 1959 3645 tu
1973 3599 2055 3645 rana
2076 3615 2077 3618 κ

430 3683 547 3756 devoti,
564 3701 647 3765 saepe
666 3682 705 3745 ad
722 3689 842 3744 tantam
862 3680 978 3744 diviua
996 3679 1177 3742 dilectionis
1231 3695 1265 3740 es
1289 3676 1373 3739 Deus
1401 3677 1616 3742 absconditus.
1642 3680 1742 3744 llabet
1771 3681 1846 3744 item
1869 3681 1961 3744 anima

431 3781 666 3845 vehementiam
687 3780 912 3862 perducantur,
929 3786 963 3842 ut
979 3798 1043 3861 prae
1058 3778 1177 3840 summi
1232 3775 1337 3837 taliter
1351 3793 1496 3839 amorosa
1514 3777 1624 3841 oculos
1639 3778 1725 3841 intus
1741 3779 1787 3842 sic
1809 3779 1963 3861 profunda-

431 3880 507 3943 boni
522 3897 630 3942 amore
645 3878 788 3941 defluant
801 3896 819 3939 a
834 3897 868 3940 se
884 3877 1014 3960 ipsis,et
1029 3897 1086 3959 per
1101 3877 1178 3940 cari·
1233 3881 1280 3935 tos
1304 3872 1343 3935 ad
1367 3874 1604 3938 discutiendum
1633 3895 1667 3938 se
1692 3876 1808 3958 ipsam,
1834 3897 1874 3940 ne
1899 3876 1962 3959 quid

431 3977 506 4041 tatis
520 3979 665 4040 ardorem
684 3976 951 4039 transformentur
966 3976 998 4038 iu
1019 3976 1131 4050 Deum,
1147 3983 1178 4038 et
1233 3970 1355 4036 coelesti
1370 3972 1544 4055 displicens
1560 3974 1683 4056 Sponso
1700 3975 1731 4038 in
1747 3975 1817 4058 ipsa
1833 3975 1963 4046 resideat,

433 4077 524 4160 quasi
540 4076 573 4138 in
593 4075 709 4138 divine
728 4074 932 4137 amabilitatis
949 4074 1179 4136 absorbeantur
1234 4078 1269 4132 ut
1293 4071 1389 4133 etiam
1409 4073 1551 4136 occultos
1571 4074 1685 4156 Sponsi
1705 4093 1852 4138 accessus
1871 4094 1906 4137 ac
1926 4092 1964 4134 rc-

431 4175 595 4258 abyssum,
612 4173 723 4255 sicque
747 4172 856 4235 divino
880 4190 987 4235 amore
1011 4172 1178 4235 vulneren-
1234 4188 1342 4233 cessus
1367 4171 1517 4235 advertat.
1534 4172 1664 4235 Accedit
1688 4173 1807 4237 etenim
1828 4174 1963 4256 Sponsus,

432 4282 494 4348 tur,
511 4292 548 4336 ac
568 4273 748 4354 langueant,
766 4272 1004 4353 morienturque
1019 4271 1081 4333 sibi
1102 4270 1179 4352 ipsis
1235 4270 1361 4352 quando
1385 4271 1512 4333 insolita
1539 4277 1595 4333 aut
1621 4271 1741 4353 ingenti
1771 4271 1964 4334 illuminatio·

432 4379 463 4435 ct
478 4371 602 4434 cunctis
618 4370 758 4443 caducis,
768 4368 826 4431 soli
842 4386 969 4451 quoque
985 4369 1093 4432 vivant
1108 4369 1178 4432 Cre·
1234 4387 1285 4443 ne,
1296 4368 1560 4443 inflammatione,
1574 4369 1799 4444 consolatione,
1811 4369 1963 4432 devotione

432 4469 511 4532 atori
538 4467 834 4552 superdignissimo.
860 4466 1049 4546 Hujusmodi
1073 4475 1179 4530 autem
1195 4466 1219 4527 D
1235 4475 1373 4531 mentem
1397 4467 1514 4543 visitat,
1530 4468 1642 4549 tangit,
1661 4466 1842 4549 perlundit;
1859 4467 1963 4530 recedit

433 4584 522 4629 amor
541 4567 717 4650 spiritualis
741 4572 871 4628 vocatur
893 4564 1072 4640 ecstaticus,
1089 4566 1178 4647 quasi
1233 4572 1351 4640 autem,
1368 4567 1494 4648 quando
1516 4565 1702 4647 hujusmodi
1722 4566 1803 4629 dona
1822 4563 1963 4628 subtrabit

433 4673 522 4729 extra
546 4684 579 4728 se
603 4682 725 4748 ponens
748 4671 780 4727 et
803 4665 836 4727 in
861 4665 962 4728 Deum
987 4664 1180 4728 transferens
1233 4672 1288 4727 aut
1311 4665 1487 4748 suspendit.
1511 4665 1619 4746 ltaque
1645 4665 1701 4747 qui
1725 4665 1904 4728 incustoditi
1925 4669 1963 4724 est

433 4781 627 4838 amorosum,
647 4763 691 4826 ita
706 4770 740 4825 ut
756 4782 829 4826 cum
847 4763 967 4847 Sponsa
987 4764 1087 4845 possit
1103 4763 1179 4827 late·
1233 4763 1349 4838 cordis,
1366 4763 1550 4838 dissolutus,
1567 4762 1722 4826 verbosus
1736 4781 1895 4845 vagusque
1908 4780 1966 4823 sen·

294 4881 418 4934 canant,
435 4864 461 4926 ri
479 4880 486 4926 :
503 4862 624 4926 Fulcite
649 4880 700 4924 me
725 4861 873 4937 floribus,
890 4862 965 4944 quia
984 4880 1091 4925 amore
1117 4862 1181 4924 lan·
1234 4862 1334 4936 sibus,
1350 4861 1390 4924 ab
1406 4861 1556 4924 ecstatico
1572 4861 1731 4945 spirituali
1746 4880 1853 4926 amore
1868 4858 1965 4945 procul

311 4979 403 5025 rcum.
432 4979 514 5045 gueo
521 4961 684 5044 ;itemque,
692 4960 826 5023 Caritate
843 4960 1005 5023 vulnerata
1020 4978 1078 5041 ego
1092 4978 1179 5040 sum3
1234 4967 1281 5023 est
1303 4959 1409 5023 nimis.

304 5080 381 5124 caua.
396 5095 417 5132 ιι,
433 5069 464 5126 et
480 5080 553 5124 cum
569 5059 817 5142 Apostolo,llivo
831 5065 937 5122 autem
951 5059 1018 5140 jam
1033 5077 1096 5123 uon
1112 5077 1179 5140 ego,
1274 5049 1456 5122 Secundum
1479 5059 1607 5140 siguum
1627 5067 1659 5122 et
1678 5078 1760 5142 opus
1778 5060 1894 5124 amoris
1910 5075 1966 5121 car-

284 5144 318 5186 ²⁰·
433 5160 513 5225 vivit
533 5176 609 5223 vero
630 5159 664 5221 iu
686 5177 737 5222 me
759 5157 912 5222 Christus.
1234 5157 1315 5221 nalis
1335 5157 1488 5232 ecstatici,
1504 5164 1553 5220 est
1572 5157 1684 5240 pulsus
1700 5158 1904 5222 inordinatus.
1920 5157 1965 5218 Ta·

471 5259 614 5340 Denique
636 5255 846 5342 proprietates
868 5264 899 5319 et
921 5255 1056 5320 ellectus
1079 5275 1115 5320 ac
1140 5258 1179 5320 si·
1235 5257 1306 5320 liter
1322 5256 1470 5338 equidem
1489 5255 1626 5320 amorosi
1643 5256 1761 5320 babent
1781 5258 1905 5340 pulsum
1919 5263 1964 5316 aut
