4140 6258
437 481 497 545 354
672 498 821 547 nouimus
842 500 863 545 x
883 499 957 546 rosr
977 497 1170 545 mrnrrarau.
1192 515 1231 526 -
1251 496 1293 543 an
1313 493 1508 558 netrorosos3
1531 494 1628 541 suerro
1650 493 1762 540 snxrns

438 669 580 752 quirunt.
610 669 709 734 Lente
737 678 844 735 autem
873 676 905 732 ct
939 669 1151 732 immoderant
1138 675 1187 732 ter
1201 667 1228 732 Α
1243 687 1295 730 ma
1318 686 1403 778 pace·
1420 666 1464 730 ait
1487 666 1661 730 Salvator:
1684 664 1755 728 Non
1778 663 1848 726 veni
1870 682 1960 746 pacem
1979 683 2052 732 raet

439 768 575 834 reiectos
598 771 699 852 magis
718 770 854 834 delectat
878 767 1116 843 confabulari,
1104 785 1188 850 Joca-

439 868 478 943 ri,
502 869 615 944 ridere,
639 869 759 943 ludere,
784 886 880 950 quam
904 866 1101 930 orationibus
1124 885 1189 928 me·

439 967 713 1050 ditationibusque
738 985 862 1042 vacare,
889 964 1129 1047 compunctioni
1158 972 1191 1026 et

439 1065 630 1129 discussioni
652 1065 789 1148 proprie
805 1064 1009 1128 conscientie
1029 1063 1188 1138 insudare,

440 1183 496 1226 seu
519 1164 659 1238 lectioni,
685 1171 740 1226 aut
766 1163 858 1227 alteri
888 1161 1040 1226 exercitio
1069 1161 1190 1223 virtuo-

439 1279 475 1326 so
499 1263 612 1326 utilive
637 1262 737 1325 labori
767 1262 923 1325 insistere.
951 1261 989 1322 Et
1015 1259 1058 1322 ita
1084 1266 1190 1322 mente

441 1360 678 1442 infrigidantur,
695 1359 889 1423 vanitatibus
911 1358 1139 1432 dissolvuntur,
1160 1363 1191 1418 ct

442 1458 545 1521 noxiis
562 1457 807 1540 cogitationibus
823 1458 1044 1531 immorantur,
1052 1473 1116 1518 non
1130 1454 1192 1518 lor-

443 1557 601 1620 midantes
616 1557 700 1640 quod
716 1576 774 1639 per
787 1557 951 1621 Michaeam
968 1554 1109 1637 loquitur
1124 1552 1192 1635 Spi-

296 1680 428 1732 rensis.
444 1655 524 1718 ritus
549 1656 683 1719 Sanctus
705 1672 711 1716 :
733 1655 785 1719 Va
810 1655 866 1738 qui
892 1653 1035 1736 cogitatis
1059 1651 1190 1730 inutile;

443 1755 528 1864 quod
548 1753 625 1816 item
646 1753 679 1815 in
698 1753 889 1836 Apocalypsi
912 1751 1029 1815 ellatur
1048 1749 1191 1814 Christus

1243 765 1403 828 mittere
1394 785 1427 828 m
1451 772 1586 844 terram3
1611 770 1643 826 et
1666 761 1857 826 Psalmista.
1878 751 1994 824 talari*
1970 810 2025 853 ,m
2001 819 2057 868 m

1243 883 1340 947 super
1359 863 1497 945 iniquos
1515 881 1627 945 pacem
1648 867 1848 944 peccatorum
1861 858 1960 924 videns.

1244 963 1343 1037 Quam
1367 980 1480 1044 pacem
1504 961 1616 1024 habuit
1639 960 1740 1023 Adam
1768 978 1839 1021 cnm
1865 959 1944 1021 Era'
1938 979 1962 1021 rn
1977 982 2025 1026 oa.
2018 999 2051 1033 ι

1245 1061 1401 1142 paradiso,
1418 1068 1451 1122 ct
1473 1059 1567 1122 ambo
1592 1057 1725 1140 collapsi
1749 1065 1831 1119 sunt.
1846 1057 1963 1140 lienique

1244 1159 1320 1221 huic
1345 1159 1417 1240 paci
1445 1157 1619 1241 opponitur
1641 1156 1726 1219 bona
1754 1153 1895 1226 turbatio,
1917 1175 1964 1236 qua

1246 1256 1453 1331 sensualitati,
1472 1254 1675 1338 passionibus
1700 1261 1732 1316 et
1755 1253 1887 1336 peccatis
1905 1254 1964 1316 resi·

1246 1355 1350 1430 stitur,
1367 1355 1468 1418 sivea
1489 1354 1619 1437 propria
1637 1353 1771 1427 ratione,
1787 1352 1852 1414 sive
1865 1370 1881 1413 a
1893 1353 1965 1433 spiri-

1247 1454 1324 1517 tuali
1340 1461 1429 1537 patre
1443 1473 1479 1516 ac
1499 1453 1702 1535 presidente,
1718 1452 1775 1534 qui
1793 1451 1965 1514 subditorun

1246 1571 1378 1616 suorum
1393 1553 1497 1635 culpis
1512 1570 1548 1614 ac
1564 1550 1768 1633 negligentiis
1781 1550 1905 1632 apponit
1918 1569 1966 1611 me-

1246 1651 1361 1726 dclam,
1378 1651 1507 1713 eosdem
1523 1650 1695 1732 arguendo,
1707 1646 1870 1722 hortando,
1879 1647 1967 1710 docen·

1247 1751 1288 1812 do
1303 1757 1334 1812 et
1350 1749 1547 1831 corrigendo,
1565 1750 1608 1811 ita
1622 1749 1707 1831 quod
1727 1765 1787 1809 nec
1803 1746 1836 1808 in
1849 1765 1880 1808 se
1897 1747 1965 1828 ipsis,

303 1870 372 1927 apoc
380 1871 428 1922 aa
444 1851 618 1934 unicuique
642 1852 727 1914 tali:
749 1849 855 1914 Habeo
879 1851 1031 1913 adversus
1050 1856 1092 1922 te,
1116 1847 1191 1928 quia
1209 1845 1233 1908 B
1249 1867 1306 1910 nec
1331 1848 1414 1910 inter
1438 1867 1472 1911 se
1496 1847 1614 1910 malam
1637 1854 1669 1910 et
1693 1845 1853 1908 carnalem
1874 1844 1967 1907 babere

297 1937 318 1978 ⁵.

444 1949 607 2013 caritatem
621 1956 709 2012 tuam
724 1948 862 2031 primam
877 1947 1052 2029 reliquisti;
1069 1962 1193 2007 memor

444 2056 512 2112 esto
527 2049 633 2130 itaque
647 2047 733 2110 unde
747 2045 916 2120 excideris,
923 2053 956 2108 et
970 2043 1191 2126 poenitentiam

443 2165 500 2228 age
514 2164 520 2208 :
532 2147 652 2228 alioqui
666 2145 762 2209 venio
776 2144 836 2207 tibi
853 2144 925 2207 cito.
943 2144 1032 2207 Certe
1047 2143 1107 2204 hoe
1122 2159 1192 2203 ver-

444 2245 522 2308 bum
538 2245 746 2308 metuendum
761 2250 809 2307 est
822 2244 1029 2306 vehementer
1043 2238 1191 2303 omnibus

445 2342 681 2425 negligentibus
696 2361 732 2404 ac
749 2342 902 2416 remissis,
919 2341 974 2423 qui
989 2346 1108 2422 quanto
1123 2337 1191 2400 diu-

444 2442 509 2504 tius
530 2449 605 2504 sunt
626 2441 660 2504 in
679 2440 805 2515 Ordine,
822 2448 909 2503 tanto
931 2439 1003 2523 plus
1025 2444 1193 2519 tepescunt

446 2539 546 2621 magis
562 2558 658 2621 quarn
673 2538 881 2612 inardescant,
889 2556 988 2619 quum
1003 2544 1110 2599 tamen
1126 2534 1193 2616 qui-

446 2638 525 2701 libet
546 2645 691 2701 nostrum
713 2644 799 2700 tanto
821 2635 994 2699 ferventior
1014 2654 1051 2698 ac
1075 2633 1193 2697 sollici·

445 2737 507 2800 tior
526 2735 598 2799 lieri
618 2734 742 2809 debeat,
758 2740 877 2816 quanto
897 2734 982 2796 hore
1001 2751 1065 2795 sue
1080 2730 1192 2793 mortis

446 2833 766 2915 metuendissimique
786 2831 902 2914 judicii
923 2830 1062 2912 amplius
1081 2845 1193 2912 appro-

446 2933 589 3016 pinquat.
606 2931 693 2996 Unde
709 2932 748 2993 de
763 2929 957 2992 beatissimis
973 2927 1116 3011 patribus
1131 2929 1192 2989 An-

1247 1966 1359 2029 pacem
1381 1947 1539 2010 sinuntur.

1286 2045 1513 2108 terumtamen
1535 2044 1665 2127 quidam
1689 2043 1891 2127 presidentes
1912 2050 1968 2104 sunt

1248 2145 1373 2206 remissi
1396 2151 1428 2206 et
1449 2144 1531 2206 male
1554 2142 1752 2206 formidolosi
1772 2161 1812 2204 ac
1835 2140 1969 2222 negligen-

1247 2249 1307 2316 tes,
1323 2241 1379 2324 qui
1398 2241 1561 2305 commissi
1584 2240 1646 2303 sibi
1665 2240 1770 2322 gregis
1792 2259 1847 2303 scu
1866 2238 1971 2320 cujusli-

1250 2341 1303 2404 bet
1333 2341 1448 2402 Fratris
1479 2340 1699 2422 negligentias,
1733 2339 1922 2402 carnalitates
1947 2347 1970 2399 ct

1248 2439 1326 2501 vitia
1347 2439 1518 2514 intuentes,
1539 2444 1594 2501 aut
1613 2444 1698 2500 certe
1723 2437 1841 2500 intueri
1860 2456 1892 2499 ac
1912 2455 1970 2518 pon-

1248 2538 1358 2600 derare
1382 2538 1576 2611 omittentes,
1603 2536 1816 2619 correptionis
1840 2543 1869 2597 et
1890 2553 1971 2597 corre-

1249 2636 1363 2698 ctionis
1387 2653 1451 2698 non
1475 2641 1641 2718 apponunt
1665 2634 1845 2697 remedium
1862 2651 1869 2695 :
1884 2633 1971 2714 sicque

1249 2734 1367 2797 subditi
1388 2734 1428 2795 ad
1449 2751 1581 2815 pravam
1602 2732 1868 2795 consuetudinem
1889 2731 1972 2792 devol·

1248 2840 1377 2906 vuntur,
1390 2831 1509 2894 carnali
1524 2849 1602 2914 pace
1617 2831 1733 2906 securi,
1745 2838 1779 2893 ct
1794 2831 1972 2894 obscuratum
1982 2842 2055 2884 rae

1248 2938 1297 2993 est
1317 2930 1472 3012 insipiens
1495 2947 1549 2992 cor
1571 2948 1693 3004 eorum,
1711 2928 1746 2991 in
1766 2935 1887 2991 tantum
1906 2926 1972 3008 quod

446 3031 543 3106 tonio,
559 3029 720 3094 Hilarione
743 3048 779 3092 ac
801 3028 872 3090 aliis
894 3026 1042 3110 pluribus
1067 3026 1191 3107 legitur,
1210 3030 1231 3095 G
1248 3047 1322 3092 suos
1338 3029 1539 3112 quotidianos
1559 3028 1714 3103 deiectus,
1731 3028 1850 3091 damna
1867 3035 1896 3089 et
1908 3025 1973 3108 peri-

446 3129 561 3211 qnod'
552 3149 585 3191 in
605 3127 786 3191 venerando
807 3134 902 3208 atquc
921 3125 1083 3208 decrepito
1105 3126 1194 3186 senio

446 3245 515 3302 suo,
531 3247 622 3310 quasi
614 3226 780 3310 'quotidie
800 3223 983 3288 recentibus
1003 3221 1194 3305 proficiendi

446 3325 612 3388 desideriis
627 3324 892 3387 accendebantur.
906 3323 1046 3396 Quorum
1060 3320 1195 3402 vestigia

445 3443 535 3487 saera
555 3424 668 3487 sectari
688 3422 879 3498 debemus,
871 3429 987 3484 rmoet
1003 3419 1193 3501 obligamur,

447 3523 522 3604 quia
537 3522 680 3605 quotidie
698 3523 737 3584 ad
758 3520 989 3603 perfectionem
1004 3519 1145 3591 tendere,
1162 3517 1194 3579 id

300 3637 433 3694 manaa
447 3628 495 3682 est
515 3619 683 3701 prolicere,
698 3619 765 3702 jam
784 3627 941 3681 tenemur.
958 3617 1069 3699 'lepidi
1088 3623 1194 3678 autem

449 3739 487 3781 ex
507 3737 561 3782 ore
583 3718 740 3781 Altissimi
762 3724 963 3781 evomuntur.

489 3818 652 3893 Praeterea‚
668 3818 751 3880 sicut
766 3825 814 3880 est
829 3835 890 3899 pax
906 3835 981 3879 vera
995 3835 1031 3878 ao
1047 3812 1194 3896 spiritua-

450 3915 489 3978 lis
504 3934 630 3978 summe
645 3915 876 3990 desiderabilis,
893 3935 964 3996 quae
979 3921 1027 3976 est
1042 3913 1195 3994 tranquil-

449 4015 521 4078 litas
541 4015 657 4078 mentis
679 4014 712 4076 in
731 4015 806 4088 Deo,
823 4021 855 4076 ct
875 4013 1019 4077 ordinata
1043 4011 1197 4094 quietatio

449 4115 530 4196 ejus,
547 4113 624 4175 durn
644 4112 767 4175 scilicet
786 4112 893 4175 omnia
913 4111 946 4172 in
966 4110 1096 4173 homine
1113 4108 1195 4172 ordi·

1248 3129 1320 3190 cula
1335 3145 1399 3190 non
1415 3127 1626 3210 perpendunt.
1638 3127 1698 3190 Sed
1712 3127 1807 3208 juxta
1822 3123 1972 3189 Salomonis

1248 3225 1424 3300 oraculum,
1437 3225 1526 3293 Sicut
1539 3225 1711 3308 capiuntur
1725 3225 1834 3307 pisces
1850 3225 1942 3295 barno,
1950 3229 1974 3283 et
1991 3237 2051 3282 a<
2054 3277 2055 3280 ,

1247 3343 1321 3387 aves
1337 3324 1503 3406 laqueo,
1478 3342 1525 3386 src
1540 3323 1711 3406 capiuntur
1725 3331 1759 3385 et
1777 3323 1840 3406 ipsi
1854 3305 2005 3433 temporc¹²

1248 3423 1343 3498 malo,
1361 3442 1462 3505 quum
1477 3421 1638 3504 extemplo
1653 3423 1877 3504 supervenerit
1889 3421 1936 3482 eis.
1947 3419 1975 3480 Et

1249 3521 1397 3604 quamvis
1413 3520 1555 3603 quotidie
1572 3520 1657 3582 intus
1673 3520 1884 3602 spiritualiter
1895 3517 1929 3580 ab
1942 3517 1976 3577 in-

1250 3618 1432 3682 visibilibus
1456 3617 1602 3681 hostibus
1627 3617 1846 3693 devastentur,
1862 3615 1976 3679 devotio

1250 3717 1300 3778 nis
1322 3716 1424 3797 gratia
1445 3715 1633 3797 spolientur,
1652 3721 1684 3777 et
1707 3716 1749 3778 ad
1774 3715 1912 3797 graviora
1932 3719 1977 3772 tra·

1250 3815 1366 3877 hantur
1391 3821 1531 3897 peccata,
1548 3813 1687 3876 maxime
1711 3820 1824 3876 tamen
1846 3813 1876 3875 in
1898 3827 1977 3891 agone

1250 3913 1317 3976 haec
1336 3913 1486 3976 accidunt
1505 3913 1563 3986 eis,
1581 3911 1732 3994 quoniam
1756 3913 1923 3984 daemones,
1936 3905 1978 3990 qui

1251 4011 1376 4075 blandis
1402 4010 1675 4094 persuasionibus,
1700 4011 1802 4074 variis
1826 4007 1980 4074 tentationi

1250 4109 1322 4185 bus,
1340 4109 1556 4172 callidissimis
1574 4109 1677 4172 modis
1692 4127 1747 4173 cos
1765 4129 1853 4173 nunc
1871 4109 1905 4172 ad
1923 4121 1979 4189 pec·

449 4220 521 4276 nata
551 4211 739 4286 consistunt,
766 4210 810 4272 ita
837 4210 922 4291 quod
946 4227 1062 4290 corpus
1091 4204 1235 4289 subis-D
1252 4209 1388 4270 candum
1418 4215 1450 4270 et
1478 4209 1517 4270 ad
1546 4207 1767 4270 deficiendum
1797 4208 1934 4270 alliciunt
1957 4211 1980 4264 et

448 4318 534 4375 otum
554 4318 603 4374 est
619 4309 782 4390 servitque
801 4307 916 4370 animae
937 4307 969 4368 in
989 4306 1076 4369 omni
1095 4305 1195 4388 poeni-

448 4409 570 4472 tentiali
593 4408 700 4472 labore
725 4414 757 4470 ct
778 4425 874 4489 opere
896 4404 991 4480 bono,
1008 4403 1195 4467 sensualitas

450 4509 545 4570 etiarn
570 4507 697 4582 rationi,
722 4514 754 4568 et
779 4505 859 4567 ratio
883 4505 968 4583 Deo;
993 4503 1038 4565 sic
1062 4511 1196 4584 estpars

451 4605 585 4667 carnalis
614 4612 645 4668 ct
669 4603 749 4667 falsa
774 4602 912 4665 maxime
938 4601 1099 4683 fugienda,
1126 4619 1197 4682 quae

451 4710 499 4766 est
519 4722 668 4784 perversa
687 4722 723 4765 ac
743 4702 883 4786 pessima
903 4700 1005 4783 quies,
1021 4700 1098 4762 dum
1118 4700 1197 4761 ratio

450 4801 538 4865 vitiis
562 4809 594 4863 et
614 4799 883 4883 concupiscentiis
905 4816 969 4861 non
992 4798 1121 4873 resistit,
1138 4819 1198 4862 nec

451 4920 524 4982 pars
547 4900 662 4962 mentis
685 4900 829 4981 superior
851 4897 1047 4961 sensualitati
1069 4917 1105 4960 ac
1128 4917 1198 4980 pas-

452 4997 597 5061 sionibus
612 4998 803 5073 dominatur,
820 4997 885 5062 imo
900 4997 1067 5072 consentit,
1085 5003 1116 5060 et
1134 4996 1200 5058 ani-

454 5116 506 5159 ma
521 5096 645 5179 corpori
665 5103 712 5158 est
731 5095 885 5178 subjecta,
902 5114 940 5159 eo
959 5097 1043 5178 quod
1061 5095 1200 5158 carnalia

455 5195 621 5260 commoda
653 5194 753 5275 magis
783 5213 879 5276 quam
908 5193 1062 5256 virtutum
1096 5194 1199 5256 incre-

455 5301 562 5358 menta
583 5301 773 5376 querantur.
791 5293 834 5355 De
856 5311 919 5374 qua
939 5291 1201 5375 vituperandissi·

1251 4307 1412 4381 inducunt,
1419 4307 1528 4369 mortis
1543 4306 1620 4369 hora
1636 4306 1776 4369 instante
1792 4306 1890 4369 instar
1903 4319 1980 4386 apuu

1251 4413 1283 4469 et
1297 4413 1448 4488 tanquam
1465 4425 1575 4468 musca
1589 4405 1778 4487 gravissima
1793 4403 1980 4472 circumdant,

1251 4505 1443 4585 angustiant,
1460 4504 1519 4566 hoc
1540 4511 1598 4579 est,
1615 4505 1771 4566 acerrime
1792 4523 1831 4566 ac
1851 4498 1981 4582 multipli-

1252 4603 1331 4664 citer
1349 4608 1473 4664 tentant
1495 4619 1548 4664 eos
1571 4602 1627 4683 qui
1649 4602 1779 4664 interim
1804 4602 1851 4664 cis
1872 4617 1981 4662 consen·

1252 4701 1347 4774 tiunt,
1365 4707 1395 4762 et
1411 4719 1496 4763 nunc
1513 4701 1553 4762 ad
1573 4700 1844 4781 desperationem,
1860 4717 1937 4763 nnnc
1951 4694 1981 4757 ad

1252 4818 1367 4864 vanam
1392 4806 1423 4861 et
1445 4799 1658 4882 periculosam
1682 4800 1888 4863 securitatem
1908 4793 1983 4860 mori-

1252 4905 1359 4960 entem
1375 4899 1525 4961 inducere
1541 4897 1719 4961 moliuntur.
1728 4897 1909 4982 Saepissime
1920 4912 1984 4958 narn

1254 5017 1316 5080 que
1332 4995 1451 5059 diaboli
1470 4994 1711 5077 agonizantibus
1727 5015 1788 5059 sua
1807 4993 1982 5058 abscondunt

1253 5102 1393 5178 peecata,
1410 5101 1442 5156 et
1463 5094 1547 5157 bona
1568 5113 1639 5176 quae
1664 5102 1803 5175 egerunt
1825 5095 1983 5177 proponunt

1254 5193 1427 5266 memorie,
1444 5211 1485 5254 ne
1507 5192 1559 5255 vel
1579 5191 1612 5254 in
1634 5189 1702 5254 line
1720 5191 1799 5256 vitm
1819 5191 1981 5275 poeniteant,

1253 5292 1309 5355 sed
1325 5291 1424 5373 magis
1441 5297 1644 5374 presumant,
1661 5309 1697 5354 ac
1716 5309 1818 5372 prava
1838 5289 1984 5354 ecanae
