4140 6258
446 477 506 542 aad

672 498 821 547 bonulus
842 499 874 545 11
894 499 968 546 POST
987 497 1182 546 mutinam.
1203 513 1244 525 ·-
1263 497 1306 544 ΑΙ)
1326 499 1521 564 uentu105083
1544 500 1643 548 SfflO
1664 501 1776 548 smus

449 667 645 731 crimemsic
662 689 762 732 unum
776 669 901 732 veniale
916 686 980 732 non
996 668 1198 731 emendatum
1212 671 1238 733 Α
1253 667 1437 732 subdamus.
1460 671 1497 732 Et
1520 670 1672 752 quoniam
1696 669 1776 732 ratio
1800 676 1833 732 et
1851 667 1937 732 uolunta

450 760 592 845 disponit
615 764 762 827 adalind
786 765 883 828 etiam
907 764 1011 844 majus
1036 765 1123 847 ipso;
1139 762 1199 824 fra-

449 861 580 941 quentia
609 878 685 926 vero
713 862 887 926 venialium
915 864 955 925 ad
986 861 1120 925 mortale
1148 861 1197 922 in·

450 958 548 1021 ducit.

314 1077 434 1132 raaia.
489 1058 652 1135 Preterea,
675 1059 751 1141 quia
774 1078 839 1122 non
864 1067 912 1122 est
936 1059 968 1120 in
993 1057 1123 1120 homine
1147 1056 1198 1119 via

448 1156 531 1238 eius,
556 1175 616 1220 nec
640 1158 701 1220 viri
726 1165 775 1221 est
799 1167 834 1220 ut
857 1157 1000 1220 ambulet
1025 1164 1056 1219 et
1084 1156 1199 1237 dirigat

447 1272 575 1335 gressus
597 1273 683 1330 suos,
700 1255 771 1319 ideo
791 1257 1008 1319 indesinenter
1026 1253 1197 1317 Dominum

449 1354 660 1435 deprecemur
674 1362 709 1416 ut
725 1355 793 1437 ipse
808 1372 865 1418 nos
880 1355 913 1417 in
929 1353 1077 1416 omnibus
1093 1353 1199 1432 digne-

449 1459 502 1513 tur
516 1452 665 1532 dirigerc,
683 1453 879 1516 intellectum
901 1454 1070 1526 instruere,
1086 1452 1197 1514 volun·

449 1559 546 1614 tatem
576 1551 718 1627 afficere,
745 1552 910 1626 inclinare,
937 1560 968 1614 et
993 1569 1197 1632 quocumque

448 1649 510 1712 sibi
532 1650 689 1732 placuerit
708 1659 842 1725 vertere,
860 1670 989 1713 sensum
1009 1667 1136 1712 omnem
1160 1667 1196 1710 ae

447 1748 684 1811 sensualitatem
715 1749 829 1812 rationi
854 1748 1024 1830 subjicere,
1050 1754 1082 1810 et
1107 1747 1197 1809 ratio-

1253 774 1328 829 sunt
1341 767 1426 831 vires
1442 769 1624 850 spirituales
1638 776 1671 833 et
1685 766 1939 849 immaculataque

1253 883 1398 946 superse
1419 866 1504 949 ipsas
1519 886 1556 929 ae
1576 867 1721 950 proprios
1736 874 1840 940 actus,
1851 873 1872 927 at
1884 885 1938 948 super

1253 962 1437 1027 alterutram
1454 965 1666 1028 reflectuntur
1683 982 1691 1028 :
1709 966 1781 1029 ideo
1799 964 1940 1026 ratiosaau·

1254 1059 1330 1122 dum
1346 1059 1525 1144 Scripturas
1541 1069 1573 1124 et
1592 1061 1735 1144 regulam
1755 1061 1819 1124 sibi
1839 1060 1940 1143 prafiun

1254 1164 1341 1238 regat
1365 1176 1398 1220 se
1424 1159 1525 1240 ipsam
1551 1178 1587 1222 ac
1617 1159 1834 1238 voluntatem;
1852 1157 1940 1220 volunta

1253 1271 1381 1337 quoque
1412 1276 1470 1338 per
1500 1258 1664 1321 caritatem
1696 1256 1858 1321 informata
1877 1255 1940 1317 taudu

1254 1371 1381 1436 semper
1400 1356 1433 1416 in
1455 1356 1568 1430 Deum,
1585 1364 1616 1418 et
1639 1363 1765 1419 moveat
1787 1355 1906 1418 rationem
1919 1354 1940 1415 al

1254 1461 1373 1526 sancta,
1389 1455 1578 1537 cunctisque
1602 1454 1777 1518 virtutibus
1803 1454 1941 1535 imperatu

1252 1550 1291 1610 ad
1317 1551 1456 1614 caritatis
1485 1552 1587 1616 finem
1612 1561 1643 1616 et
1673 1553 1885 1616 incrementum
1903 1567 1940 1612 an·

1253 1650 1305 1710 nia
1326 1649 1416 1712 fiant.

1291 1748 1463 1824 Postrem0,
1479 1751 1629 1832 quoniam
1653 1757 1718 1813 tota
1740 1748 1941 1832 evangelicista

448 1866 522 1910 nem
538 1847 600 1910 sibi
620 1848 652 1909 in
674 1849 797 1911 cunctis
817 1847 1020 1911 obedientem
1040 1846 1145 1908 facere
1164 1852 1196 1908 et
1215 1847 1402 1929 Bparabola
1418 1849 1457 1911 ad
1474 1850 1785 1913 commendationem
1800 1845 1943 1932 operunni

448 1945 684 2026 subjectamlit
700 1947 784 2009 istud
799 1965 817 2008 a
833 1947 897 2008 lieo
912 1945 1071 2028 postulare
1086 1963 1123 2007 ae
1139 1945 1196 2006 im-

450 2052 585 2126 petrare,
617 2045 861 2126 presidentibus
893 2063 1018 2106 summe
1049 2061 1195 2106 neccssa-

449 2144 532 2205 rium
556 2163 625 2206 esse
656 2145 867 2225 cognoscitur,
893 2144 1069 2226 presertim
1095 2161 1194 2225 quum

449 2241 617 2323 Gregorius
646 2243 860 2306 Nazianzenus
885 2250 1017 2305 testetur
1044 2259 1050 2304 :
1076 2243 1195 2304 Revera

449 2341 529 2403 mihi
545 2341 670 2403 videtur
686 2361 755 2404 esse
770 2361 821 2404 ars
835 2342 952 2404 artium
973 2349 1004 2403 et
1024 2341 1195 2422 disciplina

448 2439 702 2520 disciplinarum,
720 2458 828 2521 regare
843 2439 1017 2514 bominem,
1034 2439 1089 2521 qui
1109 2446 1194 2501 certe

448 2538 531 2600 inter
549 2538 657 2601 omnia
677 2539 851 2601 animantia
872 2547 919 2601 est
942 2539 1080 2601 manime
1102 2538 1195 2600 mori·

448 2636 508 2699 bus
524 2639 631 2699 varius
646 2645 677 2699 et
691 2638 852 2701 voluntate
868 2638 1082 2700 diversus.Sic
1098 2637 1195 2718 igitur

447 2735 584 2816 quilibet
599 2743 685 2817 regat
701 2737 734 2798 in
753 2736 877 2798 eunctis
897 2755 930 2798 se
951 2737 1066 2818 ipsum.
1083 2736 1194 2798 Visum

448 2833 597 2908 refrenet,
615 2853 654 2897 ne
676 2835 737 2897 sibi
760 2835 884 2897 hauriat
903 2835 1069 2908 vanitates,
1086 2834 1196 2896 distra-

449 2933 581 3006 ctiones,
613 2934 706 3007 risus,
731 2933 961 3016 displicentias,
988 2933 1195 3016 perturbatio-

1251 1946 1431 2010 sericordiaa
1446 1956 1478 2010 et
1493 1949 1532 2010 ad
1547 1949 1802 2011 exhortationem
1818 1947 1895 2009 talium
1905 1953 1941 2006 teu

1251 2045 1296 2105 dit
1325 2064 1361 2106 ac
1386 2046 1561 2120 ordinatur,
1588 2047 1659 2109 ideo
1687 2046 1779 2128 juxta
1805 2044 1893 2110 Christi
1909 2044 1940 2104 dc

1250 2143 1385 2207 ctrinam
1416 2145 1461 2227 pii
1486 2153 1518 2207 et
1542 2145 1765 2209 misericordes
1793 2147 1825 2208 in
1843 2143 2003 2208 omnibusne

1250 2242 1371 2322 simus3
1396 2252 1548 2327 tantoque
1576 2244 1793 2308 abundantius
1821 2240 1940 2327 spiritualia

1250 2342 1476 2406 misericordiae
1506 2362 1603 2426 opera
1631 2362 1842 2416 exerceamus,
1863 2347 1939 2423 quanto

1250 2442 1425 2524 corporalia
1440 2443 1544 2504 minus
1560 2442 1693 2524 implere
1706 2443 1881 2520 valemus;et
1891 2437 1939 2521 quod

1250 2539 1369 2602 ellectu
1390 2559 1453 2603 nou
1475 2558 1656 2623 possumus,
1673 2541 1866 2624 suppleamus
1878 2535 1940 2599 atfa-

1250 2640 1371 2702 eiamus
1391 2639 1521 2702 affectu.
1539 2640 1645 2703 Simus
1665 2640 1697 2703 in
1717 2640 1855 2703 omnibus
1868 2636 1940 2699 intime

1250 2737 1461 2819 compassivi;
1481 2737 1635 2800 facillime
1657 2732 1940 2818 ignoscamus30nnis

1250 2835 1431 2909 crudelitas,
1462 2836 1652 2909 amaritudo,
1677 2835 1843 2909 iracundia,
1861 2839 1941 2914 partur-
1955 2847 2002 2901 er

1250 2933 1335 2997 batio
1360 2934 1543 3015 longissime
1570 2935 1653 2996 sita
1680 2934 1794 3014 nobis3
1817 2915 2008 3014 risoribuslp,

448 3032 689 3114 nee,potissimc
705 3032 736 3094 in
752 3032 966 3095 divinisznam
983 3041 1015 3094 et
1029 3031 1195 3096 seculares
1212 3032 1235 3097 G
1249 3032 1389 3095 caritatis
1411 3041 1442 3095 et
1464 3033 1590 3115 pictatis
1611 3033 1835 3109 exuberemus3
1847 3029 1904 3091 alter
1917 3025 2006 3140 εΙ-ὲω,

448 3131 702 3193 scandalizantur
717 3131 749 3194 in
765 3131 922 3212 religiosis
937 3131 1008 3194 visu
1025 3131 1196 3194 incustodi-

448 3230 506 3310 tis3
523 3248 581 3292 nec
604 3229 739 3292 dubium
763 3231 841 3312 quin
864 3230 951 3293 visus
971 3231 1193 3303 incustoditus,

448 3328 646 3391 incustodita
662 3335 693 3390 et
708 3328 861 3392 indevote
877 3329 989 3390 mentis
1004 3329 1045 3390 sit
1059 3329 1193 3410 signum.

448 3425 656 3488 Refrenemus
676 3445 803 3508 qnoque
823 3426 979 3500 auditum,
996 3445 1036 3490 ne
1053 3427 1195 3508 linguam

447 3523 676 3599 detrahentem,
693 3525 884 3587 discordiam
899 3525 1121 3599 seminantem,
1134 3543 1197 3587 ser-

449 3640 559 3684 mones
575 3622 709 3685 aliorum
727 3631 934 3704 repetentem,
951 3642 1031 3686 vana
1052 3631 1083 3685 et
1101 3622 1197 3686 frivo-

450 3719 490 3792 la,
514 3719 660 3782 scurrilia
683 3727 714 3781 et
735 3720 767 3782 in
792 3721 891 3783 risum
916 3721 1077 3784 moventia
1099 3720 1196 3783 verba

450 3817 665 3899 proferentem
681 3819 857 3881 audiamus.
875 3820 926 3882 Sic
942 3827 1107 3882 attactum
1123 3839 1141 3881 a
1159 3819 1195 3882 li·

450 3917 597 3979 bidinoso
620 3925 777 3992 conecto,
793 3927 920 3999 gustum
945 3939 963 3981 a
986 3919 1196 3982 delectatione

450 4016 579 4090 carnali,
591 4018 755 4079 odoratum
771 4017 1002 4099 interioresque
1018 4037 1129 4080 sensus
1146 4037 1196 4082 co·

449 4133 624 4178 arceamus.
636 4116 773 4198 Corpora
788 4124 894 4179 nostra
911 4117 1064 4179 faciamus
1078 4118 1197 4180 anima·

1249 3131 1348 3194 terius
1370 3149 1466 3194 onera
1485 3140 1731 3214 supportemus3
1753 3130 1840 3213 lapsis
1857 3143 1942 3206 conp-
1986 3123 2006 3136 ’“

1250 3231 1378 3304 tiamur,
1397 3238 1525 3292 moestcs
1550 3247 1607 3311 pro
1627 3228 1751 3293 viribus
1775 3227 1941 3299 consolemur;

1249 3333 1281 3389 et
1310 3326 1530 3408 unusquisque
1558 3326 1691 3407 gratiam
1721 3326 1783 3389 sibi
1810 3337 2007 3388 conessum-r

1251 3424 1464 3488 confratribus
1480 3431 1545 3488 tcto
1558 3423 1679 3487 affectu
1699 3423 1894 3488 communicet
1906 3411 1969 3480 Pul·

1250 3524 1413 3586 communi
1429 3523 1513 3586 bono
1527 3522 1688 3597 Ecclesiae,
1700 3541 1759 3605 pro
1774 3518 1942 3586 reformatione

1251 3621 1435 3694 universali,
1452 3639 1510 3703 pro
1526 3619 1709 3683 infidelium
1724 3617 1908 3686 conversione,
1919 3611 1934 3673 f
1935 3645 1943 3656 ·

1251 3719 1371 3782 delium
1387 3719 1621 3793 emendatione,
1639 3735 1697 3800 pro
1712 3719 1903 3781 uniuersomn
1913 3727 1944 3771 sa·

1252 3818 1328 3894 lute,
1352 3836 1410 3901 pro
1439 3826 1504 3880 toto
1533 3825 1704 3892 conventu,
1730 3814 1887 3900 specialiter
1908 3824 1945 3890 pu

1251 3917 1451 3999 presidente,
1470 3935 1527 3998 pro
1543 3916 1626 3979 vivis
1641 3925 1673 3978 ct
1693 3915 1829 3988 mortuis,
1843 3928 1888 3994 pro
1899 3905 1946 3969 uni·

1252 4015 1351 4077 versis
1380 4013 1581 4096 propinquis,
1604 4013 1784 4077 commissis
1808 4019 1835 4074 et
1857 4003 1947 4070 benefa-

1251 4113 1403 4186 ctoribus,
1420 4111 1581 4194 praecipue
1596 4130 1654 4193 pro
1670 4110 1852 4194 parentibus,
1863 4102 1948 4188 quibus

449 4214 509 4276 bus
531 4215 647 4277 nostris
670 4215 701 4277 in
723 4215 874 4277 omnibus
896 4222 1042 4297 prompte
1061 4215 1196 4299 obsequi
1211 4215 1236 4280 D
1251 4211 1445 4294 equivalens
1470 4211 1601 4273 reddere
1623 4229 1687 4273 non
1710 4212 1850 4280 valemus,
1864 4201 1948 4267 indesi-

448 4332 485 4376 ac
510 4332 631 4395 parere,
656 4314 688 4375 in
712 4313 857 4395 jejuniis,
880 4313 1010 4395 vigiliis,
1035 4314 1196 4376 abstinen-

449 4413 513 4486 tiis,
529 4413 718 4495 diseipliniS,
730 4413 762 4474 in
778 4412 986 4486 orationibus,
998 4413 1194 4495 psalmodiis,

450 4519 481 4573 et
500 4511 588 4574 omni
608 4511 755 4591 religioso
776 4511 892 4574 labore.
909 4511 1074 4574 Rationem
1095 4521 1126 4575 et
1143 4531 1195 4576 vc

452 4610 599 4671 luntatem
615 4610 677 4672 Deo
692 4617 723 4672 et
738 4618 852 4673 sauctae
868 4611 1007 4691 religioni
1025 4612 1056 4673 in
1073 4611 1195 4674 cunctis

1252 4316 1374 4384 uenter,
1403 4309 1629 4384 fervidissimc,
1659 4308 1850 4374 devotissime
1873 4317 1949 4366 exerc
2032 4375 2033 4384 ἵ

1252 4428 1323 4471 mus
1338 4408 1507 4471 Dominum
1523 4409 1623 4471 Deum
1637 4416 1779 4472 nostrum
1793 4401 1948 4469 laudabilem
1962 4407 2033 4458 aaa-s}

1250 4508 1423 4589 gloriosum
1439 4515 1470 4568 et
1485 4507 1764 4589 superexaltatum.
1777 4504 1828 4569 Cui
1840 4503 1919 4564 honor
1929 4485 2001 4557 etl*

1250 4607 1351 4688 gloria
1366 4626 1423 4689 per
1437 4605 1541 4669 omnia
1555 4606 1669 4670 secula
1684 4601 1948 4670 saeculorumlneu.
