4154 6258
485 503 633 552 bellttum
654 503 706 551 XVI
727 504 800 551 eost
820 502 1015 551 Tamiram.
1036 521 1077 534 -
1098 503 1197 552 Sfflo
1217 505 1342 552 TERTIUS

671 914 864 1002 SERllO
903 915 1148 1004 TERTIUS

418 1183 458 1232 ult
483 1181 698 1231 eonvnonleue
723 1181 775 1238 out
799 1179 990 1228 raucarum
1017 1182 1246 1232 attenuatum
1270 1184 1408 1234 Ussll'l'UOS

617 1279 757 1327 rourum
778 1278 983 1328 accumbes
1004 1279 1037 1328 ΙΝ
1059 1279 1202 1328 mannua.

215 1561 523 1625 ISERIOORDIAE
541 1561 688 1630 Dmnini,
712 1560 791 1638 quio
821 1578 886 1619 non
900 1555 926 1619 A
941 1563 1017 1632 scat,
1034 1575 1094 1620 nec
1109 1559 1217 1620 redeat
1230 1559 1270 1622 ad
1290 1575 1355 1635 cor,
1371 1559 1434 1622 nisi
1452 1579 1470 1624 a
1490 1560 1614 1625 Christo
1632 1563 1689 1624 mi·

231 1680 343 1721 sumus
357 1660 540 1736 consumpti
555 1679 567 1718 .·
581 1660 660 1738 quio
680 1677 745 1718 non
764 1659 885 1733 defece·
940 1655 1142 1720 sericcrditcr
1174 1658 1379 1742 adspiciatur,
1411 1667 1444 1722 et
1476 1661 1690 1742 praeveniatur

135 1768 219 1820 runt
234 1759 459 1818 miserationes
473 1760 555 1834 ejus.
571 1756 685 1819 Thren.
703 1772 748 1828 ur,
764 1753 813 1818 22.
940 1754 1041 1834 gratia
1064 1755 1144 1836 ejus.
1170 1756 1294 1818 Primus
1324 1757 1430 1840 itaque
1460 1757 1513 1821 bic
1541 1760 1687 1841 portitor,

176 1858 311 1921 Sanctus
333 1855 488 1940 propbeta
508 1855 660 1919 Ieremias
681 1853 885 1917 considerans
940 1861 989 1915 est
1006 1871 1097 1917 amor
1115 1855 1237 1937 pcccati
1258 1875 1314 1918 seu
1329 1856 1478 1920 vanitatis
1493 1875 1529 1920 ec
1544 1859 1688 1942 volupta-

9 1970 119 2019 rmanc.
133 1957 223 2039 quod
243 1957 326 2019 Deus
345 1972 409 2017 non
429 1954 606 2016 secundum
628 1960 757 2036 peccata
779 1959 885 2014 nostra
940 1952 991 2014 tis.
1008 1952 1142 2026 Quidam
1162 1955 1249 2016 enim
1272 1954 1317 2017 sic
1337 1954 1525 2019 alliciuntur
1544 1958 1584 2020 ad
1608 1957 1687 2034 bec,

133 2055 215 2118 lecit
237 2053 341 2126 nobis,
366 2071 470 2136 neque
494 2053 671 2115 secundum
701 2051 884 2134 iniquitates
940 2057 974 2112 ut
997 2051 1066 2113 sine
1089 2053 1136 2114 eis
1158 2053 1264 2115 dicant
1286 2072 1320 2116 se
1340 2054 1447 2116 vivere
1467 2071 1530 2118 non
1556 2056 1686 2119 valere:

134 2161 261 2216 nostrae
284 2151 432 2214 retribuit
454 2150 557 2224 nobis,
575 2151 698 2213 locutus
721 2158 769 2212 est
786 2147 885 2218 verbe
940 2149 1207 2231 quemadmodum
1223 2152 1353 2233 quidam
1369 2152 1531 2216 libidinosi
1546 2163 1690 2218 asserunt

135 2252 205 2315 haec
224 2269 232 2313 :
249 2249 499 2313 «Misericordiae
514 2249 653 2323 Domini,
665 2248 741 2330 quia
756 2264 819 2310 non
835 2265 885 2308 su·
939 2267 973 2310 se
996 2249 1187 2312 mulieribus
1206 2268 1315 2313 carere
1335 2269 1398 2314 non
1419 2268 1522 2334 posse,
1539 2259 1571 2314 et
1589 2253 1689 2335 aliqui

136 2369 209 2414 mus
225 2348 407 2430 consumpti
423 2370 453 2423 n,
470 2346 575 2422 idest,
592 2347 708 2410 divine
728 2345 837 2428 pietati
854 2353 885 2407 et
940 2346 1084 2410 iracundi
1106 2367 1143 2411 ac
1168 2349 1268 2410 invidi
1293 2349 1459 2412 ailirmant
1480 2369 1514 2412 se
1537 2366 1611 2414 suos
1634 2353 1688 2414 ad-

133 2449 245 2531 gratiae
265 2445 512 2510 adscribendum
532 2446 685 2527 estquod
704 2443 885 2507 nonomni-
939 2445 1096 2508 versarios
1118 2463 1181 2509 non
1202 2463 1296 2528 posse
1314 2447 1459 2528 diligere,
1477 2466 1536 2510 uec
1557 2449 1688 2530 injuria-

133 2564 175 2610 no
192 2546 360 2629 periimus,
377 2545 461 2627 quod
476 2544 667 2608 eternaliter
682 2543 883 2606 condemnati
938 2543 1063 2606 toribus
1092 2544 1158 2606 suis
1188 2564 1222 2607 sc
1251 2562 1345 2627 posse
1374 2546 1556 2627 ignoscere3
1582 2547 1628 2610 sic
1657 2556 1690 2610 et

133 2662 198 2707 non
215 2662 337 2706 sumus.
354 2643 386 2706 Si
407 2643 494 2705 enim
512 2643 598 2724 juste
618 2659 675 2704 nos
690 2641 882 2723 reliquisset,
938 2641 1041 2723 gulosi
1057 2643 1169 2705 dicunt
1183 2663 1217 2706 se
1231 2644 1377 2724 ieiunare
1392 2661 1455 2706 non
1475 2661 1579 2727 posse,
1596 2647 1687 2728 quasi

132 2761 197 2806 non
222 2742 326 2805 solum
348 2740 436 2803 omni
455 2741 573 2802 virtute
594 2748 626 2801 et
644 2739 743 2821 gratie
762 2757 883 2802 carere·
898 2740 921 2802 B
938 2740 1022 2802 Deus
1044 2740 1258 2822 impossibilia
1279 2741 1464 2804 bominibus
1486 2744 1684 2826 preceperit.

132 2861 219 2915 mus,
236 2840 292 2903 sed
312 2840 445 2921 insuper
462 2836 753 2900 innumerabilibus
769 2835 882 2919 repleti
937 2841 1025 2914 Quod
1045 2840 1162 2914 dicere,
1179 2838 1378 2921 blasphemia
1397 2839 1528 2922 plenum
1548 2849 1605 2904 est.
1623 2843 1685 2906 llos

132 2957 280 3003 essemus
301 2937 452 3020 peccatiS,
469 2943 524 3000 aut
543 2935 731 3017 jamdudum
753 2941 883 3018 propter
938 2939 1081 3020 increpat
1096 2937 1595 3022 Salomon,dicendo:Usquequo
1609 2941 1685 3002 stul·
1698 2964 1766 3010 eron.
1774 2979 1789 3018 1,
1797 2968 1830 3010 η,

131 3057 170 3101 ea
192 3037 293 3100 occisi
316 3054 459 3099 essemus
481 3053 499 3097 a
520 3035 596 3109 Deo,
612 3042 706 3116 atque
730 3033 879 3095 damnati.
937 3038 961 3098 ti
976 3055 1013 3100 ea
1027 3055 1097 3119 quae
1112 3036 1175 3099 sibi
1190 3036 1303 3098 nociva
1317 3043 1392 3099 sunt
1407 3037 1683 3118 cupienttQuibus

131 3135 405 3216 Quandocumque
420 3133 506 3195 euim
522 3132 595 3214 quis
615 3138 726 3214 peccat
743 3130 883 3194 mortali-
937 3134 1051 3197 clamat
1074 3133 1238 3196 Psalmista
1254 3151 1261 3195 :
1278 3133 1349 3195 Filii
1371 3132 1551 3208 hominum,
1567 3154 1682 3218 usque·
1709 3161 1815 3213 maga.

130 3243 193 3308 ter,
210 3234 323 3296 eodem
340 3238 502 3294 momento
523 3237 663 3292 meretur
676 3249 695 3292 a
709 3231 774 3292 Deo
788 3229 882 3291 relin-
937 3250 1001 3314 quo
1019 3232 1106 3313 gravi
1128 3231 1245 3294 cordel
1260 3232 1299 3294 vt
1313 3231 1390 3314 quid
1409 3231 1542 3313 diligitis
1561 3235 1681 3298 vanita-

133 3333 202 3414 qui,
234 3331 360 3394 diabolo
390 3329 484 3403 tradi,
517 3328 723 3411 corporaliter
753 3327 880 3410 perimi,
937 3339 1013 3403 tem,
1029 3338 1060 3392 et
1075 3329 1216 3412 quaeritis
1233 3330 1524 3392 mendaciumllsti
1542 3351 1681 3414 namque

131 3429 389 3511 aetemaliterque
419 3428 573 3490 damnari.
605 3427 669 3488 lloe
698 3426 805 3508 itaque
834 3432 882 3486 est
937 3427 1144 3490 ineiiabiliter
1164 3427 1253 3489 stulti
1272 3435 1347 3490 sunt
1363 3428 1419 3508 qui
1439 3446 1476 3490 ea
1495 3437 1612 3504 amant,
1629 3449 1681 3493 ex-

130 3531 291 3593 immensa
306 3526 525 3590 misericordia
545 3526 613 3599 Dei,
629 3525 714 3607 quod
734 3531 882 3606 peccator
936 3531 1313 3607 ercent‚reservant,quae
1327 3524 1374 3586 eis
1389 3525 1683 3608 incomparabiliter

129 3627 187 3710 qui
214 3645 290 3690 eum
315 3626 348 3688 in
372 3630 496 3687 tantum
521 3623 667 3696 offendit,
688 3641 751 3685 non
776 3622 880 3685 solum
935 3631 1061 3699 nocent,
1085 3631 1162 3706 puta
1186 3631 1315 3706 peccata
1340 3623 1513 3685 mortalia:
1535 3643 1682 3707 perque

129 3744 195 3790 non
212 3724 358 3808 protinus
379 3723 620 3796 condemnatur,
637 3722 691 3783 sed
706 3721 761 3783 diu
778 3727 880 3802 porta·
935 3722 1073 3804 perdunt
1097 3722 1205 3784 omnia
1232 3721 1403 3802 gratiarum
1434 3722 1623 3785 charismata
1648 3723 1681 3785 in

127 3833 193 3900 tur,
221 3832 253 3886 et
277 3824 406 3885 demum
434 3821 567 3904 gratiam
598 3819 815 3883 conversionis
839 3819 879 3881 ab
934 3821 1095 3904 praesenti,
1118 3821 1263 3902 donaque
1287 3819 1396 3900 gloriae
1420 3820 1453 3881 in
1476 3819 1595 3894 tuturo,
1617 3820 1681 3884 imo

127 3925 200 4006 ipso
217 3923 358 3985 sortitur.
374 3921 529 4002 Denique,
541 3919 678 4002 qualiter
692 3919 724 3980 id
739 3920 916 3985 commu-G
934 3937 1097 3983 summum
1113 3926 1144 3980 et
1160 3918 1422 3981 incommutabile
1437 3918 1682 3994 bonum,Domi-

125 4023 215 4085 niter
229 4028 284 4084 aut
297 4021 482 4103 frequenter
495 4018 563 4094 liat,
576 4037 614 4080 ex
629 4016 794 4099 evangelio
808 4035 878 4100 per·
933 4037 1011 4080 num
1028 4019 1140 4092 Deum,
1156 4025 1188 4080 et
1202 4016 1410 4099 spiritualiter
1424 4017 1623 4093 occiduntur,
1637 4025 1681 4080 at·

127 4121 284 4204 penditur
297 4119 460 4182 hodierno.
478 4118 556 4182 Nam
573 4117 689 4199 legitur
703 4117 735 4178 in
753 4116 876 4190 eodem,
933 4137 995 4200 que
1011 4125 1082 4200 post
1096 4117 1194 4178 vitam
1209 4116 1345 4189 banc,ad
1362 4115 1527 4178 infernalis
1543 4115 1680 4180 miseriae

5 4235 112 4290 :nanu
127 4219 217 4302 quod
238 4219 315 4281 dum
333 4219 423 4281 iesus
443 4217 672 4299 propinquaret
690 4216 808 4278 civitati
825 4233 878 4279 no·
932 4225 1066 4280 mortem
1082 4216 1170 4278 omni
1186 4221 1285 4277 morte
1300 4213 1486 4276 amariorem
1502 4214 1676 4277 trahuntur.

5 4311 57 4356 Μ·
127 4320 219 4382 mine
243 4317 345 4390 Naim,
368 4315 538 4379 defunctus
562 4314 768 4388 ellerebetur,
788 4313 876 4377 lilius
931 4317 1004 4378 ldeo
1035 4315 1147 4377 odiunt
1177 4313 1376 4393 semetipsos
1407 4312 1676 4393 quemadmodum

125 4418 247 4480 unicus
269 4415 372 4478 viduae
394 4415 505 4477 matris
522 4431 529 4476 ε
546 4414 639 4495 cujus
663 4413 764 4476 dolori
788 4412 876 4476 Chri·
931 4413 1150 4496 scriptumest
1167 4428 1174 4472 :
1191 4410 1249 4483 Qui
1265 4409 1370 4490 diligit
1384 4409 1598 4490 iniquitatem,
1610 4411 1678 4473 odit
1704 4425 1803 4476 rena.

124 4525 198 4579 stus
214 4513 421 4595 compatiens,
439 4511 619 4575 consolatus
635 4519 683 4574 est
700 4530 780 4586 eam,
792 4511 876 4592 ejus·
931 4513 1070 4575 animam
1089 4528 1190 4572 suam.
1208 4508 1247 4570 Et
1267 4514 1352 4570 certe
1373 4507 1452 4570 tales
1474 4516 1548 4570 sunt
1566 4525 1677 4572 omues

123 4633 191 4698 que
218 4611 323 4675 lilium
352 4610 527 4674 suscitavit.
554 4609 766 4674 Coniormiter
788 4610 876 4672 omui
932 4609 1073 4692 superbi,
1105 4606 1216 4680 invidi,
1246 4605 1345 4680 avari,
1376 4604 1502 4680 lubrici,
1527 4607 1677 4682 acediosi,

122 4713 177 4776 die
200 4710 402 4792 conspiciens
421 4709 506 4771 Deus
525 4715 706 4790 peccatores
725 4709 764 4770 ad
782 4707 877 4770 inler-
931 4709 1034 4792 gulosi
1053 4717 1084 4771 et
1106 4705 1260 4769 iracundi.
1277 4706 1408 4788 Propter
1426 4707 1511 4788 quod
1531 4705 1678 4771 Salomon

121 4829 207 4873 num
227 4808 353 4882 deduci,
371 4807 512 4890 illucque
533 4807 590 4880 ire,
608 4807 673 4870 imo
690 4815 721 4870 et
736 4825 875 4881 currere,
932 4804 1326 4891 protestatur:stuttorum
1342 4803 1489 4866 infinitus
1505 4811 1554 4867 est
1567 4823 1678 4867 nume·
1692 4827 1826 4880 accensa.

122 4907 277 4972 condolet
290 4904 384 4980 eis,et
398 4904 517 4989 quibus
533 4906 602 4968 vult
616 4906 749 4986 gratiam
766 4905 878 4967 tribuit
933 4925 996 4969 rus.
1014 4905 1157 4987 Denique
1178 4903 1229 4966 isti
1251 4909 1325 4966 sunt
1344 4901 1466 4964 similes
1485 4903 1678 4984 quibusdam

122 5004 356 5070 conversionis.
933 5003 1073 5066 inlirmis
1098 5009 1283 5083 corruptum
1308 4999 1448 5082 palatum
1474 4999 1678 5076 habentibus,

166 5103 227 5166 Hic
256 5102 534 5174 considerandum,
557 5101 614 5184 qui
643 5108 716 5164 sunt
745 5100 797 5162 isti
821 5099 988 5184 quiuni
1013 5121 1050 5162 ea
1072 5101 1206 5182 cupiunt
1231 5097 1423 5160 manducare
1446 5116 1517 5180 que
1542 5107 1681 5162 comesta

125 5207 330 5286 peccatorem
346 5199 556 5283 spiritualiter
571 5205 732 5262 mortuum
752 5205 880 5280 portant
935 5207 1069 5263 mortem
1086 5217 1158 5262 mox
1174 5197 1327 5260 inierunt.
1344 5196 1452 5258 Cesset
1470 5197 1568 5277 igitur
1583 5217 1680 5259 unus-

126 5301 277 5385 quotidie
300 5300 339 5364 ad
363 5299 538 5374 infernum,
553 5297 598 5360 ita
621 5305 656 5360 ut
680 5316 743 5361 non
768 5297 879 5379 resipi-
936 5297 1073 5379 quisque
1104 5295 1144 5357 ab
1177 5295 1237 5356 ista
1266 5291 1401 5354 stultitia
1434 5293 1547 5375 suique
1579 5294 1679 5376 ipsius
