4154 6258
281 2450 300 2556 gl
309 2450 360 2496 Cor.
371 2464 414 2504 vin,

277 5225 409 5281 fennena,

278 5292 300 5334 6.

427 477 487 542 too
780 494 928 544 neururcu
949 495 990 542 xv
1010 495 1084 542 rosr
1102 495 1296 543 mrumurnu.
1316 513 1356 525 -
1376 494 1474 542 saeuo
1494 493 1619 541 merrus

426 685 482 730 rus
498 665 555 728 fui.
573 666 672 730 bilius
686 667 864 730 econtrario
877 667 959 730 dixit
973 667 1012 729 ed
1028 672 1171 749 patrem:
1188 669 1213 734 Α
1227 667 1305 732 socii
1321 673 1396 730 sunt
1411 665 1443 728 in
1459 663 1675 737 tormentis,et
1689 661 1772 744 quod
1786 661 1841 743 qui
1857 660 1888 724 in
1900 659 1952 724 vita

427 765 611 829 Maledictus
626 766 670 828 sis
685 772 731 840 tu,
748 767 823 848 quie
838 766 900 828 nisi
916 766 1104 848 temporalia
1119 766 1174 828 illa
1228 765 1378 849 praesenti
1397 764 1497 846 magis
1516 781 1550 826 se
1570 761 1709 824 invicem
1729 767 1835 822 emant
1852 760 1952 822 carnali

428 863 509 926 mihi
524 864 718 947 reliquisses,
735 865 903 929 damnatus
918 883 982 929 non
997 884 1110 928 essem.
1128 865 1173 928 Ex
1227 883 1346 940 amore,
1362 869 1471 947 postea
1486 862 1587 943 magis
1602 879 1636 924 se
1650 859 1763 924 odiunt
1775 857 1807 920 in
1822 857 1952 921 infernali

426 977 492 1044 quo
506 969 629 1028 constat
643 963 728 1045 quod
743 965 800 1046 qui
814 963 893 1028 socii
910 971 986 1027 sunt
1005 964 1038 1026 in
1058 963 1172 1050 culpis,
1227 963 1348 1027 ardore.

964 1393 1157 1482 seulfo
1194 1392 1437 1481 TERTIUS

608 1661 648 1708 ott
668 1661 772 1708 vultus
793 1659 899 1708 GAUSIS
920 1659 1048 1707 l'l'l'ANDI
1067 1658 1241 1706 avautvmt
1260 1656 1568 1714 sotttctrubmatrottlt
1589 1655 1799 1714 scamnum,

854 1758 892 1804 ΒΤ
912 1757 952 1804 ott
972 1756 1142 1806 mutentur
1163 1757 1349 1805 utstetuuvu
1370 1756 1547 1804 arduorum.

490 2037 649 2099 RIMUM
660 2036 798 2115 quaerite
813 2053 948 2113 repetam
961 2035 1024 2096 Dei
1037 2043 1067 2093 et
1074 2034 1174 2111 justi·
1191 2029 1215 2091 B
1229 2032 1346 2096 veritas
1360 2039 1391 2094 et
1405 2032 1480 2106 vita,
1497 2029 1707 2112 omniumque
1725 2028 1953 2093 Christianorum

505 2135 587 2196 tiam
606 2135 689 2212 ejus,
705 2143 735 2194 et
754 2135 821 2194 naec
839 2134 950 2193 emnia
971 2133 1175 2210 adjicientur
1229 2131 1403 2213 exemplar,
1419 2129 1657 2214 pauperrimam
1672 2127 1706 2191 in
1721 2128 1783 2192 hoc
1798 2129 1907 2191 mundo
1918 2129 1954 2190 vi·

428 2235 526 2295 vobis.
543 2232 650 2296 blattb.
666 2249 709 2306 vr,
726 2230 775 2295 33.
1228 2237 1294 2292 tam
1310 2228 1416 2310 elegit,
1433 2229 1611 2292 secundum
1630 2227 1717 2310 quod
1733 2227 1803 2311 ipse
1816 2234 1952 2290 testatur:

473 2330 747 2405 Quemadmodum
780 2328 894 2392 Paulus
923 2328 968 2390 ait
999 2326 1173 2410 apostolus,
1228 2328 1347 2410 Vulpes
1370 2335 1462 2390 terrae
1486 2326 1593 2390 foveas
1617 2327 1748 2402 hahent,
1775 2333 1808 2389 et
1830 2326 2045 2389 volucresraaa

427 2429 559 2511 Propter
573 2446 630 2491 nos
646 2427 788 2491 Christus
808 2445 927 2508 egenus
947 2426 1050 2490 fectus
1065 2434 1123 2498 est,
1140 2433 1175 2486 ut
1229 2425 1301 2488 coeli
1317 2425 1427 2505 nidos;
1443 2425 1542 2488 Filius
1560 2432 1667 2488 autem
1686 2424 1828 2488 hominis
1843 2442 1899 2488 non
1912 2425 1954 2487 ha·
1965 2409 1988 2450 ²⁰·

428 2527 499 2609 ejus
515 2528 633 2610 inopia,
650 2527 681 2589 id
697 2533 746 2590 est
760 2527 873 2589 merito
889 2545 953 2590 sue
969 2525 1172 2607 paupertatis
1229 2524 1283 2586 bet
1297 2524 1353 2587 ubi
1368 2531 1463 2607 ceput
1476 2523 1619 2587 reclinet.
1627 2523 1707 2586 ilinc
1722 2523 1769 2585 ait
1782 2523 1952 2586 Bemardus:

428 2644 486 2690 nos
506 2627 621 2689 divites
640 2627 741 2689 simus
758 2643 765 2687 :
782 2626 897 2689 divites
918 2624 1028 2706 utique
1047 2623 1175 2706 spiritu·
1229 2622 1328 2685 uilius
1351 2621 1407 2685 Dei
1427 2622 1460 2684 in
1479 2622 1566 2685 bunc
1589 2622 1747 2685 mundum
1768 2621 1952 2694 descendens,

427 2725 469 2789 ali
486 2724 660 2808 opulentia,
676 2724 720 2787 ita
735 2732 769 2786 ut
784 2725 818 2786 in
832 2723 899 2786 vita
913 2721 1061 2806 praesenti
1076 2721 1175 2784 abun·
1228 2728 1448 2803 paupertatem
1480 2719 1585 2802 elegit,
1616 2728 1653 2782 ut
1680 2739 1739 2782 sua
1767 2719 1954 2784 aestimatione

427 2824 541 2887 demus
570 2823 602 2886 in
634 2822 879 2885 charismatibus
909 2821 1016 2902 gratiae
1044 2838 1081 2882 ec
1109 2820 1174 2882 vir·
1228 2840 1298 2883 eam
1319 2821 1412 2884 nobis
1433 2820 1529 2884 faciat
1548 2821 1731 2903 pretiosam.
1750 2819 1954 2884 Descenditah

427 2929 544 2997 tutum,
571 2921 603 2983 in
627 2921 737 2983 futuro
760 2927 868 2982 autem
893 2918 984 2982 donis
1007 2918 1116 2999 glorie
1140 2917 1173 2979 in
1228 2919 1495 2982 inenarrabilibus
1511 2918 1585 2982 coeli
1600 2919 1733 2994 divitiis,
1750 2925 1845 3002 atque
1860 2919 1955 2980 intan-

426 3029 590 3084 aeternum.
607 3020 687 3094 Quia
706 3019 825 3082 etenim
845 3017 943 3079 Filius
961 3017 1017 3079 Dei
1033 3017 1122 3080 venit
1140 3016 1172 3078 in
1227 3026 1259 3080 ta
1283 3025 1468 3101 paupertate
1493 3017 1633 3093 advenit,
1660 3025 1694 3079 ut
1722 3027 1816 3081 natus
1845 3035 1910 3080 mox
1929 3017 1954 3078 in
1974 3034 2020 3076 rev
2033 3034 2043 3071 τ,

425 3120 583 3182 mundum
606 3119 703 3194 hunc,
719 3124 755 3179 ut
775 3115 816 3179 ab
837 3133 945 3180 amore
967 3134 1074 3178 rerum
1094 3134 1173 3198 prae-
1228 3117 1383 3199 presepio
1413 3123 1594 3199 poneretur.
1621 3116 1660 3178 Et
1682 3135 1760 3180 vere
1790 3134 1897 3198 magna
1919 3113 1954 3176 ni·

424 3217 563 3281 sentium
583 3216 770 3279 transferret
787 3233 845 3278 nos
860 3214 899 3277 ad
919 3232 1060 3278 amorem
1081 3213 1173 3278 eoele-
1189 3217 1212 3282 d
1228 3215 1353 3298 misque
1373 3233 1487 3297 magna
1506 3214 1629 3290 abusio,
1646 3221 1682 3278 ut
1701 3215 1794 3278 dives
1812 3233 1878 3278 esse
1894 3213 1954 3276 velit

423 3316 533 3390 stium,
550 3311 741 3379 eternorum
756 3333 792 3377 ac
807 3314 1002 3387 divinorum,
1019 3313 1090 3375 ideo
1105 3331 1171 3377 ver·
1226 3314 1422 3377 vermiculus
1450 3313 1536 3388 vilis,
1566 3320 1698 3396 propter
1727 3331 1826 3396 quem
1855 3328 1955 3396 pauper

422 3413 472 3477 bis
487 3421 520 3476 et
533 3412 627 3477 factis
642 3415 738 3476 talem
754 3413 879 3476 edocuit
893 3413 991 3475 vitam
1008 3430 1065 3494 per
1079 3429 1172 3494 quam
1225 3411 1298 3475 fieri
1318 3412 1466 3494 diguatus
1488 3420 1537 3475 est
1558 3412 1713 3475 Dominus
1736 3412 1912 3494 majestatis.

421 3511 569 3575 homines
601 3513 702 3594 magis
732 3518 806 3594 apte
836 3517 932 3594 atque
963 3509 1099 3572 faciliter
1132 3510 1170 3571 ad
1266 3511 1382 3586 Tertio,
1398 3510 1550 3593 quoniam
1571 3518 1691 3593 quanto
1713 3511 1765 3573 lex
1782 3509 1953 3592 evangelica,

420 3618 572 3674 eternam
591 3611 714 3692 possint
733 3609 901 3692 pervenire
925 3608 1060 3671 salutem
1082 3625 1089 3670 :
1110 3607 1171 3670 hoo
1225 3610 1263 3671 ad
1289 3609 1382 3690 eujus
1406 3608 1642 3673 observantiam
1670 3626 1782 3672 omnes
1807 3605 1953 3673 Christiani

421 3715 470 3771 est
484 3708 583 3770 vitam
602 3707 819 3789 purissimam,
836 3706 1063 3780 humillimam,
1081 3706 1171 3768 item·
1224 3715 1385 3782 tenentur,
1402 3715 1451 3770 est
1468 3707 1676 3790 spiritualior,
1694 3707 1866 3790 perfectior
1877 3713 1953 3787 atque
2056 3789 2057 3794 γ

422 3824 484 3888 qne
509 3805 759 3888 pauperrimam,
776 3806 852 3887 quia
874 3804 1024 3888 superbia
1045 3812 1076 3866 et
1098 3823 1170 3866 ava·
1224 3806 1364 3868 divinior
1377 3806 1466 3868 omni
1481 3806 1616 3868 aliarum
1631 3806 1781 3886 gentium
1797 3805 1954 3886 legatario

422 3904 496 3966 ritia
515 3922 552 3965 ac
572 3903 836 3966 incontinentiae
856 3904 994 3966 coelestis
1013 3903 1101 3984 regni
1123 3903 1169 3964 in·
1225 3903 1395 3968 Christiani
1411 3923 1476 3986 prae
1491 3904 1605 3966 ceteris
1620 3902 1771 3985 gentibus
1786 3899 1955 3986 spiritualis

422 4001 520 4064 troitu
537 4001 713 4083 prasertim
730 4000 910 4083 impediunt
923 4002 1169 4064 homines.Hinc
1224 4021 1273 4064 res
1293 4010 1326 4064 et
1346 4003 1445 4083 magis
1466 4001 1601 4084 perfecti
1620 4019 1657 4064 ac
1676 4001 1781 4064 divini
1803 4001 1954 4064 consistere

423 4099 571 4182 praesenti
592 4098 624 4160 in
644 4098 809 4179 evangelio
829 4098 971 4161 Christus
989 4098 1170 4180 specialiter
1223 4101 1351 4176 debent,
1369 4101 1453 4164 bone
1474 4100 1613 4163 camalia
1635 4107 1666 4162 et
1689 4106 1817 4162 terrena
1840 4096 1954 4180 despici·

421 4196 586 4261 avaritiam
613 4215 650 4259 ac
680 4196 877 4279 superfluam
907 4196 1056 4279 reprobat
1084 4197 1169 4258 circa
1223 4200 1315 4274 endo,
1328 4199 1470 4262 coelestia
1484 4215 1559 4262 vero
1575 4205 1605 4260 et
1621 4204 1739 4261 eterna
1754 4195 1952 4260 desiderando.
2055 4239 2056 4286 1

420 4295 610 4378 temporalia
633 4314 754 4358 curam.
1223 4297 1295 4360 ldeo
1317 4297 1461 4361 Christus
1483 4297 1564 4359 dixit
1581 4314 1588 4358 t
1605 4296 1713 4360 Estote
1733 4295 1867 4378 perfecti
1887 4293 1954 4356 sicat
1973 4297 2056 4376 aare

459 4392 506 4455 Ad
530 4412 659 4457 omnem
684 4393 791 4476 itaque
817 4393 1031 4457 Christianum
1057 4394 1166 4474 preci·
1181 4401 1206 4462 D
1222 4403 1254 4458 et
1283 4397 1373 4459 Peter
1403 4403 1508 4459 vester
1538 4394 1678 4458 coelestis
1705 4395 1866 4477 perfectus
1893 4371 1987 4468 est;⁶''
2055 4371 2056 4416 ¹

420 4509 483 4572 pue
512 4498 634 4573 spectat
657 4491 823 4555 evaritiem
852 4491 1167 4574 sollicitudinemque
1221 4495 1370 4577 itemque,
1382 4494 1483 4556 Nolite
1497 4494 1710 4557 thesaurizare
1725 4493 1759 4556 in
1774 4491 2041 4565 terrassunmraaot

419 4588 540 4650 calcare
556 4589 764 4671 superfluam.
780 4589 896 4664 Primo,
913 4589 1065 4672 quoniam
1081 4588 1167 4652 uhri·
1221 4610 1296 4675 ergo
1318 4592 1351 4654 in
1373 4591 1557 4673 evangelica
1578 4592 1648 4673 lege
1671 4591 1874 4655 beatificetur
1893 4607 1953 4671 pau·

420 4691 499 4758 stus,
521 4685 680 4765 magister,
701 4686 850 4749 dominus
869 4706 906 4749 ec
926 4687 1025 4768 judex
1047 4697 1164 4764 noster,
1221 4697 1338 4773 pertas,
1358 4697 1391 4752 et
1412 4689 1591 4753 voluntarie
1615 4690 1816 4772 pauperibus
1839 4705 1892 4772 pro
1910 4685 1954 4748 bu·
2054 4701 2055 4770 l

419 4781 480 4844 hoc
503 4782 612 4844 docuit
638 4790 670 4844 et
693 4786 844 4866 precepit
865 4803 872 4846 :
895 4785 987 4865 eujus
1011 4786 1165 4849 doctrinis
1219 4790 1273 4871 jus
1288 4788 1486 4852 brevissimae
1501 4788 1575 4852 vitae
1591 4795 1767 4871 spontanea
1783 4788 1954 4870 inopiapro
2054 4861 2055 4864 Ἴ

420 4879 634 4959 acquiescere,
659 4881 751 4962 cujus
776 4883 944 4965 preceptis
969 4882 1099 4946 obedire
1121 4890 1166 4947 te-
1222 4887 1389 4948 mittantur
1412 4886 1501 4968 regni
1527 4885 1666 4949 coelestis
1690 4886 1827 4960 deliciae,
1849 4883 1954 4949 Christo
2054 4869 2055 4882 ¹

422 4993 546 5039 nemur.
562 4977 630 5040 Imo
649 4979 821 5061 multiplici
837 4981 958 5045 ratione
974 4981 1116 5044 Christus
1134 4982 1166 5044 id
1222 4985 1359 5058 dicente,
1379 4984 1467 5046 Beati
1491 5002 1649 5067 pauperes
1674 4984 1804 5068 spiritu,
1822 4982 1953 5066 quonian
1973 4995 2040 5037 rur.-

422 5075 590 5156 persuesit,
615 5075 699 5139 sicut
727 5077 760 5139 iu
784 5079 941 5159 evangelii
969 5079 1167 5161 expositione
1222 5084 1365 5165 ipsorum
1387 5091 1436 5146 est
1458 5101 1593 5164 regnum
1618 5083 1793 5163 coelomm3
1809 5083 1883 5145 hinc
1903 5096 1954 5142 non

423 5181 586 5241 ostensum
608 5184 665 5238 est.
1221 5200 1296 5244 vere
1319 5181 1540 5256 christianum,
1557 5182 1613 5244 sed
1633 5182 1736 5263 magis
1758 5197 1911 5264 paganum
1927 5193 1954 5237 se
2053 5191 2054 5204 ²

462 5271 616 5349 Secundo,
633 5273 784 5356 quoniam
801 5274 954 5350 Christus,
969 5277 1026 5358 qui
1042 5283 1090 5339 est
1104 5277 1166 5354 vie,
1221 5297 1291 5344 esse
1306 5280 1564 5362 demonstret,qui
1579 5287 1647 5345 toto
1661 5279 1781 5344 affectu
1796 5274 1955 5362 temporali
