4214 6254
443 525 592 574 aounuoa
614 529 656 574 ss.
677 527 858 574 ramrrarrs.
878 545 918 556 -
939 526 981 574 ao
1002 527 1197 591 naucrosos3
1220 528 1319 575 enarro
1340 526 1452 576 saxrns
1661 505 1721 574 lit

172 706 205 762 ta
224 699 306 763 hane
326 699 488 782 duplicem
510 699 566 762 Dei
586 700 799 780 cognitionem
820 699 961 784 potestat
976 699 1133 776 funditur,
1149 700 1282 783 rapitur,
1300 707 1332 764 et
1345 707 1411 764 tota
1429 699 1571 764 mensio
1591 700 1721 764 Deitatis

173 798 402 880 contemplatio
416 798 471 861 Dei
487 797 606 880 duplex
623 797 776 880 distingui
794 817 801 862 :
818 799 923 881 prima
975 815 1131 862 oceanum
1151 798 1350 874 absorbetur,
1367 807 1399 861 et
1416 799 1448 860 in
1468 798 1595 862 divitias
1612 798 1721 880 gloriar

171 897 221 978 (ut
244 896 366 958 dictum
390 896 453 976 est)
471 915 529 979 per
553 895 760 979 positionem3
783 897 922 961 secunda
976 897 1131 961 Creatoris
1156 899 1362 980 demergitur,
1382 905 1478 980 atque
1503 898 1536 961 in
1561 898 1631 981 ipso
1653 897 1721 960 feli-

171 1013 230 1077 per
253 993 457 1058 ablationem.
479 995 551 1058 llaec
575 1001 682 1058 autem
707 993 845 1076 cognitio
864 995 920 1058 liei
975 996 1055 1059 citer
1070 997 1269 1079 conquiescit
1285 997 1487 1079 suaviterque
1501 995 1722 1060 obdormithd

171 1112 230 1176 per
248 1093 395 1157 omnium
416 1092 456 1155 ab
475 1092 546 1176 ipso
567 1092 780 1174 negationem,
796 1095 834 1156 ad
856 1112 920 1176 my·
974 1095 1057 1158 hanc
1087 1095 1237 1158 deificam
1270 1094 1547 1177 contemplationis
1580 1095 1721 1178 speciem

171 1192 285 1255 sticam
314 1197 437 1274 spectat
465 1191 670 1272 theologiam,
696 1199 728 1254 et
750 1199 798 1254 est
822 1191 920 1254 subli·
975 1210 1038 1256 non
1063 1193 1208 1257 efficitur
1236 1195 1331 1258 homo
1354 1202 1459 1277 aptus,
1484 1194 1545 1256 nisi
1576 1213 1634 1278 per
1657 1195 1723 1278 ple·

171 1290 254 1354 mior
276 1290 400 1372 species
421 1289 699 1374 contemplationis
720 1309 791 1372 quae
808 1288 919 1353 haberi
975 1311 1048 1354 nam
1065 1292 1181 1375 privati
1196 1293 1442 1356 eradicationem
1457 1292 1585 1368 amoris,
1602 1313 1660 1376 per
1674 1312 1721 1356 re-

170 1395 276 1470 potest
297 1389 329 1451 in
351 1389 417 1451 vita
438 1389 597 1471 praesenti.
974 1391 1198 1456 formationem
1215 1393 1399 1476 perfeotam,
1407 1411 1465 1475 per
1479 1411 1593 1475 pumm
1609 1399 1640 1454 et
1654 1410 1723 1474 per·

209 1487 305 1550 Porro
326 1487 458 1570 mystica
477 1486 648 1568 theologia,
664 1505 736 1569 quae
750 1493 781 1549 θῖ
797 1486 920 1549 unitiva
974 1489 1094 1554 fectum
1116 1491 1171 1553 liei
1194 1507 1345 1554 amorem.

168 1585 327 1666 sapientia
347 1590 442 1666 atque
464 1582 665 1665 flammigera
688 1583 810 1647 theoria
830 1601 920 1646 voca·
1015 1589 1118 1652 Tertia
1140 1589 1418 1672 contemplationis
1443 1589 1577 1670 speeies,
1598 1593 1722 1670 quaet

169 1691 231 1755 tur,
249 1681 376 1744 realiter
392 1681 476 1744 idem
492 1683 640 1764 estquod
656 1683 775 1744 donum
795 1682 920 1764 sapien·
975 1694 1087 1769 quarta
1102 1687 1166 1750 dici
1187 1695 1301 1769 potest,
1318 1694 1366 1749 est
1385 1693 1558 1769 assumptae
1577 1686 1722 1749 humani·

168 1781 233 1852 tiae,
259 1778 447 1861 accipiendo
476 1779 641 1861 sapientiae
664 1780 783 1842 donum
809 1797 920 1842 secun·
974 1785 1047 1847 tatis
1064 1785 1179 1848 Christi
1199 1784 1433 1848 consideratio:
1452 1785 1720 1866 quemadmodum

168 1883 248 1943 dum
270 1881 403 1961 gradum
425 1888 456 1942 θῖ
475 1888 592 1944 statum
615 1901 709 1944 suum
732 1899 918 1963 supremum
935 1883 957 1946 Β
974 1882 1097 1944 seilicet
1115 1890 1228 1944 natura
1247 1883 1386 1944 humana
1406 1881 1438 1944 in
1459 1881 1582 1945 Christo
1601 1901 1723 1944 assum-

168 1987 266 2060 atque
282 1977 459 2060 perfectum
475 1979 551 2040 buio
567 1979 638 2041 vitae
654 1978 851 2060 possibilem.
865 1979 919 2040 Est
974 1988 1028 2063 pta
1043 1989 1090 2044 est
1106 1981 1138 2042 in
1155 1981 1309 2043 unitatem
1326 1997 1469 2062 personae
1483 1999 1500 2042 a
1516 1980 1619 2043 Verbo
1634 1989 1722 2044 aeter-

168 2075 319 2158 equidem
346 2076 462 2157 triplex
492 2076 608 2158 gradus
637 2077 711 2138 doni
742 2076 916 2158 sapientie,
974 2087 1061 2152 n0,et
1076 2078 1269 2160 suppositata
1282 2078 1313 2140 in
1326 2079 1524 2161 hypostatice
1539 2097 1608 2141 esse
1625 2079 1722 2159 ipsius

167 2176 254 2238 sicut
278 2183 310 2236 ot
333 2175 481 2237 caritatis.
510 2176 617 2257 ltaque
643 2176 775 2259 mystica
800 2175 920 2238 theolo-
974 2176 1068 2238 Verbi
1096 2178 1250 2254 increat03
1276 2184 1307 2238 et
1332 2177 1491 2256 quomodo
1515 2177 1627 2238 eodem
1657 2194 1724 2238 mo·

166 2275 232 2355 gia,
249 2292 305 2335 seu
329 2273 556 2355 contemplatio
579 2273 638 2335 ista
662 2273 826 2356 sapientiae
851 2273 919 2334 nni·
976 2283 1084 2336 mento
1106 2291 1180 2336 caro
1201 2273 1316 2337 Christi
1339 2293 1357 2336 a
1379 2273 1499 2356 Spiritu
1522 2274 1636 2336 Sancto
1660 2273 1722 2336 for-

167 2373 255 2444 tivae,
276 2370 494 2452 flammigero,
515 2388 667 2435 amorosae
689 2391 725 2433 ac
750 2389 917 2454 saporosa,
977 2380 1059 2435 mata
1083 2381 1141 2446 est,
1164 2381 1195 2434 et
1219 2373 1325 2435 anima
1349 2372 1420 2454 ejus
1446 2380 1550 2435 ereata
1574 2390 1610 2434 ac
1635 2373 1721 2434 carni

167 2477 220 2532 est
243 2469 368 2531 interna
398 2487 433 2530 ac
457 2469 669 2534 secretissima
700 2469 815 2532 mentis
845 2488 918 2532 cum
975 2470 1153 2534 formaliter
1174 2471 1296 2551 juncta,
1316 2480 1412 2554 atque
1432 2479 1604 2553 utrumque
1626 2471 1721 2534 simul

167 2569 235 2631 Deo
256 2566 384 2641 locutio,
400 2567 595 2649 Deitatisque
614 2568 758 2649 quedam
780 2567 917 2640 intuitio,
975 2569 1110 2632 al'erbo
1129 2579 1347 2652 assumptum3
1368 2569 1504 2651 qualiter
1525 2571 1601 2632 item
1621 2571 1654 2632 in
1672 2587 1723 2632 eo·

168 2685 235 2729 non
252 2683 309 2748 per
325 2665 544 2747 phantasmata
557 2673 613 2727 aut
628 2685 736 2727 rerum
754 2666 918 2747 imagines,
975 2668 1047 2729 dem
1069 2666 1124 2728 illo
1142 2674 1303 2729 momento
1321 2686 1356 2729 ac
1378 2667 1507 2729 instanti
1529 2666 1660 2749 impleta
1675 2676 1723 2730 est

168 2766 226 2828 sed
247 2783 305 2847 per
320 2763 465 2826 omnium
486 2762 692 2838 ablationem,
709 2764 919 2826 transcensio·
974 2773 1039 2828 tota
1063 2765 1219 2847 capacitas
1244 2766 1358 2828 animae
1383 2765 1498 2828 Christi
1524 2766 1722 2848 plenitudine

167 2883 245 2926 nem
264 2880 301 2924 ac
320 2861 571 2934 derelictionem,
588 2861 708 2924 otiante
726 2861 792 2942 jam
813 2870 919 2924 mente
973 2865 1093 2946 gratiae,
1119 2865 1315 2946 perfectione
1343 2865 1509 2937 virtutum,
1536 2864 1723 2927 excellentia

166 2961 211 3023 ab
226 2961 315 3023 omni
330 2960 448 3022 virium
469 2960 756 3041 cognoscitivarum
776 2969 807 3024 et
823 2980 919 3044 appe·
975 2981 1103 3044 quoque
1124 2963 1279 3025 donorum
1300 2982 1335 3025 ac
1356 2963 1519 3026 fructuum
1539 2971 1571 3025 et
1588 2962 1722 3024 beatitu-

166 3060 334 3122 titivarum
350 3059 475 3122 actione
490 3059 574 3121 circa
589 3066 693 3121 ereata
710 3067 866 3134 versante,
876 3059 920 3121 in·
935 3060 956 3124 C
974 3061 1100 3134 dinum,
1127 3061 1191 3123 imo
1220 3067 1253 3122 et
1280 3060 1431 3124 beatifica
1454 3061 1578 3125 visione
1605 3061 1722 3124 divinas

166 3157 400 3238 gredienteque
418 3162 523 3218 mente
538 3155 680 3217 divinam
698 3155 877 3236 caliginem,
889 3157 919 3218 id
974 3161 1130 3233 essentie,
1148 3167 1180 3222 θῖ
1198 3178 1324 3221 summa
1347 3159 1478 3222 Deitatis
1499 3161 1719 3242 perfruitione.

167 3263 268 3318 estse
283 3254 474 3317 extendente
489 3272 525 3316 ac
542 3254 752 3335 immergente
768 3255 799 3317 in
817 3255 918 3338 ipsam
974 3259 1094 3321 Deinde
1116 3258 1153 3320 ad
1177 3258 1258 3319 hanc
1280 3258 1558 3340 contemplationis
1581 3261 1720 3343 speciem

166 3351 922 3436 incomprehensibilem,infinitam,supersplen·
974 3357 1113 3438 pertinet
1132 3356 1333 3418 considerare
1353 3357 1460 3418 omnia
1481 3376 1551 3438 quae
1570 3359 1602 3419 in
1623 3359 1721 3420 Evan-

166 3453 371 3515 didissimam
405 3451 509 3513 lucem
545 3451 698 3525 divinam,
734 3452 918 3529 increatam,
973 3456 1057 3538 gelio
1072 3463 1102 3518 et
1118 3455 1232 3517 ceteris
1247 3454 1346 3517 sacris
1359 3455 1585 3537 Scripturis,de
1598 3457 1722 3520 Christo

165 3559 330 3616 aeternam.
357 3551 456 3624 Ouam
487 3556 606 3632 quanto
631 3549 748 3612 clarius
779 3551 920 3614 intuetur
974 3555 1152 3616 secundum
1170 3554 1254 3635 quod
1271 3561 1319 3615 est
1334 3553 1441 3628 homo,
1459 3553 1722 3636 legunturzqua-

164 3670 205 3712 ac
227 3648 401 3732 perfectius
424 3648 671 3730 contemplatur,
694 3667 732 3711 eo
754 3668 849 3731 quam
873 3653 919 3712 in·
974 3652 1047 3713 liter
1061 3651 1184 3713 scilicet
1198 3652 1238 3714 de
1253 3651 1381 3733 Virgine
1397 3658 1570 3734 conceptus
1585 3661 1616 3714 et
1631 3661 1722 3716 natus

165 3746 470 3830 comprehensibilis
486 3754 518 3808 et
532 3748 786 3828 superexcellens
802 3748 920 3818 sit,cer-
974 3751 1025 3824 sit,
1047 3749 1087 3812 ab
1111 3749 1224 3831 angelo
1248 3751 1412 3813 nuntiatus
1437 3751 1628 3833 pastoribus,
1649 3753 1722 3815 ado-

165 3847 234 3909 tius
259 3845 361 3907 cernit
384 3851 479 3926 atque
505 3843 694 3927 profundius
725 3844 917 3927 speculatur.
974 3856 1060 3910 ratus
1084 3848 1175 3909 stella
1198 3849 1279 3910 duce
1300 3867 1317 3910 a
1337 3848 1454 3930 hlagis3
1475 3857 1506 3912 θῖ
1527 3857 1630 3913 cetera
1652 3851 1721 3932 ejus

166 3945 251 4008 Hinc
271 3962 288 4005 a
311 3942 503 4026 quibusdam
531 3943 665 4026 mystica
692 3944 850 4026 theologia
874 3944 919 4007 sic
975 3947 1137 4029 mysteria,
1153 3964 1250 4028 opera
1271 3955 1366 4028 atque
1389 3947 1551 4010 miracula.

165 4042 324 4106 definitur
340 4062 347 4106 :
363 4041 493 4124 Mystico
508 4040 665 4123 theologia
685 4051 733 4104 est
749 4044 919 4124 anagogica
1014 4045 1129 4118 Quarta
1144 4045 1422 4127 contemplationis
1438 4046 1572 4127 species,
1590 4055 1637 4108 est
1653 4067 1723 4128 spe-

165 4160 227 4204 seu
250 4139 477 4223 superductiva
500 4140 599 4202 motio
622 4140 739 4202 mentis
762 4139 794 4202 in
819 4142 919 4204 Deum
974 4142 1093 4204 eulatio
1116 4142 1273 4204 donorum
1297 4143 1405 4224 gratiae
1431 4144 1498 4217 Dei,
1516 4145 1722 4226 intelligendo

163 4259 362 4324 perpurum
383 4238 608 4321 fervidumque
627 4255 784 4318 amorem;
801 4247 833 4302 et
853 4259 919 4301 rur·
935 4245 960 4308 D
977 4258 1032 4321 per
1056 4241 1139 4302 dona
1162 4241 1271 4320 gratiae
1296 4241 1445 4304 universa
1468 4243 1721 4324 supernaturalia

163 4358 233 4413 sus,
256 4337 385 4421 Mystico
405 4337 565 4418 theologia
588 4346 637 4400 est
658 4339 918 4420 experimentalis
975 4338 1134 4401 beneficia
1149 4338 1304 4402 Creatoris
1325 4347 1356 4402 et
1374 4359 1506 4404 munera
1524 4342 1632 4422 gloriae
1646 4343 1720 4406 Bea-

163 4439 208 4500 de
228 4437 292 4498 lieo
312 4435 425 4498 notitia
445 4453 502 4516 per
523 4435 638 4497 unitivi
659 4435 779 4498 amoris
799 4437 920 4518 ample·
975 4446 1093 4511 torum,
1115 4457 1171 4500 seu
1196 4437 1304 4500 divina
1324 4440 1480 4519 promissa
1502 4441 1652 4505 coelestia.
1674 4447 1720 4508 Ad

163 4555 255 4600 xum.
282 4535 354 4598 llaec
378 4533 607 4616 contemplatio
636 4534 781 4617 mystica,
808 4554 919 4617 super·
974 4538 1055 4598 hano
1080 4537 1186 4618 itaque
1209 4537 1348 4618 speciem
1372 4539 1510 4620 pertinet
1529 4541 1645 4605 intueri
1667 4544 1720 4607 bc-

162 4632 332 4708 naturalis,
349 4632 503 4706 theorica,
519 4633 558 4694 ad
576 4632 659 4694 viros
675 4632 830 4707 heroicos,
848 4653 916 4715 per·
975 4634 1093 4697 nefioia
1116 4635 1171 4696 Dei
1196 4634 1343 4716 gratiosa,
1360 4638 1520 4716 generalia
1541 4658 1578 4701 ac
1602 4644 1722 4724 specia-

161 4734 280 4806 fectos,
298 4737 448 4814 purgatos
468 4731 597 4813 proprie
617 4731 766 4812 pertinet,
783 4731 858 4812 quie
879 4733 918 4794 ad
975 4733 1026 4806 lia,
1053 4733 1229 4815 corporalia
1253 4741 1285 4796 et
1308 4735 1497 4816 spiritualia,
1524 4739 1665 4803 exhibita
1691 4751 1722 4804 et

160 4850 238 4895 eam
258 4829 441 4911 disponitur
461 4829 556 4892 homo
578 4829 763 4892 immediate
781 4848 837 4911 per
857 4829 917 4893 fer·
974 4833 1164 4895 exhibenda.

159 4928 363 4994 ventissimae
388 4927 528 4990 caritatis
553 4929 795 5009 ardoremque
820 4929 917 5011 Spiri-
1014 4932 1127 5005 Quinta
1153 4933 1286 5014 species,
1313 4942 1361 4995 est
1386 4936 1540 4999 contuitio
1566 4938 1720 5005 donorum

158 5039 215 5092 tus
228 5029 361 5091 Sanctus
376 5026 501 5110 apicem
516 5026 673 5090 affectivae
687 5027 794 5108 tangit,
802 5029 918 5091 excitat
974 5039 1105 5104 nature,
1119 5031 1149 5092 id
1166 5039 1214 5093 est
1229 5032 1439 5096 consideratio
1456 5037 1649 5101 naturalium
1666 5042 1720 5104 Dei

158 5137 196 5192 et
217 5127 375 5199 accendit,
392 5126 499 5208 aliqua
520 5132 624 5188 tamen
647 5135 808 5208 preeunte
828 5136 918 5189 natu·
973 5129 1161 5202 effectuum,
1179 5129 1354 5192 visibilium
1371 5141 1403 5194 et
1418 5132 1642 5210 invisibilium,
1660 5146 1720 5202 ter·

158 5226 224 5291 rali
244 5225 357 5288 ordine
375 5223 723 5307 contuitione:sioque
743 5233 850 5288 vertex
871 5227 917 5288 in·
972 5227 1121 5288 restrium
1153 5233 1247 5307 atque
1276 5227 1466 5302 coelestium,
1499 5231 1719 5296 intellectuali-

159 5323 335 5390 telleotirae
355 5323 389 5386 iu
410 5324 512 5386 Deum
535 5322 679 5406 erigitur,
700 5324 822 5406 figitur,
844 5343 916 5409 pro·
973 5345 1039 5401 um,
1057 5325 1305 5402 rationabilium,
1325 5334 1356 5388 et
1374 5327 1562 5393 inferiorum
1583 5333 1720 5396 elemen-
