4154 6258
329 489 479 554 noaiuroa
499 505 551 552 x1v
572 504 646 552 ross
665 504 860 552 minuam.
882 521 922 535 -
942 505 985 552 aa
1005 504 1201 570 amrorosos3
1224 506 1322 554 saeuo
1344 506 1456 554 suxrus
1603 488 1663 553 437

8 697 60 746 ιιι,
72 697 102 739 ai.
116 677 283 762 Scriptura
299 697 306 743 :
323 680 376 744 Vs
393 679 449 762 qui
468 679 627 762 sapientes
647 679 723 742 estis
743 679 776 742 in
793 697 866 743 oeu-
879 677 906 743 A
920 697 954 743 se
978 698 1064 742 nuno
1088 679 1227 762 amplius
1250 680 1291 742 ab
1314 679 1500 744 homiuibus
1523 678 1664 762 reputari

8 799 103 845 asne.
117 776 159 839 lis
182 777 307 840 vestris.
334 777 373 842 Et
396 777 544 842 Salomon
571 778 714 841 :Vidisti
733 778 866 861 (inquit)
920 786 1101 860 procurant.

8 857 20 898 t

116 875 283 939 hominem
313 875 490 959 sapientem
519 875 582 939 sibi
610 876 740 938 viderit
766 876 865 956 magis
959 876 1064 940 Tertia
1078 876 1299 958 religiosorum
1315 876 1414 960 lepra,
1423 883 1472 940 est
1486 874 1664 951 curiositas,

117 973 175 1037 illo
205 994 296 1058 spem
329 974 446 1038 stultus
477 973 617 1038 habebit.
648 974 714 1038 Nisi
744 974 864 1036 etenim
919 994 991 1057 qua
1013 983 1049 1037 ut
1069 975 1183 1039 asserit
1204 975 1303 1056 Hugo,
1324 983 1372 1038 est
1394 974 1559 1058 superflua
1579 975 1666 1039 inve-

116 1071 298 1155 pertinaces
322 1073 356 1135 in
382 1073 449 1136 suis
474 1079 581 1136 esseut
609 1072 711 1136 oculis
740 1073 864 1155 sapien·
918 1073 1045 1154 stigatio
1070 1073 1346 1157 impertinentium
1371 1075 1410 1136 ad
1435 1074 1608 1155 salitque,
1630 1080 1666 1136 ut

117 1179 175 1246 tes,
197 1189 262 1236 non
286 1171 388 1254 magis
412 1172 579 1236 crederent
602 1173 710 1234 sensui
735 1171 865 1254 proprio
918 1171 962 1234 ait
986 1171 1166 1254 Gregorius,
1187 1191 1283 1253 grave
1307 1172 1500 1236 curiositatis
1525 1179 1574 1235 est
1593 1172 1665 1234 viti-

116 1289 214 1353 quam
235 1271 351 1346 alieno,
371 1270 538 1354 potissime
559 1288 655 1353 quam
680 1269 788 1332 sensui
813 1289 864 1332 su·
919 1288 986 1346 um,
1003 1290 1073 1353 quae
1093 1271 1170 1333 dum
1190 1271 1355 1334 bominem
1374 1271 1414 1334 ad
1431 1270 1663 1334 discussionem

116 1368 282 1451 pariorum
311 1387 347 1432 ac
377 1367 617 1451 sapientiorum.
649 1367 737 1430 Unde
767 1366 863 1430 etiam
919 1365 992 1432 vita
1006 1367 1118 1431 aliena
1133 1367 1293 1444 sollicitat,
1311 1368 1473 1451 propriam
1489 1368 1587 1432 vitam
1602 1366 1664 1430 sibi

116 1466 304 1548 hujusmodi
333 1465 480 1530 homines
504 1465 575 1529 duri
602 1473 677 1528 sunt
702 1467 807 1540 eorde,
833 1473 864 1528 et
918 1465 1094 1530 abscondit.
1112 1467 1179 1541 Quo
1201 1473 1325 1531 constat
1346 1467 1431 1550 quod
1453 1473 1571 1550 quanto
1592 1467 1665 1549 quis

116 1565 326 1629 metuendum
346 1565 459 1628 osteis
479 1563 564 1646 quod
586 1563 619 1626 in
641 1563 863 1628 Ecclesiastico
918 1564 1054 1628 aliorum
1072 1564 1215 1628 delectus
1237 1565 1501 1630 immoderantius
1523 1583 1666 1648 perscru-

8 1662 234 1745 sa111,ar.legitur
251 1683 258 1728 :
277 1663 337 1728 Cor
357 1663 475 1726 durum
496 1661 578 1726 male
600 1661 732 1726 habebit
752 1662 786 1724 iu
809 1679 864 1726 no·
918 1670 1013 1738 tatur,
1044 1671 1132 1727 tanto
1162 1682 1181 1727 a
1210 1664 1413 1747 propriorum
1445 1663 1564 1728 intuitu
1595 1663 1666 1727 viti·

114 1761 259 1825 vissimo.
917 1779 1010 1826 orum
1040 1762 1254 1826 miserabilius
1284 1763 1458 1845 impeditur
1484 1781 1491 1826 :
1517 1763 1601 1847 quod
1631 1764 1665 1825 iu

154 1859 301 1922 Secunda
324 1859 546 1940 religiosorum
573 1860 671 1943 lepra,
692 1866 740 1922 est
764 1859 863 1942 hypo-
880 1855 904 1920 B
919 1862 1075 1925 monacho
1093 1861 1149 1944 qui
1172 1862 1221 1924 sui
1246 1861 1348 1944 ipsius
1371 1862 1536 1925 dumtaxat
1558 1868 1665 1925 custos

114 1958 219 2032 crisis,
243 1977 313 2041 quae
338 1966 386 2020 est
409 1976 518 2022 seman
543 1958 673 2032 diaboli,
700 1976 860 2022 venenum
918 1967 966 2021 est
980 1958 1113 2041 positus,
1128 1957 1265 2021 maxime
1280 1958 1476 2042 reprobatur.
1492 1959 1597 2034 Porro,
1610 1958 1665 2041 qui

114 2055 329 2130 mortiterum,
346 2055 514 2120 excaecatio
530 2056 645 2131 cordis,
663 2055 798 2119 stultitia
814 2056 863 2118 in·
917 2057 1052 2120 aliorum
1069 2056 1213 2120 delectus
1228 2056 1409 2131 observant,
1422 2057 1600 2139 inquirunt,
1612 2057 1665 2120 de-

112 2155 207 2217 linita
224 2173 232 2217 :
249 2153 401 2235 quoniam
421 2154 517 2217 bomo
538 2154 597 2217 bac
617 2153 705 2236 lepra
725 2152 862 2216 inlectus
917 2154 1069 2229 scribunt,
1078 2161 1114 2216 ut
1127 2171 1181 2217 eos
1197 2172 1254 2218 suo
1269 2163 1413 2238 tempore
1427 2156 1512 2238 apud
1527 2154 1667 2238 superio

113 2270 176 2316 non
201 2251 362 2316 erubescit
382 2252 447 2315 Deo
470 2251 610 2326 mentiri,
628 2258 659 2314 ct
678 2268 784 2314 coram
806 2252 861 2315 ho·
917 2271 967 2315 res
983 2269 1057 2316 suos
1073 2252 1200 2316 valcant
1215 2271 1376 2328 accusare,
1392 2272 1452 2316 neo
1467 2253 1595 2316 interim
1611 2271 1665 2317 eos

112 2351 257 2415 minibus
288 2351 438 2414 simulare
468 2351 562 2432 cujus
590 2351 772 2433 oppositum
802 2351 862 2414 scit
918 2351 1082 2413 caritative
1104 2351 1283 2434 corripiunt
1303 2370 1339 2414 ao
1359 2351 1535 2427 hortantur,
1556 2358 1666 2416 contra

111 2451 176 2513 lleo
203 2456 366 2528 constare;
392 2449 503 2532 sicque
532 2448 670 2531 amplius
694 2449 784 2532 cupit
807 2450 861 2513 bo
917 2449 1081 2512 caritatem
1104 2457 1201 2532 agunt
1223 2457 1255 2512 et
1279 2451 1418 2531 graviter
1442 2450 1543 2514 ileum
1565 2450 1666 2514 olien-

112 2548 258 2612 minibus
283 2547 482 2630 complacere
506 2565 603 2629 quam
627 2547 702 2622 Deo,
727 2566 786 2610 uec
811 2567 861 2610 ve·
916 2549 1006 2624 dunt,
1024 2567 1084 2611 neo
1099 2549 1234 2611 fratrum
1250 2566 1381 2612 suorum
1397 2549 1664 2625 emendationem,

111 2655 201 2710 retur
224 2645 360 2708 mendax
382 2653 414 2708 et
435 2645 582 2708 falsarius
607 2664 688 2720 esse,
708 2665 861 2728 apparere
916 2647 971 2710 sed
997 2646 1219 2711 confusionem
1244 2655 1275 2709 et
1299 2665 1471 2728 gravamen
1500 2647 1665 2712 intendere

112 2755 143 2808 et
161 2744 302 2808 inveniri
318 2762 425 2808 coram
440 2762 487 2806 eo.
505 2743 577 2808 llaec
592 2743 680 2826 lepra
695 2744 740 2806 sic
757 2744 862 2807 inlicit
916 2743 1203 2827 comprobantur.0
1218 2745 1341 2807 utinam
1357 2743 1435 2808 tales
1450 2746 1579 2828 propria
1594 2765 1666 2828 pec·

112 2843 291 2916 bominem,
308 2849 343 2905 ut
357 2849 389 2905 ct
403 2841 487 2905 bona
506 2861 546 2904 ex
564 2861 680 2923 genere
700 2862 771 2925 quae
787 2860 862 2925 ope·
917 2850 986 2905 cata
1009 2843 1069 2904 rite
1093 2843 1305 2919 intuerentur,
1322 2842 1571 2917 conscriberent,
1587 2860 1665 2925 pon-

112 2951 213 3016 ratur,
233 2942 273 3004 ad
294 2941 394 3004 linem
422 2959 607 3023 perversum
630 2941 775 3004 ordinare
798 2958 862 3005 non
917 2942 1083 3004 derarentl
1102 2940 1192 3004 Certe
1209 2948 1334 3004 tantum
1354 2940 1509 3004 haberent
1523 2959 1616 3022 agere
1631 2942 1664 3003 in

112 3041 249 3104 desinat.
271 3039 382 3103 llerito
404 3039 521 3121 itaque,
541 3040 631 3121 juxta
653 3039 860 3122 Scriptorum,
881 3036 1046 3122 (lpropria
1065 3057 1170 3114 causa,
1191 3040 1277 3123 quod
1302 3058 1366 3102 non
1387 3045 1452 3102 tam
1477 3038 1591 3102 stolide
1611 3039 1664 3102 ad-

30 3165 96 3205 nm,
112 3138 318 3202 simulatores
332 3145 365 3201 ot
379 3136 485 3200 callidi
506 3145 679 3220 provocant
698 3137 777 3200 iram
792 3138 858 3201 Dei.
918 3140 1079 3221 spicerent
1097 3137 1212 3212 aliena,
1229 3157 1333 3221 neque
1353 3137 1549 3221 inspicerent
1567 3136 1664 3200 lestu-

8 3275 63 3320 3„,3
112 3239 150 3300 Et
171 3237 212 3312 si,
227 3237 318 3318 juxta
337 3236 530 3319 Sapientem,
546 3237 602 3318 qui
625 3235 799 3318 sophistice
819 3235 861 3298 lo·
917 3256 987 3299 cam
1009 3237 1041 3298 in
1061 3236 1227 3318 proximis,
1245 3237 1299 3317 qui
1320 3235 1464 3299 trabibus
1484 3235 1571 3318 pleni
1590 3243 1665 3298 sunt

8 3343 82 3388 ⁸¹¹³·
110 3337 226 3419 quitur
243 3334 373 3399 odibilis
392 3341 451 3408 est,
468 3341 587 3417 quanto
609 3335 709 3414 magis
728 3334 783 3417 qui
806 3333 862 3417 hy·
917 3335 950 3396 in
976 3352 1009 3396 se
1032 3334 1120 3417 ipsis.

108 3434 310 3518 pocritaliter
323 3438 480 3516 operatur,
487 3433 579 3514 cujus
594 3450 649 3496 oor
663 3433 697 3495 iu
712 3432 861 3496 omnibus
956 3433 1091 3514 Insuper
1109 3431 1178 3495 aliae
1199 3431 1307 3496 multae
1329 3438 1403 3494 sunt
1423 3432 1519 3515 lepra
1538 3431 1664 3513 religio·

108 3534 320 3616 obliquaturl
917 3547 1036 3604 sorum,
1058 3537 1135 3612 puta
1161 3547 1167 3592 :
1195 3529 1379 3612 loquacitas,
1400 3529 1597 3606 scandalum,
1618 3538 1662 3594 te-
1711 3555 1717 3566 “

148 3635 227 3698 llaec
251 3634 340 3716 lepra
363 3633 397 3694 in
420 3631 597 3695 ambitiosis
625 3631 790 3713 potissime
816 3632 861 3696 vi·
917 3628 1090 3692 mererium
1113 3628 1283 3709 judicium,
1305 3628 1537 3710 complacentia
1559 3628 1662 3692 said

8 3751 20 3792 ι
35 3765 92 3802 su,
107 3741 162 3816 get
188 3731 360 3812 religiosis,
386 3739 420 3793 et
442 3731 476 3792 in
499 3729 551 3792 his
575 3729 804 3812 quinequiter
826 3749 860 3794 se
916 3727 1034 3810 quibus
1053 3745 1089 3788 ac
1110 3726 1180 3788 aliis
1195 3726 1282 3788 vitiis
1302 3726 1459 3790 universis
1477 3726 1597 3808 jugiter
1611 3745 1662 3790 ca-

106 3830 297 3904 humiliant‚
323 3829 379 3912 qui
403 3847 437 3891 se
460 3828 614 3891 honoram
638 3834 670 3889 et
692 3829 861 3909 promotio·
916 3845 1057 3889 veamus.
1076 3824 1114 3886 Et
1133 3825 1159 3887 si
1177 3824 1285 3907 aliquo
1302 3824 1417 3888 borum
1438 3823 1548 3887 iniecti
1565 3824 1661 3888 lueri-

106 3949 185 3994 nem
219 3928 383 4010 despicere
414 3926 552 4007 lingunt,
583 3934 619 3987 ιιι
647 3924 800 3989 bonorem
829 3933 861 3989 et
916 3943 999 3998 mus,
1019 3923 1165 4006 protinus
1188 3922 1334 3985 mundari
1357 3941 1414 4006 per
1438 3924 1660 3987 contritionem

105 4028 350 4112 praesidantiam
377 4027 411 4089 in
437 4027 503 4090 vita
527 4025 586 4088 bac
613 4034 858 4108 consequantur,
916 4031 947 4086 et
962 4021 1197 4085 confessionem
1218 4020 1532 4104 satisfactionemque
1552 4041 1664 4104 prope

106 4146 173 4191 non
191 4134 363 4210 pensantes
385 4126 469 4209 quod
488 4125 532 4188 ait
551 4124 719 4207 Gregorius
737 4141 744 4187 ε
761 4125 860 4188 Unus·
916 4137 1041 4200 remus;
1056 4128 1152 4202 atque
1167 4119 1268 4182 curati
1288 4120 1505 4200 regrediamur
1523 4121 1562 4182 ad
1579 4120 1666 4184 Chri-

104 4227 251 4308 qnisque
275 4225 366 4287 toties
395 4224 434 4286 ad
462 4224 627 4305 apostasia
655 4222 782 4305 culpam
808 4223 1013 4293 dellstum,
1039 4227 1201 4281 alcoram
1227 4235 1264 4280 co
1294 4218 1326 4279 in
1356 4225 1474 4281 terram
1503 4219 1663 4301 prostrati,

104 4325 243 4396 labitur,
268 4323 393 4407 quoties
417 4340 552 4406 praesse
581 4322 766 4386 bominibus
790 4321 860 4383 alli·
917 4317 1125 4400 regratiemur
1146 4317 1187 4392 ei,
1203 4315 1471 4380 affectuosissime
1494 4316 1665 4399 deprecan-

104 4425 221 4502 citur3
252 4429 284 4485 at
315 4441 435 4496 rursus,
465 4421 580 4496 Toties,
612 4421 727 4503 inquit,
759 4421 859 4482 Deum
916 4426 963 4480 tes
992 4423 1028 4478 ιιι
1056 4435 1075 4478 a
1103 4415 1198 4478 tantis
1227 4415 1422 4489 excessibus,
1448 4422 1480 4478 et
1505 4415 1663 4479 universis

104 4541 223 4587 mcum
239 4522 353 4604 praeire
368 4520 660 4603 desidero,quoties
675 4518 860 4582 bominibus
916 4516 1096 4578 animarum
1118 4514 1227 4596 lepris,
1243 4531 1279 4575 ac
1298 4513 1448 4576 recidivis
1468 4532 1525 4577 nos
1547 4514 1663 4577 indesi-

103 4621 275 4686 dominari
296 4618 421 4682 allecto.
444 4619 568 4683 Utinam
592 4618 700 4682 miseri
721 4618 771 4679 isti
792 4636 862 4699 per·
917 4620 1030 4676 uenter
1054 4631 1246 4695 preservare
1269 4612 1427 4694 dignetur.
1453 4612 1515 4676 Sed
1538 4620 1570 4675 et
1593 4614 1663 4695 qui-

102 4721 294 4805 penderant
311 4718 395 4801 quod
414 4735 521 4782 coram
541 4717 660 4780 summi
674 4715 794 4780 ludicis
810 4715 863 4776 tri·
918 4712 996 4776 libat
1015 4718 1160 4774 nostrum
1180 4711 1299 4773 adhoc
1320 4711 1425 4793 ipsum
1446 4710 1568 4775 viribus
1588 4711 1663 4775 totis

103 4818 225 4883 bunali
242 4823 331 4880 tanto
345 4815 569 4881 conlusibilius
588 4814 727 4890 stabunt,
743 4821 863 4896 quanto
918 4818 1059 4874 conetur.
1077 4809 1124 4872 Ad
1146 4809 1272 4872 laudern
1294 4816 1326 4872 et
1345 4809 1491 4890 gloriam,
1507 4819 1566 4873 etc.
