4140 6258
442 496 503 562 342
707 513 856 560 DOlllNlGA
876 513 897 559 Χ
918 513 991 560 POST
1010 513 1205 560 Tnttvttnttttt.
1224 532 1264 543 -
1285 514 1460 562 nummulo
1481 515 1513 562 tu
1533 513 1729 562 uvtuoutturt

444 704 580 771 persona
594 686 649 749 Dei
663 703 669 748 :
682 691 804 749 Domus
818 705 888 746 mea
903 688 1017 746 domus
1031 687 1191 746 orationis
1205 685 1231 750 Α
1248 705 1368 768 psoras,
1384 687 1440 770 qui
1463 688 1523 752 sub
1548 688 1694 751 cautione
1715 686 1924 750 accommodarent

444 797 502 858 cst,
520 787 551 850 id
567 793 626 862 est,
642 786 800 868 templum
820 786 884 848 Deo
900 791 1131 858 consecratum,
1148 785 1192 848 id·
1245 787 1355 867 egenis
1384 786 1554 868 pecuniam
1578 787 1618 850 ad
1641 786 1812 850 emendum
1831 785 1924 848 aninrla

443 903 482 949 eo
497 884 616 948 lactum
632 891 680 947 ast
695 891 730 946 ut
744 885 827 947 Deus
844 885 875 950 in
892 901 930 947 eo
944 883 1066 946 colatur
1080 884 1193 947 oratio·
1246 883 1448 947 immolanda.
1459 885 1577 948 Scribit
1591 903 1717 968 quoque
1731 880 1925 958 loannesbum
1938 904 1972 947 aa
1988 940 1991 953 ,

442 982 883 1058 nibus,laudibussacrilioiis
899 989 931 1044 et
945 982 1057 1044 ceteris
1070 982 1192 1045 actibus
1245 983 1375 1046 lecisset
1393 984 1484 1066 quasi
1504 983 1668 1065 flagellum
1688 985 1727 1046 de
1750 973 1948 1054 luriculam-¹⁵·

442 1082 603 1155 virtuosis,
620 1100 685 1144 non
709 1089 743 1142 ut
768 1080 811 1142 ibi
836 1080 1001 1142 saecularia
1024 1088 1056 1143 et
1079 1080 1192 1142 vitiosa
1247 1101 1303 1144 nes
1322 1083 1419 1163 ejecit
1438 1083 1477 1146 de
1498 1083 1628 1164 templo.
1647 1083 1734 1145 Unde
1754 1082 1926 1145 credituretin

442 1180 524 1243 fiant
538 1179 674 1262 negotia,
692 1187 727 1241 ut
746 1185 820 1242 sunt
840 1179 1017 1262 emptiones
1038 1187 1070 1241 et
1085 1178 1193 1241 vendi·
1248 1183 1307 1245 ista
1328 1183 1484 1263 electione
1505 1183 1549 1245 ita
1570 1182 1695 1245 iecisse.

442 1280 546 1342 tiones
571 1278 616 1341 ibi
645 1278 822 1360 prasertim
848 1277 975 1341 illicita.
1003 1281 1060 1340 Vos
1083 1287 1192 1338 actem
1286 1281 1347 1344 Sed
1361 1282 1461 1363 quaeri
1478 1288 1591 1364 potest,
1603 1281 1763 1363 quomodo
1779 1280 1928 1363 permiserunt

442 1379 568 1455 fecistis
584 1379 675 1437 illam
692 1380 876 1452 speluncam
898 1379 1076 1446 latronum,
1093 1375 1125 1437 id
1145 1382 1193 1438 est
1247 1397 1281 1441 so
1296 1379 1372 1460 ejici
1386 1378 1426 1440 ab
1446 1379 1576 1442 homine
1591 1396 1655 1441 uno
1671 1387 1703 1441 et
1722 1397 1854 1462 paupere.
1865 1378 1890 1440 Et
1901 1398 1927 1440 ra-

444 1474 584 1538 similem
610 1474 721 1557 specui
743 1492 800 1536 seu
826 1474 895 1537 loco
918 1474 1054 1547 occulto,
1071 1474 1103 1535 in
1128 1489 1192 1555 quo
1247 1477 1480 1559 spondendum,
1494 1477 1579 1558 quod
1595 1476 1739 1540 Christus
1753 1476 1928 1538 divinavirtutc
2017 1504 2018 1525 t

444 1575 581 1636 latrones
597 1573 698 1656 spolia
718 1592 776 1634 sua
795 1571 952 1635 collocant
970 1580 1002 1634 et
1020 1570 1189 1635 occultent.
1248 1576 1353 1657 potuit
1380 1577 1475 1638 corda
1504 1576 1631 1638 illorum
1660 1583 1780 1638 terrere
1808 1582 1831 1638 et
1852 1583 1928 1636 nentes
2016 1593 2017 1665 p

444 1672 718 1746 Quemadmodum
740 1671 826 1733 enim
848 1670 985 1733 latrones
1003 1677 1128 1752 ponunt
1147 1668 1192 1731 ibi
1247 1691 1461 1756 compescere,
1478 1674 1523 1736 ita
1543 1675 1628 1756 quod
1648 1674 1797 1736 resistere
1813 1691 1859 1735 non
1873 1673 1930 1735 aude·
2016 1672 2018 1783 l

443 1789 481 1833 ea
503 1790 573 1852 quaa
596 1770 724 1852 rapiunt
745 1769 784 1832 ab
809 1769 859 1832 his
882 1788 961 1852 quos
986 1769 1193 1850 corporaliter
1248 1772 1333 1834 bant.
1347 1772 1492 1837 Creditur
1507 1774 1603 1835 etiam
1619 1774 1703 1856 quod
1718 1773 1929 1854 quidamdivinu
2016 1798 2018 1849 r

445 1877 569 1942 necant,
596 1870 642 1931 sic
671 1869 850 1930 sacerdotes
878 1875 910 1930 et
933 1885 1043 1931 eorum
1070 1867 1192 1929 lamilia
1210 1864 1233 1927 Β
1248 1871 1399 1952 splendor
1413 1879 1445 1932 et
1459 1871 1572 1952 igneus
1586 1869 1692 1952 lulgor
1708 1869 1848 1933 mirabilis
1859 1869 1879 1930 ir
1891 1869 1931 1930 vul·

444 1966 636 2048 colligebant
658 1966 691 2029 in
713 1967 834 2048 templo
859 1967 1010 2049 pecunias
1037 1973 1069 2028 et
1091 1966 1192 2047 pretia
1248 1976 1282 2030 tu
1299 1968 1447 2031 ctortulis
1467 1968 1583 2031 Christi
1601 1969 1759 2050 apparuit,
1775 1987 1811 2031 er
1826 1967 1930 2048 cujusad-
2017 1965 2018 2025 l

443 2067 558 2129 horum
578 2083 658 2148 quos
678 2066 785 2147 pravis
807 2065 963 2148 exemplis
985 2064 1193 2146 spiritualiter
1247 2075 1358 2149 spectu
1380 2065 1580 2129 terrebantur
1599 2066 1712 2149 iniqui,
1729 2085 1790 2129 nec
1806 2066 1931 2129 eumaude-
2017 2100 2019 2160 q

443 2164 639 2238 occiderunt,
648 2164 828 2226 inducendo
844 2163 914 2227 illos
929 2165 967 2226 ad
984 2171 1114 2246 peccata
1127 2181 1193 2243 gra·
1247 2164 1324 2226 bant
1340 2164 1498 2246 inspicere
1513 2183 1572 2227 nec
1588 2164 1692 2226 reniti.
1710 2165 1790 2228 Nam
1804 2173 1827 2226 et
1839 2173 1930 2245 tenpore
2017 2169 2018 2204 l

445 2263 586 2325 vissima.
1247 2261 1404 2344 passionis
1418 2261 1485 2342 jam
1500 2261 1685 2344 capiendus,
1703 2263 1772 2327 solo
1786 2262 1861 2325 verbo
1870 2279 1932 2323 arna
1944 2277 2000 2320 aa.

485 2360 629 2442 Denique
645 2361 788 2424 Christus
809 2359 858 2421 bis
877 2367 950 2422 ante
969 2379 1059 2423 suam
1075 2361 1192 2442 passio
1247 2368 1312 2422 tam
1328 2360 1503 2434 cohortem,
1519 2360 1749 2424 acludaeorum
1770 2345 1962 2424 ministrasit-¹⁴·
2017 2397 2018 2402 κ

445 2478 520 2522 nem
545 2458 640 2539 ejecit
660 2459 834 2521 vendentes
856 2459 887 2520 in
914 2459 1033 2541 templo
1051 2477 1057 2521 :
1075 2460 1190 2542 primo,
1248 2466 1363 2532 rentes,
1384 2459 1568 2540 perterruit,
1589 2458 1777 2532 debilitavit,
1800 2458 1892 2539 dejecit,
1906 2457 1932 2518 itr

446 2558 573 2639 quando
588 2564 660 2639 post
681 2557 889 2619 mutationem
909 2575 999 2639 aquae
1019 2559 1051 2620 in
1068 2559 1191 2633 vinum,
1247 2557 1332 2639 quod
1347 2555 1496 2619 abierunt
1515 2565 1687 2619 retrorsum
1709 2564 1741 2620 ct
1755 2564 1901 2620 corruerunt
1913 2555 1932 2616 in

312 2673 395 2718 voaan.
409 2688 432 2727 a,
446 2655 534 2719 venit
553 2655 594 2717 ad
616 2655 758 2737 primum
777 2655 893 2717 Pascha
913 2655 945 2716 in
967 2656 1140 2718 Jerusalem
1161 2665 1193 2718 et
1247 2662 1374 2717 terram.
1387 2654 1466 2717 llinc
1480 2654 1593 2717 asserit
1608 2655 1769 2737 Origenes,
1782 2657 1848 2739 quod
1859 2654 1933 2736 ejectio

299 2741 410 2794 ¹³⁶²⁸⁹l
446 2754 479 2817 in
510 2752 684 2836 templum3
710 2754 860 2827 secundo,
886 2753 920 2815 in
944 2755 1049 2816 hamis
1075 2754 1193 2837 palma·
1248 2753 1302 2815 illa
1327 2751 1534 2814 vendentium
1566 2753 1786 2817 miraculosior
1808 2753 1933 2834 luitquan

323 2870 416 2915 aaran
446 2873 529 2926 rum,
546 2853 630 2915 circa
649 2852 778 2915 tertium
800 2852 927 2914 Pascha.
945 2854 988 2915 lle
1009 2854 1112 2934 prima
1131 2853 1194 2934 eje·
1249 2851 1382 2913 mutatio
1396 2869 1486 2932 aquae
1503 2851 1535 2912 in
1552 2851 1663 2914 vinum
1681 2870 1688 2914 :
1706 2852 1781 2934 quia
1797 2851 1934 2914 inmutatio
1949 2867 2000 2907 rata

298 2969 431 3020 natam
447 2953 551 3015 ctione
566 2951 680 3014 scribit
693 2959 816 3013 tantum
831 2953 975 3015 loannes.
994 2952 1037 3014 lla
1055 2953 1193 3014 secunda
1249 2967 1289 3012 ne
1306 2950 1363 3011 hac
1378 2967 1479 3030 aquaa,
1498 2949 1671 3012 inanimata
1690 2933 1977 3014 subserviamus-“⁹¹

299 3031 432 3146 mxl,
448 3049 622 3132 loquuntur
644 3049 699 3111 alii
721 3055 785 3111 tres
808 3048 1025 3131 Evangelistaa.
1051 3051 1138 3112 Unde
1160 3050 1192 3112 in
1209 3047 1230 3111 C
1250 3047 1315 3126 ria3
1341 3047 1373 3110 in
1403 3047 1560 3128 ejectione
1589 3065 1665 3111 vero
1693 3048 1759 3123 illa,
1783 3057 1820 3113 tot
1842 3047 1935 3110 nilliun

298 3161 378 3212 own·
447 3148 590 3212 Matthaeo
606 3149 679 3230 plus
695 3148 768 3210 inde
784 3147 918 3210 habetur
933 3167 1029 3230 quam
1051 3149 1082 3210 in
1099 3149 1191 3211 Luca.
1250 3145 1535 3228 compescebantur
1556 3145 1693 3227 ingenia.
1712 3147 1796 3210 Unde
1815 3143 1936 3227 itainpri·
2021 3184 2023 3219 3

299 3263 432 3317 ualeam,
446 3248 524 3312 Nam
547 3247 664 3310 dicitur
685 3246 742 3322 ibi,
759 3247 845 3328 quod
867 3265 992 3309 mensas
1013 3247 1194 3309 nummula·
1250 3263 1337 3307 mere
1354 3244 1386 3305 in
1407 3244 1519 3306 intima
1538 3245 1696 3319 cordium,
1713 3264 1808 3327 caque
1822 3245 1900 3306 taliter
1912 3243 1937 3303 al·
2021 3224 2022 3245 ¹

301 3331 335 3372 ¹²·
447 3345 567 3409 riorum
583 3353 615 3408 et
629 3345 792 3407 cathedras
807 3345 1014 3407 vendentium
1030 3345 1194 3408 columbas
1249 3350 1362 3417 terare,
1378 3360 1416 3404 ac
1438 3341 1576 3404 liberum
1596 3342 1765 3406 arbitrium
1786 3343 1869 3405 taliter
1884 3357 1938 3404 con

447 3445 570 3508 evertit.
589 3443 772 3506 Sacerdotes
791 3443 923 3525 quippe,
940 3444 995 3525 qui
1015 3445 1193 3506 avarissimi
1249 3459 1391 3523 pascere,
1408 3439 1470 3502 luit
1490 3440 1768 3504 mirabilissimum
1782 3461 1857 3524 opus,
1869 3438 1938 3502 etsoli

447 3553 548 3618 erant,
565 3550 741 3625 posuerunt
756 3542 788 3604 iu
804 3541 955 3604 anteriori
972 3542 1054 3605 atrio
1068 3544 1192 3625 templi,
1250 3539 1366 3602 divina
1385 3539 1496 3600 virtuti
1517 3538 1680 3621 possibile.

404 3713 410 3724 ‚
448 3641 504 3704 ubi
528 3640 643 3720 vulgus
670 3639 773 3703 oravit
796 3647 828 3702 et
855 3640 1000 3702 doctores
1025 3641 1192 3715 docebant,
1288 3641 1414 3699 litarat
1429 3636 1572 3700 Christus
1587 3641 1940 3718 quotidiedocaaslaten-

448 3739 603 3821 quosdam
626 3757 665 3800 ex
690 3738 756 3799 suis
781 3737 948 3813 ministris
969 3739 1024 3820 qui
1048 3739 1193 3801 omnium
1245 3740 1314 3813 plo,
1330 3735 1407 3818 quia
1422 3735 1454 3797 in
1470 3735 1521 3798 die
1540 3735 1720 3799 Palmarum
1740 3731 1941 3820 predicavitihi·

448 3836 635 3900 animalium
659 3855 730 3918 quaa
755 3837 931 3899 secundum
957 3837 1059 3918 legem
1084 3837 1194 3900 ollerri
1251 3834 1335 3908 dem,
1345 3840 1376 3895 et
1393 3832 1472 3895 laria
1487 3835 1626 3897 secunda
1639 3854 1675 3897 ac
1691 3836 1856 3914 tertia;non
1867 3839 1940 3894 auten
2025 3908 2026 3921 χ

449 3941 595 4017 poterant
614 3952 742 4015 genera,
759 3934 803 3996 ibi
818 3935 1009 4007 vendebant,
1026 3953 1066 3996 ue
1083 3935 1193 4016 aliqui,
1249 3931 1330 3994 leria
1344 3933 1547 4013 quarta‚quia
1562 3939 1638 3994 tune
1654 3935 1770 3997 mansit
1782 3934 1810 3996 in
1823 3929 1941 3999 Bethania,
1956 3942 2016 3986 aaa

449 4032 588 4095 maxime
603 4033 658 4114 qui
673 4051 691 4094 a
707 4033 836 4095 remotis
853 4032 930 4095 locis
945 4041 1112 4107 venerunt,
1125 4051 1195 4116 pos·
1251 4036 1282 4092 et
1301 4030 1449 4092 venditus
1468 4028 1530 4093 tuit
1545 4049 1564 4092 a
1581 4031 1679 4112 Juda3
1695 4051 1754 4095 uec
1772 4032 1840 4096 laria
1854 4028 1940 4112 quinta,
1951 4010 1969 4048 '²
2026 4076 2027 4085 ,

449 4137 520 4192 seut
535 4149 568 4193 se
587 4130 628 4192 ab
646 4130 805 4193 oblatione
824 4131 1011 4193 animalium
1032 4149 1194 4204 excusare,
1250 4129 1305 4189 sed
1321 4135 1395 4190 tunc
1410 4127 1488 4190 lecit
1501 4127 1627 4192 Coenam
1640 4131 1944 4203 novissimametevan
1962 4133 2029 4180 aaa,

449 4231 556 4313 quiaa
572 4231 701 4293 remotis
722 4231 897 4313 nequibant
916 4249 952 4292 aa
972 4249 1080 4292 seeum
1100 4231 1196 4292 addu-
1210 4227 1234 4288 D
1249 4225 1358 4307 gelicae
1379 4226 1458 4308 legis
1477 4226 1717 4292 Sacramentum
1737 4230 1865 4300 instituit,
1876 4235 1942 4305 atque
1951 4215 1979 4244 Μ’

449 4349 530 4394 cere.
549 4331 691 4413 Insuper,
708 4348 748 4392 ne
773 4329 866 4410 egeni
888 4349 922 4392 se
944 4338 1132 4392 excusarent
1155 4329 1195 4392 ab
1250 4324 1408 4410 Apostolis
1423 4325 1701 4407 praeclarissimum
1718 4329 1786 4392 lecit
1800 4343 1943 4391 sermonen.
2028 4325 2029 4330 ’

450 4429 666 4492 immolatione
691 4447 748 4511 per
776 4428 938 4491 delectum
963 4427 1117 4510 pecuniae,
1144 4446 1197 4510 po
1251 4426 1338 4488 Unde
1355 4424 1439 4507 quod
1456 4423 1944 4510 Evangelistaait‚cquotidien,re-
2028 4431 2029 4438 ’

450 4535 583 4589 suerunt
602 4527 698 4590 etiam
718 4526 762 4588 ibi
783 4527 1016 4590 nummularios
1035 4545 1092 4588 seu
1112 4545 1195 4588 cam·
1250 4523 1417 4586 ferendum
1440 4523 1548 4585 estad
1569 4524 1636 4587 dies
1657 4526 1871 4590 determinatos.
