4206 6258
449 451 509 516 6l8
636 471 784 520 namurci
805 473 882 520 xxru
904 474 977 520 rosr
997 473 1194 522 minuamur.
1215 492 1255 506 -
1274 474 1317 522 an
1337 474 1532 539 nacrcros0s3
1554 475 1653 522 saeuo
1673 475 1804 532 oumrus

448 642 621 723 gratiarum
637 645 761 709 actione
777 646 1012 710 committentes
1029 654 1060 709 et
1079 645 1196 709 adseri·
1211 646 1238 710 A
1252 645 1414 729 sione,pro
1429 646 1674 711 honorificentia
1688 649 1743 712 Dei
1756 655 1820 712 tam
1833 648 1965 715 indefesse

448 740 572 818 bontas,
588 750 620 806 et
634 744 712 807 vitia
727 754 835 810 nostra
847 746 886 809 ad
903 747 1089 810 memoriam
1109 764 1197 810 revo
1251 763 1288 807 ac
1311 745 1525 809 fervidissime
1549 746 1725 821 desudavit,
1739 747 1863 822 orando,
1879 752 1966 830 pradi-

448 850 567 918 cantes,
584 843 746 908 subtiliter
766 846 990 928 ponderantes,
1007 847 1197 910 cordialissi·
1250 844 1362 916 cande,
1379 843 1558 918 scribendo,
1580 845 1732 920 docendo,
1753 843 1964 927 flagellationes,

447 959 499 1002 me
523 940 741 1017 abhorrentes,
760 950 855 1026 atque
879 963 918 1006 ex
942 944 1002 1007 hoe
1028 962 1085 1007 nos
1110 945 1195 1026 ipsos
1251 943 1471 1025 lapidationes,
1483 943 1748 1008 incarcerationes
1763 954 1794 1007 et
1807 945 1865 1007 alia
1877 947 1964 1011 millia

446 1039 479 1101 in
496 1039 660 1103 inlinitum
676 1041 894 1116 humiliantes,
911 1043 1134 1125 despicientes,
1146 1043 1197 1105 de
1249 1042 1440 1124 tandemque
1456 1050 1588 1106 mortem
1603 1043 1813 1106 libentissime
1826 1043 1963 1108 toleranda

444 1137 602 1218 jicientes,
631 1157 759 1202 omnem
790 1158 917 1223 quoque
949 1143 1193 1225 eorreptionem,
1289 1140 1493 1203 Potissimum
1509 1159 1585 1204 vero
1600 1142 1634 1204 in
1655 1142 1726 1223 ipso
1739 1142 1867 1204 emicuit
1879 1145 1964 1206 carita·

446 1237 696 1318 castigationem,
714 1240 983 1313 exercitationem,
1002 1240 1194 1322 persecutio·
1248 1238 1289 1300 tis
1305 1238 1361 1302 Dei
1377 1258 1412 1300 ac
1430 1240 1649 1321 proximorum
1669 1240 1876 1303 calidissimus
1891 1249 1918 1303 et
1929 1243 1963 1304 in·

445 1353 519 1396 nem
548 1336 770 1417 equanimiter
795 1346 826 1399 et
849 1357 922 1400 eum
951 1338 1067 1419 gaudio
1091 1339 1193 1420 perfe·
1248 1336 1484 1418 exstinguibilis
1503 1338 1597 1401 ardor
1613 1356 1620 1400 :
1638 1339 1669 1400 in
1690 1357 1754 1421 quo
1773 1357 1927 1420 sequamur
1940 1349 1962 1404 et

446 1441 564 1496 rentes.
1248 1435 1354 1517 ipsum
1370 1436 1426 1516 qui
1441 1436 1532 1511 dixit,
1546 1437 1622 1510 Quis
1636 1455 1695 1500 nos
1710 1437 1864 1520 separabit
1875 1457 1891 1500 a
1903 1440 1962 1501 eari-
1981 1465 2048 1510 nt,

486 1533 620 1615 Insuper
641 1532 804 1596 imitemur
825 1533 975 1597 invictam
996 1535 1097 1597 saneti
1114 1535 1194 1618 Apo·
1247 1541 1310 1596 tete
1330 1535 1406 1596 Deit
1420 1535 1479 1608 Oui
1501 1542 1653 1617 tanquam
1673 1535 1907 1616 benignissimus
1923 1531 1995 1618 pa-f·

445 1630 517 1695 stoli
533 1631 731 1713 patientiam,
748 1632 802 1714 qui
823 1652 923 1713 quum
943 1633 1192 1696 innumerabiles
1247 1640 1306 1707 ter,
1331 1641 1449 1713 quanto
1472 1633 1566 1715 plura
1594 1652 1631 1696 ae
1660 1634 1790 1696 duriora
1813 1653 1831 1695 a
1856 1634 1962 1716 perfidis

444 1730 493 1809 (ut
516 1729 547 1792 in
571 1729 637 1792 suis
660 1729 757 1792 refert
780 1730 938 1813 epistolis)
959 1739 1119 1812 pateretur
1139 1733 1192 1795 tri·
1246 1730 1361 1794 Judaeis
1375 1730 1614 1814 gentilibusque
1630 1731 1963 1814 patiebatur,tantoeor·

444 1826 634 1901 bulatioues,
651 1827 683 1889 iu
699 1828 849 1891 omnibus
863 1831 979 1910 gratias
995 1831 1060 1911 egit
1074 1831 1148 1904 Deo,
1160 1837 1192 1893 et
1209 1831 1232 1893 B
1248 1829 1363 1892 dialius
1382 1830 1429 1891 eis
1452 1829 1625 1902 condoluit,
1642 1837 1674 1893 et
1693 1847 1805 1892 eorum
1825 1830 1962 1893 miseraba-

444 1925 501 1988 bas
525 1925 610 2007 ipsas
632 1925 855 1990 tribulationes
877 1934 1029 2009 tauquam
1050 1928 1133 1992 dona
1155 1947 1191 1990 ac
1247 1937 1299 1990 tur
1313 1927 1482 2002 insaniam,
1498 1936 1593 2010 atque
1613 1936 1678 1991 tam
1699 1927 1896 1991 ineffabiliter
1910 1948 1963 2010 per-

444 2022 604 2087 beneficia
622 2025 676 2087 Dei
698 2026 857 2108 reputavit
876 2034 908 2089 et
925 2028 1112 2108 acceptavit.
1131 2029 1191 2090 Un·
1246 2026 1451 2108 sequentium
1467 2044 1500 2088 se
1513 2027 1694 2090 Judaeorum
1710 2027 1831 2108 optavit
1843 2027 1961 2100 salutem,

445 2123 484 2186 de
506 2132 537 2186 et
559 2123 630 2186 aliis
652 2123 781 2206 scripsit
798 2141 805 2185 τ
822 2124 919 2188 Vobis
940 2126 1047 2188 datum
1068 2134 1116 2190 est
1134 2145 1191 2208 pro
1247 2133 1282 2186 ut
1307 2125 1428 2187 diceret
1450 2143 1456 2187 :
1478 2125 1619 2188 Tristitia
1643 2125 1723 2187 mihi
1750 2143 1857 2206 magna
1877 2133 1925 2198 est,
1938 2134 2043 2187 etiarm·

328 2231 334 2242 '
445 2222 579 2296 Christo,
592 2240 655 2285 non
671 2223 774 2285 solum
790 2231 826 2285 ut
840 2224 974 2286 credatis
991 2225 1023 2286 in
1038 2244 1124 2299 eum,
1136 2226 1191 2288 sed
1247 2222 1336 2286 dolor
1350 2223 1521 2286 continuus
1537 2223 1623 2286 cordi
1640 2240 1728 2302 meo;
1744 2222 1883 2306 optabam
1894 2223 1961 2285 euin

445 2321 541 2382 etiem
567 2328 601 2381 ut
626 2321 791 2402 patiamini
817 2339 875 2405 pro
899 2322 972 2401 ill0;
998 2330 1029 2385 et
1053 2323 1158 2386 denuo
1182 2342 1189 2386 :
1247 2338 1305 2402 ego
1321 2321 1388 2403 ipse
1407 2321 1575 2384 anathema
1595 2339 1664 2384 esse
1683 2341 1701 2384 a
1717 2321 1840 2385 Christo
1854 2321 1962 2402 profru-

371 2449 430 2487 ω,
444 2417 512 2480 Non
533 2425 608 2479 sunt
627 2418 790 2499 condignae
811 2419 973 2501 passiones
994 2421 1090 2502 hujus
1113 2429 1191 2484 tem·
1247 2419 1350 2482 tribus
1375 2420 1455 2482 meis
1478 2420 1603 2484 Judaeis.
1628 2421 1798 2502 Propterea
1822 2427 1851 2482 et
1872 2419 1962 2482 iubae

327 2529 331 2540 ·
444 2515 531 2598 poris
546 2517 585 2579 ad
601 2516 742 2579 futuram
757 2517 979 2598 gloriamlmo
994 2518 1108 2583 futurae
1122 2520 1193 2584 bea·
1247 2519 1302 2582 Dei
1319 2525 1350 2581 et
1369 2519 1588 2600 proximorum
1606 2517 1702 2580 firma
1721 2525 1756 2580 et
1775 2517 1887 2581 fervida
1904 2517 1964 2579 cari

443 2613 590 2676 titudinis
621 2614 739 2677 intuitu
762 2623 795 2678 et
823 2635 930 2680 amore
956 2620 1115 2699 reputavit
1138 2637 1191 2682 eas
1246 2625 1310 2680 tete
1330 2636 1502 2699 sequamur
1521 2617 1721 2700 Apostolum,
1740 2618 1838 2680 Deum
1855 2617 1884 2679 in
1900 2635 1927 2678 se
1941 2624 1964 2677 et

443 2713 654 2795 permodicas,
675 2713 786 2776 dicens
803 2732 810 2777 :
827 2715 860 2777 ld
880 2716 964 2797 quod
988 2715 1019 2778 iu
1043 2719 1191 2798 praesenti
1247 2721 1377 2796 propter
1392 2732 1426 2776 se
1442 2733 1532 2796 pure,
1549 2714 1697 2776 ardenter
1716 2721 1751 2777 et
1770 2713 1965 2795 incomparabi-

326 2831 331 2843 ·
443 2819 491 2874 est
507 2820 766 2875 momentaneum
782 2821 813 2875 et
829 2812 897 2875 leve
911 2813 1127 2877 tribulationis
1143 2832 1195 2877 no
1247 2813 1319 2875 liter
1334 2813 1742 2895 diligentes‚eppretiantes
1758 2820 1789 2876 et
1802 2811 1964 2876 affectantes

443 2916 526 2984 strae,
552 2928 649 2990 supra
674 2910 804 2972 modum
830 2910 861 2972 in
886 2911 1083 2973 sublimitate
1105 2921 1192 2974 aeter-
1246 2920 1279 2974 et
1298 2911 1452 2994 quidquid
1473 2911 1544 2991 ejus
1565 2911 1597 2972 in
1617 2909 1710 2973 uobis
1733 2912 1872 2974 minuere
1885 2918 1965 2991 potest

444 3027 522 3070 num
537 3008 645 3089 gloriae
661 3008 785 3089 pondus
807 3017 956 3090 operatur
972 3010 1002 3071 in
1020 3010 1122 3073 nobis.
1140 3011 1191 3073 Sic
1209 3011 1230 3076 C
1246 3027 1386 3073 amorem
1401 3009 1520 3090 jugiter
1541 3010 1746 3072 detestantes.
1764 3009 1965 3072 Proximorum·

443 3106 540 3187 igitur
555 3113 587 3168 et
601 3124 658 3169 nos
675 3105 706 3168 iu
723 3106 810 3168 omni
830 3107 1037 3171 tribulatione
1051 3116 1083 3170 et
1096 3128 1192 3190 angu-
1246 3128 1306 3190 que
1321 3108 1459 3170 omnium
1473 3107 1677 3171 salvationem
1693 3107 1903 3171 ardentissime
1916 3124 1966 3186 per-

443 3204 513 3278 stia,
531 3205 563 3266 in
580 3205 667 3267 omni
683 3206 916 3287 persecutione,
934 3207 1189 3289 reprehensione,
1245 3216 1413 3289 optemus3
1440 3223 1498 3287 pro
1528 3205 1691 3268 communi
1719 3205 1807 3269 bono
1833 3205 1964 3276 Ecclesia,
2066 3241 2067 3262 t

442 3311 627 3385 contemptu
648 3311 680 3366 et
700 3321 794 3385 poena
816 3305 1001 3367 studeamus
1022 3306 1191 3388 impertur-
1246 3322 1304 3387 pro
1331 3304 1472 3386 generali
1500 3303 1741 3378 reformatione,
1768 3322 1824 3386 pro
1846 3303 1917 3366 vivis
1938 3320 1965 3362 ac

441 3400 548 3463 batum
562 3419 616 3464 cor
630 3401 1062 3484 possidere‚tranquillitatem
1078 3405 1190 3468 mentis
1247 3404 1392 3477 mortuis,
1408 3421 1467 3485 pro
1481 3402 1679 3485 parentibus,
1696 3404 1891 3486 propinquis,
1901 3420 1966 3464 com·

441 3519 579 3574 servare,
595 3500 782 3583 patientiam
804 3501 1025 3564 inconcussam
1048 3503 1188 3566 habere:
1246 3503 1353 3566 missis
1378 3510 1410 3564 et
1432 3500 1702 3575 benefactoribus,
1731 3520 1790 3585 pro
1813 3500 1965 3563 infidelium

442 3600 711 3682 quemadmodum
732 3600 761 3662 S.
779 3599 931 3662 Martinus
948 3601 1038 3675 dixit,
1056 3621 1089 3664 se
1109 3623 1190 3665 nun·
1246 3599 1464 3674 conversione,
1494 3617 1554 3682 pro
1582 3599 1732 3662 fidelium
1762 3600 1964 3666 emendatione,

442 3717 537 3781 quam
559 3698 659 3761 fuisse
680 3699 722 3760 ita
741 3716 889 3761 securum
914 3699 997 3762 sicut
1016 3701 1091 3762 dum
1112 3701 1190 3765 latro
1246 3717 1303 3782 pro
1323 3699 1545 3760 universorum
1567 3697 1667 3761 salute
1682 3699 1772 3761 omni
1792 3695 1965 3761 moderabis

443 3798 475 3859 in
501 3805 596 3879 caput
620 3816 714 3858 suum
740 3797 877 3859 vibravit
901 3799 1060 3878 securim3
1079 3799 1190 3862 beatus
1245 3797 1392 3881 possibili
1413 3796 1567 3871 laborare,
1585 3796 1747 3871 insudare,
1766 3806 1897 3878 satagere
1917 3813 1965 3856 non

444 3912 570 3977 quoque
586 3895 725 3957 Hilariou
747 3895 942 3958 irruentibus
961 3896 993 3958 in
1012 3897 1126 3960 cellam
1141 3918 1191 3960 su·
1246 3914 1418 3968 cessemus,
1444 3895 1574 3968 orando,
1599 3894 1804 3971 celebrando,
1828 3893 1964 3964 hortando,

442 4014 493 4058 am
510 3993 686 4056 latronibus
702 4011 765 4056 nou
781 3995 917 4076 expavit.
935 3995 1044 4077 ltaque
1058 3997 1191 4060 adversa
1245 3994 1457 4076 corripiendo,
1474 3992 1610 4056 aliorum
1633 4003 1767 4075 peecata
1788 3995 1868 4057 siout
1886 4001 1912 4055 et
1926 4009 1966 4052 uo

443 4102 474 4157 et
495 4111 607 4175 aspera
628 4099 779 4174 tanquam
805 4094 974 4156 vulnerum
999 4095 1113 4158 animae
1138 4114 1191 4162 no·
1245 4102 1309 4156 stra
1334 4091 1493 4164 deflendo,
1511 4107 1569 4174 pro
1593 4092 1640 4154 eis
1664 4110 1723 4155 nos
1748 4089 1965 4176 disciplinando,
2065 4159 2066 4166 ,

443 4201 515 4256 stra
540 4191 692 4265 remedia,
718 4197 868 4272 tanquam
893 4193 1045 4256 vitiorum
1069 4201 1190 4257 nostro·
1205 4195 1230 4257 l)
1245 4191 1375 4273 vigiliis,
1391 4189 1594 4253 abstinentiis
1619 4198 1651 4252 et
1674 4191 1749 4253 aliis
1771 4192 1910 4254 virtuosis
1927 4207 1966 4250 ex·
2065 4187 2066 4202 ,

443 4311 514 4354 rum
534 4290 748 4373 purgationes
765 4296 917 4371 tauquam
940 4291 1098 4355 beneficia
1120 4293 1188 4369 Dei,
1245 4290 1366 4354 ercitiis
1396 4289 1581 4352 insistendo.
1611 4289 1649 4350 Et
1671 4297 1795 4372 quanto
1819 4290 1857 4352 ab
1882 4289 1965 4369 aliquo

442 4399 593 4472 tanquam
610 4389 834 4471 dispositiones
849 4388 956 4469 gratie
976 4391 1140 4473 amplioris
1157 4392 1189 4454 in
1245 4389 1339 4452 nobis
1368 4387 1471 4468 major
1499 4388 1679 4469 persecutio
1709 4388 1873 4470 irrogatur,
1899 4393 1965 4448 tauto

442 4490 494 4552 via
513 4508 550 4551 ae
570 4487 678 4569 gloriae
697 4486 950 4550 exuberantioris
972 4488 1003 4549 in
1024 4490 1125 4571 patria
1141 4508 1190 4552 ac·
1246 4487 1435 4550 clementius
1450 4487 1489 4548 ad
1505 4479 1611 4568 ipsum
1632 4485 1828 4561 afficiamur,
1843 4487 1905 4568 ejus
1920 4502 1966 4546 ma-

443 4586 601 4669 cipiamus
625 4604 661 4647 ac
686 4585 748 4648 laeti
778 4585 1002 4660 sustineamus,
1030 4597 1123 4668 prout
1146 4587 1191 4650 ait
1246 4585 1284 4649 lis
1309 4584 1549 4667 compatientes,
1566 4602 1624 4666 pro
1648 4585 1719 4667 ipso
1744 4594 1876 4657 orantes,
1896 4591 1924 4645 ut
1942 4582 1966 4641 in

443 4687 585 4750 Salvator
602 4702 608 4746 :
626 4685 765 4748 Gaudete
782 4684 812 4746 in
830 4684 884 4746 illa
899 4685 986 4758 hore,
1003 4695 1033 4748 ct
1053 4687 1190 4749 exsulta·
1245 4684 1335 4746 nullo
1354 4683 1466 4746 caritas
1487 4690 1594 4746 nostra
1616 4681 1701 4748 eirca
1721 4683 1829 4766 ipsum
1851 4683 1966 4747 laedatur,

312 4789 331 4862 'j
359 4771 428 4808 Μ’
442 4795 484 4860 te,
502 4783 653 4867 quoniam
676 4801 797 4845 merces
817 4791 922 4844 vestra
943 4784 1070 4867 copiosa
1089 4793 1136 4848 est
1157 4786 1187 4847 in
1245 4783 1299 4845 sed
1322 4782 1422 4863 magis
1444 4781 1640 4864 perficietur·

442 4881 1187 4967 eoelis.Sicetmansuetudinem,constantiam,
1283 4885 1427 4966 insuper,
1454 4884 1538 4946 sicut
1560 4884 1730 4966 Apostolus
1761 4905 1795 4948 se
1825 4885 1918 4967 ipsum
1943 4881 1966 4941 iu
2064 4875 2065 4948 i

441 4982 626 5064 agilitatem,
644 4978 858 5052 sobrietatem,
876 4988 1059 5062 ceterasque
1075 4982 1190 5045 beatis-
1243 4981 1391 5046 omnibus
1406 4982 1505 5045 verbo
1520 4990 1553 5044 et
1566 4999 1662 5064 opere
1678 4982 1818 5065 praebuit
1831 4979 1965 5061 exempla·

442 5081 515 5144 simi
531 5079 628 5160 hujus
643 5077 784 5159 Apostoli
800 5086 959 5140 sectemur
974 5079 1117 5154 virtutes,
1132 5082 1187 5163 qui
1243 5101 1322 5156 rem,
1344 5088 1497 5163 apparatu
1521 5099 1558 5143 ac
1581 5081 1724 5144 moribus
1748 5083 1965 5148 condecentem,

440 5188 505 5242 ‘mm
529 5175 769 5258 infatigabiliter
790 5174 954 5251 laboravit,
976 5185 1008 5239 et
1027 5179 1084 5261 pro
1104 5197 1188 5240 com·
1242 5180 1288 5243 sic
1312 5188 1343 5242 et
1372 5199 1429 5242 uos
1454 5197 1511 5262 pro
1534 5179 1657 5243 viribus
1682 5180 1847 5243 faciamus.
1871 5179 1965 5240 luceat
1984 5184 2025 5225 n:-

442 5277 532 5340 muui
551 5277 635 5340 bono
651 5275 811 5350 Ecclesiae,
828 5293 887 5358 pro
905 5276 1039 5340 aliorum
1056 5295 1186 5342 conver·
1242 5280 1297 5342 lux
1313 5287 1419 5344 nostra
1438 5297 1544 5342 eorem
1564 5278 1761 5354 hominibus,
1779 5255 1996 5362 quatenusad'*'
