4206 6258
345 538 493 586 noumrea
513 538 588 586 xxiv
607 540 681 587 rosa
700 539 895 587 rnrmrarau.
916 557 956 570 -
976 539 1019 588 au
1039 541 1234 606 narraresos;
1256 542 1355 592 sunno
1376 543 1488 590 saurus
1632 525 1692 589 eda

143 703 361 786 loquacitates,
378 710 522 776 levitates
541 721 573 776 et
594 719 715 776 ceteras
738 713 890 796 peccandi
905 715 930 778 A
946 733 1032 777 nunc
1049 716 1088 778 de
1107 715 1212 797 poenis
1231 715 1361 790 infami,
1378 734 1465 778 nunc
1485 714 1524 778 de
1544 713 1692 777 districti-

140 805 336 883 occasiones,
358 808 634 874 immoderantiam
659 811 723 874 cibi
745 819 777 876 et
798 819 891 894 potus
946 829 1006 876 one
1028 813 1129 876 divini
1150 813 1275 894 judicii,
1288 814 1354 896 jam
1375 815 1414 877 de
1434 812 1602 877 beneficiis
1624 811 1692 887 Dei,

140 919 179 964 ae
203 905 319 980 somni,
336 914 368 968 et
388 923 517 971 omnem
542 909 647 973 cordis
671 917 832 992 torporem
853 928 890 972 ac
946 911 1042 976 modo
1056 911 1095 974 de
1110 911 1307 975 beatitudine
1322 912 1471 994 regni,de
1486 912 1551 974 vita
1566 927 1693 992 quoque

141 1001 335 1065 otiositatem
344 1022 354 1085 ;
370 1024 429 1069 nec
446 1006 538 1088 longe
553 1027 571 1070 a
586 1007 809 1092 spiritualibus
826 1015 891 1071 stu·
946 1009 1145 1084 Sanctorum,
1157 1010 1196 1072 de
1212 1009 1414 1092 passionibus
1430 1017 1616 1092 martyrum,
1629 1025 1694 1070 mo

141 1098 204 1162 diis
220 1102 416 1166 recedamus.
435 1105 471 1167 lu
489 1105 568 1187 ipsis
583 1106 713 1168 demum
729 1105 892 1170 exteriori·
940 1107 986 1170 do
1001 1107 1041 1170 de
1055 1107 1106 1170 bis
1122 1127 1192 1190 quae
1207 1107 1290 1170 Dens
1305 1107 1345 1170 ab
1361 1109 1430 1190 ipso
1446 1106 1591 1189 requirit,
1608 1106 1693 1169 etad

142 1196 204 1259 bus
223 1202 487 1282 occupationibus
508 1223 728 1267 assuescamus
751 1212 890 1266 mentem
946 1212 1178 1286 quateretur,
1204 1213 1237 1267 et
1265 1205 1402 1287 qualiter
1430 1223 1536 1268 eoram
1566 1204 1630 1268 Deo
1659 1222 1694 1267 se

141 1314 228 1378 saepe
251 1298 290 1360 ad
314 1297 414 1362 Deum
439 1301 560 1382 erigere
584 1320 642 1384 per
670 1301 891 1365 meditationes
946 1302 1072 1378 babeat,
1094 1311 1249 1386 quantum
1275 1303 1424 1386 proiiciat
1447 1304 1514 1366 sive
1537 1302 1691 1368 deliciet:

142 1403 177 1458 et
199 1397 359 1462 orationes
379 1399 551 1477 ferventes,
576 1402 689 1464 saltem
708 1402 833 1476 breves,
854 1420 891 1463 ac
946 1409 1103 1484 quatenus
1132 1401 1160 1464 si
1189 1419 1316 1484 semper
1339 1402 1404 1465 Deo
1428 1402 1549 1464 directe
1578 1400 1693 1464 intenti

142 1493 310 1576 plurimas.
329 1497 374 1560 Ex
395 1499 505 1562 multis
528 1500 647 1563 etenim
670 1500 795 1564 actibus
817 1517 891 1564 con·
946 1517 1015 1562 esse
1037 1517 1101 1564 non
1123 1517 1305 1582 possumus,
1326 1499 1438 1563 saltem
1461 1498 1589 1562 illicitas
1611 1499 1693 1581 eogi-

141 1593 279 1658 suetudo
307 1605 477 1677 generetur
506 1617 562 1661 seu
591 1598 731 1674 habitus,
758 1599 814 1681 qui
843 1606 891 1662 est
946 1597 1081 1661 tationes
1103 1605 1258 1680 quantum
1284 1597 1356 1660 lieri
1379 1598 1464 1661 valet
1484 1598 1633 1673 vitemus,
1650 1605 1693 1661 at·

142 1699 297 1774 tanquam
311 1694 411 1758 altera
425 1703 548 1772 natura,
564 1696 704 1779 iecitque
726 1697 890 1761 bominem
946 1715 1009 1778 que
1034 1697 1072 1759 dc
1098 1715 1162 1759 una
1190 1695 1273 1760 bena
1302 1697 1492 1778 cogitatione
1516 1703 1548 1759 et
1571 1695 1692 1759 salubri

142 1799 293 1874 prompte
313 1812 350 1856 ae
371 1794 603 1858 delectabiliter
624 1804 818 1879 operantem.
946 1795 1154 1877 occupatione
1173 1795 1212 1856 ad
1232 1794 1328 1857 aliam
1348 1795 1464 1857 bonam
1484 1802 1516 1857 et
1530 1794 1692 1857 salubrem

184 1889 342 1973 Amplius,
353 1893 437 1955 sicut
452 1894 597 1957 homines
613 1912 742 1977 prorsus
758 1896 890 1958 munda·
905 1892 928 1954 B
946 1894 1106 1969 cadamus,
1127 1894 1237 1976 sicque
1262 1894 1294 1956 in
1319 1895 1423 1957 cordis
1447 1893 1614 1957 latitudine
1638 1911 1692 1957 co·

140 1987 190 2062 nl,
206 1989 405 2053 diversarum
425 2011 532 2054 rernm
548 2011 626 2074 quas
641 1993 755 2058 vitiose
773 2002 889 2068 amant,
945 2012 1013 2056 ram
1036 1993 1198 2056 ditissimo
1225 1992 1437 2056 ambulemus.
1462 1993 1548 2056 Istud
1575 1991 1617 2054 sit
1646 1992 1692 2054 in·

140 2087 325 2168 speciebus,
338 2089 526 2171 phantasiis,
541 2091 704 2155 memoriis
719 2091 762 2155 ita
777 2093 891 2175 repleti
945 2091 1128 2154 desinenter
1151 2091 1340 2154 exercitium
1363 2099 1520 2164 nostrum,
1547 2090 1636 2154 labor
1661 2096 1694 2153 et

139 2194 177 2246 et
190 2188 336 2270 occupati
352 2197 477 2264 suntut
491 2190 652 2254 rarissime
667 2192 806 2272 cogitent
820 2211 891 2274 quae
946 2191 1098 2264 studium,
1125 2189 1278 2272 quamdiu
1307 2191 1341 2252 in
1365 2189 1431 2252 vita
1460 2189 1520 2252 ista
1546 2188 1692 2252 subsisti·

139 2292 220 2347 sunt
240 2285 308 2361 bei,
325 2288 380 2350 sed
402 2290 441 2351 de
461 2306 526 2351 una
549 2289 739 2372 cogitatione
762 2298 795 2352 et
812 2291 890 2354 alie·
946 2309 1027 2353 mus.
1046 2290 1084 2351 Et
1103 2297 1188 2353 certe
1209 2289 1236 2351 si
1258 2290 1298 2351 ad
1321 2289 1483 2352 modicum
1503 2295 1631 2371 tempus
1651 2288 1694 2351 ita

138 2383 250 2447 ctione
268 2384 434 2448 immunda
448 2405 485 2449 ac
501 2406 598 2469 prava
617 2388 768 2451 labuntur
782 2389 822 2451 ad
836 2389 891 2452 ali·
945 2388 1116 2469 egerimus,
1138 2406 1288 2469 magnum
1311 2386 1405 2470 plane
1427 2387 1602 2450 sentiemus
1624 2403 1695 2468 pro-

136 2499 213 2563 am3
230 2483 273 2545 ite
288 2502 362 2547 vere
377 2485 544 2566 religiosus
560 2487 695 2570 implere
710 2505 774 2550 non
789 2495 891 2550 cesset
945 2486 1078 2562 lectum,
1103 2495 1199 2568 etque
1222 2486 1365 2568 quotidie
1391 2485 1581 2568 ampliorem
1606 2502 1695 2548 men·

137 2597 315 2644 corsuum
341 2583 576 2666 cognitionibus
605 2585 800 2660 divinorum,
825 2605 890 2649 me·
945 2587 986 2648 tis
1000 2585 1207 2660 alacritatem,
1221 2583 1645 2658 dulcedinem‚iirmitatem,
1662 2590 1694 2647 et
1814 2645 1816 2650 ,
1887 2659 1894 2672 „

136 2679 254 2742 moniis
269 2699 376 2745 rerum
392 2682 578 2758 salubrium,
587 2684 796 2766 intelligentia
811 2685 891 2748 Scri·
945 2685 1148 2768 experiemur
1171 2703 1283 2746 verum
1303 2701 1373 2746 esse
1392 2684 1476 2765 quod
1494 2683 1540 2745 ait
1553 2681 1693 2764 Scriptu-

136 2784 321 2860 ptumrum,
342 2779 558 2846 sollieitudine
579 2782 750 2865 spirituali,
770 2783 891 2846 allecti·
945 2802 980 2846 ra
998 2803 1005 2847 :
1024 2784 1131 2846 iustus
1151 2782 1240 2864 quasi
1259 2781 1501 2844 fundamentum
1520 2787 1689 2860 aternum3
1704 2805 1840 2858 prome,

136 2894 205 2939 one
226 2878 359 2954 coelesti‚
376 2879 642 2964 occupationibus
664 2881 889 2945 exercitiorum
945 2881 1097 2964 itemque,
1117 2881 1219 2944 Homo
1242 2887 1372 2943 sanctus
1392 2880 1424 2944 in
1450 2879 1606 2961 sapientia
1627 2898 1691 2940 ma*
1706 2905 1840 2958 regemn,

135 2983 338 3053 sanctorum,
353 2980 531 3062 presertim
548 2981 717 3044 dominica
733 2980 890 3063 passionis
944 2988 1000 3044 net
1024 2987 1060 3042 ut
1078 2980 1135 3044 sol.
1155 2980 1203 3043 Ad
1225 2979 1353 3043 laudem
1375 2985 1407 3042 et
1424 2978 1559 3060 gloriam
1583 2976 1690 3041 Omni·
1707 2971 1741 3011 ¹²·

135 3076 308 3152 memoria,
335 3085 370 3141 ut
398 3098 484 3142 nunc
514 3079 685 3142 meditetur
709 3079 748 3142 de
778 3086 888 3155 morte,
906 3080 928 3146 G
945 3079 1094 3162 potentis.
