4154 6258
443 448 504 513 890
657 465 806 514 ιιοιιιιιιιιι
827 466 872 512 xxv
893 466 966 512 rosv
986 465 1180 514 ιιιιιιιιιτιιιι.
1201 483 1241 496 -
1262 466 1305 512 aa
1324 463 1520 528 naararosos;
1543 463 1641 512 sanato
1658 464 1783 522 oamxns

445 637 619 701 christiano
644 638 745 701 multa
765 637 905 720 loquitur
924 636 1131 718 Augustinus,
1149 637 1232 700 ιιι-Α
1248 636 1441 700 excellenter
1465 643 1657 711 mansuetos,
1679 635 1836 718 patientes,
1856 643 1946 721 tempe

444 743 494 799 ter
514 745 618 800 cetera
640 738 749 800 diceas
772 753 778 798 :
801 735 856 799 llle
875 737 1029 798 veraciter
1051 735 1194 798 christia·
1247 743 1341 810 ratos,
1357 735 1471 816 justos,
1484 741 1597 809 castos,
1609 735 1945 810 misericordesdevotos,

445 854 505 898 nus
521 844 579 910 est,
596 835 651 918 qui
667 835 817 898 omnibus
838 834 1090 898 misericordiam
1105 834 1191 908 lacit,
1246 833 1421 908 timoratos,
1439 832 1612 896 custoditos
1637 840 1668 894 et
1691 833 1867 906 caritativus,
1883 840 1907 895 et
1924 835 1945 897 ir

445 934 501 1016 qui
529 933 618 997 nulla
646 933 778 996 omnino
807 941 953 996 movetur
983 933 1111 1014 injuria,
1136 933 1193 1015 qui
1247 932 1334 996 omni
1355 931 1472 995 virtute
1493 932 1620 994 assidue
1642 937 1792 1004 crescant,
1807 931 1836 993 ia
1855 939 1946 996 tantun

444 1031 533 1093 nulla
547 1030 691 1094 allicitur
710 1031 920 1113 impatientia,
938 1031 1124 1094 crudelitate
1139 1039 1194 1094 aut
1247 1037 1282 1092 ut
1306 1031 1503 1113 quicumque
1527 1029 1708 1111 adspexerit
1730 1045 1791 1104 eos,
1808 1029 1946 1092 edificetur

445 1129 502 1204 ira,
519 1128 574 1211 qui
595 1129 627 1192 in
648 1131 799 1193 omnibus
820 1130 1015 1206 caritativus,
1032 1131 1119 1193 mitis
1135 1131 1192 1193 bu·
1247 1129 1393 1191 etheum
1408 1127 1578 1211 glorificet,
1594 1146 1631 1190 ac
1650 1127 1742 1190 lateri
1757 1135 1871 1208 cogatur
1885 1129 1945 1209 quod

445 1227 595 1310 milisque
624 1228 780 1302 consistit,
806 1229 862 1311 qui
886 1228 1008 1291 nemini
1032 1237 1136 1303 nocet,
1161 1236 1193 1291 et
1246 1245 1320 1289 vere
1336 1245 1354 1288 a
1368 1226 1432 1289 Deo
1446 1226 1488 1288 sit
1503 1225 1554 1288 lex
1568 1245 1637 1308 qua
1652 1224 1824 1307 hujusmodi
1837 1226 1946 1308 precipit

445 1325 587 1388 alienum
602 1327 745 1390 dolorem
767 1334 918 1408 tanquam
937 1327 1104 1410 proprium
1122 1346 1192 1389 sen·
1245 1325 1354 1387 vitam.
1371 1325 1459 1388 Unde
1474 1323 1679 1387 beatissimus
1698 1323 1838 1406 princeps
1850 1323 1946 1404 Aposto

313 1436 378 1480 Rom·
392 1448 429 1486 ιιι,
443 1423 494 1498 tit,
511 1423 566 1504 qui
589 1443 607 1486 a
632 1425 716 1487 malo
739 1442 802 1488 non
824 1423 974 1497 vincitur,
991 1424 1047 1486 sed
1072 1424 1191 1487 malum
1246 1424 1351 1487 lorum
1372 1430 1505 1485 testatur
1521 1440 1528 1484 :
1544 1422 1617 1485 llaec
1638 1430 1688 1484 est
1706 1421 1841 1484 voluutas
1857 1421 1909 1494 liei,
1921 1431 1944 1483 ut
1962 1438 2025 1490 treas

297 1501 331 1542 ²¹¹
444 1521 545 1584 vincit
561 1522 594 1584 in
610 1521 704 1596 bono,
716 1523 772 1604 qui
787 1522 959 1585 humanam
976 1523 1102 1585 laudem
1118 1541 1191 1586 con·
1246 1521 1481 1584 benefacientes
1496 1520 1719 1584 obmutescere
1732 1519 1844 1582 faciatis
1857 1519 1944 1600 impru·
1955 1504 1974 1540 ¹³·

443 1620 568 1694 temnit,
592 1627 623 1682 et
645 1638 751 1683 coram
777 1621 962 1683 bominibus
988 1621 1122 1683 habetur
1145 1622 1190 1684 in·
1245 1621 1389 1683 dentium
1422 1620 1590 1682 homiuum
1623 1619 1834 1700 ignorantiam.
1860 1618 1944 1682 Paulus

442 1717 574 1798 glorius,
591 1727 627 1780 ut
642 1733 748 1782 coram
764 1720 828 1783 Deo
843 1719 996 1800 glorietur
1012 1727 1043 1782 et
1057 1720 1187 1801 angelis.
1245 1737 1371 1802 quoque
1391 1718 1552 1800 apostolus
1570 1735 1577 1780 :
1594 1718 1628 1780 ln
1649 1716 1795 1780 omnibus
1806 1716 1944 1799 (inquit)te
1955 1739 2025 1782 ιιι-ι.

442 1816 545 1898 Atque
575 1824 610 1879 ut
638 1818 752 1880 asserit
780 1817 967 1900 Cyprianus,
994 1817 1190 1881 Christianus
1205 1816 1228 1878 B
1245 1818 1351 1900 ipsum
1364 1817 1470 1900 prebe
1483 1816 1669 1899 exemplum
1682 1816 1825 1879 bonorum
1836 1833 1944 1898 operum

441 1931 537 1976 nemo
558 1922 642 1978 recte
663 1914 791 1990 dicitur,
808 1916 869 1977 nisi
890 1915 944 1996 qui
960 1915 1076 1978 Christi
1096 1917 1190 1979 mori·
1244 1917 1378 1979 verbum
1400 1935 1514 1978 sanum
1534 1915 1575 1978 sit
1593 1923 1623 1978 et
1644 1913 1906 1996 irreprehensibile,
1921 1921 1944 1974 ut

441 2009 501 2072 bus
524 2012 750 2074 conformatur.
1244 2014 1300 2097 qui
1325 2033 1363 2077 ex
1386 2014 1520 2077 adverso
1543 2021 1601 2087 est,
1625 2020 1781 2086 vereatur,
1804 2011 1871 2074 nihil
1891 2011 1945 2074 mali

480 2108 641 2174 Postremo
656 2119 778 2175 certum
796 2119 853 2186 est,
870 2112 1033 2192 religiosos
1051 2132 1120 2175 esse
1136 2114 1187 2175 de·
1243 2113 1364 2175 habens
1387 2113 1474 2194 loqui
1494 2113 1534 2175 de
1553 2111 1656 2174 nobis
1684 2112 1722 2175 Ut
1745 2129 1814 2192 ergo
1829 2119 1882 2174 ιιιι
1897 2129 1945 2171 san-

440 2205 516 2270 bere
532 2208 695 2290 exemplar
710 2210 900 2291 evangelicae
916 2211 1075 2292 puritatis,
1093 2218 1125 2273 et
1138 2230 1188 2273 su·
1244 2219 1293 2273 cte
1316 2220 1347 2273 et
1372 2210 1698 2293 irreprehensibiliter
1721 2209 1880 2272 conversari
1896 2227 1945 2290 pas·

439 2304 582 2368 blimiter
597 2306 842 2370 Christianitatis
857 2308 1013 2371 vocabulo
1029 2328 1098 2371 esse
1116 2328 1188 2372 con·
1243 2310 1354 2380 simus,
1375 2311 1475 2372 Deum
1496 2309 1694 2372 incessanter
1716 2328 1751 2371 ac
1774 2308 1877 2371 lervide
1893 2326 1944 2368 cun

440 2401 565 2483 dignm,
587 2411 622 2464 ut
645 2422 679 2466 se
704 2405 790 2486 ipsos
815 2405 847 2466 in
873 2406 995 2468 cunctis
1017 2406 1188 2469 exhibeant
1242 2409 1329 2471 omni
1352 2406 1472 2470 liducia
1493 2408 1682 2470 invocemus
1704 2407 1736 2468 in
1756 2406 1912 2487 adjutorem

973 2783 1165 2871 SERMO
1203 2785 1456 2886 QUINTUS

537 3028 642 3075 CAUSAE
663 3028 824 3075 spectatas
846 3029 913 3086 ΟΠΞ.
934 3031 1115 3077 haatetosutt
1135 3031 1278 3078 REDDUNT
1300 3033 1530 3080 srmtvuALtttttt
1551 3035 1674 3081 SURDUH
1695 3037 1754 3082 Attv
1773 3035 1871 3081 llUTllll.

503 3293 741 3354 USPICIENS
764 3295 857 3353 Iesus
881 3293 916 3351 in
946 3296 1072 3363 coelam,
1099 3294 1223 3371 iope-C
1243 3293 1351 3355 bilitcr
1371 3293 1566 3356 horrendum
1585 3295 1626 3357 sit
1652 3295 1789 3358 incidere
1811 3295 1839 3356 in
1861 3305 2014 3355 manasset*

513 3390 608 3449 muit.
625 3390 718 3452 blare.
735 3408 790 3464 vu,
808 3390 856 3452 34.
1242 3391 1298 3454 Dei
1323 3390 1471 3466 viventis,
1498 3392 1591 3472 cujus
1612 3393 1771 3473 judicium
1794 3402 1848 3456 tam
1867 3390 1942 3453 distri-

477 3487 511 3548 ln
528 3487 692 3568 evangelio
708 3487 863 3551 hodierno
884 3487 1009 3568 legitur,
1027 3487 1186 3552 Christum
1242 3497 1330 3551 etum
1355 3508 1425 3552 esse
1450 3491 1664 3571 cognoscitur,
1681 3501 1774 3575 atque
1793 3499 1854 3574 post
1872 3489 1941 3550 titan

438 3585 610 3666 quemdam
630 3604 758 3648 curasse
779 3585 835 3668 qui
861 3586 923 3648 luit
943 3587 1058 3648 surdus
1073 3595 1104 3649 et
1120 3607 1187 3650 mu·
1242 3588 1324 3649 hanc
1341 3597 1596 3652 momentaneam
1613 3609 1673 3672 pro
1692 3609 1756 3654 uno
1767 3597 1943 3673 peccatonor·

438 3690 499 3744 tus.
520 3682 634 3763 Atque,
656 3691 691 3744 ut
717 3684 811 3746 multi
837 3684 1012 3759 aliirmant,
1034 3702 1097 3747 non
1122 3692 1189 3748 erat
1242 3687 1298 3748 tali
1314 3686 1478 3768 infligatur
1493 3696 1610 3750 eterna
1624 3683 1943 3752 damnatiomoanemi-

440 3780 556 3842 surdus
572 3787 604 3842 et
620 3788 727 3843 mutus
743 3801 781 3844 ex
797 3782 932 3845 naturali
953 3800 1058 3856 causa,
1076 3784 1130 3846 sed
1150 3803 1188 3846 ex
1242 3785 1343 3847 rabile
1359 3792 1391 3847 et
1405 3786 1650 3867 supermirabile
1666 3788 1808 3870 estquod
1822 3782 1942 3848 rationalis

441 3877 625 3959 operatione
640 3878 840 3942 obsidentis
833 3899 938 3961 ipsum
954 3880 1084 3956 diaboli,
1099 3881 1189 3962 juxta
1243 3884 1621 3965 ereaturapotissimum
1614 3905 1646 3947 m
1660 3887 1808 3984 religione
1819 3883 1941 3948 exsistant
2034 3865 2035 3906 ³

294 3995 426 4046 ιιιιιιιιι,
442 3974 528 4057 quod
547 3976 631 4056 apud
653 3976 833 4039 Matthaeum
856 3977 981 4040 lentur:
998 3979 1086 4041 Tunc
1105 3979 1189 4042 obla·
1243 3989 1347 4064 potest
1362 4000 1407 4043 src
1422 4000 1574 4046 excaecari
1587 3991 1619 4045 et
1634 3975 1782 4048 obdurari
1785 3979 1942 4065 quodsptu

295 4061 329 4102 ²²·
442 4079 493 4133 tus
509 4079 557 4133 est
572 4090 601 4134 er
594 4072 810 4134 'daemonium
825 4073 955 4148 habens,
961 4093 1064 4136 cacus
1079 4081 1110 4136 et
1126 4095 1190 4137 mu·
1242 4080 1398 4141 tualitert
1385 4087 1449 4141 tam
1465 4082 1560 4143 surda
1576 4089 1607 4144 et
1622 4091 1711 4145 muta
1726 4081 1860 4152 eflicitur,
1867 4087 1941 4140 utnec

441 4177 503 4231 tus.
524 4171 633 4251 ltaque
653 4189 711 4251 per
731 4171 816 4232 bunc
836 4172 968 4234 surdum
994 4180 1026 4233 et
1050 4181 1186 4246 mutum,
1242 4178 1359 4241 blanda
1373 4178 1601 4254 exhortatione,
1619 4200 1678 4244 nec
1694 4183 1825 4263 rigorosa
1838 4180 1943 4256 inerepa-

440 4267 650 4350 spiritualiter
666 4269 892 4350 intelligendus
908 4278 955 4331 est
975 4270 1138 4352 negligens
1158 4279 1189 4334 et
1242 4277 1338 4350 tione,
1365 4296 1423 4338 nec
1448 4278 1586 4357 regulari
1605 4280 1773 4362 disciplina
1795 4283 1943 4362 pmvocelvr

439 4385 609 4447 perversus
624 4366 803 4447 religiosus,
820 4367 875 4448 qui
898 4386 954 4448 per
969 4367 1029 4429 iter
1049 4368 1188 4450 discipli·
1241 4375 1280 4436 ad
1298 4375 1440 4448 meliora,
1457 4377 1511 4438 sed
1531 4375 1653 4458 absque
1673 4379 1729 4440 Dei
1747 4379 1850 4440 timore
1866 4375 1890 4436 in
1902 4389 1942 4434 suc

439 4483 487 4527 nae
502 4464 656 4545 regularis
672 4482 735 4527 non
751 4465 904 4546 graditur,
915 4485 974 4528 nec
989 4467 1187 4578 spperiorum
1202 4471 1226 4532 D
1242 4473 1385 4554 persistit
1412 4492 1544 4537 errore.
1535 4477 1547 4522 ²
1576 4476 1611 4537 ln
1645 4476 1762 4540 talibus
1791 4473 1941 4556 adimpletur

438 4579 568 4623 suorum
586 4563 716 4625 monitis
737 4564 923 4645 acquiescit,
941 4572 972 4626 et
992 4565 1018 4626 si
1039 4565 1187 4647 corripia—
1242 4571 1326 4651 quod
1349 4571 1497 4635 Salomon
1517 4572 1681 4655 loquitur:
1700 4574 1856 4638 Considera
1871 4573 2015 4684 operat
2033 4609 2034 4630 ι

437 4666 540 4722 turae
556 4660 737 4741 castigetur,
754 4662 894 4743 amplius
910 4662 1077 4724 induratur
1092 4665 1185 4726 etin·
1240 4668 1307 4742 Dei,
1321 4670 1405 4750 quod
1421 4687 1515 4733 nemo
1530 4671 1631 4752 possit
1645 4673 1800 4754 corrigere
1813 4689 1891 4753 quem
1904 4644 1969 4728 ἰΙΙι1

436 4758 595 4839 dignatur,
612 4777 671 4821 nec
697 4759 839 4841 loquitur
862 4760 960 4823 verba
984 4761 1106 4834 salutis,
1126 4782 1184 4826 nec
1239 4767 1428 4849 despexerit.
1446 4767 1529 4830 Talis
1546 4769 1608 4831 tuit
1623 4771 1719 4833 ludas
1738 4769 1865 4852 proditor
1879 4761 1940 4827 Chri-

435 4875 493 4919 sua
508 4855 680 4919 confitetur
695 4859 951 4939 peccata0mnis
967 4879 1021 4941 qur
1015 4859 1110 4922 'talis
1126 4869 1182 4937 est,
1238 4865 1277 4927 sti
1283 4884 1393 4947 ,quem
1408 4873 1455 4929 tot
1470 4866 1632 4941 miracula,
1642 4875 1687 4931 lot
1702 4867 1832 4930 caritatis
1844 4861 1939 4930 indicia,

436 4973 498 5017 non
515 4955 676 5018 immerito
691 4957 805 5019 surdus
820 4958 1000 5040 appellatur
1014 4965 1046 5022 et
1061 4967 1179 5034 mutus,
1237 4971 1283 5027 tot
1299 4964 1489 5027 avisationes
1509 4973 1541 5027 et
1562 4967 1806 5048 praedicationes,
1821 4971 1858 5027 tot
1873 4961 1940 5022 bene·

435 5061 467 5115 et
481 5073 499 5114 a
514 5053 641 5117 diabolo
656 5053 838 5118 obduratus.
848 5057 1015 5138 Deinceps,
1023 5076 1123 5139 quum
1139 5059 1181 5120 vi·
1235 5062 1312 5125 licia
1333 5063 1502 5125 Salvatoris
1523 5081 1586 5126 non
1610 5073 1790 5128 averterunt
1806 5083 1822 5126 a
1838 5059 1939 5124 triusiae
1956 5063 2004 5104 tel

434 5160 465 5214 ta
482 5151 541 5214 ista
555 5159 620 5214 tam
636 5152 743 5214 brevis
758 5154 799 5214 sit
813 5163 843 5216 et
862 5155 992 5228 incerta,
1004 5173 1088 5217 mors
1105 5175 1180 5237 quo·
1236 5160 1434 5243 proditionis.
1442 5161 1623 5225 Timeamus
1639 5181 1713 5244 ergo
1728 5171 1759 5225 et
1772 5178 1823 5224 nos
1837 5177 1870 5222 ne
1882 5131 1967 5217 tarta*

435 5270 497 5333 que
513 5252 709 5314 incessanter
724 5253 927 5336 propinquet,
940 5261 971 5316 ct
986 5261 1050 5316 tam
1068 5254 1179 5317 incisa·
1234 5257 1401 5320 induretur
1420 5260 1492 5342 quis
1513 5268 1655 5324 nostrum
1674 5260 1796 5323 fallacia
1813 5257 1937 5320 vitiorum
