4214 6254
542 511 691 562 nounuea
712 515 755 562 ss.
774 513 956 562 mmmm.
977 531 1018 544 -
1038 514 1138 562 annuo
1157 513 1282 563 manus
1628 495 1687 562 lle

179 682 286 765 ltaque
302 693 412 748 contra
427 687 590 769 passiones
606 693 637 748 et
650 685 728 749 vitia
743 685 924 768 infatigati
980 687 1109 770 Legitur
1134 687 1173 750 de
1197 688 1226 750 S.
1248 688 1395 762 Antonio,
1417 687 1502 769 quod
1526 687 1560 748 in
1584 685 1689 748 adole-

138 778 247 842 biliter
275 781 481 859 reluctemur,
509 792 541 847 et
564 783 801 848 sensualitatem
830 802 885 846 no-
940 786 1060 848 scentia
1075 803 1202 868 sue,pr0
1217 785 1272 848 Dei
1286 803 1391 848 amore
1405 784 1550 867 copiosas
1563 783 1692 864 reliquit

137 884 235 940 stram
259 881 372 943 rationi
402 882 599 961 subdamus;
626 882 885 944 informationem
941 883 1200 965 pauperibusque
1219 884 1350 946 donavit
1368 882 1505 946 divitias.
1522 881 1603 944 llinc
1619 898 1689 942 suc·

136 993 265 1058 quoque
280 986 425 1060 petamus
446 981 554 1054 allec,
569 981 611 1042 ab
630 980 744 1062 angelo
764 987 883 1054 sancto,
941 981 1063 1042 cessive
1083 981 1285 1062 pervenitad
1308 981 1491 1064 praeelaram
1512 998 1548 1041 ac
1571 978 1690 1060 specia-

136 1074 248 1138 eviris
264 1077 486 1158 prudentibus,
503 1097 522 1141 a
542 1079 726 1162 Scripturis.
743 1079 819 1142 l'ota
838 1078 884 1140 in·
941 1079 1003 1141 lem
1028 1079 1162 1160 gratiam
1188 1079 1476 1162 contemplationis.
1500 1077 1578 1140 Nam
1604 1077 1689 1138 circa

137 1173 238 1236 tentio
259 1181 354 1256 atque
377 1176 507 1239 allectio
529 1184 636 1240 nostra
658 1177 699 1239 sit
719 1177 758 1239 ad
780 1175 886 1239 Domi·
941 1176 1135 1258 principium
1152 1177 1251 1240 noctis
1266 1177 1429 1240 consuevit
1443 1193 1601 1238 corsuum
1616 1191 1688 1236 cum

136 1290 215 1334 num
237 1272 350 1348 Deum,
366 1275 405 1336 ad
426 1276 723 1355 gratiam,·virtutes
744 1294 781 1338 ac
803 1275 886 1338 dona
941 1273 1089 1336 manibus
1114 1275 1239 1338 elevare
1263 1275 1302 1338 ad
1325 1276 1436 1348 Deum,
1454 1283 1486 1337 et
1508 1280 1574 1337 tota
1594 1280 1688 1335 nocte

136 1370 275 1452 Spiritus
300 1372 417 1447 Sancti,
438 1374 478 1436 ad
502 1373 586 1438 bona
610 1374 728 1448 lutura,
744 1375 886 1438 coelestia
940 1373 1027 1434 stetit
1042 1373 1074 1434 in
1091 1373 1359 1456 contemplatione
1374 1373 1482 1435 divina
1497 1379 1529 1434 et
1545 1370 1687 1435 oratione

136 1476 166 1530 et
186 1477 304 1532 aeterna
321 1488 328 1533 :
346 1471 456 1554 sicque
476 1473 634 1536 desiderio
653 1471 768 1536 suturae
783 1473 885 1535 lelici-
940 1471 1122 1554 purissima,
1140 1491 1212 1534 cum
1236 1471 1416 1535 admirabili
1439 1469 1580 1534 caritatis
1600 1469 1689 1532 ardo·

136 1567 220 1641 tatis,
248 1570 424 1651 prasertim
455 1589 562 1634 amore
592 1572 648 1634 bei
678 1572 829 1634 creatoris
853 1579 886 1634 et
940 1588 983 1632 re.
1015 1571 1183 1654 Quumque
1213 1572 1252 1634 de
1281 1590 1375 1634 mane
1404 1572 1457 1633 lux
1487 1569 1563 1632 solis
1591 1586 1689 1650 super

136 1665 302 1728 salvatoris
332 1667 444 1742 nostri,
470 1669 657 1751 temporalia
686 1677 718 1732 et
746 1669 884 1730 carnalia
940 1669 1045 1751 ipsum
1076 1669 1294 1744 descenderet,
1324 1667 1514 1731 exclamavit
1540 1685 1546 1730 :
1578 1666 1602 1730 0
1628 1666 1686 1742 sol,

135 1773 251 1826 cuncta
266 1784 466 1848 spernamus,
483 1767 533 1830 vel
552 1766 663 1830 saltem
685 1787 722 1830 ea
739 1785 801 1831 non
819 1787 882 1830 ma·
939 1785 997 1828 cur
1019 1786 1037 1829 a
1061 1787 1194 1830 summae
1219 1787 1365 1850 veraque
1391 1767 1471 1828 lucis
1496 1765 1689 1846 contempla·

134 1864 182 1946 gis
197 1883 345 1928 ememus
360 1885 457 1948 quam
476 1867 515 1929 ad
531 1867 710 1950 spiritualia
729 1867 812 1930 bona
826 1885 881 1930 no·
899 1863 923 1927 B
939 1865 1024 1928 tione
1049 1885 1101 1930 me
1126 1866 1287 1950 impedisl
1314 1865 1354 1928 Et
1376 1873 1453 1927 tune
1477 1883 1590 1928 manus
1614 1881 1688 1926 suas

135 1962 183 2026 bis
204 1963 314 2026 valent
332 1964 499 2047 prolicere.
936 1965 1075 2028 retraxit.
1192 1953 1204 1974 ¹

672 2396 865 2483 suche
903 2396 1150 2484 TERTIUS

226 2663 270 2710 D!
290 2659 490 2710 cnllwmltll
510 2659 703 2708 chalcum
725 2661 817 2719 rlblll,
839 2661 876 2708 BT
897 2661 1002 2708 chon!
1023 2661 1131 2717 QUIBUS
1152 2661 1343 2708 ADORNAND'A
1365 2663 1412 2708 Sl'l'
1432 2661 1588 2710 ornaretis.

201 2943 273 3004 ISI
284 2942 358 3022 quis
375 2950 474 3002 natus
491 2941 597 3017 fuerit
612 2942 730 3012 denuo,
746 2957 811 2999 non
826 2955 884 3014 po-
939 2943 987 2998 set
1009 2957 1028 3000 a
1049 2937 1113 3000 llco
1137 2937 1254 3000 missus
1279 2946 1310 3001 et
1331 2957 1406 3001 vera
1430 2939 1557 3002 docens.
1583 2937 1688 3001 Prima

217 3048 280 3100 test
296 3040 408 3100 videre
422 3057 561 3116 requam
575 3039 646 3100 Dei.
662 3037 771 3099 loann.
789 3053 834 3110 ru,
851 3034 880 3098 3.
898 3030 920 3095 C
939 3033 1094 3114 probatio,
1104 3034 1328 3098 certitudinem
1342 3036 1526 3116 evidentiae3
1538 3037 1686 3112 secunda,

174 3136 209 3199 ln
228 3136 398 3218 evangelio
416 3135 572 3199 hodierno
591 3135 630 3196 ad
651 3135 767 3196 multas
787 3133 884 3197 inlor-
939 3131 1164 3196 certitudinem
1185 3133 1387 3198 adherentias
1408 3133 1493 3196 lacit.

136 3253 260 3298 mamur
277 3234 421 3297 virtutes.
438 3233 544 3296 Primo
559 3232 657 3306 enirn,
669 3231 817 3313 exemplo
831 3230 883 3294 Ni·
978 3231 1081 3304 Quum
1104 3249 1179 3312 ergo
1203 3231 1406 3306 Nicodemus,
1423 3231 1474 3294 vir
1495 3239 1560 3294 tam
1582 3233 1687 3294 erudi·

135 3332 258 3396 cedomi
287 3331 517 3396 confirmamur
542 3330 574 3393 in
599 3329 674 3393 lide.
696 3329 774 3392 Nam
799 3329 884 3391 circa
939 3336 1000 3402 tus,
1026 3347 1065 3391 ex
1095 3329 1205 3411 paucis
1230 3329 1346 3392 Christi
1374 3329 1539 3392 miraculis
1568 3330 1611 3393 ita
1634 3349 1686 3393 ex·

135 3431 302 3493 exordium
332 3429 470 3512 publicae
494 3429 728 3510 predicationis
756 3426 883 3490 Domini
939 3427 1019 3488 stitit
1039 3427 1072 3488 in
1095 3427 1160 3489 lide
1181 3426 1339 3500 lirmatus,
1356 3427 1458 3490 mullo
1477 3446 1535 3510 per
1556 3445 1685 3492 omnem

135 3529 233 3591 nostri
262 3529 339 3591 lesu
368 3527 496 3601 Christi,
522 3545 621 3610 quum
650 3526 754 3588 adhuc
784 3543 885 3608 pauca
939 3525 1070 3587 modum
1100 3524 1216 3588 certior
1244 3532 1276 3587 et
1302 3525 1550 3608 insuperabilior
1578 3534 1685 3590 nostra

136 3625 446 3699 lecissetmiraeula,
463 3624 654 3688 Nicodemus
671 3623 882 3705 legisdoctor,
938 3623 1033 3686 debet
1052 3623 1134 3686 fides
1154 3624 1317 3698 exsistere,
1334 3643 1431 3706 quam
1453 3624 1595 3689 Christus
1620 3634 1686 3689 tan-

137 3725 168 3786 in
183 3732 310 3787 tantum
327 3723 491 3786 roboratus
507 3723 568 3784 luit
584 3722 617 3784 in
631 3720 751 3796 lidc,ut
764 3721 885 3784 diceret
939 3721 979 3784 tis
996 3723 1193 3804 postmodum
1207 3722 1410 3786 confirmavit
1426 3723 1596 3798 miraculis,
1607 3743 1687 3788 mor-

9 3845 123 3898 manus.
137 3822 291 3886 Salvatori
314 3838 322 3884 :
343 3820 454 3894 llabbi,
475 3821 596 3882 scimus
615 3819 691 3901 quic
710 3839 729 3882 a
748 3820 813 3881 Deo
830 3837 883 3881 ve·
939 3829 1010 3884 tuos
1025 3822 1217 3896 suscitando,
1235 3821 1376 3904 leprosos
1395 3829 1427 3883 et
1446 3821 1575 3884 claudos
1589 3830 1685 3905 etque

136 3921 210 3984 nisti
236 3919 409 4001 magister;
430 3935 525 3980 nemo
546 3917 634 3980 enim
656 3925 761 4000 potest
777 3918 883 3980 fecere
938 3939 956 3982 a
972 3919 1135 3983 nativitate
1150 3938 1249 3983 cecos
1264 3920 1413 3998 curando,
1421 3920 1483 3982 alia
1498 3938 1626 4002 quoque
1642 3923 1686 3985 in·

135 4020 311 4101 signaque
326 4025 360 4079 tu
376 4016 536 4090 lacis,nisi
552 4035 660 4078 secum
677 4015 774 4078 luerit
789 4015 881 4078 Deus.
938 4019 1150 4082 numerabilia
1165 4019 1311 4082 iaciendo
1328 4019 1487 4100 prodigia;
1503 4026 1535 4082 et
1553 4027 1625 4101 post
1639 4038 1685 4083 re

134 4117 313 4201 Dupliciter
338 4115 455 4178 etenim
482 4115 582 4176 scitur
605 4114 722 4176 veritas
746 4114 881 4196 aliqua:
938 4119 1168 4180 surrectionem
1191 4137 1281 4180 suam
1301 4118 1469 4200 discipulis
1490 4120 1683 4200 apparendo,

134 4217 249 4298 primo,
276 4233 335 4300 per
357 4213 510 4277 naturalis
534 4213 665 4276 rationis
689 4213 881 4287 discursum,
898 4222 922 4284 D
938 4233 1109 4297 corumque
1124 4215 1170 4278 eis
1191 4216 1224 4278 in
1240 4215 1336 4279 coelos
1356 4215 1553 4295 seandend03
1568 4216 1683 4280 deinde

135 4321 167 4378 ut
189 4315 276 4397 quod
301 4314 399 4376 homo
422 4320 469 4376 est
490 4311 620 4387 animal,
642 4311 718 4395 quia
739 4319 787 4374 cst
810 4311 883 4374 sub·
937 4314 1091 4396 Spiritum
1118 4315 1269 4377 Sanctum
1292 4314 1458 4388 mittendo,
1482 4321 1514 4375 et
1537 4315 1683 4378 omnium

134 4414 248 4476 stantia
277 4413 417 4476 animala
446 4411 614 4490 sensitiva;
644 4411 795 4486 secundo,
826 4429 882 4492 per
937 4413 1118 4493 linguarum
1134 4431 1169 4475 ae
1186 4413 1421 4495 Scripturarum
1441 4412 1587 4476 notitiam
1600 4413 1682 4496 Apo·

134 4511 410 4596 supernaturalem
435 4510 552 4573 divinae
582 4509 745 4592 potestatis
773 4527 881 4592 opera·
936 4512 1025 4574 stolis
1045 4510 1151 4574 subito
1171 4510 1374 4584 conierendo,
1391 4529 1566 4593 eorumque
1588 4513 1683 4576 corda

134 4612 265 4685 tionem,
283 4629 381 4693 quem
400 4607 503 4672 eflicit
522 4609 605 4672 Deus
626 4609 665 4672 cd
686 4609 882 4691 protestatio
936 4618 1000 4673 tam
1031 4609 1246 4674 inestimabili
1276 4611 1415 4684 caritate,
1446 4610 1623 4674 constantia
1651 4619 1683 4674 et

134 4731 203 4775 nem
218 4719 251 4774 et
265 4709 482 4774 ostensionem
495 4709 632 4791 alicujus
647 4708 881 4791 veritatia,quia
936 4709 1022 4774 omni
1045 4709 1240 4792 perfectione
1257 4708 1437 4790 implendo;
1453 4709 1605 4792 deinceps
1625 4729 1683 4792 per

134 4830 232 4891 quum
252 4811 339 4874 Deus
358 4809 400 4871 sit
419 4807 629 4871 essentialiter
644 4827 738 4870 verus
753 4815 785 4870 et
799 4808 880 4871 veri·
936 4817 1059 4874 sanctos
1074 4807 1240 4891 Apostolos
1255 4807 1398 4890 aliosque
1413 4808 1683 4892 discipulos,mar

134 4917 190 4984 tas,
209 4925 415 4992 nequaquam
439 4914 488 4970 est
511 4907 718 4970 confirmator
739 4916 771 4970 et
791 4907 880 4970 testis
936 4917 1031 4992 tyres,
1048 4907 1246 4970 confessores
1268 4925 1305 4969 uc
1325 4907 1493 4989 utriusque
1515 4927 1609 4971 sexus
1632 4909 1681 4971 in-

135 5005 293 5080 ialsitalis,
311 5025 369 5070 nec
391 5005 513 5087 decipit
533 5023 727 5088 quemquam
749 5006 879 5080 directe,
935 5005 1152 5070 numerabiles
1182 5005 1323 5080 Sanctus,
1353 5023 1411 5087 per
1439 5012 1504 5067 tarn
1533 5008 1681 5088 superin-

11 5115 120 5173 treats.
134 5125 236 5189 neque
252 5104 413 5188 permittit
427 5104 573 5169 homiues
594 5124 690 5188 supra
705 5105 789 5167 vires
808 5124 880 5168 suas
936 5105 1148 5169 numerabilia
1181 5111 1213 5168 et
1239 5105 1290 5185 (ut
1320 5105 1366 5166 sic
1401 5103 1527 5186 loquar)
1556 5103 1682 5167 inlinita

134 5205 247 5268 tentari
265 5222 272 5267 :
291 5211 323 5268 et
339 5203 382 5266 ita
401 5203 547 5266 sciuntur
561 5221 598 5266 ea
612 5223 683 5287 que
697 5203 774 5266 lidei
795 5212 878 5268 sunt.
936 5205 1100 5278 miracula,
1116 5203 1215 5266 fidem
1231 5203 1419 5267 catholicam
1441 5203 1628 5277 roborando,
1644 5221 1682 5265 ac

134 5303 248 5387 sicque
266 5301 461 5367 Nicodemus
480 5301 600 5366 sciebat
619 5303 704 5385 qnod
722 5302 812 5367 lesus
833 5323 880 5367 es·
935 5323 993 5388 per
1015 5311 1062 5367 tot
1086 5309 1220 5366 centena
1247 5320 1404 5367 annorum
1429 5302 1590 5365 curricula
1611 5319 1681 5364 eam

255 5439 291 5494 'l'-
309 5439 349 5494 30.
1542 5436 1557 5490 8
