4206 6258
438 467 499 532 602

647 490 795 539 uotiuum
816 492 881 538 xxti
901 491 974 539 POST
995 493 1188 540 multtum.
1208 512 1248 522 -
1267 495 1310 541 Al)
1329 494 1524 559 natte108083
1546 495 1645 544 saulo
1665 496 1775 544 SEXTUS

986 909 1177 996 SERMO
1217 909 1437 996 SEXTUS

618 1178 658 1224 llll
679 1179 861 1226 Ranisstottn
882 1179 1068 1228 llttulttauutt
1090 1179 1130 1224 EX
1151 1176 1257 1225 sncnrs
1279 1177 1414 1225 lennls
1434 1179 1473 1224 ΕΤ
1493 1178 1601 1225 VERBIS
1623 1179 1804 1226 SANCTORUH

987 1280 1024 1325 ET
1045 1277 1277 1325 unruottconutt
1297 1277 1430 1325 rnrnun.

498 1557 692 1620 RADIDIT
711 1577 785 1619 eum
813 1561 965 1621 domiuus
994 1561 1183 1629 tortoribus,
1198 1557 1223 1622 A
1240 1558 1320 1623 nioae
1334 1559 1492 1641 passionis
1507 1566 1538 1622 et
1552 1577 1626 1640 spes
1641 1559 1757 1623 lutura
1772 1559 1957 1623 beatitudinis

513 1673 677 1734 quousque
702 1659 852 1718 redderet
882 1660 1072 1719 uuiversum
1097 1658 1183 1717 debi-

437 1758 505 1811 tum
522 1771 533 1810 .·
548 1753 594 1811 sic
608 1761 639 1812 et
653 1756 758 1816 Pater
772 1757 907 1815 coelestis
924 1757 1024 1831 faciet
1041 1757 1138 1824 vobis,
1155 1757 1185 1814 si

435 1868 501 1909 nora
524 1852 719 1911 remiseritis
747 1855 972 1931 unusquisque
995 1855 1103 1930 fratri
1126 1873 1183 1912 suo

435 1949 475 2007 de
493 1950 646 2008 cordibus
665 1951 792 2011 vestris.
809 1950 915 2012 Matth.
932 1969 1020 2025 xvtu,
1037 1950 1088 2024 34,
1105 1951 1153 2014 35.

474 2045 644 2126 injurianti
660 2047 834 2128 ignoscere,
851 2067 931 2131 opus
947 2057 995 2111 est
1010 2049 1181 2132 patientiae,

434 2143 503 2206 sine
527 2163 590 2226 qua
614 2144 728 2208 salvari
758 2164 821 2208 non
852 2164 1033 2229 possumus,
1059 2147 1183 2210 Christo

286 2263 419 2317 mamas.
434 2248 569 2305 testante
590 2261 596 2304 :
618 2245 652 2305 ln
677 2244 831 2326 patientia
850 2252 956 2307 vestra
979 2244 1183 2328 possidebitis

433 2340 555 2403 animas
579 2349 708 2405 vestras.
732 2343 886 2415 Quocirca
909 2344 953 2405 ait
977 2344 1179 2406 Bernardus:

432 2439 491 2513 Oui
506 2439 693 2522 patientiam
710 2458 773 2503 non
791 2441 948 2516 observat,
961 2442 1073 2525 perdet
1089 2441 1182 2523 justi-

433 2538 522 2613 tiam,
539 2539 651 2620 perdet
666 2539 775 2614 vitam,
792 2541 904 2623 perdet
921 2548 953 2603 et
972 2541 1112 2603 animam
1132 2561 1182 2603 su-

432 2655 495 2698 am.
521 2636 599 2699 Vide
623 2653 720 2719 opera
744 2638 881 2717 Christi;
906 2637 1043 2719 flagellis
1067 2657 1179 2713 oaesus,

1279 1658 1422 1739 Denique
1443 1657 1522 1741 quid
1542 1659 1697 1741 estquod
1720 1659 1753 1720 in
1776 1658 1906 1722 adversis
1921 1679 1959 1722 sn-

1239 1774 1310 1817 mus
1331 1755 1545 1837 impatientes,
1562 1756 1689 1836 injuriae
1711 1774 1874 1830 memores,
1887 1758 1959 1819 ultio

1238 1872 1313 1916 nem
1333 1861 1488 1935 optantes,
1506 1862 1601 1936 atque
1620 1855 1660 1916 de
1678 1854 1899 1936 omnipotentis
1916 1857 1959 1919 liei

1238 1952 1366 2033 injuriis
1388 1952 1668 2016 innumerabiliter
1687 1953 1809 2026 multis,
1825 1954 1959 2034 incompa-

1238 2050 1382 2114 rabiliter
1401 2051 1535 2132 magnis,
1554 2059 1619 2113 tam
1640 2071 1658 2113 a
1677 2051 1773 2114 nohis
1792 2051 1866 2133 ipsis
1883 2071 1959 2133 quan

1237 2149 1277 2211 ab
1292 2149 1362 2211 aliis
1378 2149 1407 2212 ei
1424 2149 1651 2232 illatis‚parum
1667 2158 1723 2212 aut
1737 2149 1819 2212 nihil
1833 2150 1959 2220 dolentes

1237 2266 1342 2330 neque
1358 2248 1515 2330 nosipsos
1531 2249 1689 2330 condigne
1703 2248 1961 2329 castiganteslnisi

1238 2346 1313 2428 quia
1335 2347 1459 2428 privato
1478 2355 1510 2409 et
1528 2346 1677 2429 improbo
1694 2347 1736 2408 ad
1757 2365 1815 2410 nos
1834 2348 1910 2429 ipsos
1925 2365 1962 2408 re

1237 2443 1322 2508 llexo
1351 2463 1459 2509 amore
1487 2445 1672 2508 exsistimus
1701 2445 1804 2526 pleni,
1828 2452 1858 2507 et
1878 2464 1895 2507 a
1918 2445 1961 2506 liei

1237 2560 1344 2607 amore
1373 2543 1534 2626 pervacui.
1562 2544 1635 2606 ldeo
1663 2559 1729 2606 non
1759 2551 1809 2606 est
1831 2543 1863 2606 in
1887 2542 1961 2605 nobis

1236 2639 1366 2703 allectio
1381 2639 1457 2703 boni
1477 2640 1614 2715 honesti,
1632 2640 1688 2702 sed
1707 2640 1833 2722 proprii
1846 2657 1961 2704 commo

431 2735 533 2816 spinis
554 2743 732 2810 coronatus,
749 2735 848 2798 clavis
869 2736 1046 2811 confossus,
1062 2736 1180 2800 allixus
1197 2733 1279 2812 Bdi,
1301 2745 1332 2800 et
1354 2737 1510 2802 intereos
1531 2757 1786 2802 annumeremur
1807 2737 1961 2821 dequibus

431 2832 585 2915 patibulo,
597 2841 754 2896 saturatus
769 2834 960 2917 opprobriis,
970 2835 1115 2898 omnium
1131 2835 1181 2898 do
1234 2837 1280 2899 ait
1293 2837 1462 2919 Apostolus
1479 2855 1486 2900 :
1503 2836 1619 2900 Omnes
1639 2857 1710 2919 qua
1730 2857 1791 2900 sua
1811 2845 1881 2900 sunt
1897 2856 2049 2920 queritat

432 2933 536 2995 lorum
557 2932 726 2996 immemor
745 2934 960 3016 propriorum,
976 2943 1044 2997 orat
1060 2952 1118 3017 pro
1133 2935 1179 2998 in-

1235 2942 1391 3010 runt,non
1407 2955 1478 3018 quae
1491 2935 1564 2998 lesu
1580 2935 1697 2999 Christi
1703 2953 1712 3017 ;
1722 2935 1961 3019 itemque,lirnnt

294 3051 352 3094 rata.
361 3065 419 3106 aaut,
432 3030 656 3094 terfectoribus
684 3031 750 3093 suis
780 3032 943 3113 sacrilegis
970 3053 976 3097 :
1002 3033 1102 3106 Pater,
1132 3033 1179 3095 in·
1234 3034 1380 3097 homines
1405 3053 1439 3097 se
1464 3036 1551 3117 ipsos
1574 3042 1729 3109 amantes,
1753 3035 1962 3117 cupididati,

286 3117 321 3158 Sl.

1971 2929 2050 3032 lli-e
2074 2977 2075 3016 l

432 3130 557 3211 quiens,
584 3129 713 3212 ignosce
742 3129 815 3192 illis.
842 3130 920 3192 Vide
950 3149 1025 3214 ergo
1053 3150 1094 3193 ne
1122 3150 1179 3214 per
1235 3133 1464 3196 inobedientes.
1482 3133 1543 3196 Sed
1563 3133 1731 3196 redeamus
1752 3135 1793 3197 ad
1813 3131 1964 3208 conatii·
1978 3159 2046 3203 mm

432 3226 665 3308 impatientiam
685 3246 807 3310 pereas,
824 3229 879 3290 sed
901 3246 957 3310 pro
973 3229 1097 3292 Christo
1112 3249 1180 3292 sus·

430 3325 497 3387 tine
514 3324 672 3399 universa,
682 3326 737 3407 qui
753 3344 811 3407 pro
827 3334 857 3388 te
872 3327 1024 3388 sustinuit
1039 3327 1177 3402 duriora,

431 3432 463 3487 et
482 3425 566 3506 apud
588 3443 685 3506 quem
709 3425 862 3506 patientia
882 3433 936 3487 tua
955 3425 1016 3487 erit
1037 3425 1178 3489 fructuo-

431 3522 566 3584 sissima.
584 3521 750 3604 Siquidem
771 3523 907 3605 ipsemet
921 3523 1075 3586 Dominus
1089 3525 1178 3586 lesus

432 3620 575 3683 Christus
595 3628 642 3683 est
662 3621 755 3684 nobis
780 3621 920 3703 patiendi
943 3622 1127 3704 exemplum
1147 3628 1179 3684 et

431 3719 591 3801 patientiae
621 3720 800 3801 praemium,
829 3720 955 3782 dicente
984 3720 1143 3783 Bernardo
1169 3740 1176 3784 :

432 3817 608 3898 Utrumque
623 3836 657 3879 es
673 3818 764 3892 mihi,
782 3818 915 3880 Domine
929 3818 1013 3892 lesu,
1030 3819 1179 3881 videlicet

1234 3231 1370 3312 ligamus
1392 3250 1489 3314 super
1510 3231 1619 3295 omnia
1642 3251 1721 3315 pure
1744 3233 1868 3314 integro
1886 3231 1963 3293 corde

1234 3331 1346 3404 Deum,
1372 3337 1404 3392 et
1427 3349 1485 3394 nos
1511 3331 1597 3413 ipsos
1627 3331 1754 3394 sincere
1781 3331 1814 3393 in
1838 3331 1911 3413 ipso,
1932 3329 1963 3392 de

1235 3427 1390 3491 Creatoris
1408 3428 1706 3492 inhonorationibus
1723 3429 1963 3511 ingemiscentes.

1234 3533 1265 3587 et
1281 3544 1332 3588 eas
1353 3527 1386 3588 in
1406 3527 1500 3590 nobis
1519 3526 1753 3590 rationabiliter
1774 3528 1964 3604 ulciscentes;

1234 3630 1328 3705 atquo
1349 3641 1407 3687 nos
1428 3623 1512 3706 ipsos
1531 3625 1620 3687 omni
1640 3624 1831 3688 confusione
1846 3632 1876 3687 et
1888 3641 1965 3706 poena

1232 3722 1414 3804 judicemus
1439 3722 1623 3803 condignos.
1648 3723 1768 3804 Sicque
1793 3740 1855 3786 non
1878 3721 1964 3784 solum

1233 3841 1251 3884 a
1274 3819 1493 3903 superioribus
1522 3821 1639 3884 nostris
1667 3821 1840 3903 cupiamus
1866 3819 1964 3900 corripi

432 3914 600 3996 speculum
621 3915 762 3996 patiendi
782 3922 814 3978 et
829 3916 996 3997 praemium
1017 3917 1176 3997 patientis.
1194 3915 1215 3979 C
1233 3920 1320 3982 omni
1350 3921 1402 3982 die
1426 3937 1462 3980 ac
1492 3919 1620 4000 corrigi,
1645 3920 1701 3982 sed
1724 3939 1745 3981 a
1771 3917 1965 3984 confratribus

432 4111 486 4194 plo
504 4118 566 4174 tuae
587 4111 732 4190 virtutis3
750 4119 785 4174 tu
805 4121 877 4193 post
895 4113 1061 4176 victoriam
1084 4120 1180 4196 caput

432 4229 540 4272 meum
564 4227 695 4273 coronas
716 4217 779 4274 tuae
803 4211 971 4292 praesentia
991 4211 1176 4292 majestatie.

432 4308 608 4391 Utrumque
634 4308 759 4372 fortiter
786 4317 947 4392 provocat,
973 4310 1178 4372 vehementer

301 4422 416 4474 cantas.
431 4406 586 4469 accendit.
603 4407 704 4469 Trahe
725 4427 776 4470 me
796 4415 867 4490 post
886 4415 928 4481 te,
946 4415 981 4470 ut
996 4408 1134 4471 libenter
1147 4417 1178 4471 te

432 4524 557 4587 sequar,
574 4515 610 4567 ut
629 4513 660 4568 et
679 4506 816 4586 gloriose
835 4513 867 4568 te
888 4505 985 4568 lruar.
1005 4507 1064 4570 Sed
1084 4508 1178 4590 pauci

432 4613 504 4686 post
528 4613 558 4666 te
583 4604 695 4667 volunt
724 4604 781 4678 ire,
807 4623 907 4686 quum
937 4612 1043 4667 tamen
1067 4625 1178 4668 omnes

290 4715 417 4768 raxam
432 4703 533 4765 velint
554 4703 592 4764 ad
616 4711 646 4764 te
668 4702 848 4784 pervenire,
870 4703 1006 4766 scientes
1029 4705 1105 4786 quia
1126 4705 1178 4767 de-

433 4799 617 4862 lectationes
632 4801 665 4862 in
681 4801 810 4864 dextera
826 4807 879 4862 tua
899 4821 1001 4884 usque
1017 4802 1049 4864 in
1064 4802 1175 4865 linem.

431 4898 598 4979 Propterea
613 4898 725 4961 volunt
743 4905 773 4962 te
795 4898 870 4974 lrui,
888 4900 943 4962 sed
964 4919 1027 4963 non
1048 4900 1091 4964 ita
1110 4901 1179 4963 imi-

431 4997 510 5076 tari;
540 4995 675 5078 cupiunt
704 5015 907 5078 conregnare,
934 5017 997 5061 non
1027 4999 1176 5082 compati.

284 4035 416 4087 nauum.
432 4013 478 4075 'lu
493 4013 587 4075 doces
607 4032 719 4075 manus
738 4033 824 4076 meas
842 4015 881 4077 ad
900 4015 1057 4097 praelium,
1075 4034 1179 4077 exem·
1233 4035 1361 4100 quoque
1383 4017 1525 4080 exerceri
1544 4024 1576 4079 et
1599 4017 1771 4100 increpari,
1789 4027 1822 4081 et
1843 4018 1873 4080 in
1893 4015 1965 4078 omni

1233 4116 1439 4178 tribulatione
1455 4115 1612 4198 patientes
1627 4135 1756 4198 semper
1772 4116 1919 4180 veraciter
1931 4115 1966 4175 in·

1233 4213 1346 4276 veniri.
1373 4214 1438 4277 Hoc
1465 4214 1587 4297 quippe
1615 4222 1665 4277 est
1693 4233 1831 4279 severe
1859 4216 1890 4278 in
1914 4214 1966 4275 Deo

1234 4313 1378 4393 diligere,
1395 4312 1546 4394 quoniam
1563 4312 1648 4375 istud
1663 4312 1912 4377 saluberrimum
1923 4328 1966 4374 ne

1235 4410 1284 4472 bis
1303 4419 1360 4473 ost.

1273 4510 1407 4589 Insuper
1426 4515 1501 4571 sunt
1521 4509 1652 4590 quidam
1674 4510 1801 4592 praelati
1824 4509 1966 4593 negligan-

1232 4615 1290 4682 tes,
1307 4606 1444 4682 remissi,
1462 4623 1525 4669 non
1541 4606 1666 4683 lervidi,
1677 4608 1716 4671 ad
1732 4628 1769 4671 se
1785 4609 1905 4682 reflexi,
1915 4625 1967 4668 non

1234 4705 1328 4769 corde
1346 4706 1435 4779 recti,
1453 4705 1486 4767 in
1507 4723 1643 4787 quorum
1663 4725 1804 4789 persona
1821 4708 1866 4770 ait
1878 4708 1968 4770 Hiero

1233 4823 1349 4886 nymus
1367 4803 1453 4867 :Nos
1476 4804 1508 4865 in
1530 4804 1588 4866 Dei
1613 4804 1733 4885 injuria
1757 4825 1872 4868 sumus
1896 4803 1969 4866 beni·

1233 4902 1299 4984 gni,
1316 4902 1394 4964 etin
1415 4901 1531 4965 nostris
1551 4902 1679 4983 injuriis
1695 4903 1769 4966 odia
1785 4922 1968 4967 exercemus.

1234 5001 1413 5073 Quocontra
1435 5001 1479 5062 ait
1502 4999 1690 5065 Ambrosius
1714 5019 1722 5064 :
1744 5002 1849 5065 licam
1873 5001 1971 5082 injuri-

432 5095 492 5158 Sed
508 5095 535 5158 si
551 5095 642 5176 cupis
663 5095 832 5177 premium
848 5097 1011 5178 consequi,
1028 5116 1092 5161 non
1112 5117 1178 5160 ces·
1194 5105 1219 5166 D
1234 5118 1286 5161 am
1306 5099 1464 5181 patienter
1486 5101 1635 5174 sustinui,
1653 5100 1857 5181 impietatem
1876 5107 1971 5163 contra

431 5212 481 5256 ses
497 5193 681 5276 exemplum
702 5195 803 5277 sequi.
821 5193 855 5255 ln
871 5195 960 5257 omni
973 5195 1178 5259 tribulatione

433 5291 500 5357 baec
515 5294 578 5358 duo
594 5311 651 5358 nos
671 5293 886 5368 consolentur,
904 5295 1058 5357 momoria
1078 5294 1177 5358 dorni-

1235 5197 1335 5259 Deum
1350 5197 1435 5260 lerre
1450 5215 1513 5260 non
1529 5197 1629 5280 potui.
1647 5199 1726 5261 Hinc
1741 5199 1789 5260 ait
1805 5199 1971 5282 Chrysosto

1233 5315 1305 5360 mus
1323 5314 1330 5359 :
1347 5298 1381 5361 ln
1401 5297 1540 5380 propriis
1563 5297 1691 5379 injuriis
1713 5299 1893 5381 patientem
1912 5315 1971 5360 esse
