4140 6258
350 511 498 560 nomurca
518 512 562 559 ru
582 513 656 560 rosr
676 511 870 560 rnrnrrararr.
891 529 932 540 -
952 511 994 557 au
1014 509 1208 575 amrarosos3
1231 513 1330 560 sanun
1350 511 1462 560 snxrus
1622 494 1682 560 287

172 685 296 747 'lartius
325 685 429 767 panis,
458 693 507 748 est
534 704 647 748 sensus
675 683 875 765 allegoricus,
892 683 917 745 Α
932 683 1079 746 sissimus
1094 682 1186 766 penis
1200 683 1273 748 vita
1288 683 1465 766 praesentis,
1480 682 1678 747 frumentum
1692 707 1826 765 eatan,

137 801 194 865 quo
218 801 257 845 ex
277 783 327 845 his
349 803 420 866 quae
441 784 480 844 ad
504 783 640 845 litteram
662 782 700 844 de
725 780 878 845 membris
933 781 1118 856 electorum,
1136 790 1168 844 ct
1189 783 1301 845 vinum
1322 782 1505 864 germinans
1527 781 1678 863 virgines,

137 881 247 945 Christi
274 882 455 964 conscripta
479 889 563 955 sunt,
587 881 664 962 quid
691 880 730 943 de
754 879 879 942 Christo
934 879 1025 961 panis
1040 881 1289 954 sacramentalis,
1307 881 1339 942 in
1355 897 1419 962 quo
1439 879 1507 962 ipse
1526 879 1598 942 lons
1612 898 1682 960 gra-

138 980 325 1043 credendum
341 980 393 1052 sit,
404 979 623 1042 informamur.
632 979 683 1042 Sic
698 978 785 1040 enim
802 977 881 1039 mul·
934 977 1061 1050 harum,
1078 977 1149 1040 lons
1166 978 1311 1042 omnium
1332 977 1530 1052 deliciarum,
1548 977 1631 1040 Deus
1650 984 1682 1039 et

138 1087 164 1140 ta
182 1078 220 1140 ad
243 1077 379 1141 litteram
399 1079 438 1140 de
455 1077 584 1160 loseph,
602 1078 764 1149 Samsone,
781 1075 881 1137 David
934 1075 1040 1150 horno,
1067 1075 1233 1138 verissime
1258 1084 1289 1137 et
1313 1075 1684 1158 superincomprehensi-

137 1185 165 1238 et
187 1175 365 1251 Salomone,
391 1182 422 1239 et
445 1176 516 1238 aliis
541 1174 663 1238 Sanctis
686 1174 815 1257 scripta,
842 1174 881 1236 de
935 1173 1054 1248 biliter,
1071 1175 1314 1255 dignantissime
1339 1181 1371 1236 et
1395 1175 1682 1257 supergratiosissi-

138 1275 256 1338 Christo
276 1275 446 1357 allegorice
464 1282 679 1357 exponuntur.
698 1273 736 1335 Et
757 1293 828 1355 quas
849 1273 881 1334 in
936 1290 988 1334 me
1004 1273 1193 1336 continetur.
1211 1273 1309 1347 Quem
1327 1291 1442 1356 panem
1460 1291 1631 1354 possumus
1651 1281 1684 1336 et

137 1393 168 1436 se
183 1373 260 1456 ipsis
276 1374 408 1436 modicae
428 1381 504 1435 sunt
523 1372 650 1435 virtutis
670 1391 706 1434 ac
724 1371 813 1454 parvi
834 1389 882 1432 sa·
936 1369 1090 1433 debemus
1109 1371 1317 1453 spiritualiter
1336 1371 1424 1434 omni
1444 1371 1521 1434 hora
1540 1371 1685 1434 comede-

139 1472 230 1554 poris,
247 1471 415 1535 fortissimi
437 1479 513 1534 sunt
530 1470 650 1552 vigoris
671 1479 703 1532 et
724 1470 881 1532 admiran-
937 1487 980 1530 re.
998 1468 1197 1550 Omninoque
1212 1470 1303 1532 decet
1318 1486 1375 1532 nos
1391 1469 1566 1551 religiosos,
1583 1488 1686 1532 sacer-

22 1571 181 1636 aaraasdm
209 1570 376 1632 suavitatis
402 1587 409 1631 :
437 1577 471 1630 ut
496 1569 580 1652 quod
606 1569 721 1651 Joseph
746 1568 883 1630 salvator
937 1569 1037 1640 dotes,
1054 1575 1118 1630 tarn
1139 1569 1286 1649 religiose
1301 1589 1337 1632 ac
1357 1569 1595 1632 sacerdotaliter
1610 1587 1684 1632 con·

18 1659 47 1759 {2³
61 1666 125 1696 ‘¹¹³⁶'
139 1669 246 1731 mundi
262 1675 311 1731 est
324 1667 513 1751 appellatus,
530 1667 679 1731 dominus
694 1667 819 1750 AEgypti
839 1668 883 1728 el·
937 1665 1068 1739 uersari,
1090 1673 1125 1727 ut
1144 1667 1245 1729 simus
1268 1668 1374 1730 idonei
1397 1667 1606 1749 pergratiam
1628 1667 1683 1730 Dei

20 1787 125 1841 traam..
139 1767 247 1840 lectus,
271 1785 290 1828 a
314 1765 466 1828 iratribus
489 1766 657 1844 venditus3
677 1766 761 1847 quod
784 1765 882 1828 David
937 1765 1079 1846 quotidie
1094 1765 1179 1826 hunc
1200 1784 1316 1847 panem
1335 1784 1532 1839 consecrare,
1549 1767 1612 1829 Deo
1629 1766 1682 1828 Pa·

17 1853 75 1954 iia
91 1925 118 1954 ,a
139 1865 307 1948 prostravit
326 1865 461 1938 Goliath,
478 1865 562 1947 quod
583 1862 731 1927 Salomon
752 1862 814 1924 sibi
830 1864 883 1926 de-
898 1866 921 1927 B
936 1864 976 1925 tri
1005 1863 1134 1938 offerre,
1160 1871 1255 1945 atque
1281 1864 1451 1926 salubriter
1480 1865 1681 1926 manducare.

19 1979 33 2016 ¹·
76 1926 88 1967 ⁹
122 1945 299 2046 'sponsavit
318 1963 400 2044 regis
414 1963 538 2045 AEgypti
560 1962 673 2036 liliam,
691 1962 775 2045 quod
796 1962 906 2042 Sam„
936 1962 1016 2036 Quid
1032 1962 1118 2026 enim
1135 1961 1221 2025 aliud
1237 1963 1360 2045 operari
1377 1963 1543 2036 habemus,
1560 1963 1622 2026 nisi
1640 1963 1684 2025 in-

16 2035 124 2142 {“d¹‘'¹'¹'
138 2079 191 2124 son
213 2069 321 2143 portas
341 2062 429 2124 Gaza
448 2061 580 2123 abstulit
602 2061 708 2123 media
729 2066 831 2122 nocte.
847 2061 882 2121 ln
937 2070 1099 2124 cessanter
1112 2062 1151 2124 ad
1167 2062 1227 2124 hnc
1243 2080 1300 2124 nos
1314 2061 1495 2144 disponere,
1513 2069 1545 2124 ct
1560 2061 1685 2124 univer-

138 2160 253 2242 quibus
267 2158 416 2223 omnibus
431 2159 547 2222 Christi
564 2168 635 2222 sunt
650 2159 795 2242 mysteria
809 2178 882 2241 prae
937 2180 971 2223 sa
987 2180 1057 2242 quae
1071 2161 1196 2242 agimus
1211 2160 1251 2223 ad
1265 2167 1330 2222 tam
1346 2160 1583 2224 divinissimum
1604 2178 1684 2243 opus

138 2259 268 2339 signata.
937 2259 1119 2334 referrent
1141 2267 1206 2322 tota
1230 2267 1337 2322 nostra
1362 2260 1561 2322 conversatio
1583 2259 1624 2321 sit
1645 2259 1685 2321 ad

174 2357 310 2430 Quartus
336 2356 440 2439 panis,
466 2365 514 2419 est
541 2357 732 2439 anagogicus
756 2377 880 2434 sensus,
938 2357 1165 2421 celebrandum
1186 2357 1272 2440 jugis
1294 2357 1506 2440 praeparatiol

137 2472 198 2536 quo
216 2473 254 2517 ca
275 2474 346 2537 quae
366 2455 404 2517 de
426 2455 574 2517 militanti
591 2455 732 2518 Ecclesia
747 2457 881 2539 ejusque
978 2457 1091 2518 Sextus
1116 2456 1219 2539 panis,
1240 2465 1289 2520 est
1312 2456 1403 2520 bonae
1426 2457 1630 2539 operationis,
1651 2462 1685 2518 ut

138 2553 289 2616 membris
315 2553 493 2616 litteraliter
517 2554 635 2636 scripta
658 2563 743 2629 sunt,
764 2557 802 2619 de
827 2557 881 2618 tri·
937 2555 1024 2616 omni
1048 2563 1209 2618 momento
1231 2555 1333 2617 simus
1352 2554 1477 2616 actibus
1496 2555 1614 2617 sanctis
1638 2553 1685 2615 in-

135 2651 302 2734 umphauti
319 2645 530 2735 explanantur
546 2652 695 2716 Ecclesia.
713 2654 770 2716 llic
791 2655 881 2737 panis
937 2653 1027 2726 tenti,
1048 2660 1080 2714 et
1106 2653 1140 2714 in
1162 2653 1374 2717 observantiis
1398 2653 1525 2716 Ordinis
1550 2653 1683 2726 strenui,

135 2750 262 2813 subtilis
282 2771 318 2814 ac
338 2750 456 2814 nobilis
477 2758 534 2826 est,
552 2760 583 2815 et
604 2753 810 2816 vehementer
831 2755 882 2817 de·
936 2769 1065 2814 omnem
1094 2751 1298 2826 otiositatem,
1328 2751 1489 2834 pigritiam
1519 2751 1683 2831 negligen-

135 2849 237 2910 lectat.
260 2849 424 2924 Praeterea,
447 2868 517 2931 qum
541 2851 580 2912 de
600 2852 882 2934 superbeatissima
936 2851 1079 2932 tiamque
1108 2849 1255 2924 vitantes,
1286 2857 1317 2912 et
1346 2868 1426 2932 opus
1456 2849 1511 2912 Dei
1541 2849 1683 2930 quotidie

134 2947 287 3010 Trinitate
302 2967 339 3010 ac
354 2947 594 3031 simplicissima
609 2950 740 3024 Deitate,
758 2951 796 3014 de
811 2952 881 3032 ejus
937 2948 1179 3011 reverentialius
1200 2956 1295 3030 atque
1316 2947 1488 3030 perfectius
1507 2947 1683 3029 adimplen-

134 3044 333 3121 excellentia,
353 3047 537 3120 eternitate,
555 3046 761 3122 beatitudine,
780 3049 881 3131 perle-
900 3046 921 3111 C
937 3056 995 3120 tes,
1012 3065 1068 3129 per
1088 3047 1172 3129 quod
1192 3047 1288 3110 corda
1309 3054 1415 3109 nostra
1434 3046 1555 3128 optime
1578 3045 1682 3108 relici-

134 3144 249 3218 ctione,
261 3145 429 3227 sapientia,
441 3145 672 3228 omnipotentia
688 3148 727 3208 ad
744 3148 881 3211 litteram
937 3154 1030 3208 entur
1052 3164 1088 3207 ac
1111 3145 1354 3208 roborabuntur,

133 3243 252 3324 scripta
268 3251 353 3316 sunt,
364 3252 498 3325 possunt
511 3245 690 3326 anagogicae
705 3246 882 3328 intelligen-
977 3245 1139 3327 Septimus
1154 3244 1257 3327 panis,
1274 3252 1322 3307 est
1340 3243 1477 3326 gratiosa
1496 3250 1527 3305 et
1547 3243 1684 3306 incessa-

133 3340 375 3424 staupponem,
401 3341 552 3424 quoniam
577 3351 718 3406 mentem
743 3346 881 3409 maxime
937 3344 1010 3406 bilis
1034 3343 1232 3406 conservatio
1253 3343 1319 3416 Dei,
1336 3361 1407 3425 quaa
1430 3342 1462 3405 in
1488 3342 1574 3404 omni
1600 3342 1685 3405 bono

132 3455 229 3520 super
250 3457 285 3502 se
305 3440 441 3503 elevant.
937 3449 1113 3517 conservet,
1130 3451 1267 3518 tueatur,
1283 3442 1439 3506 conlortet
1454 3449 1485 3504 et
1504 3441 1544 3503 ad
1558 3440 1684 3505 beatam

170 3535 308 3608 Quintus
332 3539 436 3622 panis,
462 3546 509 3600 est
533 3539 742 3616 Eucharistia,
766 3544 881 3623 pretio·
937 3542 1246 3608 consummationem
1270 3541 1431 3624 perducat.

681 3965 873 4052 SEllth
913 3966 1133 4053 SEXTUS

541 4236 581 4282 ΒΕ
607 4235 723 4282 sartan
749 4233 930 4282 llli'llssss'l'llills
957 4233 1061 4280 SAGRAE
1087 4233 1269 4281 statuimus.

186 4515 211 4574 I
238 4513 395 4573 dimisero
424 4532 474 4572 eos
494 4513 643 4590 jejunos,
667 4515 818 4589 deficient
843 4513 880 4571 ia
898 4512 1015 4592 liquos
1036 4511 1118 4573 Deus
1139 4528 1196 4592 per
1215 4528 1337 4573 sacram
1358 4509 1555 4592 Scripturam
1574 4529 1684 4595 opera-

203 4613 272 4671 via.
289 4609 382 4672 blare.
399 4628 466 4685 vur,
482 4610 510 4674 3.
936 4617 988 4670 tur
1001 4609 1138 4691 gratiose
1154 4609 1186 4670 in
1202 4607 1406 4691 nobis,atque
1422 4627 1479 4692 per
1492 4627 1546 4672 ecs
1561 4611 1683 4674 animas

165 4707 446 4782 Quemadmodum
467 4726 582 4790 corpus
599 4707 817 4770 materialibus
834 4706 880 4768 in·
936 4715 1058 4770 nostras
1081 4706 1196 4780 reiicit,
1219 4707 1374 4769 exhilarat
1395 4716 1427 4769 et
1449 4707 1614 4772 confortat.

125 4807 216 4889 diget
231 4806 405 4880 alimentis,
423 4825 463 4868 ne
479 4807 510 4868 in
526 4807 590 4868 vita
607 4807 666 4869 ista
680 4805 820 4880 deficiat,
839 4806 881 4866 ita
986 4806 1089 4868 Primo
1125 4823 1263 4888 namque
1298 4806 1461 4888 Scriptura
1497 4808 1589 4870 docet
1625 4827 1682 4873 nos

126 4915 158 4969 et
183 4907 298 4968 anima
322 4905 517 4987 incorporeis
546 4904 774 4967 refectionibus
798 4911 879 4985 eget,
936 4906 1034 4967 Deum
1052 4923 1164 4966 verum
1181 4922 1380 4984 cognoscere,
1392 4914 1424 4967 et
1439 4905 1498 4968 hoc
1513 4925 1571 4988 per
1585 4911 1682 4971 consi-

129 5023 169 5066 ne
192 5004 227 5064 in
244 5002 298 5065 via
317 5001 448 5064 deliciet
467 5002 729 5084 peregrinationis
745 5021 880 5084 praesen·
935 5003 1130 5066 decetionem
1147 5004 1468 5084 creaturarum,juxta
1484 5004 1561 5067 illud
1576 5007 1679 5070 lsaiae:

128 5103 181 5166 tis.
200 5101 321 5166 llelicit
335 5118 410 5182 ergo
430 5118 487 5162 nos
507 5101 643 5182 Spiritus
663 5101 795 5162 Sanctus
811 5120 880 5182 sep·
935 5101 1050 5164 Levate
1071 5102 1103 5163 in
1126 5102 1287 5163 excelsum
1308 5103 1417 5164 oculos
1436 5111 1568 5178 vestros,
1585 5112 1615 5166 et
1635 5105 1680 5167 vi·
1704 5127 1737 5173 1⁸.
1746 5133 1822 5182 nae.

127 5209 195 5263 tem
222 5198 447 5282 spiritualibus
472 5198 619 5281 panibus,
636 5217 694 5280 per
717 5217 796 5281 quos
822 5199 881 5260 isto
936 5200 1006 5261 dete
1022 5200 1094 5281 quis
1110 5200 1229 5260 creavit
1248 5200 1323 5263 haec.
1341 5200 1511 5281 Apostolus
1525 5221 1651 5284 quoque
1670 5221 1676 5265 :

127 5301 160 5364 in
177 5300 256 5362 loco
275 5297 419 5379 intelligo
432 5305 555 5380 septem
574 5296 728 5359 salutares
744 5296 880 5360 allectus
934 5297 1110 5360 invisibilia
1131 5297 1264 5378 (inquit)
1286 5298 1342 5359 Dei
1365 5316 1421 5379 per
1445 5317 1482 5362 ea
1505 5318 1575 5380 quaa
1597 5299 1827 5380 reclamaret.
