4288 6264
468 473 617 522 novrurcn
638 475 657 521 v
678 474 751 522 rosr
771 473 901 522 nascar.
922 492 963 504 -
982 473 1025 522 an
1045 474 1241 540 nncrorosos3
1264 476 1362 525 sanvo
1383 479 1520 535 ournrns
1728 461 1770 527 39

222 642 270 717 tit,
292 645 507 728 reprehendit,
527 646 712 728 compescit,
734 646 799 710 imo
818 654 848 708 et
868 653 968 720 sanat,
985 644 1010 708 A
1026 645 1134 709 laudes
1152 647 1302 710 exsolvat.
1319 647 1450 725 ldcirc0,
1467 648 1635 726 carissimi,
1650 657 1772 734 tempo-

222 743 330 817 idest,
349 743 536 808 medicinale
556 744 689 827 apponit
709 744 897 807 remedium.
914 745 968 806 llis
1025 745 1114 808 ribus
1137 746 1254 828 quibus
1275 748 1425 830 loquendi
1447 755 1614 830 praestatur
1630 749 1770 826 licentia,

221 842 341 904 etenim
361 842 468 906 verbis
488 860 545 906 nos
565 851 747 906 commonet
766 851 800 904 ut
820 843 968 904 discutia·
1025 851 1060 904 ut
1080 843 1163 907 beati
1184 865 1253 908 esse
1274 847 1412 928 possitis,
1431 846 1555 929 linguas
1576 849 1712 923 domate,
1731 851 1771 912 n'e

222 958 294 1002 mus
309 959 367 1004 nos
383 942 479 1023 ipsos,
497 961 536 1004 au
552 960 627 1004 vere
646 942 747 1004 simus
765 941 920 1022 religiosi;
938 949 969 1002 et
1025 951 1249 1006 convertantur
1263 946 1302 1007 ad
1318 945 1399 1020 lites,
1416 965 1455 1008 ne
1469 947 1584 1027 jurgia,
1601 949 1773 1011 contentio·

220 1039 248 1100 si
265 1057 339 1114 non,
352 1040 575 1122 poeniteamus,
587 1049 618 1104 et
634 1041 858 1123 loquacitatem
874 1048 968 1121 atque
1025 1059 1092 1113 nes,
1110 1041 1192 1103 rixas
1208 1050 1240 1104 et
1254 1044 1401 1106 scandala
1417 1051 1575 1117 resonent,
1592 1063 1632 1106 ne
1648 1046 1773 1108 menda-

220 1136 339 1200 silentii
363 1138 552 1202 fractionem
576 1139 722 1213 vitantes,
746 1157 820 1200 vere
844 1137 970 1218 religio·
1025 1137 1083 1211 cia,
1094 1137 1284 1219 juramenta,
1294 1141 1475 1222 opprobria,
1490 1150 1545 1204 aut
1558 1142 1694 1205 aliorum
1711 1143 1772 1206 dis-

220 1235 246 1297 si
267 1235 458 1299 efficiamur.
481 1237 612 1321 Nempe,
635 1256 731 1320 quam
752 1236 967 1320 periculosum
1025 1237 1176 1318 plicentia
1205 1238 1348 1320 prodant.
1375 1239 1462 1313 Quod
1492 1239 1519 1302 si
1548 1259 1587 1303 ex
1616 1239 1771 1304 instinctu

221 1333 401 1398 membrum
417 1336 459 1398 sit
474 1335 970 1419 lingua‚quantavitiaoriantur
1024 1334 1153 1408 diaboli,
1179 1336 1234 1417 qui
1265 1355 1392 1419 semper
1418 1337 1593 1401 discordias
1621 1338 1768 1412 seminat,

220 1452 259 1496 err
279 1453 326 1505 ea,
343 1434 404 1496 nisi
426 1433 569 1496 frenetur
589 1441 620 1496 et
637 1434 744 1496 clausa
763 1441 908 1497 teneatur
927 1440 970 1494 at·
1025 1433 1107 1494 inter
1133 1434 1358 1498 conventuales
1384 1435 1463 1498 levis
1491 1437 1648 1500 dissensio
1675 1436 1771 1499 fuerit

220 1550 283 1612 que
299 1532 577 1614 dometur,pandit
593 1533 625 1595 in
641 1551 698 1594 sua
714 1531 871 1595 Canonica
886 1532 970 1593 idem
1024 1539 1101 1604 orta,
1119 1533 1246 1612 penitus
1267 1533 1373 1595 statim
1393 1553 1450 1616 per
1471 1535 1694 1617 praesidentem
1717 1555 1770 1598 ne-

154 1660 206 1698 .ιι,
221 1630 281 1693 iste
300 1631 462 1713 apostolus
482 1631 616 1694 lacobus
634 1649 640 1693 :
658 1631 778 1712 Lingua
792 1631 970 1712 (inquiens)
1024 1630 1125 1710 quitia
1140 1631 1275 1693 elidatur
1295 1631 1327 1693 in
1347 1633 1481 1707 semine,
1499 1633 1591 1696 itaut
1610 1633 1675 1696 sole
1689 1634 1772 1697 occi-

112 1743 117 1753 ·
220 1738 328 1792 nostra
342 1729 424 1811 ignis
440 1736 503 1807 est3
515 1729 704 1792 universitas
723 1729 897 1812 iniquitatis
914 1727 970 1789 lin·
1025 1728 1129 1801 dente,
1148 1729 1179 1790 in
1196 1736 1304 1792 sancta
1322 1731 1417 1794 domo
1435 1749 1497 1794 nou
1519 1731 1699 1795 inveniatur
1714 1733 1773 1795 ira-

220 1846 281 1908 gua
291 1827 337 1907 (id
354 1834 401 1889 est
418 1847 475 1910 per
491 1827 631 1908 linguam
650 1827 884 1908 irrefrenatam)
896 1845 969 1888 con·
983 1823 1007 1885 Β
1025 1827 1146 1900 cundia,
1155 1835 1186 1889 et
1201 1847 1241 1890 ne
1257 1828 1302 1891 ira
1317 1838 1515 1892 convertatur
1530 1831 1562 1892 in
1577 1831 1770 1908 odium,etc.,

220 1925 364 1988 stituitur
381 1926 411 1988 in
430 1925 584 1989 membris
600 1927 726 1999 nostris,
743 1945 814 2008 qum
832 1925 970 1988 maculat
1025 1933 1055 1988 et
1075 1926 1189 1988 domus
1204 1927 1291 2008 pacis
1305 1927 1371 2008 jam
1392 1927 1590 1991 ebriosorum
1611 1929 1773 1992 alliciatur

220 2032 322 2087 tolum
344 2042 460 2106 corpus
483 2032 638 2098 nostrum,
662 2023 859 2086 inflammata
879 2043 897 2085 a
917 2043 968 2104 ge·
1023 2023 1164 2086 taberna.
1174 2025 1337 2086 Mendacio
1351 2044 1426 2089 vero
1441 2034 1592 2108 tanquam
1610 2027 1771 2090 infernum

220 2122 376 2196 henna,id
392 2129 440 2184 est
454 2141 472 2184 a
487 2121 629 2200 diabolo;
642 2123 820 2204 inquietum
838 2121 969 2196 malurn,
1025 2121 1184 2204 expellite.
1208 2122 1342 2204 Semper
1365 2131 1421 2185 aut
1443 2124 1551 2187 divina
1574 2124 1699 2198 Officia,
1717 2134 1772 2188 aut

221 2221 352 2302 plenum
375 2239 499 2283 veneno
524 2219 697 2284 mortifero.
714 2221 794 2282 llinc
819 2219 907 2300 Hugo
930 2220 969 2281 dc
1024 2238 1185 2283 sacrorum
1212 2222 1359 2284 codicum
1383 2222 1491 2296 verba,
1515 2231 1580 2285 tam
1608 2225 1691 2287 inter
1715 2243 1771 2288 vos

220 2319 249 2382 S.
264 2319 388 2381 Victore
405 2336 412 2380 ε
430 2318 551 2399 Lingua
566 2319 695 2392 dicitur,
708 2319 860 2399 quoniam
876 2317 969 2398 lingit
1024 2337 1118 2400 quam
1135 2319 1217 2382 inter
1231 2320 1436 2382 advenientes
1452 2321 1648 2384 deducantur
1663 2323 1695 2384 in
1712 2343 1773 2386 me

219 2417 393 2496 adulando;
405 2418 528 2480 mordet
542 2417 744 2488 detrahendo,
752 2417 870 2480 oceidit
886 2435 970 2478 men·
1024 2416 1122 2478 dium.
1140 2417 1171 2479 Si
1188 2417 1325 2480 otiosum
1342 2419 1518 2480 insonuerit
1534 2419 1680 2495 verbum,
1697 2439 1771 2483 mox

219 2515 348 2594 tiendo;
374 2515 459 2595 ligat,
481 2522 512 2577 et
532 2515 622 2595 ligari
645 2515 697 2578 vix
721 2523 842 2596 potast;
862 2514 967 2576 labilis
1023 2514 1187 2596 frangatur
1203 2514 1300 2578 verbo
1317 2515 1456 2596 salubri3
1472 2525 1504 2578 et
1519 2536 1624 2580 sermo
1638 2519 1772 2582 nocivus

220 2622 268 2675 est
284 2621 316 2676 et
331 2615 431 2675 teneri
447 2614 499 2675 vix
516 2613 677 2686 valet,sed
695 2613 813 2675 labitur
828 2620 859 2675 ct
875 2613 964 2675 fallit.
1024 2613 1133 2677 divino
1158 2614 1248 2676 cedat
1271 2614 1407 2695 eloquio.
1434 2614 1521 2688 Quod
1546 2615 1572 2677 si
1598 2617 1730 2698 loquens
1754 2637 1774 2679 a

220 2712 352 2774 Labitur
376 2720 410 2772 ut
432 2712 582 2793 anguilla,
610 2720 754 2794 penetrat
779 2720 814 2773 ut
837 2711 966 2792 sagitta3
1024 2711 1130 2774 vorbis
1155 2712 1260 2794 pravis
1280 2730 1343 2774 non
1365 2719 1477 2788 cesset,
1495 2713 1635 2794 fugiatur
1653 2715 1693 2777 ab
1713 2734 1771 2795 eo;

220 2810 303 2873 tollit
323 2809 454 2884 amicos,
473 2809 665 2892 multiplicat
685 2810 843 2883 inimicos,
863 2819 968 2872 movet
1023 2819 1055 2872 et
1079 2809 1170 2872 velox
1196 2810 1269 2892 fuga
1293 2817 1429 2872 vestram
1454 2813 1655 2874 sanctitatem
1680 2822 1773 2876 teste-

219 2909 314 2982 rixas,
331 2908 466 2971 seminat
481 2908 674 2988 discordias3
690 2926 754 2971 uno
771 2909 834 2970 ictu
851 2909 967 2972 multos
1024 2915 1077 2969 tur
1092 2907 1306 2970 intrinsecam.
1320 2908 1405 2971 Nihil
1421 2927 1478 2991 per
1493 2910 1649 2972 exteriora
1664 2928 1773 2992 eorpo-

220 3006 357 3090 percutit
371 3025 408 3068 ac
424 3006 596 3085 interficit;
612 3005 728 3068 blanda
743 3015 790 3068 est
805 3015 837 3068 et
851 3006 966 3069 subdo·
982 3007 1004 3070 G
1025 3007 1068 3067 ris
1086 3006 1220 3080 intrans,
1239 3005 1485 3087 cogitationibus
1501 3016 1611 3088 gravet
1630 3015 1771 3071 mentem

219 3107 259 3178 la,
287 3105 357 3178 lata,
384 3112 416 3168 et
439 3111 547 3186 parata
575 3104 614 3166 ad
640 3104 856 3167 exhaurienda
885 3105 968 3167 bona
1023 3123 1093 3184 quae
1110 3103 1226 3165 divinae
1242 3103 1501 3185 contemplationi
1519 3107 1698 3187 exponitur.
1716 3107 1771 3169 lla·

219 3203 518 3284 commiscendaque
534 3203 625 3265 mala.
638 3239 678 3248 -
692 3203 794 3276 Quum
812 3211 965 3282 argutam
1024 3220 1058 3263 ro
1074 3202 1229 3281 cogitatur
1245 3201 1276 3263 in
1294 3209 1399 3264 mente
1414 3202 1499 3284 quod
1514 3203 1685 3266 exteriores
1701 3223 1770 3266 sen-

220 3302 398 3384 perieulosa
414 3321 486 3383 pars
501 3301 642 3382 corporis
659 3301 767 3381 lingua
782 3302 833 3374 sit,
847 3301 968 3384 sapien·
1022 3319 1076 3361 sus
1098 3317 1160 3361 non
1181 3299 1320 3361 mittunt.
1337 3301 1390 3362 llae
1412 3299 1569 3373 fenestre,
1587 3302 1654 3364 haec
1676 3303 1766 3376 ostia,
1790 3323 1915 3376 neustr.

217 3401 341 3463 tissime
357 3401 456 3462 saneti
470 3400 574 3461 Patres
588 3399 790 3461 instituerunt
805 3399 966 3462 silentium
1022 3418 1092 3480 qnae
1117 3399 1143 3460 si
1170 3399 1275 3460 clausa
1300 3417 1363 3461 non
1387 3400 1517 3474 fuerint,
1542 3403 1636 3464 morti
1660 3409 1769 3484 patent

219 3499 328 3562 stricte
350 3497 546 3579 a-religiosis
570 3516 639 3560 esse
664 3497 867 3570 servandum,
885 3498 967 3579 ejus·
1023 3499 1181 3572 introitus,
1199 3505 1230 3559 et
1255 3514 1317 3559 non
1343 3497 1404 3559 nisi
1430 3497 1555 3560 funeste
1581 3499 1766 3580 ingreditur.

218 3617 281 3680 que
309 3597 495 3659 fractionem
526 3615 596 3658 esse
619 3595 734 3658 acriter
758 3595 966 3677 puniendam,
1022 3598 1093 3658 llaec
1109 3597 1330 3678 Hieronymus.
1347 3595 1446 3676 Cujus
1466 3597 1573 3658 omnia
1589 3596 1686 3659 verba
1703 3597 1769 3678 jam

218 3695 421 3778 potissimum
443 3694 469 3756 si
494 3693 526 3755 in
550 3712 643 3754 usum
666 3701 816 3755 vertatur.
1023 3695 1211 3767 introducta,
1229 3701 1303 3755 sunt
1317 3693 1562 3774 diligentissime
1579 3696 1769 3758 attendenda

251 3795 329 3857 ilinc
345 3795 377 3856 in
393 3793 507 3874 Regula
523 3812 579 3854 sua
592 3792 747 3873 gloriosus
762 3793 805 3853 ait
821 3793 968 3874 Hierony·
1022 3800 1053 3854 et
1073 3791 1250 3854 efficaciter
1271 3792 1484 3874 adimplenda.

219 3892 528 3974 muszNequaquam
543 3891 678 3954 lacobus
694 3890 856 3972 apostolus
872 3910 966 3972 expe·
1061 3892 1205 3972 Insuper,
1226 3898 1353 3952 sanetus
1374 3891 1488 3972 praesul
1509 3891 1645 3954 Basilius
1667 3893 1710 3955 ait
1735 3893 1767 3955 in

218 3991 365 4054 rientiam
382 3990 544 4070 religionis
560 3997 692 4072 poneret
708 3989 739 4051 in
756 3988 966 4051 refrenatione
1022 3990 1139 4070 ltegula
1168 4009 1234 4063 sua,
1266 3990 1460 4071 respondens
1489 3991 1527 4052 ad
1558 3992 1766 4073 questionem

75 4123 130 4152 ror.
157 4121 202 4156 vn.
218 4091 344 4171 linguae,
355 4090 416 4151 nisi
433 4097 519 4150 certo
533 4089 630 4150 sciret
642 4087 764 4167 judicio
779 4087 864 4168 quod
880 4105 965 4150 mors
1022 4109 1084 4170 qua
1099 4089 1252 4170 quaeritur
1265 4107 1305 4149 an
1322 4088 1415 4150 liceat
1434 4089 1562 4171 penitus
1577 4097 1681 4154 tacere
1700 4109 1706 4154 :
1724 4091 1768 4154 si-

220 4197 251 4252 ct
272 4189 336 4251 vita
356 4194 404 4250 est
424 4187 456 4248 in
477 4185 625 4248 manibus
647 4184 773 4265 lingua.
791 4185 877 4246 l'ndc
895 4193 966 4267 post
981 4183 1005 4244 D
1022 4187 1154 4248 lentium
1180 4193 1212 4249 et
1236 4186 1435 4248 taciturnitas
1459 4187 1542 4249 bona
1565 4197 1649 4262 sunt,
1666 4209 1766 4272 quurn

67 4323 115 4350 aco
135 4307 202 4356 aa,
220 4290 320 4352 multa
339 4287 495 4350 conclusit
512 4303 519 4348 :
535 4286 734 4367 Quicumque
754 4283 893 4346 refrcuat
909 4284 965 4346 lin·
1020 4287 1057 4347 ad
1085 4303 1234 4367 personas
1259 4284 1308 4347 vel
1334 4285 1372 4346 ad
1398 4292 1524 4367 tompus
1548 4295 1716 4368 aptantur;
1735 4295 1766 4350 et

218 4408 313 4470 guam
334 4405 436 4460 suam,
453 4385 505 4446 hic
525 4384 636 4446 beatus
658 4385 689 4445 iu
712 4382 794 4445 facto
816 4401 873 4444 suo
893 4383 962 4444 crit.
1020 4383 1198 4446 neccssaria
1222 4391 1269 4445 est
1291 4384 1499 4456 taciturnitas
1521 4403 1687 4466 quousque
1710 4386 1766 4448 lin·

220 4487 300 4548 Ecce
315 4485 399 4567 quod
421 4463 686 4546 in⁰refrenatione
704 4481 817 4562 linguan
834 4480 965 4543 beatitu-
1018 4501 1088 4563 guae
1113 4482 1190 4542 vitia
1220 4482 1444 4562 reprimantur,
1470 4490 1502 4544 ct
1525 4483 1685 4546 discamus
1713 4504 1766 4566 op-

218 4585 258 4648 do
293 4583 432 4664 ponitur,
463 4590 496 4643 ut
528 4582 619 4644 detur
649 4580 782 4660 intelligi
815 4580 899 4661 quod
932 4580 963 4642 iu
1021 4589 1155 4663 portuno
1185 4599 1221 4642 ac
1254 4587 1396 4662 tempore
1427 4598 1485 4642 suo
1516 4581 1636 4643 utiliter
1666 4582 1764 4665 loqui,

220 4683 423 4764 multiloquio
453 4682 545 4752 Deus,
572 4680 625 4762 qui
652 4687 699 4740 cst
726 4678 887 4740 beatitudo
914 4697 965 4740 uo·
1021 4678 1288 4760 quemadmodum
1313 4679 1467 4760 scripturn
1493 4687 1540 4740 est
1558 4697 1564 4741 :
1581 4681 1691 4742 Sermo
1717 4701 1766 4744 ve·-
1789 4705 1913 4755 norman,

218 4791 292 4856 stra,
310 4780 419 4844 haberi
436 4787 467 4842 et
483 4777 689 4860 contemplari
707 4795 769 4839 non
786 4785 897 4858 potest.
912 4777 965 4838 llc-
1021 4786 1086 4838 ster
1100 4795 1226 4857 semper
1241 4777 1387 4838 conditus
1403 4775 1443 4838 sit
1458 4777 1522 4838 sale
1540 4778 1714 4860 sapientiae,
1732 4788 1766 4841 ut
1780 4771 1810 4880 fv·
1821 4766 1911 4872 ἔξω·

218 4880 354 4943 frenatio
376 4879 491 4960 linguae
511 4885 559 4939 est
579 4895 678 4958 quum
701 4875 818 4956 lingua,
837 4895 906 4956 quac
926 4895 964 4936 cx
1020 4877 1072 4938 det
1093 4875 1226 4955 gratiam
1249 4873 1399 4936 audienti.

218 4979 267 5042 sui
284 4978 361 5041 vitio
376 4994 504 5058 semper
519 4983 664 5057 prompta
680 4982 727 5036 est
744 4975 781 5035 ad
798 4973 895 5035 verba
914 4993 964 5035 va-
1065 4975 1169 5046 Porro,
1200 4973 1239 5034 dc
1270 4971 1484 5054 multiloquio,
1515 4981 1547 5035 ct
1577 4973 1767 5055 fugibilitate

219 5098 269 5150 na,
286 5076 398 5139 illicita
413 5083 444 5136 et
460 5074 620 5144 mendosa,
633 5073 759 5134 silentiu
777 5079 963 5144 coarctatur,
1021 5071 1238 5153 pravitalcque
1264 5071 1344 5152 ejus,
1367 5071 1525 5134 Climacus
1547 5081 1738 5154 protestatur
1759 5091 1766 5135 :

218 5195 258 5237 ne
285 5177 315 5237 in
337 5173 392 5237 Dei
417 5171 651 5254 displicentiam
678 5189 886 5252 prorumpere
911 5191 964 5230 nu·
1019 5169 1249 5250 llultiloquiuur
1265 5177 1312 5230 est
1328 5189 1414 5232 vaura
1429 5171 1535 5250 gloriae
1550 5173 1769 5254 cathedraper

219 5275 302 5345 deal,
326 5272 375 5334 vel
406 5269 445 5331 ad
471 5269 553 5330 bona
577 5277 752 5341 exercetur,
779 5276 813 5329 ut.
841 5267 965 5328 divinas
1022 5268 1106 5348 quod
1127 5287 1160 5327 se
1178 5266 1278 5348 ipsam
1304 5267 1504 5330 manifestare
1524 5277 1618 5350 atque
1640 5289 1769 5352 pompa·
