4214 6254
439 471 498 538 lid
706 489 855 539 nourrius
877 491 919 538 ss.
941 489 1123 538 ramirans.
1144 507 1185 520 -
1206 491 1248 536 nu
1268 483 1464 555 unurcrosos3
1486 489 1586 538 sunno
1607 489 1719 538 snxros

436 669 543 726 torum
568 670 601 726 et
623 662 806 727 mixtorum.
833 662 948 745 Sicque
976 662 1015 725 ad
1044 662 1185 746 speeiem
1199 662 1226 724 Α
1239 669 1334 745 atque
1355 663 1395 726 ed
1416 681 1480 738 eas,
1497 680 1555 744 per
1576 659 1861 745 profundissimam
1881 660 1972 724 humi·
2077 677 2078 714 1

437 761 520 822 hano
544 759 685 843 pertinet
712 760 830 824 intueri
854 759 1001 824 ordinem
1030 759 1183 835 universi,
1239 759 1372 834 litatem,
1389 761 1574 844 potientium
1590 759 1824 834 inconcussam,
1842 777 1973 822 mansue-
2077 749 2078 826 ξ

436 857 572 940 speeies,
589 858 800 941 proprietates
820 866 853 922 et
871 858 1005 922 virtutes
1024 866 1057 921 et
1075 875 1185 940 opera·
1237 859 1383 922 tudinem
1405 859 1545 934 firmem,
1562 866 1748 941 ceterasque
1768 857 1911 932 virtutes,
1926 877 1973 941 per
2077 887 2078 932 ς

436 955 540 1020 tiones
569 955 762 1020 naturalium
793 975 912 1030 rerum,
936 965 968 1020 et
990 956 1184 1020 substantias
1238 959 1398 1023 orationes
1422 959 1551 1022 devotas
1575 966 1607 1020 et
1631 956 1793 1021 assiduam
1817 957 1973 1020 dominice

436 1061 607 1137 separatas,
623 1054 728 1129 orbes,
746 1063 840 1130 astra,
862 1055 1017 1138 planetas,
1037 1062 1133 1138 prout
1150 1055 1184 1117 in
1239 1057 1396 1140 passionis
1430 1056 1629 1131 memoriam,
1662 1073 1720 1138 per
1751 1054 1972 1118 indesinentem
2077 1091 2078 1128 i

436 1151 506 1214 istis
522 1152 762 1234 magnificentie
777 1153 954 1218 conditoris
970 1153 1186 1235 relucetejus·
1239 1154 1343 1218 cordis
1358 1153 1536 1218 custodium
1552 1163 1583 1218 et
1597 1153 1783 1235 diligentem
1797 1151 1900 1215 divini
1912 1170 1973 1234 ope

436 1270 499 1334 que
518 1250 655 1327 bonitas,
672 1251 829 1335 sapientia
848 1261 880 1316 et
895 1259 1033 1336 potestas
1054 1252 1086 1315 in
1108 1271 1184 1316 cun·
1239 1255 1283 1317 ris
1307 1252 1557 1328 exsecutionem,
1583 1271 1640 1316 nos
1671 1251 1815 1334 quotidie
1843 1269 1881 1314 ac
1905 1258 1972 1314 stre·
2077 1267 2078 1296 t

434 1348 495 1412 ctis
517 1349 731 1432 resplendent.
1238 1371 1302 1415 nne
1324 1371 1540 1435 preparemus
1563 1369 1600 1413 ec
1622 1351 1843 1434 disponamus,
1862 1349 1900 1411 sd
1920 1348 1974 1410 lau·

475 1447 510 1508 ln
527 1447 578 1510 his
595 1447 702 1530 itaque
718 1449 996 1532 contemplationis
1015 1448 1184 1534 speciebus
1238 1451 1312 1513 dem
1324 1457 1356 1513 et
1367 1450 1501 1532 gloriam
1514 1449 1805 1533 superbeatissimae
1814 1447 1971 1511 Trinitatis

434 1563 493 1609 nos
508 1553 685 1621 ectuemus,
702 1566 909 1612 exerceamus
926 1555 958 1612 et
972 1566 1184 1631 occupemus3
1239 1550 1350 1613 Amen.

612 1853 682 1913 Pro
701 1851 895 1912 solennitate
910 1852 1062 1928 Corporis
1076 1852 1212 1922 Christi,
1228 1871 1338 1931 quiere
1352 1853 1581 1914 enarrationes
1595 1861 1626 1914 et
1641 1871 1803 1914 sermones

964 1951 1001 2010 in
1015 1953 1121 2010 alteru
1133 1959 1242 2027 porte,
1257 1953 1297 2010 de
1311 1951 1454 2012 Sanctis.
