4192 6258
333 489 481 540 nomurca
501 489 577 538 xvru
597 490 671 537 rosr
689 487 883 536 minutam.
905 505 943 517 -
964 486 1006 533 uo
1025 485 1219 547 nmrcrosos3
1242 485 1340 532 sanuo
1360 485 1473 532 saurus
1619 461 1677 529 bil

125 664 226 728 nimis
241 664 397 738 velocem,
413 669 468 726 aut
483 661 574 725 valde
590 661 716 724 tardum
734 677 741 722 :
759 667 791 723 et
806 659 877 734 boc,
893 656 919 722 A
934 657 1000 733 tici,
1018 664 1066 720 est
1080 656 1283 738 lacrimarum
1299 655 1449 731 carentia,
1463 655 1507 718 ita
1520 655 1605 737 quod
1620 671 1679 718 nec

126 765 308 828 secundum
327 763 468 826 diversas
488 760 759 843 apprehensiones
779 759 818 822 de
833 758 879 820 di·
934 773 1020 820 mors
1044 755 1311 839 propinquorum,
1337 773 1396 817 uec
1422 753 1537 816 damna
1559 771 1678 826 rerum,

128 863 211 926 lecto
236 869 416 944 conceptas.
440 861 522 923 llum
547 859 634 922 enim
655 859 694 921 de
716 857 786 938 ejus
810 857 881 920 ade
934 854 1039 917 taliter
1053 870 1214 917 amorosos
1230 859 1349 936 queunt
1362 870 1490 916 movere
1502 850 1540 913 ad
1556 849 1677 913 fletum.

128 961 239 1044 ptione
259 958 424 1034 diffidunt,
441 958 568 1021 tardum
589 955 708 1020 habent
727 956 879 1039 pulsum3
934 953 986 1017 Sic
1005 953 1144 1016 animam
1165 951 1375 1036 spiritualiter
1393 949 1541 1014 ecstatice
1559 965 1680 1013 amoro-

127 1059 274 1122 velocem
300 1075 386 1132 vero,
402 1057 529 1139 quando
554 1056 593 1120 de
617 1055 687 1137 ejus
710 1055 880 1138 adeptione
934 1072 1002 1116 sam
1027 1071 1140 1135 parum
1164 1060 1220 1115 ant
1240 1050 1321 1114 nibil
1340 1050 1505 1114 contristat
1522 1067 1680 1131 quascum-

128 1156 299 1220 confidunt
318 1162 373 1219 ant
392 1155 471 1219 certi
492 1160 575 1216 sunt.
593 1153 645 1217 Sic
664 1154 770 1215 anima
789 1152 880 1233 spiri·
935 1171 997 1235 que
1011 1159 1138 1216 terrena
1148 1151 1322 1214 adversitas
1334 1157 1388 1213 aut
1403 1148 1575 1231 corporalis
1589 1147 1680 1211 iufir-

127 1255 259 1318 tualiter
282 1253 431 1318 ecstatice
455 1269 610 1326 amorosa,
632 1251 761 1334 pulsum
785 1250 881 1314 habet
935 1251 1041 1325 mitas,
1055 1250 1110 1314 sed
1126 1249 1229 1313 solum
1246 1249 1278 1312 id
1296 1249 1381 1331 quod
1396 1247 1517 1310 coelesti
1532 1246 1680 1328 displicet

129 1353 287 1426 velocem,
310 1351 341 1414 id
360 1359 419 1426 est,
441 1357 637 1434 promptum,
654 1349 763 1414 laetum
783 1347 880 1412 fervi·
935 1351 1068 1433 Sponso,
1085 1355 1116 1411 et
1131 1366 1195 1431 quo
1209 1348 1250 1412 ab
1265 1347 1335 1428 ejus
1354 1344 1678 1428 unione‚‚praesentia,

129 1452 274 1534 dumque
289 1450 455 1526 affectum,
473 1449 600 1532 quando
618 1449 657 1512 de
671 1448 810 1531 gratiosa
823 1448 880 1512 Dei
934 1447 1213 1531 amplexu,osculo
1227 1445 1494 1529 impeditur,quia
1509 1444 1614 1527 ipsum
1630 1461 1680 1506 su-

129 1549 303 1634 praesentia
316 1556 370 1612 aut
384 1548 522 1630 gloriosa
541 1547 611 1628 ejus
629 1546 781 1610 fruitione
796 1545 882 1609 futu·
935 1565 992 1629 per
1006 1545 1115 1609 omnia
1129 1543 1422 1628 incomparabiliter
1436 1541 1681 1625 appretiatur‚et

129 1668 165 1712 ra
188 1647 328 1710 multum
350 1646 494 1710 confidit.
513 1647 558 1710 llx
578 1663 642 1728 quo
658 1645 779 1708 affectu
801 1644 881 1708 dixit
935 1651 1039 1706 cetera
1059 1643 1129 1725 ejus
1144 1641 1381 1725 comparatione
1400 1658 1512 1722 parum
1534 1638 1678 1702 attendit.

7 1769 28 1808 ¹.
129 1745 288 1829 Propheta
305 1762 312 1807 :
330 1744 389 1809 Cor
403 1763 512 1808 meum
527 1751 560 1806 et
573 1762 646 1807 caro
662 1761 732 1806 mea
747 1741 882 1805 exsulta·
977 1743 1107 1805 Sextum
1123 1741 1250 1822 signum
1268 1739 1385 1802 amoris
1406 1738 1540 1802 carnalis
1557 1737 1681 1801 ecstati-

7 1861 10 1872 '
128 1853 247 1908 verunt
275 1844 307 1906 in
326 1843 438 1919 ‚osum
462 1843 582 1906 vivum.
608 1843 744 1906 Tardum
773 1849 880 1904 autem
899 1841 978 1915 Boi,
995 1847 1043 1903 est
1058 1839 1215 1923 profunda
1230 1837 1412 1901 sollicitudo
1427 1854 1517 1899 versa
1534 1835 1679 1910 interius

128 1943 274 2026 pulsum,
301 1943 332 2004 id
362 1949 410 2006 est
439 1941 563 2005 lentum
593 1941 758 2016 affectum,
786 1940 882 2004 babet
937 1940 980 2003 ita
995 1939 1079 2021 quod
1095 1936 1200 2000 taliter
1214 1954 1378 2000 amorosus
1396 1934 1479 2017 gerit
1493 1935 1584 2016 quasi
1603 1933 1681 1996 ima·

128 2043 248 2116 anima,
266 2042 344 2104 dum
369 2040 402 2103 in
424 2059 482 2104 sua
503 2040 594 2122 quasi
615 2041 762 2103 ariditate
786 2039 881 2102 rolin·
934 2038 1043 2119 ginem
1058 2037 1258 2110 dormientis,
1274 2036 1392 2118 vixque
1409 2033 1548 2114 evigilat,
1565 2032 1626 2094 nisi
1642 2033 1682 2095 de

128 2140 252 2222 quitur,
278 2145 310 2201 et
338 2157 377 2202 ex
402 2138 540 2222 propria
570 2136 821 2202 defectuositatis
844 2155 881 2198 ao
936 2135 1053 2198 dilecto
1075 2135 1117 2198 sit
1137 2133 1321 2196 sarmosia
1344 2133 1451 2195 anima
1474 2130 1683 2214 spiritualiter

128 2239 235 2321 culpae
256 2237 385 2312 iutuitu,
402 2244 498 2319 atque
523 2255 561 2300 ex
587 2235 779 2299 difficultate
803 2234 882 2298 obti-
935 2251 1091 2308 amorosa,
1107 2233 1192 2296 circa
1217 2233 1317 2294 Deum
1339 2231 1382 2294 ita
1404 2238 1452 2294 est
1472 2229 1618 2303 sollicita,
1636 2229 1682 2291 sic

128 2336 229 2400 nendi
251 2335 400 2411 salutem,
416 2335 627 2418 spiritualiter
649 2341 879 2410 consternatur,
935 2332 1012 2406 fixa,
1033 2339 1197 2415 occupata,
1214 2331 1337 2393 intenta
1361 2329 1394 2392 in
1418 2347 1504 2404 eum,
1521 2329 1607 2411 quod
1629 2346 1681 2390 ex·

128 2443 160 2498 et
182 2435 222 2497 de
245 2451 304 2496 suo
323 2442 452 2497 veretur
474 2433 629 2517 periculo,
645 2449 708 2496 non
733 2431 880 2514 ignorans
935 2431 1062 2506 teriora,
1072 2449 1153 2494 vana
1166 2437 1198 2492 et
1212 2428 1376 2493 saecularia
1389 2445 1453 2491 non
1467 2427 1611 2501 advertit,
1623 2445 1682 2490 nec

128 2531 282 2596 meliores
302 2550 337 2595 se
358 2531 526 2594 corruisse.
936 2549 1007 2612 quaa
1026 2529 1179 2592 dicuntur
1198 2527 1335 2591 libenter
1352 2527 1452 2601 audit,
1473 2525 1536 2590 uisi
1555 2526 1597 2588 sit
1617 2544 1682 2588 ser·

169 2631 314 2694 Tertium
330 2629 458 2712 siguum
478 2637 511 2694 et
526 2628 662 2692 effectus
680 2627 797 2692 amoris
816 2646 883 2690 car·
936 2647 989 2692 mo
1009 2628 1048 2692 de
1072 2628 1137 2692 Deo
1161 2635 1192 2690 et
1216 2625 1450 2708 pertinentibus
1471 2625 1511 2688 ad
1532 2624 1679 2687 salutem.

128 2731 213 2794 nalis
239 2729 394 2803 ecstatici,
410 2735 459 2792 est
479 2728 637 2793 defectiva
661 2727 790 2802 locutio,
806 2728 883 2810 quia
936 2726 960 2789 0
986 2733 1141 2809 quantum
1171 2725 1289 2788 distant
1317 2723 1357 2786 ab
1386 2739 1494 2786 amore
1523 2721 1682 2804 spirituali

128 2831 162 2891 in
186 2827 294 2890 taliter
314 2827 470 2890 amorosis
495 2826 681 2908 magnitudo
701 2825 882 2889 allectionis
929 2824 1098 2912 ¹ecstatico,
1123 2822 1179 2905 qui
1203 2821 1416 2906 promptiores
1440 2827 1515 2883 sunt
1538 2819 1626 2902 loqui
1651 2827 1683 2883 et

128 2926 230 2992 verba
245 2925 408 2989 intercidit
427 2933 523 3007 atque
543 2924 716 3008 abrumpit.
734 2924 785 2988 Sic
804 2942 882 3007 quo·
936 2923 1047 2987 audire
1062 2921 1160 2986 verba
1176 2920 1312 2995 inutilia,
1329 2938 1421 2994 vana,
1435 2917 1607 2992 saecularia,
1621 2917 1683 2981 dis-

128 3040 193 3106 que
210 3023 281 3105 ipsa
296 3021 514 3085 intensissima
528 3020 659 3085 allectio
673 3039 772 3084 uuum
785 3022 919 3088 trans-C
937 3021 1050 3095 soluta,
1067 3039 1163 3103 quam
1185 3017 1390 3084 aedificatoria
1410 3035 1446 3080 ao
1467 3017 1593 3080 divinat

129 3117 224 3202 ponit
248 3124 281 3180 et
309 3115 459 3180 absorbet
483 3117 515 3180 in
539 3117 650 3192 alium,
676 3116 760 3199 quod
790 3117 883 3199 plura
976 3119 1153 3201 Septimum
1167 3118 1293 3199 signum
1308 3116 1423 3180 amoris
1438 3115 1573 3178 carnalis
1587 3121 1684 3177 ecsta-

127 3215 229 3281 simul
245 3215 333 3297 loqui
350 3231 414 3278 non
429 3215 614 3278 vacat:imo
629 3215 663 3278 in
678 3215 881 3288 absentia,de
937 3217 991 3280 tici
1016 3225 1074 3291 est,
1098 3215 1183 3299 quod
1203 3215 1309 3278 taliter
1332 3232 1507 3288 amorosus,
1527 3213 1604 3275 dum
1623 3211 1681 3274 ali·

128 3334 164 3378 se
190 3314 332 3377 invicem
358 3313 459 3376 multa
485 3313 691 3396 concipiunt3
708 3313 785 3375 dum
806 3330 882 3376 vero
937 3334 1033 3398 quem
1048 3315 1136 3378 videt
1150 3313 1350 3377 consimilem
1367 3313 1396 3375 ei
1412 3331 1508 3395 quem
1525 3319 1589 3374 tam
1605 3311 1683 3374 vali-

128 3420 305 3498 praesentes
328 3421 412 3487 sunt,
430 3431 532 3496 pauca
555 3413 739 3494 loquuntur,
756 3418 787 3474 et
808 3429 882 3475 suos
937 3415 976 3476 de
991 3420 1085 3488 amat,
1099 3411 1327 3488 inflammatur,
1341 3411 1532 3486 concutitur,
1545 3417 1576 3473 et
1590 3409 1681 3492 quasi

129 3519 306 3593 conceptus
331 3510 517 3593 exprimunt
538 3509 734 3592 imperfecte.
753 3509 882 3572 Confor-
938 3511 1077 3574 insanire
1093 3509 1228 3573 videtur.
1245 3511 1297 3574 Sic
1312 3511 1418 3572 anima
1433 3509 1582 3572 ecstatice
1595 3525 1682 3570 amo-

130 3611 228 3674 miter
247 3609 355 3672 anima
369 3609 519 3672 ecstatiee
537 3626 692 3684 amorosa,
709 3608 769 3671 boc
789 3609 883 3671 modo
938 3609 1117 3683 rosa,lleum
1132 3609 1164 3671 in
1178 3610 1238 3673 bac
1250 3610 1315 3672 vita
1329 3607 1410 3671 clare
1423 3607 1506 3670 sicut
1520 3607 1551 3669 in
1565 3625 1598 3670 se
1614 3606 1684 3689 ipso

132 3708 305 3772 locutionis
336 3707 456 3789 alloqui
485 3706 566 3770 solet
595 3707 755 3789 Sponsum
787 3706 883 3770 ooele·
938 3715 986 3772 est
1001 3707 1211 3789 contemplari
1226 3714 1321 3788 atque
1335 3713 1462 3787 gustare
1482 3723 1545 3768 non
1561 3704 1681 3779 valens,

8 3829 69 3874 cana.
81 3845 117 3882 m,
132 3816 228 3882 stem,
246 3814 282 3870 ut
297 3806 374 3868 dum
394 3805 440 3868 ait
454 3805 486 3868 in
502 3805 640 3868 Canticis
658 3822 665 3866 :
683 3805 747 3885 Ego
766 3803 883 3867 dilecto
937 3805 1011 3868 dum
1025 3824 1098 3868 eum
1116 3805 1147 3866 in
1162 3803 1229 3866 suis
1242 3802 1412 3866 effectibus
1427 3802 1595 3885 experitur,
1602 3821 1685 3865 eum-

7 3895 42 3999 ssgd·
53 3959 115 4006 ,11161
132 3922 216 3981 meo,
226 3911 260 3967 et
273 3903 312 3968 ad
329 3922 380 3966 me
395 3903 561 3966 conversio
576 3903 663 3984 ejus;
676 3902 883 3984 itemquelli-
938 3923 1000 3986 que
1016 3911 1110 3986 prout
1125 3904 1157 3966 in
1172 3903 1230 3964 bac
1245 3902 1310 3964 vita
1325 3902 1398 3965 fieri
1418 3909 1532 3985 potest,
1548 3901 1683 3982 gratiose

132 4003 237 4066 lectus
261 4021 352 4066 meus
377 4002 468 4076 mibi,
488 4010 520 4065 et
544 4019 602 4083 ego
625 4001 682 4064 illi.
705 4002 739 4063 lu
765 4000 882 4082 quibus
937 4002 1221 4085 contemplaturae
1237 4001 1374 4064 dulciter
1394 4000 1574 4083 sapit(quae
1591 4019 1684 4081 expe·

130 4103 213 4164 ratio
244 4100 396 4183 supplere
424 4108 455 4163 et
479 4119 638 4183 exponere
668 4098 763 4163 debet
786 4100 884 4162 verba
937 4100 1051 4163 rientia
1072 4120 1108 4164 ac
1132 4100 1321 4180 degustatio,
1338 4098 1453 4162 futurae
1476 4097 1682 4160 beatitudiuis

7 4223 71 4266 asar.
87 4239 115 4274 a,
129 4199 275 4262 ardentis
290 4197 713 4281 affectus,quemadmodum
729 4198 806 4261 olim
822 4197 883 4261 elo
897 4200 922 4264 D
936 4198 1083 4281 aliqualis
1099 4197 1274 4280 praelibatio
1289 4205 1337 4260 est
1352 4205 1385 4261 et
1398 4197 1541 4279 quaedam
1557 4197 1680 4278 imago),

7 4289 114 4400 [229³
131 4316 237 4382 quens
258 4298 362 4361 Aaron
384 4296 574 4380 loquebatur
595 4314 653 4379 pro
674 4297 789 4381 lloyse.
937 4297 1081 4378 protinus
1101 4295 1330 4369 inflammatur,
1346 4295 1512 4368 alienatur,
1529 4303 1623 4377 atque
1642 4297 1682 4358 ad

172 4397 327 4471 Quartum
347 4396 475 4478 signum
493 4395 612 4458 amoris
630 4397 765 4459 carnalis
784 4405 883 4460 ecsta-
936 4394 1076 4457 futuram
1101 4393 1286 4456 felicitatem
1311 4393 1437 4456 intenso
1461 4393 1600 4456 caritatis
1621 4394 1682 4457 ler-

129 4495 201 4569 tioi‚
218 4494 389 4558 desiccatio
413 4501 462 4557 est
486 4493 704 4558 membrorum
722 4512 729 4556 :
747 4514 820 4557 nam
844 4515 882 4558 ex
935 4510 1011 4556 vore
1032 4491 1184 4554 aflicitur.

128 4591 316 4658 vehementi
338 4593 443 4655 cordis
462 4592 675 4676 applicatione
696 4593 781 4655 circa
804 4593 881 4656 dile·
987 4591 1067 4654 Ecce
1097 4609 1135 4652 ex
1162 4589 1200 4653 iis
1229 4590 1405 4673 spiritualis
1432 4591 1550 4656 amoris
1582 4599 1682 4656 ecsta-

128 4702 234 4766 ctum,
264 4691 520 4775 multiplicantur
550 4691 683 4775 spiritus
713 4691 745 4754 in
776 4691 882 4754 taliter
935 4689 990 4753 tici
1018 4689 1277 4772 proprietatibus,
1304 4689 1431 4752 indiciis
1455 4697 1487 4754 et
1512 4690 1683 4754 effectibus

126 4790 421 4872 amorosis,sicque
436 4789 620 4853 interiorem
635 4790 880 4853 desiccationem
935 4790 1171 4872 perpendamus
1191 4807 1358 4872 quousque
1377 4789 1411 4850 in
1432 4789 1561 4853 caritate
1581 4790 1684 4873 profe-

127 4889 299 4974 patiuntnr
312 4896 344 4951 et
359 4887 499 4952 arefiunt
514 4887 547 4949 in
564 4887 726 4951 membris.
744 4888 796 4952 Sic
814 4889 881 4951 ani·
935 4888 1083 4962 serimus,
1092 4894 1247 4970 quantum
1263 4887 1385 4950 caritati
1400 4888 1557 4952 ecstaticae
1572 4908 1683 4972 appro-
1803 4909 1804 4912 ¹

127 5007 184 5051 rna
200 4987 350 5051 ecstatice
366 5002 521 5060 amorosa,
538 5005 556 5048 a
572 4986 690 5048 carnali
707 4986 879 5069 voluptate,
935 4986 1219 5069 pinquaverimus3
1242 4993 1273 5048 et
1288 4985 1314 5048 si
1329 4984 1369 5047 ab
1385 5004 1422 5048 ea
1438 4986 1575 5049 multum
1590 4987 1684 5050 dista-

128 5086 305 5150 libidinoso
319 5102 427 5148 amore
442 5091 474 5148 et
489 5085 758 5168 concupiscentiis
775 5085 879 5160 arefit‚
936 5103 1018 5159 mus,
1028 5085 1252 5148 contristemur
1267 5085 1306 5147 de
1321 5085 1381 5147 hoc
1396 5093 1428 5148 et
1443 5086 1628 5149 festinemus
1643 5087 1682 5149 ad

127 5193 161 5248 et
186 5183 303 5267 desipit
324 5183 355 5246 ei
376 5182 481 5246 omnis
502 5200 584 5246 caro.
934 5203 1013 5258 eam,
1030 5184 1131 5246 simus
1153 5183 1273 5265 jugiter
1295 5183 1597 5257 introversionem
1617 5185 1682 5247 Deo

169 5284 325 5358 Quintum
344 5281 471 5364 signum
491 5281 607 5345 amoris
627 5279 762 5344 carnalis
781 5288 879 5344 ecsta-
935 5281 1074 5356 solliciti,
1092 5282 1178 5345 intus
1194 5288 1226 5345 et
1240 5287 1329 5344 extra
1345 5281 1503 5344 custoditi.
