4164 6258
785 455 934 504 commta
955 455 986 503 lv
1007 457 1080 503 POST
1099 453 1294 504 summm.
1315 475 1355 486 -
1375 455 1474 503 amo
1494 455 1605 503 namna

973 874 1164 963 annuc
1203 873 1423 960 amnas
1485 989 1488 993 ,

462 1143 605 1200 QUOHODO
626 1141 874 1188 tranantissfflos
896 1141 984 1200 DEUS,
1007 1140 1130 1188 alacris
1152 1141 1218 1186 suls
1239 1140 1297 1186 PRO
1317 1139 1587 1186 minutantomaus
1613 1139 1820 1195 ouanmnsona
1844 1140 1928 1186 ³0le

556 1242 634 1286 VlTAE
655 1240 840 1296 PllAESllN'l'lS,
857 1241 1000 1286 Pansam
1020 1239 1052 1285 IN
1071 1239 1184 1284 PA'l'lllA
1202 1238 1430 1284 antonomum
1448 1238 1680 1285 mnmnttmttt
1698 1238 1841 1285 launna.

495 1523 557 1585 ΟΝ
581 1529 657 1580 sunt
683 1521 853 1597 constipare
877 1521 1043 1596 passiones
1071 1519 1171 1594 injus
1185 1517 1210 1580 A
1225 1517 1298 1580 tatis
1314 1537 1368 1580 seu
1390 1517 1566 1580 nobilitatis
1581 1517 1818 1600 quodammodo
1838 1517 1962 1584 infinita

509 1619 661 1696 imperis
680 1620 724 1677 acl
741 1619 893 1694 futurum
908 1618 1062 1694 pluriam.
1080 1617 1167 1678 Rom.
1226 1617 1346 1679 ratione
1361 1616 1411 1678 sui
1426 1616 1554 1698 objecti.
1571 1616 1649 1678 Nam
1664 1624 1696 1679 et
1710 1617 1890 1679 secundum
1906 1617 1963 1699 phi·

422 1737 488 1791 vnr,
513 1717 559 1780 l8.
1226 1714 1386 1796 lcsophos,
1404 1715 1658 1796 prastauticrum
1674 1732 1731 1776 seu
1746 1714 1963 1778 sublimiorum

462 1818 545 1879 Deus
560 1814 747 1877 naturaliter
766 1814 879 1887 bonus,
896 1821 928 1876 et
948 1813 1020 1894 pius
1039 1833 1075 1876 ac
1093 1812 1170 1874 libe·
1226 1812 1437 1892 objectorum,
1454 1813 1514 1876 hoc
1529 1821 1577 1875 est
1595 1831 1703 1875 rerum
1723 1812 1901 1886 scibilium,
1916 1815 1965 1876 sci·

422 1915 509 1988 ralis,
533 1914 565 1976 in
592 1912 756 1975 infinitum
784 1911 865 1974 ultra
890 1911 1084 1992 condignum
1108 1911 1172 1973 ele·
1226 1911 1330 1984 entia,
1348 1918 1423 1973 sunt
1444 1909 1627 1972 nobiliores.
1644 1910 1775 1992 Propter
1798 1912 1885 1992 quod
1909 1912 1965 1974 Ari·

423 2021 489 2076 ctos
520 2019 552 2074 et
578 2011 681 2092 justos
711 2017 903 2083 remunerat,
931 2010 1035 2072 dando
1064 2010 1110 2072 eis
1138 2010 1169 2071 in
1227 2008 1355 2071 stoteles
1389 2014 1592 2090 protestatur,
1625 2008 1871 2071 desiderabilius
1905 2027 1965 2072 csse
2070 2009 2071 2012 ’

424 2111 513 2175 coelis
537 2109 692 2190 majorem
717 2108 903 2172 felicitatem
925 2127 1021 2190 quam
1048 2127 1171 2170 meruc—
1227 2107 1388 2169 modicum
1405 2106 1482 2189 quid
1498 2107 1579 2169 seire
1594 2106 1633 2169 de
1648 2105 1836 2169 substantiis
1851 2126 1966 2189 separa·

424 2216 519 2288 runt;
535 2215 568 2270 et
582 2207 660 2269 citra
675 2207 867 2286 condignum
887 2224 1053 2287 perversos
1068 2224 1104 2268 ac
1124 2224 1171 2268 re·
1226 2206 1278 2279 tis,
1295 2212 1371 2287 puta
1387 2205 1617 2286 intelligentiis,
1631 2225 1708 2286 quas
1724 2206 1854 2286 angelos
1869 2207 1966 2288 appel-

425 2306 542 2389 probos
571 2305 675 2387 punit,
705 2303 881 2384 infligendo
910 2304 956 2366 eis
987 2304 1018 2365 in
1046 2303 1172 2365 inferno
1228 2304 1453 2385 lamus,quam
1471 2303 1571 2366 mirlta
1585 2304 1624 2366 de
1639 2303 1735 2366 rebus
1755 2304 1964 2367 inferioribus.

425 2404 549 2466 minora
563 2421 658 2484 quam
676 2409 921 2482 promeruerunt
939 2400 1108 2482 supplicia.
1125 2401 1172 2462 ld·
1226 2402 1337 2465 Nonne
1352 2420 1427 2483 ergo
1442 2401 1735 2483 incomparabiliter
1749 2402 1964 2476 desiderabile,
2074 2395 2075 2398 ’

274 2521 410 2572 neuma.
425 2518 462 2564 eo
482 2500 526 2562 ait
547 2499 710 2562 Psalmista
727 2516 734 2560 :
751 2498 965 2561 Miseraticucs
985 2498 1055 2578 ejus
1075 2517 1172 2580 super
1227 2500 1360 2580 dignum
1380 2508 1411 2562 et
1426 2499 1532 2563 nobile
1548 2507 1607 2574 est,
1625 2500 1731 2581 ipsum
1747 2501 1965 2564 universorum

424 2599 531 2662 omnia
557 2615 653 2680 opera
676 2596 756 2678 ejus.
783 2593 890 2679 ltaque
916 2615 974 2679 pro
996 2596 1172 2658 tribulatio·
1228 2598 1407 2662 Creatorem
1422 2617 1458 2660 ac
1474 2599 1573 2660 Deum
1594 2598 1677 2661 clare
1697 2617 1755 2680 per
1770 2599 1913 2680 speciem
1928 2599 1968 2662 iu·

423 2698 519 2760 nibus
543 2704 639 2778 atque
657 2695 808 2778 operibus
829 2695 922 2758 bonis
943 2695 1016 2758 vita
1037 2696 1209 2777 praesen-B
1226 2696 1320 2771 tucri,
1337 2703 1369 2760 et
1384 2715 1421 2759 eo
1435 2697 1473 2759 ad
1490 2696 1618 2759 libitum
1634 2696 1776 2779 plenarie
1792 2697 1881 2760 fruit
1897 2698 1967 2760 lliuc
2077 2693 2078 2704 ’

422 2798 474 2870 tis,
505 2796 623 2879 parvis,
650 2795 761 2877 paucis
790 2812 826 2856 ae
856 2792 1019 2867 brevibus,
1045 2801 1172 2875 praestat
1227 2794 1368 2877 loquitur
1381 2794 1577 2875 Augustinus
1595 2813 1602 2856 :
1620 2795 1717 2857 Tanta
1731 2803 1781 2858 est
1796 2796 1968 2877 pulchritu-

421 2896 531 2959 electis
546 2893 777 2957 beatitudinem
798 2891 1007 2955 ineffabiliter
1024 2911 1170 2973 magnam
1225 2895 1266 2957 dc
1290 2893 1406 2956 divina
1430 2893 1573 2973 justitiae,
1598 2900 1685 2955 tanta
1712 2900 1762 2956 est
1789 2893 1968 2976 jucunditas

421 3001 577 3076 quantum
593 2992 632 3054 ad
648 2991 814 3074 preamium
831 2990 1011 3064 essentiale,
1024 2991 1170 3052 innume·
1226 2992 1306 3053 lucis
1328 2998 1463 3064 ateruae,
1480 2991 1540 3053 boc
1560 2999 1608 3054 est
1627 2991 1904 3055 incommutabilis
1923 3013 1968 3055 re-

421 3091 566 3154 rabilitar
581 3090 715 3153 multem
730 3097 886 3171 quantum
903 3089 942 3151 ad
962 3088 1170 3151 accidentalia
1226 3091 1327 3152 ritatis
1349 3097 1381 3151 et
1405 3090 1568 3171 sapientiae
1593 3090 1750 3164 increata,
1764 3097 1801 3152 ut
1825 3091 1923 3154 ctiam
1946 3092 1969 3154 si

421 3190 536 3272 gaudia
552 3208 588 3251 ac
604 3188 735 3271 praemia
750 3187 869 3249 civium
886 3205 1111 3269 supernorum,
1124 3187 1170 3248 iu·
1226 3205 1288 3249 non
1310 3187 1420 3250 liceret
1440 3187 1471 3248 in
1492 3187 1562 3268 ejus
1582 3188 1666 3250 clara
1680 3188 1804 3252 visione
1823 3207 1861 3250 ac
1881 3189 1971 3252 beati-

422 3286 754 3370 compreheusibiliter
768 3285 984 3368 longam,quia
997 3304 1071 3348 vare
1086 3293 1172 3348 aeter·
1225 3283 1289 3347 fica
1303 3283 1455 3348 fruitione
1472 3304 1599 3348 manere
1615 3286 1715 3368 magis
1730 3287 1785 3348 diu
1799 3305 1898 3369 quam
1915 3305 1973 3350 uno

422 3404 506 3448 nam.
522 3384 620 3458 Unde,
636 3391 932 3466 quantumcumque
947 3401 1079 3464 magnae,
1093 3382 1172 3444 mul·
1226 3383 1288 3455 die,
1307 3391 1437 3465 propter
1456 3382 1515 3445 hcc
1531 3383 1633 3446 solum
1655 3385 1908 3448 innumerabiles
1921 3406 1970 3448 an-

424 3492 464 3547 tae
487 3502 524 3545 ac
549 3483 649 3563 longae
673 3482 841 3542 videantur
869 3479 1091 3543 tribulationes
1114 3499 1170 3543 seu
1226 3481 1260 3543 ni
1289 3481 1387 3562 hujus
1416 3481 1488 3546 vitae
1519 3482 1605 3563 pleni
1635 3482 1759 3545 deliciis
1789 3490 1822 3545 et
1851 3485 1971 3548 cunctis

426 3581 602 3664 passiones,
616 3579 842 3660 laboriosaeque
857 3578 998 3640 actiones
1012 3578 1171 3658 justorum
1227 3579 1339 3641 mundi
1364 3579 1485 3642 divitiis
1507 3587 1601 3662 atque
1625 3580 1813 3656 bonoribus
1830 3591 1916 3646 recte
1938 3602 1971 3644 ac

286 3705 326 3749 es.
340 3717 413 3757 unu,
427 3680 461 3742 in
476 3679 542 3740 vita
556 3677 614 3739 hac
628 3678 743 3758 (quum
758 3677 914 3758 scriptum
930 3677 971 3738 sit
983 3693 990 3737 :
1002 3675 1106 3738 Multa
1120 3678 1173 3738 tri·
1227 3677 1341 3742 merito
1366 3685 1654 3741 contemnerentur.
1678 3680 1777 3752 Ouam
1806 3681 1972 3744 inaestima-

278 3769 312 3811 ²⁰·
427 3776 607 3840 bulatioucs
629 3775 807 3855 justorum3
825 3781 857 3836 et
879 3773 955 3836 item
978 3774 1170 3855 Apostolus:
1227 3776 1302 3838 bilis
1322 3794 1396 3856 ergo
1416 3783 1465 3838 est
1485 3775 1972 3860 miserorumbominumuegli·

278 3900 297 3945 ιι
307 3900 360 3946 cor.
370 3905 413 3953 gs,
428 3876 529 3956 Supra
550 3874 692 3945 mudum,
710 3873 824 3954 iuquit,
844 3872 964 3952 gravati
984 3890 1111 3951 sumus;
1127 3879 1172 3934 at·
1188 3880 1210 3944 c
1228 3874 1345 3956 gentio,
1366 3873 1500 3948 caecitas,
1525 3874 1590 3936 imo
1613 3875 1747 3949 insania,
1769 3877 1970 3958 perversitas,

427 3993 501 4057 que,
521 3979 555 4034 ut
578 3972 691 4035 asserit
713 3971 920 4053 Augustinus,
940 3970 1173 4034 immanissima
1229 3971 1422 4054 ingratitudo
1448 3989 1455 4034 :
1482 3972 1558 4054 quia
1580 3991 1679 4054 quum
1710 3973 1742 4036 in
1767 3973 1885 4037 saeculo
1914 3975 1970 4037 istc

426 4079 584 4135 tormenta
608 4078 762 4154 martyres
787 4069 930 4152 perpessi
955 4071 1052 4152 sunt),
1072 4070 1172 4133 nihilo
1227 4089 1287 4133 uec
1306 4070 1391 4133 diem
1412 4071 1514 4132 sciant
1532 4089 1591 4133 nec
1611 4071 1732 4146 boram,
1750 4071 1894 4153 certique
1910 4074 1971 4136 sint
2043 4096 2048 4126 e

427 4171 534 4234 minus
568 4169 805 4252 comparatione
840 4167 1002 4231 felicitatis
1034 4176 1170 4243 aterna,
1227 4170 1312 4251 quod
1332 4170 1451 4231 incerta
1471 4187 1507 4230 ac
1527 4168 1633 4231 brevis
1652 4169 1694 4232 sit
1712 4170 1776 4232 vitu
1796 4171 1866 4246 ista,
1883 4179 1914 4234 et
1930 4167 2022 4234 tit-¹¹¹·

425 4269 545 4333 nullius
571 4266 725 4332 momenti
749 4274 832 4329 sunt.
858 4267 956 4329 Tanta
979 4266 1100 4348 quippe
1124 4273 1172 4328 est
1228 4285 1301 4330 men
1317 4267 1349 4328 iu
1364 4286 1401 4330 ca
1416 4267 1539 4349 possint
1551 4267 1783 4332 beatitudinem
1799 4270 1971 4351 promereri

424 4368 572 4449 dignitas,
580 4366 764 4448 jucunditas
778 4384 815 4427 ac
831 4365 996 4446 plenitudo
1010 4364 1172 4427 felicitatis
1227 4374 1431 4440 aternamut
1445 4385 1508 4428 nou
1524 4384 1588 4428 uno
1603 4366 1766 4430 dumtaxat
1781 4369 1907 4442 die,scd
1921 4389 1972 4432 re-

424 4465 523 4538 illius,
541 4471 576 4527 nt
591 4463 748 4547 quidquid
768 4481 826 4545 pro
845 4481 882 4525 ea
900 4471 1011 4544 agatur
1028 4471 1083 4525 aut
1097 4462 1172 4526 tole·
1227 4465 1353 4528 rissime
1368 4484 1404 4527 ac
1424 4464 1627 4528 securissime
1647 4464 1768 4549 absque
1788 4466 1855 4530 fine
1875 4469 1972 4531 mum

423 4570 521 4638 retur,
539 4579 596 4644 pro
612 4561 747 4634 modico,
760 4561 824 4623 imo
841 4561 940 4642 magis
955 4579 1013 4644 pro
1027 4561 1116 4624 nullo
1131 4562 1173 4624 sit
1226 4563 1362 4644 gloriose
1378 4563 1587 4645 conspiciant,
1604 4571 1636 4626 et
1650 4581 1688 4626 eo
1702 4565 1893 4629 suavissime
1907 4587 1974 4650 per·

424 4660 648 4744 reputandum.
1226 4661 1384 4736 fruantur,
1413 4669 1552 4724 attamen
1582 4662 1747 4744 negligunt
1774 4666 1972 4748 semetipsos

464 4759 524 4822 Sed
543 4758 609 4841 jarn
632 4758 664 4820 id
685 4757 866 4820 distinctius
889 4763 937 4820 est
960 4757 1168 4839 probandum.
1228 4760 1386 4823 beneficia
1414 4779 1450 4822 ac
1479 4761 1636 4842 promissa
1665 4762 1720 4824 Dei
1751 4763 1974 4827 miserabiliter

422 4858 527 4920 PrImo
544 4857 640 4938 igitur
655 4856 833 4938 dico,quod
848 4875 994 4938 supcrnae
1009 4856 1170 4921 felicitatis
1227 4859 1317 4942 parvi
1341 4859 1494 4941 pendunt,
1512 4859 1647 4922 terrenis
1672 4868 1703 4922 et
1727 4861 1907 4925 carnalibus
1931 4863 1972 4925 ita

422 4975 548 5019 summa
562 4956 604 5018 sit
619 4955 755 5037 dignitus
770 4955 838 5017 sive
853 4953 1009 5018 nobilitas.
1018 4955 1072 5018 Est
1086 4958 1170 5019 euim
1227 4977 1261 5020 sc
1285 4957 1463 5040 implicant,
1489 4958 1574 5040 quod
1598 4959 1637 5020 ad
1661 4966 1781 5022 tantm
1805 4959 1972 5024 beatitudi-

422 5054 552 5125 summi,
570 5053 690 5116 infiniti
709 5059 803 5134 atque
825 5053 1097 5116 incommutabilis
1116 5054 1170 5118 bo·
1185 5054 1209 5116 D
1226 5075 1300 5118 uem
1316 5074 1379 5119 non
1399 5055 1579 5138 adspirant;
1596 5075 1655 5119 nec
1675 5076 1711 5120 ea
1731 5058 1895 5122 dumtaxat
1909 5061 1970 5142 pri-

421 5153 466 5227 ui,
487 5153 638 5216 videlicet
661 5151 717 5214 Dei
741 5150 903 5224 altissimi,
925 5149 1102 5214 clarissima
1124 5153 1170 5215 in·
1225 5163 1350 5228 vantur,
1376 5155 1431 5218 scd
1462 5155 1593 5237 insuper
1617 5154 1808 5219 infernalem
1834 5157 1894 5220 sibi
1920 5177 1969 5220 ca-

419 5253 511 5316 tuitio
526 5260 618 5334 atque
634 5249 775 5333 perfecta
790 5248 996 5311 fruitio:ideo
1010 5257 1056 5312 est
1071 5251 1170 5332 digni·
1226 5252 1411 5328 lumitatem,
1442 5260 1594 5334 tauquam
1628 5272 1738 5318 revere
1771 5255 1968 5318 stolidissimi
