4140 6258
472 466 619 514 nounuoa
641 467 695 514 vru
717 467 790 514 rosr
809 465 1003 514 mrurrarrur.
1023 485 1064 496 -
1085 467 1183 514 sarno
1204 469 1314 516 ramus
1604 453 1664 518 295

122 642 189 698 ctus
207 635 248 699 ab
267 637 397 712 osculis,
412 638 614 722 amplexibus
629 647 661 701 et
675 636 863 722 palpationi·
878 637 904 702 Α
919 637 966 700 dae
986 644 1061 700 sunt
1079 637 1153 712 beo,
1171 647 1206 700 ut
1225 637 1305 701 ratio
1324 638 1431 702 credat
1449 639 1605 722 quidquid
1623 639 1663 702 ad

121 735 178 798 bus
208 735 389 801 libidinosis
417 744 513 819 atque
545 737 694 812 incautis,
723 737 800 818 quia
830 737 863 798 in
917 733 1017 797 fidem
1043 745 1164 816 spectat
1187 735 1376 800 catholicam
1398 737 1489 800 etad
1514 737 1663 800 determi·

120 833 234 896 talibus
262 833 401 898 faciliter
428 835 604 899 incurritur
632 835 764 899 mortale
792 853 863 918 pec·
918 833 1079 896 nationem
1110 834 1270 909 Ecclesiae,
1300 835 1479 918 ceterisque
1508 835 1599 898 donis
1627 854 1664 899 ac

120 940 232 994 catum.
260 931 349 1006 Quod
372 933 399 996 si
424 933 496 1016 quis
520 952 559 995 ex
583 933 701 996 talibus
728 932 864 996 senserit
918 930 1091 995 virtutibus
1105 933 1143 996 ad
1160 929 1355 996 intellectum
1370 934 1602 1016 pcrtinentibus
1616 934 1666 998 de

119 1049 150 1092 se
175 1030 345 1094 carnaliter
368 1031 538 1106 stimulari,
560 1030 699 1107 alterari,
722 1039 754 1094 et
777 1031 863 1113 quod
918 1039 1055 1102 coretur,
1077 1039 1154 1112 puta
1177 1031 1356 1114 prudentia,
1376 1032 1543 1114 sapientia,
1564 1032 1664 1096 scien-

119 1128 334 1192 dctestabilius
351 1137 446 1204 esset,
463 1130 632 1192 carnaliter
646 1129 746 1212 pollui
763 1137 793 1193 et
808 1129 863 1192 fan⁴
919 1127 972 1201 tia,
994 1129 1139 1203 consilio,
1160 1130 1270 1212 sicque
1293 1130 1326 1193 in
1347 1131 1499 1194 omnihus
1520 1132 1663 1196 ordinate

118 1227 193 1301 dari,
215 1226 336 1310 absque
357 1228 509 1291 dilatione
529 1247 563 1291 se
587 1228 737 1300 retrahat,
758 1227 863 1291 doleat
918 1227 1077 1308 procedat,
1094 1235 1126 1290 et
1141 1227 1240 1291 Deum
1255 1246 1292 1290 ac
1309 1228 1450 1292 coelestia
1469 1229 1663 1313 contemple-

118 1333 148 1386 et
162 1326 319 1390 emendet.
340 1326 426 1390 Alias
446 1326 622 1390 mortaliter
641 1333 798 1408 peccaret,
815 1343 862 1388 se·
918 1333 979 1400 tur,
995 1343 1055 1388 nec
1075 1343 1217 1407 unquam
1239 1327 1366 1390 recedat
1378 1326 1419 1388 ab
1436 1326 1495 1390 bis.
1512 1327 1663 1390 Voluntas

118 1424 258 1486 cundum
278 1425 362 1506 quod
382 1423 494 1488 scribit
512 1425 742 1496 bonaventura,
759 1431 790 1486 et
808 1441 862 1506 pc
917 1440 1044 1504 quoque
1060 1422 1260 1504 subjicienda
1274 1432 1322 1486 est
1337 1425 1411 1498 Deo,
1429 1432 1463 1486 ut
1478 1442 1552 1486 eum
1568 1443 1664 1507 super

118 1522 164 1584 nit
186 1523 371 1605 exemplum
390 1529 450 1586 :ut
472 1523 500 1585 si
524 1523 598 1605 quis
622 1529 804 1605 serpentem
828 1521 861 1584 in
916 1521 1025 1584 omnia
1048 1521 1169 1604 diligat,
1195 1541 1254 1585 nec
1282 1522 1404 1605 aliquid
1429 1523 1538 1586 divino
1562 1525 1663 1587 amori

118 1620 238 1701 gremio
257 1629 373 1694 teneat,
393 1639 411 1684 a
431 1638 495 1703 quo
518 1620 684 1684 intoxicari
710 1639 743 1682 se
767 1638 861 1701 expe·
917 1620 1112 1682 contrarium
1133 1628 1203 1702 agat
1216 1628 1272 1683 aut
1286 1621 1405 1704 cupiat,
1421 1623 1478 1684 sed
1494 1621 1550 1685 Dei
1569 1627 1663 1704 atque

118 1718 206 1792 nitur,
224 1737 283 1781 nec
302 1719 414 1800 abjicit
429 1738 515 1793 eum,
532 1719 605 1782 talis
619 1727 668 1782 est
683 1737 778 1781 causa
793 1736 862 1802 pro·
917 1717 1066 1782 Ecclesia
1082 1719 1249 1802 preceptis
1264 1719 1438 1794 obediat,in
1455 1721 1587 1785 Domino
1601 1721 1665 1784 lleo

117 1819 191 1899 price
222 1817 333 1880 mortis
362 1817 544 1901 corporalis.
571 1819 680 1899 ltaque
703 1817 860 1900 quidquid
879 1817 1033 1899 Bsperet,
1050 1816 1192 1880 futuram
1211 1816 1442 1881 beatitudinem
1461 1817 1502 1881 ab
1522 1819 1591 1901 ipso
1611 1837 1665 1880 ex·

117 1914 273 1978 carnalem
287 1923 417 1996 generat
431 1915 723 2000 concupiscentiam
739 1923 794 1978 aut
809 1915 862 1978 sti·
917 1921 1047 1996 spectet.
1065 1915 1265 1998 Quicumque
1287 1915 1334 1977 sic
1356 1915 1467 1997 egerit,
1484 1935 1664 2000 persevera·

118 2013 239 2076 mulum
255 2015 408 2096 corporis,
420 2014 488 2078 sive
503 2015 544 2078 sit
559 2013 783 2086 confabulatio,
794 2014 862 2077 sive
917 2012 1062 2094 veritque
1082 2013 1115 2076 in
1136 2012 1216 2088 istis,
1232 2031 1327 2076 verus
1344 2020 1393 2076 est
1408 2014 1615 2089 Christianus,
1632 2022 1664 2077 ct

115 2113 294 2194 adspectus,
311 2112 378 2176 sive
397 2113 570 2196 applicatio
590 2112 696 2176 lateris
711 2112 750 2176 ad
767 2112 859 2187 latus,
916 2110 1107 2174 eternaliter
1127 2111 1189 2174 erit
1208 2111 1325 2175 salvus.

116 2219 168 2273 aut
197 2212 376 2295 amplexus,
404 2231 460 2274 seu
489 2220 636 2286 attactus,
659 2212 712 2275 vel
739 2211 858 2284 oscula,
957 2209 1101 2291 insuper,
1122 2210 1205 2271 sicut
1228 2209 1273 2272 ait
1295 2209 1327 2272 in
1353 2209 1487 2293 epistola
1511 2210 1664 2274 hodierna

118 2327 246 2391 prorsus
265 2311 441 2373 cavendum
457 2317 513 2373 est.
531 2311 608 2384 lmo,
624 2310 772 2392 quamvis
787 2310 860 2392 quis
915 2308 1096 2390 Apostolus,
1114 2331 1130 2368 u
1146 2309 1345 2392 Quicumque
1360 2309 1480 2391 Spiritu
1496 2310 1552 2373 llei
1567 2329 1664 2393 agun-
1691 2332 1755 2376 aaa.
1768 2346 1811 2386 vni,

117 2415 197 2470 esset
222 2415 289 2470 mm
313 2407 474 2470 virtuosus
498 2409 584 2491 quod
609 2427 648 2472 ex
674 2409 791 2472 talibus
814 2409 861 2471 nil
917 2407 1046 2483 tur,filii
1061 2414 1136 2470 sunt
1151 2407 1239 2470 Dei».
1248 2408 1438 2472 Studeamus
1453 2427 1528 2490 ergo
1543 2411 1665 2473 moveri
1681 2399 1713 2440 ¹⁸·

117 2506 188 2568 mali
208 2505 395 2587 gigneretur
409 2505 441 2568 in
457 2524 506 2580 eo,
521 2506 625 2569 vereri
645 2514 751 2569 tamen
767 2507 862 2570 dehet
916 2524 934 2568 a
948 2504 1068 2587 Spiritu
1084 2505 1248 2580 Saneto‚et
1263 2523 1327 2568 non
1343 2524 1529 2570 moveamur
1543 2507 1665 2590 impetu

116 2623 154 2667 ne
168 2604 209 2666 sit
225 2603 281 2666 alii
302 2605 457 2686 peccandi
477 2605 602 2668 occasio
622 2624 679 2687 per
698 2605 858 2688 praedicta.
916 2604 1101 2686 passionum
1131 2612 1323 2679 nostrarum,
1349 2622 1412 2668 non
1441 2603 1567 2668 fervore
1592 2624 1665 2670 con·

114 2703 271 2785 Amplius,
298 2702 506 2766 refrenandus
534 2711 582 2766 est
609 2711 732 2785 gustus,
758 2723 798 2768 ne
828 2705 860 2766 in
917 2701 1200 2785 cupiscentiarum,
1217 2719 1276 2764 nec
1295 2703 1432 2784 propriae
1453 2703 1664 2766 animositatis

114 2801 193 2864 cibis
206 2819 245 2863 ac
261 2800 390 2883 potibus
406 2801 602 2883 voluptatem
620 2808 675 2864 aut
691 2802 861 2885 superflui·
917 2801 1069 2882 impulsu,
1093 2819 1152 2863 nec
1176 2800 1273 2862 stulta
1296 2801 1438 2874 andacia,
1462 2820 1521 2864 nec
1545 2803 1663 2864 carnali

114 2906 207 2962 tatem
232 2899 385 2980 requirat,
406 2899 461 2962 sed
483 2899 703 2962 necessitatem
728 2907 858 2964 naturas.
917 2899 1042 2974 timore,
1064 2917 1168 2980 neque
1192 2898 1366 2980 cupiditate
1395 2907 1529 2962 terrena.
1555 2899 1664 2982 Neque

114 2997 162 3060 Sic
182 3004 214 3060 et
233 2996 370 3060 olfactus
391 2998 548 3060 arcendus
568 3005 626 3071 est,
644 3016 684 3059 ne
704 2998 737 3060 in
757 2998 898 3064 odori-C
917 3013 1051 3077 agamur
1071 3014 1126 3058 seu
1150 3013 1335 3058 moveamur
1357 2996 1471 3078 spiritu
1493 2995 1662 3071 diabolico,

115 3095 171 3157 bus
189 3095 361 3157 carnaliter
380 3095 566 3157 delectetur.
583 3094 714 3176 Singula
733 3114 860 3178 quoque
916 3112 981 3177 quo
1004 3093 1181 3176 sepissime
1202 3112 1239 3155 ac
1261 3092 1482 3156 infelicissime
1506 3093 1664 3175 agitantur

115 3193 258 3256 membra
279 3199 353 3255 sunt
373 3193 549 3256 coercenda
566 3192 607 3255 ab
627 3193 751 3256 actibus
771 3196 861 3258 moti·
917 3193 1114 3275 quicumque
1132 3193 1163 3254 in
1184 3191 1371 3256 mortalibus
1389 3192 1498 3274 jacent
1511 3191 1661 3274 peccatis,

114 3291 235 3373 busque
251 3289 384 3365 illicit-is,
401 3291 561 3374 praecipue
581 3291 688 3371 lingua
703 3311 721 3354 a
736 3293 861 3372 garrula
917 3290 1093 3373 pracsertim
1117 3291 1172 3372 qui
1195 3290 1308 3354 vitiosa
1334 3291 1565 3354 consuetudine
1586 3291 1663 3353 deti-

114 3391 314 3472 loquacitate,
330 3388 370 3451 ab
385 3389 473 3452 omni
489 3388 637 3462 falsitate,
653 3389 858 3465 detractione,
915 3397 1042 3463 nentur,
1067 3388 1219 3470 quoniam
1251 3395 1329 3451 teste
1352 3389 1513 3470 Apostolo‚
1540 3389 1661 3471 laqueis
1692 3407 1808 3460 ursan,

114 3498 143 3552 et
162 3488 251 3552 omni
274 3487 372 3550 verbo
392 3487 513 3568 iniquo.
915 3485 1032 3549 diaboli
1050 3486 1184 3549 involuti
1201 3494 1285 3560 sunt,
1301 3493 1396 3569 atque
1411 3487 1449 3550 ad
1465 3486 1660 3550 voluntatem
1676 3471 1711 3514 ²⁶·

150 3588 304 3650 Praeterea
323 3584 511 3648 sensualitas
531 3583 733 3666 subjicienda
750 3593 798 3647 est
813 3604 860 3648 ra·
915 3585 1033 3646 diaboli
1052 3584 1169 3667 captivi
1190 3584 1230 3646 ab
1246 3602 1284 3647 eo
1299 3591 1457 3647 tenentur.
1476 3585 1563 3648 Unde
1578 3585 1661 3648 sicut

113 3685 199 3760 tioni,
226 3693 263 3747 ut
288 3702 351 3746 non
381 3701 567 3746 moveamur
593 3701 651 3744 nec
675 3682 859 3746 afficiamur
915 3701 1012 3766 eques
1032 3683 1119 3745 ducit
1138 3691 1170 3744 ct
1191 3683 1287 3764 agitat
1306 3702 1436 3765 equum,
1454 3683 1497 3746 ita
1515 3682 1660 3747 diabolus

111 3784 193 3846 circa
217 3781 386 3846 sensibilia
409 3789 504 3863 atque
529 3780 678 3854 camalia,
704 3800 740 3843 ea
763 3800 857 3863 appe·
916 3788 1021 3844 movet
1041 3788 1073 3842 et
1094 3781 1190 3860 agitat
1211 3780 1306 3844 illos:
1325 3780 1443 3843 idcireo
1464 3789 1539 3843 sunt
1561 3800 1660 3844 mern-

111 3883 204 3945 tendo
225 3881 276 3944 vel
299 3880 462 3962 fugiendo,
478 3880 613 3943 amando
634 3887 688 3942 aut
709 3880 855 3954 odiendo,
914 3879 981 3952 bra,
1002 3887 1034 3941 et
1058 3879 1142 3942 servi
1167 3879 1293 3961 filiique
1318 3878 1446 3942 diaboli.
1471 3880 1579 3962 ltaque
1604 3880 1659 3962 qui

111 3981 141 4042 in
157 3981 204 4043 eis
219 3979 408 4043 delectando
423 3997 479 4040 seu
496 3985 625 4061 propter
639 3996 676 4040 ea
691 3977 855 4051 tristando,
913 3978 1009 4041 talem
1025 3997 1059 4040 se
1074 3995 1143 4039 esse
1159 3977 1505 4059 cognoscit,poenitere,
1513 3978 1659 4040 confiteri

111 4079 170 4142 nisi
186 4078 366 4142 secundum
385 4085 478 4139 recta
493 4076 624 4140 rationis
637 4075 807 4156 judicium.
820 4076 858 4138 Et
913 4084 945 4140 et
965 4075 1127 4138 emendari
1148 4094 1211 4139 non
1231 4075 1368 4137 differat.

110 4178 307 4259 quicumque
322 4175 382 4238 hoc
398 4174 584 4257 implet,ille
599 4175 747 4248 refrenat,
758 4175 858 4238 vincit
873 4174 898 4236 b
952 4174 1269 4255 Praetereaqnoniam
1284 4174 1375 4254 juxte
1389 4175 1566 4237 doctrinam
1581 4176 1660 4257 Apo

109 4295 145 4338 ac
161 4276 346 4339 moderatur
365 4273 528 4356 passiones
548 4272 662 4336 animae
681 4292 756 4346 sua,
774 4273 858 4335 vide·
913 4273 997 4347 stoli,
1023 4290 1086 4335 non
1112 4272 1294 4354 accepimus
1323 4273 1470 4355 spiritum
1496 4273 1658 4337 servitutis
1685 4291 1804 4344 roman,

111 4374 184 4436 licet
203 4373 298 4446 iram,
315 4371 488 4444 tristitiam,
510 4371 764 4446 delectationem,
785 4389 859 4434 con·
914 4372 1028 4434 iterum
1047 4371 1077 4432 in
1094 4370 1219 4443 timore,
1235 4369 1290 4431 sed
1310 4370 1459 4452 spiritum
1478 4371 1658 4454 adoptionis
1675 4357 1706 4396 '⁵'

110 4471 355 4554 cupiscentiam,
380 4478 467 4533 etc:
493 4469 568 4552 quic
593 4489 651 4532 nec
675 4477 773 4553 optat,
799 4487 858 4532 nec
913 4470 1067 4541 filior'um,
1084 4467 1260 4531 serviamus
1275 4469 1339 4530 [leo
1359 4486 1421 4531 non
1441 4468 1550 4531 servili
1566 4470 1658 4534 timo·

109 4577 203 4643 amat,
221 4587 282 4632 nec
298 4575 412 4642 servat,
430 4586 488 4630 nec
505 4568 537 4630 in
559 4586 652 4630 usum
673 4586 768 4629 suum
787 4586 858 4630 con·
915 4587 959 4640 re,
990 4567 1044 4629 sed
1074 4564 1165 4628 filiali
1195 4573 1226 4629 et
1256 4583 1336 4647 puro
1363 4584 1481 4639 amore,
1511 4567 1661 4631 videlicet

109 4668 203 4730 vertit
219 4667 305 4731 bona
319 4667 485 4740 exteriora,
496 4665 662 4729 sensibilia
675 4673 707 4728 et
721 4673 857 4742 terrena,
915 4666 1015 4746 magis
1038 4665 1155 4727 intuitu
1176 4683 1240 4727 suae
1262 4663 1411 4728 bonitatis
1429 4684 1465 4728 ac
1485 4666 1660 4747 dignitatis,

108 4766 169 4828 nisi
189 4765 370 4828 secundum
390 4764 476 4846 quod
495 4763 556 4826 sibi
576 4763 667 4826 utilia
681 4770 736 4826 aut
750 4782 858 4826 neces·
915 4783 1010 4847 quam
1036 4764 1173 4845 propriae
1197 4763 1343 4825 utilitatis
1372 4771 1467 4845 atque
1492 4767 1659 4829 mercedis.

109 4865 189 4927 saria
205 4863 336 4926 suntad
360 4863 443 4926 bona
462 4861 651 4944 spiritualia,
672 4862 732 4924 hoc
752 4870 800 4923 est
819 4862 858 4923 ad
914 4864 1036 4937 Quanto
1052 4863 1137 4924 enim
1159 4863 1270 4945 purius
1288 4881 1323 4924 ac
1339 4861 1492 4943 integrius
1514 4863 1546 4924 in
1561 4865 1661 4926 Deum

109 4963 242 5042 gratiam
260 4969 292 5024 et
307 4961 452 5034 virtutes,
469 4961 553 5022 etad
570 4959 805 5042 proficiendum
826 4960 859 5023 iu
915 4961 1140 5034 convertimur,
1149 4968 1180 5022 et
1194 4967 1313 5042 quanto
1329 4960 1436 5023 minus
1450 4961 1488 5023 ad
1504 4963 1663 5044 nosipsos

109 5061 165 5134 eis,
186 5068 284 5142 atque
304 5059 343 5122 ad
366 5057 597 5122 beatitudinem
616 5066 777 5122 aternam.
916 5058 1125 5132 reflectimur,
1142 5066 1228 5121 tanto
1250 5059 1455 5141 perfectiores
1471 5041 1598 5141 [leoque
1614 5079 1663 5122 ca-

149 5158 324 5231 Postremo,
351 5156 430 5218 ratio
454 5163 486 5218 et
510 5155 666 5230 voluntas,
691 5176 763 5238 quae
787 5163 861 5219 sunt
916 5157 1014 5219 riores
1038 5157 1233 5230 exsistimus,
1251 5165 1282 5218 et
1302 5175 1358 5241 per
1381 5158 1439 5219 hoc
1461 5157 1662 5221 excellentio-

110 5257 180 5320 duae
197 5273 358 5338 supremae
377 5254 528 5338 potentias
547 5255 672 5328 animae,
688 5254 860 5335 subjicien·
918 5274 968 5317 res
982 5274 1019 5317 ac
1038 5255 1168 5318 ditiores
1184 5255 1300 5318 Christi
1320 5255 1490 5317 coheredes
1510 5256 1663 5318 eternali-
