4140 6258
383 497 530 546 nouimus
551 498 583 544 rr
604 497 677 544 rosr
696 493 890 544 rammam.
911 511 951 524 -
971 493 1146 543 manuario
1166 495 1198 542 m
1218 493 1413 544 urrunnun!
1611 469 1669 540 361

132 671 179 734 bia
192 676 297 732 esseut
311 668 383 732 aliis
397 667 526 732 viliores
543 685 550 730 :
568 667 719 750 quoniam
736 666 803 731 sola
817 685 868 730 su·
883 663 908 728 A
925 664 1154 741 misericordia,
1171 667 1225 730 scd
1248 667 1344 730 etiam
1369 684 1427 750 pro
1449 665 1605 730 industria
1625 670 1671 726 at-

132 767 233 852 perbia
247 768 383 830 destruit
397 767 514 841 omnia,
524 767 551 828 si
566 767 744 829 comitetur.
757 765 869 848 Asper·
924 782 987 845 quc
1000 763 1125 844 justitia
1139 781 1212 844 sua;
1228 764 1379 839 secundo,
1395 763 1471 846 quia
1489 763 1549 826 etsi
1564 762 1671 826 verbis

131 867 208 930 ustio
232 884 360 949 quoquc
385 883 495 928 eorum
521 864 659 928 ostendit
684 864 769 946 quod
793 879 867 926 vere
923 861 1039 942 gratias
1054 863 1128 944 egit,
1141 871 1248 926 mente
1262 871 1369 927 umen
1385 861 1550 936 intumuit,
1561 860 1602 924 ab
1616 861 1671 924 bo-

130 965 199 1048 justi
212 983 276 1028 non
292 971 392 1038 erant,
409 963 485 1047 quia
505 970 541 1026 ut
556 963 600 1026 ait
615 962 795 1044 Gregorius,
811 962 868 1024 Ve-
925 960 1066 1024 minibus
1085 961 1187 1024 videri
1208 962 1341 1044 cupiens
1359 969 1391 1025 ct
1408 961 1541 1034 laudari,
1553 961 1619 1024 imo
1640 967 1672 1023 et

130 1084 160 1126 ra
176 1063 297 1145 justitia
316 1062 412 1126 habet
432 1061 697 1145 compassionem,
713 1059 793 1123 ialsa
813 1060 866 1122 dc·
924 1059 963 1122 dc
984 1078 1041 1122 sua
1062 1059 1235 1142 gratiarum
1257 1060 1381 1124 actione
1403 1060 1539 1123 inaniter
1558 1059 1671 1141 glorie-

130 1161 347 1243 diguationem.
365 1160 544 1223 Talcssunt
563 1159 714 1243 quivena
731 1157 867 1240 singula·
924 1157 1036 1237 betur3
1062 1157 1166 1232 tertio,
1192 1159 1268 1241 quia
1296 1159 1335 1222 de
1361 1157 1453 1221 bonis
1483 1157 1549 1220 suis
1574 1175 1671 1240 super

129 1261 211 1322 ritate
234 1259 392 1332 laetantur,
409 1267 441 1322 et
459 1258 606 1341 quamvis
628 1275 725 1340 opera
746 1255 868 1319 iaciunt
922 1257 1000 1320 alios
1016 1256 1206 1340 insipienter
1221 1275 1254 1320 se
1269 1257 1403 1336 extulit3
1420 1263 1543 1339 quarto,
1560 1255 1671 1338 quoni-

129 1357 203 1420 bcna
217 1375 257 1420 ex
276 1375 402 1438 genere,
419 1373 483 1419 non
503 1363 609 1419 tamen
630 1355 663 1417 in
679 1372 755 1418 vero
774 1353 866 1437 spiri·
921 1373 973 1416 am
998 1355 1077 1418 alios
1103 1355 1270 1419 temerarie
1292 1355 1448 1436 judicavit
1472 1373 1508 1417 ao
1538 1354 1669 1436 sprevit,

127 1455 214 1518 tualis
235 1473 293 1518 scu
315 1455 464 1518 virtuosae
486 1455 558 1518 vitae
583 1454 801 1527 fundamento,
819 1460 866 1515 ut·
921 1453 1102 1535 specialiter
1117 1453 1432 1536 publicanumoujus
1447 1451 1595 1515 interiora
1609 1469 1669 1514 non

127 1561 193 1636 pote
207 1553 400 1627 bumilitate,
417 1571 451 1616 se
467 1552 583 1634 figunt,
600 1552 655 1615 scd
672 1551 786 1614 ceteris
802 1569 866 1614 mc·
921 1551 1009 1614 vidit.
1028 1551 1189 1626 Praeterea,
1207 1571 1306 1635 quum
1332 1551 1364 1613 in
1386 1550 1566 1614 Proverbiis
1587 1549 1669 1612 diea-

127 1651 213 1714 liores
232 1651 369 1734 cupiunt
389 1651 540 1734 reputari.
559 1651 601 1713 lie
617 1649 735 1732 quibus
756 1649 788 1711 in
809 1668 867 1712 sua
920 1656 982 1722 tur,
998 1651 1106 1712 iustus
1128 1649 1159 1712 in
1181 1649 1341 1732 principio
1360 1655 1525 1712 accusator
1543 1655 1592 1710 est
1606 1647 1667 1722 sui,
1770 1694 1776 1707 .

26 1771 73 1814 rua
86 1773 113 1814 o.
127 1749 276 1814 canonica
291 1749 408 1812 latetur
421 1749 516 1812 ludas
531 1749 692 1832 apostolus
710 1766 717 1810 :
734 1749 771 1810 lli
791 1756 866 1810 sunt
920 1747 1093 1811 Pharisaeus
1123 1748 1182 1810 iste
1212 1748 1390 1810 inordinate
1418 1764 1550 1810 exorsus
1578 1754 1627 1808 est
1650 1739 1739 1808 am·
1775 1757 1781 1770 ’

126 1847 176 1930 qui
190 1856 355 1930 segregant
375 1847 575 1931 semetipsos,
592 1847 756 1920 animales,
773 1846 864 1929 spiri·
881 1847 904 1910 B
920 1846 1049 1929 propria
1077 1846 1181 1908 laude.
1209 1847 1324 1910 Rectus
1353 1863 1427 1927 ergo
1455 1845 1566 1908 orandi
1590 1845 1668 1908 ordo

124 1955 187 2008 tum
205 1963 267 2009 non
292 1945 454 2009 babentes.
472 1947 683 2016 Parabolam,
700 1945 731 2007 id
755 1953 803 2007 est
826 1945 866 2006 si·
920 1953 975 2017 est,
984 1945 1088 2028 primo
1103 1963 1136 2008 se
1153 1945 1258 2028 ipsum
1273 1963 1432 2017 accusare,
1440 1943 1554 2007 deinde
1569 1943 1667 2006 Deum

125 2044 345 2120 militudinem,
372 2047 479 2106 istam.
507 2044 544 2107 Et
573 2043 686 2106 crebro
710 2044 865 2124 contingit
919 2043 1108 2126 suppliciter
1124 2044 1283 2119 invocare,
1299 2050 1395 2126 atquc
1417 2043 1448 2105 in
1465 2041 1531 2105 line
1551 2042 1667 2123 gratias

124 2143 235 2224 aliquid
258 2143 330 2205 talc.
918 2159 1011 2222 agere
1037 2142 1100 2204 lieo
1127 2159 1134 2204 ε
1161 2143 1245 2205 sicut
1273 2142 1420 2205 sacerdos
1450 2140 1668 2204 celebraturus

158 2245 226 2302 naa
241 2243 388 2302 homines
402 2243 615 2302 ascendebant
630 2243 666 2300 in
683 2245 837 2318 templum
853 2262 865 2300 .·
919 2239 1084 2322 praemittit
1109 2240 1280 2314 Confiteor,
1306 2247 1417 2324 postea
1440 2246 1519 2312 orat,
1545 2245 1577 2300 et
1600 2246 1666 2301 tan·

124 2339 199 2420 quod
223 2338 287 2401 luit
311 2338 343 2401 in
364 2339 551 2414 Jerusalem,
567 2347 599 2402 et
623 2339 720 2402 situm
745 2337 807 2401 iuit
831 2338 863 2402 in
919 2338 990 2400 dem
1013 2339 1045 2401 in
1067 2339 1239 2420 gratiarum
1262 2339 1387 2402 actione
1409 2345 1618 2402 consummat.

122 2437 179 2500 alto
193 2438 273 2512 loco,
284 2445 360 2521 puta
376 2437 408 2499 in
426 2445 532 2500 monte
548 2437 634 2511 Sion,
646 2437 718 2500 ideo
732 2438 796 2500 duo
812 2437 863 2500 isti
970 2439 1060 2498 Velut
1075 2439 1174 2496 etiam
1192 2439 1244 2496 dia
1254 2438 1463 2513 publicanas.
1481 2435 1667 2518 Despective

122 2535 262 2597 intrando
278 2536 435 2618 templum
450 2534 632 2598 ascendisse
648 2535 813 2614 dicuntur3
827 2545 863 2595 at
918 2535 979 2598 boc
1003 2536 1047 2598 ait
1072 2543 1104 2598 et
1128 2536 1295 2598 temerarie
1322 2535 1454 2619 judicat.
1480 2535 1556 2610 Quis
1580 2535 1666 2597 enim
1681 2546 1813 2598 reveno.

120 2644 256 2695 orarent.
278 2637 368 2696 Unus
389 2635 589 2696 Pharisaeus.
608 2633 754 2696 Pharisaei
774 2641 865 2695 erant
918 2633 979 2696 scit
1000 2634 1078 2716 quid
1100 2643 1211 2716 agatur
1234 2635 1265 2697 in
1288 2634 1429 2709 bomine,
1446 2633 1508 2696 nisi
1534 2633 1666 2716 spiritus

121 2731 251 2811 religiosi
276 2732 468 2805 iudaeorum,
494 2731 577 2794 sicut
605 2749 691 2793 nunc
717 2731 862 2794 monachi
918 2731 1083 2794 hominist
1106 2733 1179 2795 ldeo
1203 2733 1281 2795 dicit
1304 2732 1474 2815 Apostolus
1495 2749 1502 2792 :
1523 2732 1569 2794 Tu
1593 2731 1665 2813 quis
1680 2742 1812 2794 dom-nv..

120 2829 381 2910 Christianorum
398 2837 552 2912 erantque
564 2829 711 2892 Pharisaei
728 2829 759 2891 in
776 2829 864 2892 habi·
918 2849 962 2902 es,
980 2830 1036 2912 qui
1054 2829 1179 2911 judicas
1198 2830 1338 2892 alienum
1359 2834 1511 2892 servuml
1527 2829 1590 2892 Suo
1611 2829 1664 2892 do-

119 2935 149 2988 lu
169 2935 199 2989 et
218 2925 432 2991 observantiis
455 2927 565 2990 multis
588 2927 628 2989 ab
652 2927 724 2990 aliis
747 2927 863 2990 iudaeis
918 2928 1006 2990 mino
1021 2934 1083 2989 stat
1103 2935 1157 2990 aut
1177 2926 1269 2989 cadit.
1287 2927 1374 2989 Unde
1393 2927 1538 2990 absolute
1553 2935 1584 2988 et
1600 2945 1665 2988 eer-

118 3024 327 3100 distincti,sed
343 3033 487 3107 tempore
503 3025 619 3087 Christi
635 3023 765 3088 luerunt
780 3023 899 3088 com-G
918 3026 1128 3088 titudinaliter
1142 3025 1283 3107 aliquem
1298 3044 1367 3087 esse
1383 3025 1416 3086 in
1435 3033 1565 3107 peccato
1582 3042 1663 3087 mor-

119 3125 250 3186 muniter
276 3122 449 3196 ambitiosi,
466 3123 575 3206 cupidi
594 3131 689 3206 atque
716 3123 862 3207 hypocri-
916 3123 971 3186 tali
986 3124 1131 3204 judicare
1145 3141 1208 3186 non
1225 3141 1405 3206 possumus,
1422 3123 1484 3185 nisi
1498 3123 1664 3186 videamus

116 3231 152 3284 te
172 3239 178 3284 :
200 3241 275 3285 nam
299 3229 386 3283 secta
409 3237 520 3283 eornm
546 3219 650 3284 fueret
674 3221 860 3285 deformata.
916 3230 971 3286 aut
985 3231 1071 3285 certe
1091 3241 1259 3286 noscamus
1279 3240 1351 3284 eum
1372 3241 1441 3284 esse
1457 3222 1490 3283 in
1505 3229 1577 3284 actu
1594 3241 1664 3304 peo-

116 3323 155 3381 Et
169 3323 253 3380 aiter
265 3321 472 3396 publicanus.
485 3318 649 3382 Publicani
667 3319 863 3384 vocabantur
917 3321 978 3384 cati
999 3321 1152 3396 mortalis,
1168 3327 1223 3382 aut
1244 3320 1345 3383 debiti
1366 3328 1456 3383 actus
1477 3312 1661 3385 omissione.

116 3419 193 3500 apud
207 3419 406 3501 Judaeos,qui
421 3418 587 3500 vectigalia
603 3437 659 3481 seu
674 3418 793 3480 tributa
808 3428 862 3482 aut
916 3419 984 3482 Non
1003 3437 1079 3500 ergo
1099 3419 1191 3481 lacile
1210 3419 1290 3482 alios
1308 3419 1489 3500 judicemus
1512 3439 1570 3483 nec
1592 3439 1664 3484 oon·

116 3515 233 3579 telonea
247 3515 419 3597 erigebant
433 3522 488 3578 aut
502 3515 734 3590 conducebant,
746 3525 801 3578 aut
814 3517 861 3579 lu·
916 3524 1107 3592 temnamus,
1124 3535 1224 3598 quum
1246 3517 1335 3580 omni
1355 3517 1479 3600 possint
1501 3527 1663 3583 momento

115 3614 418 3697 orosisquibusdam
435 3615 548 3677 intenti
565 3615 862 3695 erantnegotiisllt
916 3615 1001 3696 tangi
1028 3634 1047 3678 c
1074 3615 1138 3678 lieo
1167 3621 1199 3677 et
1227 3615 1392 3697 poenitere.
1423 3616 1577 3699 lienique,
1603 3618 1662 3680 etsi

115 3713 260 3792 quoniam
280 3711 357 3774 talia
378 3729 448 3775 raro
468 3711 553 3774 siunt
574 3711 695 3794 absque
719 3722 859 3796 peccato,
914 3730 1159 3795 agnosceremus
1193 3713 1303 3795 quales
1335 3732 1421 3776 nunc
1451 3714 1525 3789 sint,
1555 3723 1662 3778 tamen

114 3810 272 3890 publicani
288 3809 519 3894 reputabantur
533 3810 652 3893 publici
670 3819 859 3894 peccatores.
915 3813 1026 3894 quales
1049 3811 1148 3874 loturi
1171 3812 1236 3874 sint
1257 3819 1313 3874 aut
1334 3813 1365 3873 in
1389 3812 1443 3875 nei
1463 3813 1664 3895 providentie

148 3910 342 3970 Phariaene
365 3917 456 3968 stans
480 3916 516 3970 ut
539 3908 702 3970 videretur
725 3909 765 3971 ab
788 3909 860 3972 aliis
915 3919 1050 3986 exstent,
1073 3911 1201 3994 penitus
1226 3911 1419 3992 ignoramus.
1441 3913 1561 3995 ltaque,
1581 3913 1664 3976 sicut

111 4023 211 4078 orans,
228 4024 330 4088 quum
348 4005 448 4086 magis
463 4005 627 4068 debuisset
642 4025 675 4068 se
695 4006 726 4068 in
742 4014 859 4070 terram
915 4009 953 4071 de
976 4008 1046 4071 aliis
1069 4028 1197 4091 sperare
1219 4009 1374 4072 debemus
1396 4012 1481 4093 quod
1504 4013 1664 4095 predesti-

111 4111 310 4184 prosternere
325 4112 380 4166 aut
394 4123 499 4186 genua
513 4103 698 4180 flectere,ad
715 4125 860 4168 reveren·
915 4107 981 4169 nati
1002 4107 1165 4182 exsistant,
1183 4108 1226 4170 ita
1246 4109 1285 4171 de
1305 4127 1338 4170 se
1359 4109 1429 4192 ipso
1448 4109 1585 4192 quilibet
1600 4129 1663 4172 me·

110 4201 183 4263 liam
205 4201 383 4283 maiestatis
405 4202 533 4274 divinae,
548 4205 615 4263 doec
631 4207 721 4280 apud
735 4223 767 4264 se
786 4225 859 4264 ora·
874 4209 899 4272 D
914 4213 1003 4270 tuere
1026 4206 1119 4269 debet
1141 4225 1181 4268 ne
1206 4207 1287 4270 lorte
1311 4209 1488 4290 praescitus,
1503 4208 1544 4271 sit
1566 4216 1661 4291 atque

110 4301 172 4370 bat,
195 4300 396 4364 simulatorie
421 4301 521 4382 magis
544 4320 640 4383 quam
664 4321 740 4366 vere
757 4321 764 4365 :
781 4321 857 4386 quo·
914 4303 1055 4368 finaliter
1075 4304 1345 4368 condemnandus.

110 4397 192 4460 niam
212 4400 317 4462 oratio
336 4406 384 4461 est
403 4399 539 4462 elevatio
560 4401 676 4463 mentis
695 4402 734 4463 ad
758 4403 857 4466 Deum
952 4407 1071 4482 Jejuno
1092 4405 1140 4464 bis
1160 4406 1195 4463 in
1215 4406 1355 4474 sabbata,
1371 4404 1402 4466 id
1425 4414 1473 4468 est
1492 4406 1524 4468 in
1545 4406 1661 4470 bebdo-

109 4494 219 4559 devota
234 4516 311 4559 cum
329 4497 519 4580 impetrandi
535 4495 664 4560 ellectu.
676 4503 775 4570 Deus,
784 4521 859 4578 qra-
913 4504 1015 4576 mada,
1033 4521 1128 4584 quam
1149 4501 1248 4564 ludaei
1269 4502 1436 4566 sabbatum
1457 4505 1661 4588 appellabant

109 4596 170 4653 tias
189 4615 251 4672 apo
274 4597 347 4666 tibi,
363 4599 442 4676 qaia
466 4616 532 4658 aon
555 4617 625 4658 sam
651 4599 735 4658 sicat
758 4603 859 4660 ceteri
911 4601 1165 4683 aprincipaliori
1181 4601 1233 4664 die
1248 4601 1465 4680 hebdomade,
1482 4605 1575 4686 cujus
1589 4605 1659 4668 sab-

106 4693 289 4764 iominum,
307 4704 466 4772 raptores,
482 4697 613 4774 injusti,
629 4699 785 4757 adulteri.
803 4699 856 4760 lli·
912 4699 1021 4762 batum
1045 4717 1161 4762 nomen
1185 4699 1254 4762 luit.
1272 4701 1345 4764 'lale
1363 4710 1412 4765 est
1431 4703 1592 4784 jejunium
1615 4707 1660 4786 jc-

107 4809 174 4852 rum
200 4791 332 4854 videtur
357 4811 414 4854 our
444 4793 503 4856 iste
533 4793 707 4856 Pharisaeus
733 4795 857 4859 dicatur
909 4798 1093 4879 junantium
1110 4805 1220 4860 ventre
1235 4818 1253 4862 a
1267 4799 1359 4874 cibis,
1376 4819 1439 4864 non
1460 4811 1566 4866 mente
1580 4823 1599 4866 a
1614 4804 1659 4866 vi-

106 4886 203 4952 luisse
224 4889 398 4972 superbus‚
416 4892 471 4973 qui
493 4910 590 4974 opera
612 4911 669 4955 sua
691 4891 773 4956 bone
793 4895 856 4959 lieo
911 4897 970 4959 tiis.
979 4897 1093 4959 Contra
1108 4914 1187 4979 quos
1204 4897 1344 4980 loquitur
1359 4901 1441 4963 licus
1457 4920 1515 4983 per
1528 4903 1656 4965 lsaiam:

105 4988 285 5071 adscripsit.
304 4989 364 5052 Sed
384 4989 556 5072 multiplici
576 4989 713 5053 inlectus
728 4990 855 5056 iuitsu-
909 4995 1072 5077 Numquid
1097 4995 1160 5058 tale
1184 5003 1232 5058 est
1254 4997 1414 5078 jejunium
1442 5002 1527 5083 qnod
1553 5001 1657 5082 elegii
1684 5022 1804 5074 laamas.

106 5086 215 5166 perbis
226 5105 234 5148 :
247 5087 365 5169 primo,
382 5088 535 5170 qnoniam
551 5089 609 5151 etsi
625 5107 719 5152 omne
735 5089 854 5154 bonurn
908 5095 1058 5154 Decimae
1079 5096 1120 5153 do
1141 5096 1285 5155 omnium
1308 5116 1380 5175 quoe
1394 5101 1551 5174 possideo.
1567 5099 1655 5173 Quod

107 5193 235 5246 noverat
250 5203 323 5247 esse
337 5204 355 5247 a
371 5187 445 5259 lieo,
464 5185 546 5248 bone
564 5193 668 5248 tamen
689 5206 746 5250 sua
760 5189 856 5252 sibia
909 5209 1060 5272 magnum
1086 5209 1149 5254 non
1176 5190 1248 5266 snit,
1274 5194 1424 5276 quoniam
1449 5196 1557 5259 omnia
1585 5216 1655 5279 quae

106 5281 167 5344 lico
189 5283 308 5346 collata
326 5285 460 5366 putavit,
478 5302 541 5349 non
562 5285 665 5348 solum
687 5305 725 5348 ex
745 5287 854 5351 divina
909 5289 1075 5364 babemus,
1097 5309 1115 5352 a
1137 5291 1200 5354 lieo
1220 5293 1413 5374 accepimus.
