4140 6258
320 541 467 590 achatius
488 543 509 588 Χ
529 543 603 590 rost
622 541 818 590 rutatum.
839 560 880 572 -
900 543 942 588 ΑΒ
963 543 1158 608 hallolosos;
1181 545 1280 594 sttttlto
1301 547 1413 595 SEXTUS

1580 531 1641 594 355

103 714 225 798 perdant
240 731 274 776 se
290 711 394 796 ipsos3
410 714 601 797 quandoque
616 730 693 777 vero
710 719 840 795 peccata
855 712 879 775 Α
894 713 933 776 ad
954 731 1018 788 cor,
1035 715 1254 779 examinemus
1274 717 1416 799 quotidie
1432 715 1642 780 conscientias

103 813 136 876 ad
149 811 480 875 commemorationem
501 812 547 874 eis
563 811 731 886 reducunt,
747 811 841 874 vehe-

102 918 214 974 menter
229 918 429 992 exaggerant,
447 929 544 992 quam
564 910 663 972 multa
679 917 711 972 et
726 929 840 990 magua

103 1010 157 1073 sint
170 1008 384 1084 manifestent,
402 1016 437 1071 ut
457 1009 590 1072 miseros
610 1009 649 1071 ad
669 1009 840 1092 desperati·

102 1109 162 1172 onis
176 1107 360 1189 pertrahant
375 1107 559 1170 barathrum
567 1125 576 1188 ;
588 1107 749 1170 interdum
764 1125 839 1171 vero

102 1205 260 1268 inutilibus
282 1205 557 1288 phantasmatibus
577 1213 735 1288 occupant
753 1225 840 1268 men·

102 1313 168 1380 tem,
190 1321 229 1365 ne
253 1303 447 1386 pertinentia
471 1304 510 1366 ad
536 1304 670 1366 salntem
695 1303 839 1367 intuean-

103 1411 155 1466 tur.
187 1403 331 1485 lnsuper,
361 1402 502 1464 animam
537 1402 575 1465 de
609 1420 740 1485 corpore
772 1402 838 1483 jam

101 1520 249 1584 egressam
280 1500 490 1576 circumdant,
516 1509 705 1584 perterrent,
729 1509 761 1564 et
787 1519 837 1564 co-

100 1619 158 1662 ram
173 1599 324 1662 tribunali
345 1599 463 1662 summi
480 1599 660 1663 consistorii
679 1598 839 1662 horribili·

99 1707 141 1762 ter
162 1699 341 1780 angustiare
366 1705 531 1772 conantur,
558 1716 628 1760 eam
655 1697 840 1780 multiplici·

99 1806 149 1871 ter,
162 1797 346 1879 procaciter,
358 1797 507 1859 atrociter
520 1796 710 1870 accusando,
723 1796 837 1858 deinde

895 820 1029 888 nostras,
1046 821 1077 876 et
1092 821 1232 878 nostram
1248 815 1487 878 consideremus
1505 815 1641 878 vocatio

894 929 981 984 nem,
997 911 1201 994 deploremus
1221 921 1362 997 peccata,
1380 915 1500 977 recenti
1514 914 1642 977 assidue

895 1007 1136 1073 inflammemur
1154 1011 1346 1093 proficiendi
1365 1011 1496 1087 affectu,
1512 1030 1641 1076 omnem

895 1106 1054 1170 carnalem
1079 1127 1191 1191 pacem
1221 1109 1460 1184 abhorreamus,
1487 1129 1546 1174 nec
1569 1128 1642 1173 con·

895 1205 1062 1268 cordemus
1077 1205 1110 1269 in
1126 1207 1225 1283 vitiis,
1243 1207 1276 1270 in
1292 1207 1442 1291 practicis
1458 1208 1572 1272 malisl

935 1302 1233 1388 Quantumcumque
1253 1306 1346 1369 nobis
1366 1306 1406 1368 de
1426 1306 1498 1369 cibo
1518 1313 1549 1368 et
1564 1314 1640 1389 potu

896 1400 1104 1476 ministretur,
1121 1402 1226 1466 sobrie
1240 1411 1347 1466 tamen
1367 1411 1399 1466 et
1413 1404 1559 1468 timorate
1574 1412 1642 1467 uta-

895 1517 968 1560 mur
982 1499 1114 1564 eisdem.
1128 1501 1167 1562 Et
1181 1501 1208 1563 si
1224 1502 1363 1584 pretiosa
1376 1521 1414 1565 ac
1428 1502 1563 1566 delicata
1577 1503 1642 1566 sint

894 1597 1045 1661 alimenta
1059 1617 1096 1660 ac
1116 1599 1241 1682 pocula,
1259 1619 1461 1684 nequaquam
1483 1609 1590 1665 tamen
1607 1601 1642 1664 li·

894 1695 1051 1772 bidinose,
1081 1699 1136 1761 sed
1165 1705 1340 1782 temperate
1368 1719 1405 1763 ea
1433 1700 1639 1783 accipiamus,

894 1813 953 1856 nec
973 1795 1181 1877 voluptatem,
1197 1799 1252 1860 sed
1273 1799 1485 1861 necessariam
1505 1817 1541 1861 ac
1560 1799 1642 1861 salu-

98 1915 158 1959 eam
173 1895 349 1958 secundum
365 1913 423 1958 sua
436 1895 591 1958 demerita
605 1895 638 1957 in
654 1894 837 1977 purgatorio
852 1893 875 1955 B
895 1892 985 1954 brem
1001 1892 1206 1958 refectionem
1223 1895 1435 1971 intendamus,
1448 1915 1639 1978 quaeramus,

97 1994 165 2076 (nisi
181 1994 368 2075 evolaverit)
386 2000 441 2057 aut
461 1994 586 2056 inferno
607 1992 762 2056 acerrime
781 2012 837 2076 pu·

98 2093 213 2156 niendc.

133 2193 173 2254 lle
187 2191 246 2254 hac
262 2210 297 2254 ro
311 2191 356 2253 ait
371 2190 528 2254 Eusebius
546 2207 553 2253 :
569 2190 777 2265 Quotidianus
796 2191 838 2253 sit

98 2291 175 2353 illius
203 2290 340 2373 periculi
364 2295 481 2364 metus,
508 2289 600 2371 cujus
625 2289 767 2352 nescitur
791 2289 846 2354 in-a

97 2407 211 2451 cursus.
224 2389 325 2462 Quam
342 2389 430 2451 tarde
447 2388 596 2451 miseram
611 2387 752 2451 animam
768 2406 838 2452 suo

97 2507 161 2550 rum
182 2485 351 2570 poenitehit
378 2486 545 2560 malorum,
562 2505 663 2569 quum
685 2505 718 2548 se
741 2505 758 2548 a
780 2503 838 2549 suo

97 2603 218 2668 corpore
234 2585 351 2648 viderit
370 2585 520 2668 separari,
537 2585 614 2646 dum
635 2584 698 2647 sibi
718 2585 750 2646 in
770 2583 836 2646 fine

95 2683 248 2747 claudenti
271 2682 380 2747 oculos
401 2683 581 2765 nigrescere
602 2690 634 2745 et
653 2684 836 2745 horrescere

95 2799 151 2844 ner
176 2781 320 2865 coeperit,
343 2801 444 2864 quum
469 2781 602 2864 coeperit
627 2782 783 2844 immanes
806 2789 839 2843 et

95 2881 197 2944 inanes
213 2899 361 2964 superse
380 2880 455 2943 dare
475 2879 633 2962 planctus,
649 2898 686 2941 ac
706 2878 811 2942 dicere
828 2895 835 2941 :

95 2978 148 3041 l'bi
168 2988 242 3042 snut
265 2978 482 3042 animositates
502 2985 534 3041 et
553 2977 744 3060 cupiditates
764 2985 837 3052 tua,

893 2000 1096 2074 acceptemus
1113 1993 1146 2056 in
1162 1995 1224 2074 eis;
1240 1995 1483 2059 delectationem
1499 2014 1574 2059 vero
1590 2016 1642 2059 na-

893 2090 1027 2154 turalem
1057 2110 1127 2173 quae
1156 2093 1292 2155 sentitur
1320 2093 1353 2156 in
1384 2094 1441 2170 eis,
1472 2095 1511 2157 ad
1539 2093 1641 2157 finem

893 2187 1037 2252 debitum
1059 2188 1246 2266 referamus,
1263 2199 1295 2254 et
1316 2200 1472 2274 quantum
1496 2193 1529 2254 in
1548 2192 1641 2255 nobis

893 2294 951 2361 ost,
959 2288 1096 2351 tenuiori
1112 2307 1148 2350 ac
1163 2289 1269 2352 viliori
1285 2289 1393 2353 edulio
1408 2290 1498 2354 refici
1514 2290 1642 2352 affecto-

894 2404 965 2448 mus
989 2405 1026 2449 ac
1051 2387 1191 2450 contenti
1222 2388 1333 2450 simus.
1359 2389 1532 2464 Postrema,
1555 2395 1643 2451 tanto

893 2483 1031 2566 amplius
1056 2503 1114 2548 nos
1144 2484 1231 2568 ipsos
1257 2487 1290 2548 in
1314 2485 1465 2550 omnihus
1494 2487 1643 2550 humilie-

895 2602 975 2658 mus,
983 2591 1102 2664 quanto
1115 2603 1133 2646 a
1148 2591 1270 2667 patrum
1286 2592 1467 2648 nostrorum
1482 2584 1644 2648 abstinen-

894 2680 949 2756 tia,
976 2680 1122 2764 profectu
1153 2689 1185 2744 et
1213 2681 1409 2764 perfectione
1438 2699 1496 2745 nos
1525 2683 1642 2746 distare

894 2779 1121 2862 conspicimus.
1141 2780 1177 2841 lu
1201 2779 1326 2842 cunctis
1350 2781 1466 2843 nostris
1491 2781 1643 2864 operibus
1669 2804 1788 2858 nactam

894 2877 1086 2940 meditemur
1101 2877 1276 2940 novissima
1291 2887 1415 2958 nostra3
1427 2886 1459 2942 et
1473 2886 1519 2942 tot
1534 2881 1643 2942 crude·
1655 2870 1689 2911 ⁴⁰·

893 2975 1036 3050 lissimis,
1053 2974 1247 3050 fortissimis,
1265 2975 1481 3040 callidissimis
1496 2977 1642 3041 hostibus

94 3076 206 3157 quibus
220 3077 389 3159 hucusque
406 3075 609 3159 impatienter
623 3075 747 3138 arsistil
758 3075 839 3138 llcce
854 3079 875 3143 G
893 3073 1136 3148 circumvallati,
1153 3092 1317 3156 nunquam
1337 3075 1425 3138 inani
1445 3076 1643 3140 resolvamur

10 3201 80 3252 aar.
95 3177 286 3239 transierunt
300 3177 406 3239 omnia
422 3175 476 3239 illa
491 3183 527 3238 ut
547 3175 675 3256 umbra;
691 3175 839 3238 abierunt

92 3274 332 3350 oblectamenta,
349 3283 381 3337 et
395 3275 461 3338 sola
477 3273 509 3336 in
525 3281 717 3357 perpetuum
733 3273 839 3337 crimi-

91 3391 138 3448 na,
166 3371 340 3456 opprobria
369 3380 464 3454 atque
493 3371 652 3454 supplicia
680 3390 838 3434 remanse-

91 3472 259 3534 runtllinc
273 3471 318 3533 ait
332 3479 364 3534 et
378 3470 538 3534 Glimacus
548 3486 555 3532 :
565 3469 634 3533 Non
649 3469 709 3532 tihi
725 3471 837 3533 securi·

90 3575 181 3632 tatem
197 3570 368 3653 promittas
386 3586 554 3652 quousque
569 3567 665 3631 fuerit
680 3569 838 3632 sententia

88 3677 227 3750 superte
243 3669 378 3753 prolata.
396 3668 434 3730 Et
453 3667 552 3731 abbas
571 3667 655 3729 Elias
673 3685 680 3729 :
698 3667 773 3748 Ego,
791 3668 837 3730 in-

88 3766 163 3846 quit,
189 3775 256 3830 tres
282 3784 333 3829 res
356 3766 455 3829 timeo
481 3783 487 3826 :
515 3783 623 3839 unam,
650 3767 777 3847 quando
798 3766 837 3828 de

87 3881 215 3947 corpore
231 3863 418 3946 emigrab03
434 3864 541 3938 aliam,
557 3864 685 3946 quando
701 3883 837 3946 praesen-

86 3963 173 4028 tabor
187 3964 347 4027 tribunali
362 3963 490 4042 divino;
507 3963 644 4037 tertiam,
656 3964 784 4044 quando
798 3963 837 4026 de

86 4081 134 4124 me
150 4063 336 4145 proferetur
355 4061 521 4124 sententia.
539 4059 599 4124 Sed
620 4069 651 4124 et
671 4060 769 4124 abbas
783 4062 838 4125 Ar-

84 4161 189 4224 senius
205 4169 239 4225 et
254 4161 356 4224 abbas
367 4159 510 4241 Agathou
526 4159 621 4222 etiam
639 4161 670 4222 in
686 4162 837 4224 extremis

894 3173 1011 3248 laetitia,
1025 3191 1189 3255 nunquam
1205 3175 1375 3236 securitate
1390 3174 1565 3239 damnabili
1580 3183 1642 3239 tor-

894 3289 1038 3354 peamus,
1054 3289 1220 3353 nunqnam
1241 3271 1273 3334 in
1294 3271 1442 3336 inchoato
1461 3273 1572 3336 salutis
1593 3273 1642 3337 iti·

894 3389 970 3433 nere
994 3369 1176 3450 fatigemur,
1203 3369 1258 3432 sed
1283 3388 1356 3434 cum
1380 3371 1495 3435 timore
1521 3379 1553 3436 et
1579 3379 1786 3456 tre-parram..

894 3486 993 3543 more,
1019 3467 1205 3530 cumomni
1229 3467 1395 3549 diligentia
1417 3488 1454 3532 ac
1484 3471 1641 3553 sapientia
1656 3463 1689 3506 ¹²·

893 3577 1032 3632 nostram
1048 3585 1219 3650 operemur
1232 3567 1377 3630 salutem.
1387 3568 1452 3631 Nec
1466 3569 1573 3652 aliqua
1587 3572 1640 3633 de·

891 3667 1030 3750 jectione
1051 3665 1210 3748 patiamur
1232 3683 1289 3728 nos
1311 3665 1350 3728 ab
1373 3667 1563 3730 adversariis
1584 3687 1640 3732 no·

892 3773 964 3828 strae
979 3764 1091 3827 salutis
1106 3763 1203 3839 vinci,
1220 3763 1316 3844 dejici
1332 3770 1363 3826 et
1383 3765 1416 3826 in
1435 3772 1552 3828 terram
1568 3785 1639 3848 pro·

892 3863 1040 3938 sterni,id
1056 3862 1157 3925 estad
1173 3881 1253 3926 vana
1268 3870 1300 3923 et
1314 3863 1452 3925 carnalia
1467 3862 1571 3943 affici;
1584 3864 1639 3927 sed

892 3965 993 4026 Deum
1018 3981 1145 4044 semper
1167 3961 1199 4024 in
1221 3961 1416 4043 adjutorium
1442 3962 1637 4039 invocantes,

891 4061 979 4126 omni
999 4061 1050 4123 die
1071 4060 1170 4142 magis
1190 4077 1226 4122 ac
1247 4060 1347 4142 magis
1366 4060 1584 4124 confortemur
1602 4081 1638 4126 ac

892 4159 1120 4243 prevaleamus
1148 4159 1300 4221 adversus
1329 4177 1394 4232 eos,
1420 4167 1576 4241 quatenus
1604 4161 1638 4224 in

83 4260 172 4322 valde
195 4259 390 4324 formidasse
409 4259 568 4339 leguntur.
586 4257 618 4320 Si
638 4275 713 4339 ergo
732 4259 836 4322 Patres
851 4262 876 4325 l)
892 4258 958 4321 fiae
979 4259 1051 4321 vitae
1070 4275 1124 4320 eos
1144 4256 1297 4319 facillime
1318 4257 1350 4319 in
1370 4257 1426 4320 bei
1446 4259 1566 4321 auxilio
1586 4278 1637 4322 su-

81 4355 125 4419 illi
141 4357 356 4432 sanctissimi,
374 4357 430 4440 qui
446 4357 479 4418 in
496 4361 582 4418 tanta
597 4355 791 4419 abstinentia
805 4364 837 4420 et

80 4463 163 4521 tanta
178 4457 434 4541 perfectione,in
451 4465 537 4520 tanto
552 4455 676 4520 fervore
692 4457 756 4520 lleo
770 4465 834 4521 tam

79 4557 266 4620 diutissime
282 4556 472 4630 servierunt,
489 4555 536 4618 sic
554 4555 740 4630 timuerunt,
758 4556 835 4637 quid

80 4673 136 4718 nos
156 4656 298 4720 miseros
316 4662 347 4718 et
370 4654 531 4729 remissos,
548 4653 690 4716 carnales
705 4671 741 4716 ac
756 4653 836 4716 desi·

79 4753 144 4830 des,
161 4773 302 4818 necesse
324 4760 372 4816 est
395 4752 509 4826 facere,
531 4751 594 4815 nisi
614 4760 649 4814 ut
669 4752 835 4816 redeamus

892 4375 1051 4440 paremus,
1071 4373 1175 4438 neque
1199 4361 1271 4436 post
1295 4355 1377 4417 hanc
1400 4356 1499 4418 vitam
1525 4373 1637 4422 eorum

891 4455 1093 4519 irrisionibus
1108 4461 1203 4537 atque
1219 4453 1440 4536 punitionibus
1459 4463 1636 4537 pateamus,

891 4556 945 4619 sed
970 4573 988 4618 a
1010 4554 1120 4618 Iudice
1145 4570 1271 4616 summo
1301 4552 1518 4617 favorabiliter
1540 4555 1638 4619 susci-

890 4655 1017 4738 piamur
1031 4672 1068 4716 ac
1083 4651 1229 4735 protinus
1244 4653 1496 4716 coronemur.Ad
1512 4654 1638 4718 laudem

891 4761 921 4814 et
941 4752 1075 4833 gloriam
1096 4751 1178 4833 ejus,
1201 4758 1261 4813 etc.
