4206 6258
482 527 629 576 norimrca
650 528 724 575 xxrv
744 527 818 576 rosr
838 527 1031 576 mmrrarnu.
1052 548 1092 560 -
1113 531 1211 580 snauo
1232 533 1341 581 ramus
1626 520 1686 584 627

133 699 218 762 santi
233 706 265 762 et
279 697 417 782 gratioso
430 699 596 780 juvamine
611 698 749 781 Spiritus
764 698 880 762 Sancti.
898 698 924 763 A
940 699 1170 781 magnitudinis
1193 709 1267 778 tuae,
1292 710 1328 766 ut
1351 722 1478 768 mecum
1503 705 1543 768 sit
1565 713 1597 769 et
1620 726 1686 772 me·

131 798 256 862 idcirco
284 798 339 881 qui
369 805 494 880 praeest,
521 797 739 861 indesinenter
765 817 802 861 aa
835 817 883 861 ar·
938 816 1012 860 curn
1033 797 1164 873 laboret,
1186 808 1220 863 ut
1240 800 1339 864 sciam
1360 803 1437 885 quid
1454 812 1622 887 acceptum
1644 807 1686 869 sit

132 897 322 960 deotissime
346 897 487 959 divinam
512 896 607 960 debet
631 896 881 960 misericordiam
937 913 1044 959 coram
1068 904 1099 960 te
1123 899 1211 961 omni
1239 907 1405 983 tempore;
1430 902 1491 964 scit
1517 904 1604 966 enim
1630 904 1684 968 illa

132 993 293 1070 invocare,
325 1001 361 1056 ut
388 993 450 1056 sibi
484 994 629 1057 conferre
658 993 806 1075 dignetur
834 1012 882 1055 sa·
936 995 1044 1057 omnia
1060 1003 1092 1058 et
1110 996 1270 1078 iutelligit,
1288 1006 1319 1061 et
1338 999 1473 1063 deducet
1489 1020 1540 1064 me
1561 1001 1593 1064 in
1609 1020 1684 1086 ope·

130 1092 299 1175 pientiam,
318 1091 453 1174 gratiam
478 1110 515 1154 ac
538 1092 690 1155 virtutem
712 1090 882 1154 salubriter
936 1091 1026 1154 ribus
1041 1093 1121 1157 meis
1136 1094 1251 1158 sobrie.
1268 1097 1302 1159 ln
1323 1097 1436 1179 primis
1456 1099 1575 1162 etenim
1595 1117 1684 1182 opor·

130 1191 335 1274 praesidendi,
362 1189 538 1254 efficaciter
559 1190 753 1272 praedicandi
776 1207 882 1252 exem·
935 1195 980 1251 tet
995 1191 1161 1254 veritatem
1177 1210 1377 1274 cognoscere,
1395 1195 1509 1260 deiude
1529 1198 1614 1279 quod
1629 1197 1683 1262 bo

130 1289 327 1372 plariterque
351 1288 491 1362 vivendi,
516 1287 652 1351 subditis
677 1305 805 1371 quoque
828 1289 881 1350 det
935 1307 1013 1350 num
1030 1296 1078 1351 est
1092 1291 1226 1372 operari.
1244 1292 1375 1374 Propter
1391 1295 1487 1375 quod,
1504 1297 1680 1360 secundum

129 1387 264 1468 gratiam
294 1387 341 1450 sic
364 1386 515 1450 audiendi
540 1391 576 1448 ut
599 1386 781 1468 proficiant,
806 1385 880 1450 obe·
935 1386 1151 1463 Ambrosium,
1168 1389 1345 1470 ignorantia
1361 1398 1409 1454 est
1426 1392 1601 1457 maximum
1617 1412 1683 1458 om-

127 1487 219 1549 diant
233 1493 265 1548 et
284 1486 456 1549 salventur.
474 1486 583 1567 ltaque
603 1504 702 1566 quum
718 1484 880 1549 damnatio
934 1484 1025 1547 nium
1049 1486 1213 1562 vitiorum,
1236 1505 1300 1551 non
1326 1489 1437 1572 utique
1462 1493 1681 1572 magnitudine

127 1583 299 1666 omnisque
321 1583 530 1664 transgressio
552 1582 754 1645 subditorum
774 1583 807 1644 iu
827 1603 878 1645 su·
934 1583 1037 1666 culpae
1052 1603 1108 1646 seu
1124 1586 1312 1650 enormitate
1327 1586 1528 1664 offensionis,
1545 1591 1599 1654 sed
1618 1610 1682 1654 ma·

103 1761 104 1764 ¹
127 1683 271 1765 periores
296 1681 485 1750 redundent,
503 1681 565 1745 uisi
587 1680 732 1743 debitum
756 1682 879 1762 egerint
932 1682 1095 1762 guitudiue
1109 1683 1515 1768 periculositatis,quoniam
1530 1689 1584 1770 qui
1600 1690 1683 1771 igno

128 1781 179 1842 sui
194 1780 309 1855 officii,
325 1779 421 1843 debet
436 1779 491 1861 qui
505 1786 619 1861 praeest
633 1779 679 1841 sio
699 1797 758 1861 pro
772 1779 879 1842 subdi·
934 1787 982 1842 rat
1003 1781 1079 1863 quid
1098 1800 1192 1865 agere
1210 1782 1334 1859 debeat,
1351 1785 1428 1867 quid
1448 1787 1531 1849 lleus
1550 1787 1590 1850 ab
1611 1789 1681 1871 ipso

127 1887 235 1942 torum
259 1878 446 1952 directione,
466 1877 701 1940 illuminatione
725 1883 756 1940 et
776 1877 877 1941 salute
896 1875 1085 1961 Brequirat,
1102 1881 1180 1962 quid
1204 1900 1279 1944 vere
1304 1882 1346 1945 sit
1368 1883 1558 1960 virtuosum,
1580 1887 1681 1950 multa

127 1995 231 2052 orare,
248 1995 289 2040 ne
314 1977 443 2040 illorum
467 1976 607 2059 peccatis
629 1995 665 2038 ac
690 1977 879 2039 condemna·
932 1985 965 2039 et
994 1995 1120 2058 magna·
1138 1977 1251 2041 incidit
1280 1986 1342 2042 tam
1372 1981 1554 2044 omissionis
1583 2002 1680 2065 quam

127 2075 272 2139 tionibus
296 2077 432 2158 ipsemet
453 2075 657 2138 involvatur:
674 2074 750 2157 quia
771 2083 806 2136 ut
827 2075 878 2138 Sa·
934 2076 1170 2140 commissionis
1191 2085 1330 2159 peccata.

7 2211 35 2252 ῳ.
48 2201 109 2249 aas.
127 2175 222 2258 piens
236 2175 360 2248 asserit,
375 2174 536 2237 ludicium
551 2173 759 2237 durissimum
778 2173 811 2236 in
826 2175 877 2237 his
974 2175 1117 2256 Denique
1132 2176 1165 2237 iu
1185 2175 1235 2239 bis
1255 2194 1319 2239 nou
1338 2177 1462 2240 sufficit
1480 2179 1619 2242 bumana
1635 2181 1680 2243 in·

126 2273 185 2356 qui
209 2281 350 2356 praesunt
371 2271 437 2336 fiet.
454 2272 598 2336 Christus
623 2289 750 2354 quoque
776 2272 876 2354 loqui·
933 2273 1077 2346 structio,
1087 2274 1142 2336 sed
1157 2273 1265 2336 divina
1279 2292 1407 2357 quoque
1423 2277 1615 2342 illuminatio
1629 2297 1681 2341 ue-

7 2393 108 2440 neris.
126 2379 182 2433 tur
198 2389 205 2434 ε
223 2372 281 2436 Cui
296 2371 434 2434 multum
455 2370 713 2434 commendatum
729 2378 787 2444 est,
804 2372 876 2453 plus
934 2373 1071 2435 cessaria
1084 2380 1186 2435 exstat
1204 2373 1400 2449 homiuibus,
1417 2382 1463 2438 tot
1483 2384 1515 2439 et
1529 2385 1616 2440 unta
1630 2396 1681 2440 oo-

126 2471 310 2553 requiretur
330 2469 371 2533 ab
393 2487 440 2533 eo.
458 2468 614 2543 Secundo,
631 2469 678 2532 sic
699 2469 804 2532 facere
823 2470 876 2532 de·
933 2478 1067 2533 currunt
1087 2471 1144 2545 eis,
1160 2479 1207 2534 tot
1224 2472 1425 2548 tentationes,
1441 2475 1679 2557 perplexitates

125 2569 183 2632 bet
202 2589 241 2632 ex
260 2568 310 2632 sui
333 2569 435 2650 ipsius
454 2567 612 2650 spirituali
633 2585 752 2642 amore,
768 2575 877 2651 quate-
932 2567 1110 2632 dubietates
1139 2577 1172 2631 et
1198 2569 1445 2634 obscurationes.
1472 2572 1534 2636 Nos
1559 2574 1680 2657 quippe
1703 2598 1828 2654 rasura,

125 2687 189 2730 nus
219 2667 364 2730 omnium
390 2665 546 2729 bonorum
577 2684 648 2748 quae
677 2665 798 2729 subditi
826 2667 876 2729 sui
933 2667 1128 2729 involvimur
1148 2667 1299 2730 tenebris.
1317 2669 1439 2732 Idcirco
1463 2670 1496 2733 in
1523 2671 1605 2734 libro
1629 2664 1729 2736 Sa·¹⁹·

125 2772 236 2846 agunt,
252 2774 283 2828 et
302 2765 417 2829 futura
436 2764 599 2828 felicitatis
617 2781 728 2828 eorum
748 2764 788 2828 sit
808 2783 877 2847 par·
932 2763 1061 2845 pientiae
1089 2763 1225 2826 habetur
1252 2781 1259 2826 :
1289 2765 1364 2839 Quis
1397 2769 1513 2848 poterit
1542 2770 1680 2851 cogitare
1694 2795 1827 2852 sapsam,

124 2866 239 2948 ticeps.
258 2864 532 2938 Quemadmodum
556 2864 644 2926 enirn
668 2865 876 2944 transgressio
932 2863 1010 2944 quid
1025 2862 1103 2925 velit
1122 2863 1217 2936 Deus,
1234 2863 1295 2926 nisi
1315 2871 1361 2938 tu,
1378 2866 1471 2940 Deus,
1487 2867 1612 2930 dederis
1632 2888 1679 2932 sa·
1695 2860 1814 2910 ¹⁷¹¹⁴¹¹⁵·

123 2971 158 3026 et
188 2963 349 3026 damnatio
372 2962 577 3044 pereuntium
604 2962 817 3037 subditorum,
843 2963 876 3025 in
931 2960 1097 3042 pientiam,
1124 2969 1156 3024 et
1185 2961 1310 3024 miseris
1339 2963 1489 3045 spiritum
1518 2973 1610 3028 tuum
1640 2966 1679 3030 de

124 3062 325 3144 negligentes
351 3069 382 3124 et
404 3061 546 3124 carnales
567 3061 745 3124 redundant
769 3062 914 3143 prela-C
931 3059 1040 3123 coelisl
1056 3059 1267 3140 Cogitationes
1289 3061 1376 3123 euim
1400 3063 1581 3127 mortalium
1604 3073 1680 3128 sunt

122 3168 187 3234 tos,
213 3161 259 3223 sio
285 3159 396 3242 utique
420 3158 578 3222 bonorum
602 3166 634 3221 et
658 3158 876 3222 obedientium
930 3157 1062 3233 timidae,
1083 3165 1115 3220 et
1139 3159 1268 3222 incerte
1291 3167 1366 3222 sunt
1390 3161 1598 3243 providentia
1623 3181 1678 3227 no

123 3258 328 3322 subditorum
350 3258 465 3320 merita
479 3264 511 3320 et
530 3257 672 3340 praemia,
690 3257 723 3320 in
743 3257 876 3339 diligen·
908 3263 1020 3336 .strae;
1036 3273 1152 3338 eorpus
1171 3257 1257 3318 enim
1278 3258 1363 3340 quod
1383 3260 1610 3343 corrumpitur,
1625 3280 1678 3343 ag-

123 3365 173 3420 tes
198 3357 377 3420 redundare
407 3356 552 3438 praelatos
576 3363 760 3419 noscuntur.
788 3356 876 3419 Unde
927 3359 1036 3434 gravat
1061 3354 1211 3416 animam.
1228 3353 1308 3416 Hinc
1329 3362 1399 3417 orat
1418 3356 1584 3421 Psalmista
1601 3376 1607 3420 :
1625 3360 1677 3422 lla·
1703 3384 1824 3438 rauel,

7 3476 30 3517 is
63 3488 104 3526 iv,
121 3455 163 3517 ad
187 3455 409 3537 Philippenses
430 3453 574 3517 scribens
595 3453 764 3537 Apostolus
782 3471 788 3516 :
806 3455 876 3516 Fra·
928 3451 1011 3514 ciem
1025 3452 1424 3526 tuam,llomine,illumina
1438 3473 1535 3536 super
1549 3475 1677 3520 servum
1692 3449 1739 3491 ¹³⁵·

121 3561 189 3617 tres
210 3553 346 3636 (inquit)
367 3553 430 3614 mei
452 3553 620 3628 carissimi,
636 3551 788 3633 gaudium
812 3570 875 3615 rne-
928 3557 1032 3624 tuum,
1048 3558 1081 3613 et
1094 3551 1172 3613 doce
1188 3568 1239 3613 me
1252 3549 1499 3632 justificationes
1515 3560 1594 3616 tuas.
1607 3556 1677 3618 Pro

121 3671 179 3714 um
203 3659 236 3714 et
257 3668 374 3714 corona
396 3668 475 3713 mea.
929 3655 1037 3730 pterea
1051 3649 1181 3711 demum
1201 3648 1376 3728 assignavit
1392 3650 1594 3732 providentia
1610 3654 1675 3735 pie-

162 3750 297 3831 lnsuper
316 3767 355 3812 ea
376 3748 497 3811 eisdem
517 3748 624 3811 verbis
643 3748 799 3810 doceatur
817 3748 873 3831 qui
929 3747 1000 3808 tatis
1028 3746 1145 3809 diviuae
1169 3746 1344 3828 unicuique
1373 3747 1496 3810 homini
1525 3751 1675 3831 angelum

117 3854 275 3929 praesunt,
303 3847 380 3928 quid
404 3863 463 3928 pro
487 3845 624 3908 subditis
648 3846 714 3908 suis
738 3844 874 3908 debeant
928 3844 1060 3919 bonum,
1082 3845 1138 3927 qui
1159 3844 1298 3908 illustret
1318 3852 1350 3908 et
1369 3845 1486 3927 dirigat
1506 3866 1591 3910 eum.

116 3961 263 4018 exorare,
280 3943 431 4007 videlicet
446 3951 481 4006 ut
501 3943 695 4025 impleantur
711 3943 873 4025 agnitione
970 3943 1133 4017 Preterea,
1163 3961 1202 4005 ex
1234 3943 1354 4006 eisdem
1383 3943 1490 4007 verbis
1520 3946 1675 4009 docentur

114 4043 295 4106 voluntatis
317 4043 385 4118 Dei,
403 4043 434 4105 id
457 4049 505 4106 est
527 4041 738 4123 intelligentia
761 4060 797 4104 ao
821 4043 873 4104 ad·
926 4040 1160 4124 subjecti,quid
1176 4041 1222 4104 eis
1238 4042 1441 4124 potissimum
1456 4051 1673 4126 opportunum

114 4141 278 4206 vertentia
302 4148 536 4224 praceptorum
561 4140 740 4204 aoelestium
765 4147 796 4202 et
818 4158 870 4203 eo·
926 4139 968 4201 sit
980 4139 1020 4200 ad
1036 4139 1183 4212 salutern,
1195 4146 1272 4221 puta
1286 4146 1321 4202 ut
1336 4139 1530 4222 impleantur
1543 4141 1674 4224 agnitio·

114 4260 193 4304 rum
219 4259 290 4323 quaa
315 4240 380 4303 Deo
403 4239 542 4322 amplius
566 4239 703 4320 placent,
727 4245 762 4301 ut
788 4234 1433 4317 interiisevoluntatisbei.1dergoin
1454 4238 1566 4320 primis
1586 4258 1671 4303 sum-

112 4338 256 4402 virtutes
271 4346 303 4401 et
317 4337 396 4400 vitia
413 4355 489 4400 vere
508 4337 715 4418 distinguant,
733 4355 791 4400 nec
806 4357 871 4400 ma·
925 4334 1037 4397 meeis
1052 4333 1221 4408 incumbit,
1233 4340 1270 4396 ut
1283 4334 1391 4397 divina
1406 4343 1565 4419 praecepta
1578 4355 1672 4420 agno

112 4439 159 4502 lis
174 4444 207 4500 et
220 4437 310 4501 falsis
325 4455 384 4520 pro
403 4435 496 4499 bonis
511 4443 543 4499 et
557 4436 641 4498 veris
659 4443 809 4518 praestent
822 4455 870 4499 as·
923 4440 1013 4495 scant
1027 4441 1059 4495 et
1072 4450 1147 4495 vere
1163 4431 1351 4513 intelligant,
1367 4441 1526 4515 precepta
1542 4453 1670 4520 quoque

110 4555 260 4601 sensum.
277 4535 367 4599 blulti
387 4535 506 4598 etenim
522 4541 707 4618 peccantes
723 4535 868 4616 ignoran·
924 4531 1072 4594 Ecclesia
1087 4538 1120 4594 ot
1133 4531 1292 4594 doctrinas
1308 4549 1404 4595 sacrae
1419 4532 1600 4615 Scriptura.
1611 4536 1670 4599 Un-

109 4635 182 4713 tia;
200 4641 232 4696 et
251 4632 437 4716 frequenter
456 4633 596 4696 incertus
615 4640 664 4695 est
680 4633 776 4696 bomo
790 4635 867 4716 quid
923 4631 1016 4693 dead
1032 4629 1271 4712 predicatioues
1287 4629 1333 4692 ire
1348 4637 1508 4705 tenentur,
1519 4639 1614 4715 atque
1629 4635 1668 4697 de

109 4733 157 4796 sit
176 4731 303 4806 melius,
319 4732 399 4815 quid
414 4731 532 4806 verius,
550 4731 627 4812 quid
642 4730 802 4794 salubrius
817 4751 868 4795 ex·
922 4727 973 4789 bis
1004 4727 1246 4790 instructionem
1277 4728 1444 4810 exquirere
1473 4729 1603 4811 publice
1636 4740 1668 4794 et

107 4831 303 4905 erocudum,
321 4831 397 4913 quia
412 4837 445 4893 et
463 4827 542 4892 vitia
561 4829 706 4911 quaedam
726 4830 867 4911 speciem
922 4825 1084 4908 privatim,
1096 4845 1196 4908 quum
1212 4825 1296 4888 dicat
1309 4826 1479 4908 Apostolus
1490 4828 1565 4902 :Qui
1580 4829 1668 4911 iguo
1689 4859 1696 4903 1
1711 4860 1762 4905 ew,
1770 4875 1813 4917 au,

106 4929 238 4992 habent
266 4927 434 4992 virtutum.
459 4927 539 4991 Hinc
568 4928 746 4990 necessaria
774 4927 867 4992 valde
922 4931 979 4999 rat,
996 4923 1202 5006 ignorabitur.
1218 4924 1254 4986 lu
1274 4926 1520 4990 Deuteronomio
1539 4945 1666 5011 quoque
1681 4925 1714 4966 ³⁸·

107 5036 165 5092 est
185 5027 309 5090 homini
330 5027 523 5090 illuminatio
542 5026 679 5110 Spiritus
698 5025 815 5101 Sancti,
831 5034 867 5090 ut
919 5022 1051 5105 jubetur
1074 5041 1081 5086 :
1104 5024 1264 5106 Interroga
1286 5032 1409 5106 patrem
1432 5032 1535 5103 tuum,
1556 5034 1588 5090 et
1611 5047 1665 5090 an·
1678 5055 1816 5111 nemu,

107 5125 291 5208 impleatur
305 5125 466 5207 agnitione
480 5125 653 5187 voluntatis
666 5125 793 5188 divinae.
807 5127 867 5190 Un·
920 5122 1082 5186 nuntiabit
1100 5123 1177 5204 tibi3
1193 5124 1330 5204 majores
1351 5131 1433 5200 tuos,
1450 5131 1483 5186 et
1501 5125 1609 5189 dicent
1626 5127 1665 5188 ti·
1680 5122 1699 5166 ⁷·

13 5245 89 5298 aaa,
107 5225 153 5288 de
181 5231 253 5285 orat
274 5223 324 5286 vir
350 5222 478 5304 sapiens
500 5239 506 5284 :
527 5222 625 5296 Mitte,
649 5223 795 5298 Domine,
820 5243 867 5287 sa·
920 5219 963 5283 bi.
986 5221 1173 5303 Speoialiter
1191 5239 1266 5286 vero
1288 5222 1509 5305 unusquisque
1527 5223 1668 5288 fideliter

107 5321 274 5408 pientiam
294 5321 334 5384 de
357 5321 446 5384 coelia
468 5321 584 5384 sanctis
607 5321 670 5383 tuis
694 5328 726 5385 et
749 5340 768 5384 a
791 5322 866 5385 sede
920 5320 1020 5384 Deum
1038 5321 1157 5402 jugiter
1176 5320 1271 5384 debet
1289 5321 1423 5403 precari,
1440 5329 1476 5385 ut
1494 5342 1528 5386 se
1548 5323 1668 5387 illumi·
