4192 6258
462 495 525 560 580
673 511 822 562 noantruu
842 513 896 560 XXI
916 513 989 562 POST
1009 513 1203 560 ruminarunt.
1223 531 1263 543 -
1282 513 1325 559 An
1345 511 1539 578 aratoresos;
1562 511 1660 561 SfflO
1679 513 1802 569 QUINTUS

1005 926 1196 1014 SERMO
1230 925 1482 1028 QUINTUS

531 1193 766 1252 ooaunraonmt
786 1193 933 1242 vluro'rlts
955 1191 1177 1240 colletaemur
1197 1191 1240 1238 Ao
1261 1191 1396 1248 Arrunti,
1417 1191 1455 1236 ΕΤ
1475 1189 1624 1246 ooanrrurt
1646 1190 1693 1236 SlT
1713 1189 1926 1236 munoribus

766 1292 989 1352 RESISTENDUH,
1009 1292 1109 1348 DEQUE
1130 1291 1295 1338 marsum
1316 1289 1498 1338 trttfflcouult
1519 1289 1711 1337 NOSTRORUI.

538 1572 717 1634 CCIPITE
728 1578 935 1631 armaturam
950 1571 1023 1640 Dei,
1035 1579 1072 1630 ut
1084 1568 1216 1646 possitis
1230 1568 1256 1631 A
1311 1567 1356 1631 Ex
1370 1568 1420 1631 bis
1436 1574 1559 1630 constat
1574 1587 1669 1650 quam
1687 1567 1788 1630 multa
1801 1567 1874 1630 bona
1885 1567 1970 1630 iaciant

553 1672 703 1731 resistcre
723 1669 759 1729 in
779 1669 833 1728 die
852 1671 949 1739 mato,
965 1677 995 1728 et
1016 1669 1053 1728 ia
1067 1667 1216 1727 omnibus
1270 1665 1404 1729 virtutes
1426 1665 1541 1728 anima
1563 1665 1721 1729 rationali.
1738 1665 1867 1728 Virtutes
1884 1666 1971 1748 quippe

463 1769 607 1846 perfecti
620 1777 718 1828 stare.
736 1765 850 1848 Ephes.
868 1784 910 1840 vr,
928 1763 975 1828 l3.
1271 1770 1303 1826 et
1317 1771 1406 1828 actus
1421 1782 1542 1838 earum,
1559 1762 1592 1825 in
1607 1771 1765 1846 quantum
1779 1771 1847 1826 sunt
1863 1763 1973 1845 spiritua·
2061 1797 2062 1834 t

506 1866 647 1929 Virtutes
670 1872 702 1928 et
723 1864 805 1928 dona
826 1863 964 1946 Spiritus
988 1862 1105 1938 Sancti,
1121 1868 1215 1944 atque
1272 1863 1313 1925 lia
1337 1863 1499 1937 alimenta,
1516 1869 1634 1926 eruunt
1653 1863 1795 1924 animam
1816 1881 1833 1924 a
1852 1862 1972 1944 spirituali

468 1981 579 2026 eorum
595 1970 696 2038 actus,
713 1967 938 2044 comparantur
957 1961 995 2023 ad
1010 1960 1150 2024 animam
1165 1978 1217 2022 va·
1272 1961 1388 2036 inedia,
1405 1961 1445 2024 ab
1470 1959 1659 2023 infirmitate
1684 1961 1809 2024 interna
1829 1980 1860 2022 ac
1880 1960 1973 2023 delectu

467 2062 524 2125 riis
553 2062 657 2127 modis
684 2079 691 2124 :
716 2061 833 2136 Primo,
858 2068 1010 2143 tanquam
1038 2056 1217 2141 spiritualia
1272 2060 1454 2144 multiplici,
1471 2079 1607 2143 eamque
1631 2060 1821 2136 confortant,
1838 2060 1973 2123 exhilarant

467 2162 620 2224 alimenta
635 2160 746 2243 ipsius.
760 2157 827 2222 Nisi
843 2158 960 2222 etenim
978 2165 1068 2220 actus
1082 2155 1216 2220 virtuosi
1271 2169 1301 2222 et
1323 2166 1509 2222 sustentant.
1527 2159 1623 2222 Porro
1644 2160 1781 2222 virtutes
1801 2167 1831 2221 et
1850 2167 1922 2220 actus
1939 2178 1974 2220 ca-

468 2267 575 2322 essent
597 2258 729 2322 reiectio
747 2257 899 2332 hominia,
916 2274 977 2320 non
999 2256 1132 2319 dixisset
1153 2253 1217 2318 Sal·
1271 2277 1354 2334 rum,
1372 2259 1575 2340 inquantum
1593 2265 1669 2321 sunt
1682 2258 1800 2322 anima
1814 2265 1911 2331 restes,
1924 2277 1973 2319 ean

334 2379 454 2428 raanan.
468 2365 558 2421 vator
575 2376 582 2421 :
598 2359 686 2421 ideas
705 2356 796 2419 cibus
816 2364 865 2419 est
884 2364 919 2418 ut
937 2355 1053 2418 laciam
1070 2353 1216 2417 volunta·
1272 2357 1448 2420 detondant
1469 2356 1511 2419 ab
1534 2365 1613 2422 aestu
1638 2357 1803 2432 vitiorum,
1825 2377 1842 2420 a
1861 2355 1975 2438 concupi-

321 2446 355 2488 ⁸⁴·
469 2465 535 2520 tem
557 2456 656 2519 Patris
677 2456 750 2518 mei.
769 2454 924 2528 Secundo,
941 2461 1092 2536 tanquam
1111 2459 1216 2516 restes
1272 2455 1400 2518 scentiae
1415 2455 1499 2536 igne,
1515 2474 1533 2517 a
1548 2453 1668 2537 frigore
1684 2463 1888 2537 peccatorum,
1901 2474 1915 2516 a
1927 2473 1975 2536 pas·

329 2578 454 2630 reuma
471 2555 583 2638 ipsius,
600 2573 700 2637 quum
717 2552 872 2636 scriptum
887 2552 928 2614 sit
944 2569 951 2613 ε
968 2552 1074 2615 induit
1093 2569 1144 2614 me
1160 2551 1217 2613 Do
1272 2554 1397 2616 sionum
1413 2561 1508 2616 vento
1529 2560 1651 2627 urente,
1669 2571 1711 2615 ne
1734 2553 1857 2617 laedatur
1872 2552 1906 2615 ab
1917 2552 1973 2612 istis.

471 2655 579 2717 minus
606 2653 798 2716 vestimento
823 2651 945 2726 salutis,
972 2658 1003 2712 et
1029 2650 1216 2712 indumento
1271 2651 1481 2734 inquantum
1497 2669 1574 2714 vcro
1593 2659 1669 2714 sunt
1686 2660 1867 2714 ornamenta
1882 2652 1975 2722 anina,

319 2775 456 2826 narratur,
468 2752 600 2835 justitiae
622 2750 834 2814 circumdedit
852 2767 913 2812 me.
932 2749 1011 2811 Hinc
1031 2749 1145 2811 caritas
1163 2747 1254 2810 vta-B
1272 2757 1442 2832 protegunt
1462 2769 1533 2813 eam
1555 2749 1595 2812 ab
1616 2749 1706 2813 omni
1730 2751 1885 2834 culpamm
1902 2748 1977 2811 delor-

321 2841 355 2882 ¹¹¹
471 2853 527 2916 stis
556 2850 710 2933 nuptialis
738 2855 878 2912 vocatur.
905 2847 944 2910 Et
969 2846 1001 2909 in
1026 2845 1215 2930 Apocalypsi
1271 2849 1390 2912 mitate.
1416 2849 1632 2931 inquantum
1660 2855 1770 2912 autem
1799 2857 1866 2911 sunt
1888 2847 1976 2910 divitia

319 2970 453 3028 amauri.
469 2949 622 3014 Dominus
637 2955 830 3030 protestatur
846 2964 853 3009 :
870 2947 928 3021 Qui
945 2963 1008 3008 non
1030 2946 1215 3028 inquinare·
1270 2947 1396 3022 animae,
1412 2965 1430 3009 a
1444 2946 1603 3029 spirituali
1625 2945 1737 3029 inopia
1754 2946 1974 3014 sublevantum,

468 3056 543 3111 runt
561 3047 752 3112 vestimenta
771 3065 839 3120 sna,
855 3044 1067 3108 ambulabunt
1088 3062 1214 3108 mecum
1270 3065 1310 3109 ne
1325 3043 1405 3108 illud
1419 3045 1627 3128 Apocalypsis
1641 3043 1671 3108 ei
1691 3045 1817 3107 dicatur
1831 3062 1838 3107 :
1852 3043 1977 3119 Quomodo
1985 3061 2051 3119 rar·

333 3167 394 3213 rara.
407 3170 439 3211 rr.
468 3147 501 3210 in
516 3146 608 3210 albis.
626 3146 714 3209 Unde
733 3145 840 3208 anima
855 3143 1028 3207 virtutibus
1043 3162 1153 3206 carens
1168 3143 1214 3207 di·
1270 3142 1350 3206 dicis
1366 3143 1441 3225 qnia
1454 3142 1544 3206 dives
1564 3161 1648 3218 sum,
1664 3150 1697 3205 et
1720 3143 1822 3206 nescis
1836 3141 1901 3224 quia
1911 3148 1938 3202 tu
1952 3157 1976 3202 es

468 3246 552 3308 citur
564 3245 660 3307 nuda.
677 3243 792 3318 Tertio,
804 3243 886 3305 sicut
900 3249 1087 3305 ornamenta
1103 3241 1213 3323 ipsius,
1270 3241 1473 3316 miserabilis,
1490 3259 1623 3324 pauper,
1640 3245 1725 3304 etet
1741 3241 1801 3305 Sed
1816 3241 1977 3322 inquantum

468 3344 587 3427 quibus
611 3361 717 3408 coram
742 3344 807 3405 Deo
830 3341 931 3423 fulget
954 3359 990 3403 aa
1015 3348 1211 3403 venustatur.
1270 3348 1345 3404 sont
1362 3340 1476 3404 animae
1496 3357 1585 3402 arma
1604 3358 1642 3403 ac
1662 3340 1826 3414 fortitudo,
1841 3339 1881 3401 sic
1898 3343 1978 3400 contra

467 3443 598 3526 Propter
614 3442 697 3526 quod
718 3441 750 3504 in
766 3439 956 3524 Apocalypsi
976 3440 1093 3501 iterum
1114 3437 1214 3520 loqui·
1269 3439 1460 3502 tentationes
1476 3439 1627 3502 muniunt
1644 3458 1728 3502 eam.
1745 3437 1976 3514 Quemadmodum

333 3561 393 3605 rau.
408 3564 440 3605 ra.
468 3548 520 3604 tur
545 3542 698 3604 Dominus
716 3558 722 3602 :
740 3539 863 3603 Suadeo
886 3538 946 3600 tibi
971 3557 1077 3600 emere
1100 3556 1214 3599 aurum
1270 3537 1356 3601 enim
1369 3538 1466 3600 bomo
1478 3537 1623 3600 visibiles
1636 3537 1835 3601 adversarios
1846 3552 1909 3600 suos
1918 3539 1978 3595 tanta

469 3639 605 3720 ignitum
627 3638 797 3721 probatum
812 3637 886 3718 (hoc
912 3643 959 3699 est
980 3635 1143 3699 caritatem
1166 3654 1215 3697 ar·
1269 3637 1396 3700 lucilius
1411 3637 1659 3718 dejicit,quanto
1676 3637 1708 3699 in
1726 3635 1875 3719 corporali
1888 3632 1978 3696 fortitu·

468 3738 609 3812 dentem,
622 3756 692 3819 quae
709 3737 806 3799 alteo
822 3734 971 3818 precibus
987 3731 1213 3816 comparatur),
1269 3736 1344 3799 dine
1359 3743 1454 3817 atque
1470 3735 1637 3818 prudentia
1653 3735 1758 3817 magis
1773 3733 1909 3806 abundat,
1918 3730 1978 3793 sicut

468 3843 505 3897 ut
519 3853 583 3899 non
598 3841 747 3918 appareat
762 3833 908 3897 conlusio
922 3833 1075 3896 nuditatis
1091 3841 1162 3896 tuae.
1179 3832 1214 3894 ln
1269 3836 1403 3898 Samson
1426 3834 1483 3916 qui
1508 3852 1582 3896 cum
1611 3833 1802 3896 mandibula
1822 3831 1894 3894 asini
1914 3826 1977 3890 milla
1991 3847 2028 3888 aa
2040 3853 2056 3881 ιι

470 3934 606 3997 Canticis
621 3951 749 4016 quoqne
764 3933 808 3996 ait
823 3951 958 4015 sponsus
972 3931 1087 3996 animae
1101 3933 1216 3995 virtue
1230 3936 1252 3999 G
1269 3933 1355 3996 viros
1369 3933 1488 3996 oceidit
1501 3932 1589 4014 (nam
1603 3932 1643 3994 ad
1658 3931 1744 3995 bone
1764 3930 1905 3995 utendum
1917 3924 1979 3990 lorti
1987 3915 2007 3954 ¹³⁴

323 4059 453 4110 santam.
469 4051 511 4097 saa
529 4050 535 4095 :
552 4033 651 4106 Quam
676 4032 811 4114 pulchra
834 4050 879 4106 es,
895 4030 998 4094 amica
1017 4049 1098 4107 mea,
1117 4050 1214 4113 quam
1268 4032 1380 4095 tudine
1400 4030 1556 4114 corporali
1578 4031 1718 4094 maxime
1741 4031 1859 4093 confert
1877 4026 1979 4110 pruden-

468 4131 603 4214 pulcbra
617 4137 665 4193 es!
683 4131 809 4204 Quarto,
820 4130 903 4192 sicut
917 4129 1037 4192 divitia
1052 4128 1133 4210 ejus,
1146 4129 1214 4192 sine
1268 4133 1313 4194 tia
1330 4148 1337 4193 ε
1355 4129 1584 4213 propterquod
1600 4129 1632 4191 in
1648 4129 1840 4192 Ecclesiaste
1852 4125 1978 4192 amentur,

469 4229 586 4312 quibus
612 4229 681 4312 ipsa
706 4237 754 4292 est
777 4246 907 4311 pauper.
934 4229 1021 4291 Unde
1046 4229 1084 4290 ad
1109 4228 1215 4292 Corin·
1269 4230 1378 4293 llelior
1393 4237 1441 4292 est
1455 4227 1611 4311 sapientia
1630 4226 1836 4306 fortitudiuc3
1851 4233 1879 4288 et
1892 4225 1978 4290 denuo,
1997 4239 2056 4284 reia

328 4346 399 4393 icor.
411 4360 425 4398 ι,
434 4349 453 4391 a.
468 4329 552 4392 tbios
571 4327 683 4391 scribit
701 4327 871 4410 Apostolus
888 4345 894 4389 :
910 4328 945 4389 ln
965 4326 1116 4390 omnibus
1135 4325 1214 4390 divi·
1268 4329 1378 4392 Melior
1392 4334 1441 4390 est
1455 4327 1611 4409 sapientia
1626 4344 1725 4408 quam
1740 4344 1829 4390 arma
1843 4322 1979 4386 bellicae
1989 4311 2025 4408 ’ᾗ
2036 4371 2046 4398 ‚,

469 4435 517 4491 tes
532 4427 607 4490 lacti
629 4427 705 4489 estis
725 4426 758 4489 in
778 4426 844 4500 illo,
862 4426 894 4488 in
910 4426 998 4488 omni
1014 4425 1113 4488 verbo
1131 4433 1163 4489 et
1181 4425 1213 4488 in
1269 4428 1302 4490 in
1331 4426 1414 4490 libro
1442 4425 1621 4508 Sapientia,
1648 4424 1760 4487 llelior
1789 4431 1835 4486 est
1860 4415 1979 4502 sapientia
1988 4439 2052 4492 aas.

328 4525 557 4598 rrcoe.v÷1=,omni
573 4525 723 4604 scientia3
740 4523 1067 4606 itemque,Altissima
1081 4543 1215 4606 pauper·
1269 4545 1365 4609 quam
1381 4525 1476 4600 vires,
1493 4531 1525 4586 et
1543 4523 1594 4586 vir
1613 4523 1756 4606 prudens
1776 4541 1868 4605 quam
1885 4515 1979 4594 fortis);

321 4611 341 4652 ²·
468 4633 516 4687 tas
537 4641 647 4687 eorum
667 4623 842 4686 abundavit
860 4623 892 4685 in
914 4623 1041 4686 divitias
1061 4623 1214 4705 simplici·
1269 4624 1315 4686 sic
1331 4631 1449 4706 quanto
1465 4622 1537 4705 quis
1557 4621 1782 4684 invirtutibus
1801 4612 1980 4699 exstatperlc

467 4724 541 4786 tatis
561 4740 682 4787 eorum.
699 4721 825 4796 Quinto,
842 4722 925 4784 sicut
943 4740 1031 4783 arma
1050 4721 1162 4804 ipsius,
1179 4729 1214 4784 ut
1269 4723 1349 4786 ctior
1373 4729 1404 4785 et
1428 4721 1520 4784 donis
1549 4719 1688 4803 Spiritus
1717 4719 1825 4783 Sancti
1852 4713 1979 4798 repletior,

468 4822 501 4884 in
530 4820 683 4884 hodierna
708 4819 842 4903 epistola
870 4819 1049 4883 innotescit.
1075 4820 1153 4882 Nam
1182 4828 1214 4883 et
1267 4829 1356 4885 tanto
1376 4821 1409 4883 in
1430 4819 1518 4884 omni
1541 4819 1714 4883 tentatione
1738 4817 1863 4881 facilius
1882 4810 1981 4875 sortitur

332 4937 452 4990 rou.x,c.
467 4919 544 4983 alibi
564 4920 676 4983 scribit
694 4919 865 5003 Apostolus
882 4935 889 4980 :
906 4919 1001 4981 Arma
1023 4918 1145 4982 militia
1160 4938 1214 4983 no
1267 4922 1581 5004 triumphum,atque
1596 4920 1629 4980 in
1644 4917 1733 4982 omni
1749 4915 1926 4980 adversitate
1939 4925 1984 4970 nu·

468 5026 550 5094 strae,
567 5037 629 5082 uon
646 5019 794 5094 carnalia,
811 5018 866 5080 sed
886 5017 1028 5100 potentia
1048 5018 1120 5081 Deo.
1139 5018 1212 5081 Sex·
1268 5027 1322 5083 net
1337 5019 1542 5092 constantior,
1555 5017 1587 5080 in
1602 5015 1810 5079 tribulatione
1825 5019 1854 5076 et
1868 5023 1982 5094 persecu

467 5124 510 5191 to,
532 5116 614 5178 sicut
639 5116 702 5179 lux.
727 5115 879 5198 Septimo,
901 5115 985 5177 sicut
1008 5115 1074 5177 vita
1098 5114 1209 5197 ipsius,
1226 5114 1252 5178 D
1268 5118 1353 5180 tione
1369 5117 1521 5190 securior,
1531 5123 1563 5178 et
1578 5115 1610 5177 in
1626 5112 1713 5177 omni
1728 5119 1846 5177 eventu
1860 5104 1981 5172 stabilior,
2059 5127 2060 5202 j

467 5213 543 5297 quia
562 5215 631 5278 sine
651 5213 824 5278 virtutibus
845 5213 1014 5278 tenebrosa
1031 5232 1067 5276 ac
1087 5221 1211 5277 mortua
1267 5216 1292 5279 si
1309 5224 1416 5278 tamen
1432 5213 1604 5278 virtutibus
1619 5212 1700 5276 adsit
1713 5203 1982 5292 vigilantiadiacrt
2059 5203 2060 5286 l

467 5312 585 5376 dicitur
603 5313 718 5376 anima.
1267 5315 1313 5377 tio
1327 5321 1359 5376 et
1374 5311 1530 5396 sapientia
1548 5329 1633 5386 vera,
1650 5329 1690 5373 no
1708 5309 1834 5372 scilicet
1849 5301 1982 5369 occasion
