4206 6258
331 527 480 576 nonnum
500 529 574 576 xxrv
594 529 668 577 rosr
688 528 882 577 mmrrnrrn.
902 547 942 558 —-
963 531 1005 578 an
1025 530 1222 596 naurorosos;
1245 533 1344 581 snnuo
1363 533 1476 580 saurus
1620 511 1679 579 blf

7 713 108 769 ιιιιιιιιιιι
86 695 248 758 uetenim
276 717 377 780 quum
408 699 442 762 in
471 698 575 763 forma
607 699 664 762 Ilei
698 707 792 774 esset,
823 718 875 762 er·
891 699 970 762 fler
986 701 1081 763 corde
1096 700 1256 777 bumrlret
1264 702 1378 766 subdat
1393 710 1426 766 et
1440 701 1541 764 multo
1556 706 1683 783 reputet
1754 744 1756 750 ,

124 793 265 858 inanivit
287 815 321 860 se
344 797 450 880 ipsum
477 817 578 880 usque
599 799 639 861 ad
661 797 786 861 servilis
811 797 875 862 for·
931 797 1088 862 viliorem.

50 923 108 956 ,ιιι
125 911 189 956 mm
213 895 461 977 susceptionem.
484 896 652 978 Quumque
675 896 740 959 Rex
765 915 875 978 regum
972 896 1144 972 Postremo,
1164 897 1327 961 fimbriam
1352 897 1542 962 obedientie
1564 896 1681 960 Christi
1791 947 1794 958 .

8 1011 13 1021 ·
124 999 159 1053 et
189 992 343 1056 Dominus
371 1002 456 1057 esset
484 995 719 1069 universorum,
750 995 783 1057 in
812 1003 876 1059 tam
930 1002 1061 1075 tangere
1084 996 1177 1060 valde
1201 997 1417 1060 necessarium
1446 996 1540 1060 nobis
1562 1003 1611 1058 est
1635 1013 1682 1058 re·

124 1090 380 1171 profundissima
402 1092 584 1156 humilitate
608 1094 790 1157 conversari
815 1095 877 1158 ele·
933 1091 1065 1174 ligicsis,
1081 1101 1155 1158 voto
1170 1094 1360 1158 obedientia
1380 1093 1615 1175 circumseptis.
1631 1093 1681 1156 ln·

123 1187 175 1268 git
198 1188 232 1252 in
257 1190 374 1255 seculo
398 1190 470 1265 isto,
489 1191 574 1272 quod
597 1191 702 1266 rudes,
720 1210 878 1274 pauperes
931 1199 1080 1254 tueamur
1100 1192 1197 1274 igitur
1218 1193 1414 1256 incessanter
1435 1192 1586 1258 Sanctum
1606 1192 1681 1255 San·

124 1292 225 1368 atque
250 1287 405 1370 ignobiles
430 1307 625 1371 congregans
654 1289 715 1352 sibi
741 1289 879 1402 discipu·
932 1296 1068 1364 storum,
1100 1290 1301 1372 unigenitum
1333 1290 1389 1354 Dei
1421 1290 1550 1364 Filium,
1580 1290 1680 1353 cuia

7 1425 16 1438 ι
43 1408 110 1442 ¹nn.
127 1383 215 1460 los,'
206 1406 240 1448 ιιι
262 1387 369 1450 medio
392 1405 503 1451 eorum
528 1387 590 1450 fuit
611 1395 763 1470 tanquam
785 1389 877 1451 mini·
931 1387 1020 1452 Patre
1043 1389 1115 1453 data
1133 1398 1181 1453 est
1200 1390 1305 1453 omnis
1330 1396 1469 1473 potestas
1491 1389 1524 1451 in
1546 1387 1627 1452 coelo
1648 1395 1680 1452 et
1718 1406 1809 1454 ιιιιιι.

9 1493 14 1506 ·
126 1492 245 1558 straus,
262 1483 494 1568 etfrequenter
512 1484 645 1549 servivit
663 1485 796 1560 eisdem,
812 1493 879 1550 tan·
932 1487 965 1550 in
984 1494 1079 1563 terra,
1095 1487 1216 1551 factum
1236 1488 1439 1552 obedientem
1459 1487 1542 1551 Patri
1561 1474 1826 1590 atemoffilffl

8 1609 112 1646 «nanu.
127 1583 203 1646 dem
231 1583 369 1646 curvatis
392 1583 529 1664 genibus
559 1584 667 1648 lavans
691 1603 727 1648 ac
751 1593 877 1666 tergens
931 1604 1033 1668 usque
1064 1587 1104 1650 ad
1134 1587 1238 1650 crucis
1273 1585 1610 1669 ignominiosissimam
1642 1596 1714 1648 act

7 1673 17 1702 ²
50 1681 230 1766 pedes
248 1698 370 1746 eorum.
387 1682 490 1756 Quum
512 1682 609 1764 igitur
628 1701 690 1747 non
712 1684 753 1746 srt
767 1703 877 1748 servus
930 1685 1170 1750 acerbissimam
1196 1693 1343 1760 mortem,
1362 1694 1458 1768 atque
1484 1686 1517 1747 in
1542 1684 1679 1748 termino

127 1780 461 1862 majordomincsuo,
471 1781 651 1864 imoquum
666 1783 877 1847 Dominoistc
931 1784 1015 1858 vitre,
1032 1784 1066 1846 in
1089 1785 1200 1848 mortis
1222 1784 1356 1848 articulo
1378 1783 1607 1866 pmlocutum:
1626 1780 1680 1846 Pa·
1707 1799 1803 1844 ιιιιιι
1768 1812 1826 1852 ιιιιι,

127 1879 173 1942 sit
194 1879 299 1943 omnis
324 1898 434 1943 servus
458 1880 627 1962 omnisque
648 1881 755 1955 homo,
771 1881 913 1945 omnisB
931 1890 990 1956 ter,
1015 1881 1049 1944 in
1074 1901 1188 1946 manus
1212 1891 1283 1946 tuas
1311 1883 1501 1947 commendo
1530 1863 1804 1970 spiritum2²³²²¹¹
1805 1877 1826 1914 ¹²

128 1978 262 2042 demum
277 1986 431 2053 creatura,
448 1979 595 2061 quamvis
611 1980 813 2061 angelicam
830 1979 877 2041 in·
934 1999 1052 2043 meum.
1069 1981 1149 2056 Quid
1172 1999 1247 2064 ergo
1269 1998 1326 2045 nos
1348 1980 1503 2055 servulos,
1520 1995 1578 2042 nos
1600 1979 1680 2043 viles

127 2076 262 2140 finitum
284 2077 440 2142 inferior:
457 2097 528 2160 quae
549 2086 598 2142 est
617 2078 678 2141 ista
696 2078 876 2153 excaecatio,
933 2079 1201 2155 vermiculos,n0s
1216 2079 1457 2142 defectuositate
1471 2086 1503 2142 et
1516 2095 1605 2142 omnr
1597 2077 1681 2141 fra-

128 2176 335 2258 perversitas,
346 2177 514 2241 obduratio
529 2178 742 2260 nostra,quod
757 2195 815 2260 per
828 2195 878 2240 ca·
933 2177 1055 2260 gilitate
1073 2178 1222 2260 repletos,
1238 2177 1364 2260 operari
1384 2184 1520 2259 oportet,
1537 2175 1600 2239 nisi
1617 2176 1682 2239 fleo

128 2275 258 2338 ritatem
282 2275 402 2339 servire
427 2275 566 2339 invicem
592 2275 769 2351 renuimus,
793 2275 880 2358 quod
934 2285 965 2340 ct
980 2277 1051 2358 ejus
1065 2277 1207 2352 vicariis,
1224 2277 1307 2340 sicut
1327 2275 1546 2359 promisimus,
1563 2275 1595 2336 in
1616 2292 1683 2338 om·

130 2381 247 2438 mutuo
267 2375 358 2457 quasi
382 2375 563 2458 superiores
585 2375 729 2438 venerari
750 2374 881 2456 negligi·
935 2374 1031 2438 nibus
1054 2374 1218 2438 caritative
1239 2383 1334 2457 atque
1355 2373 1522 2437 humiliter
1541 2373 1683 2448 obedire,
1733 2395 1738 2406 ’

57 2499 114 2536 an,
131 2492 218 2548 mus,
240 2473 324 2556 quod
344 2473 463 2538 honore
483 2474 622 2537 invicem
643 2491 708 2538 non
726 2473 881 2556 preveni·
935 2474 969 2536 in
984 2491 1095 2537 eorum
1111 2492 1225 2537 manus
1245 2480 1368 2538 nostras
1386 2473 1509 2536 animas
1525 2489 1686 2535 commen·

7 2565 16 2596 '·
131 2591 218 2646 mus,
244 2573 329 2654 quod
359 2592 442 2636 unus
470 2581 580 2636 contra
608 2573 707 2635 alium
737 2570 879 2647 inflatur,
936 2571 1059 2646 dare,in
1073 2571 1282 2634 observantiis
1294 2570 1420 2635 Ordinis
1434 2589 1504 2634 esse
1515 2569 1684 2644 ferventes,

129 2671 219 2753 quod
233 2691 317 2734 unus
331 2671 466 2736 alterum
482 2671 770 2754 aspernatur,quod
785 2670 882 2734 bomo
937 2669 969 2732 in
990 2669 1077 2733 omni
1099 2669 1155 2733 Ilei
1177 2669 1332 2751 obsequio
1352 2668 1531 2749 diligentes,
1548 2667 1685 2731 aliarum

128 2769 256 2834 bomini
272 2770 428 2834 dominari
444 2770 568 2853 appetit
581 2778 614 2832 et
632 2787 779 2852 preesse,
796 2768 881 2852 quod
936 2786 1064 2851 quoque
1078 2767 1234 2831 virtutum
1250 2767 1366 2831 Christi
1381 2766 1528 2830 fimbrias
1543 2773 1683 2846 tangere,

129 2869 165 2930 in
190 2869 251 2932 hoc
275 2869 392 2933 seculo
413 2869 562 2932 volumus
586 2867 726 2951 reputari
751 2874 806 2930 aut
826 2866 882 2930 ali·
936 2885 1032 2950 opera
1052 2866 1194 2929 imitaril
1213 2866 1319 2930 Simus
1342 2866 1375 2929 in
1399 2864 1547 2928 omnibus
1565 2863 1686 2945 patien-

127 2967 210 3049 quid
225 2971 403 3050 appareret
417 2967 616 3048 Abjiciamus
636 2966 776 3030 insanias
793 2965 879 3040 istas,
936 2972 995 3039 tes,
1012 2963 1122 3039 sobrii,
1138 2965 1307 3038 mansueti,
1324 2970 1516 3036 constantes,
1532 2960 1684 3035 timorati,

128 3072 163 3128 et
185 3067 406 3150 unusquisque
430 3066 546 3130 ceteris
568 3065 692 3130 cunctis
718 3083 751 3128 se
774 3064 918 3148 ipsumtl
938 3064 1044 3128 devoti
1064 3070 1096 3127 et
1115 3063 1274 3127 custoditi.

685 3494 877 3583 SERMO
918 3493 1138 3582 SEXTUS

248 3763 288 3810 ΒΕ
310 3761 539 3810 thalamum!
560 3761 672 3810 hauns
693 3760 841 3818 fluitabat,
863 3759 900 3806 ΕΤ
921 3759 1041 3808 cosma
1062 3757 1315 3805 rtoxtolhrravtt!
1335 3757 1571 3806 coolravlortott.

192 4045 254 4106 AL
266 4044 317 4106 VA
338 4044 429 4120 sacta
448 4051 495 4104 est
514 4043 637 4104 mulier
650 4061 691 4101 ec
712 4040 881 4102 illabere.
937 4037 1085 4102 stimulos
1107 4037 1452 4121 concupiscentiarum.
1470 4039 1508 4101 Et
1529 4038 1614 4102 istud
1640 4046 1689 4103 est

207 4140 317 4204 llatth.
335 4158 378 4216 rx,
395 4138 443 4204 22.
936 4136 1025 4201 omni
1045 4135 1169 4200 homini
1192 4155 1266 4200 vere
1288 4137 1413 4212 devoto,
1429 4155 1504 4202 vere
1528 4138 1687 4219 spirituali

172 4239 232 4304 Per
255 4239 401 4302 eamdem
431 4257 510 4314 rem,
536 4239 713 4302 secundum
743 4236 884 4300 diversas
898 4232 924 4296 Il
939 4243 1034 4318 atque
1054 4234 1213 4316 proficere
1230 4233 1385 4316 cupienti,
1400 4235 1528 4298 assidua
1541 4236 1687 4319 quedam

129 4337 346 4424 proprietates
361 4337 394 4400 in
411 4339 479 4421 ipsa
494 4337 692 4410 exsistentes,
706 4335 833 4398 diversa
845 4333 885 4396 si·
939 4331 1085 4408 afflictio,
1102 4349 1220 4396 moeror
1234 4351 1270 4395 ac
1286 4333 1428 4408 taedium,
1440 4333 1526 4415 quod
1540 4339 1626 4396 tanta
1640 4342 1688 4397 est

129 4437 341 4520 gnificsntur.
358 4439 467 4520 ltaque
486 4455 545 4520 per
566 4436 735 4500 mulierem
754 4452 886 4515 evange·
940 4432 1131 4495 instabilitas
1155 4451 1220 4496 sue
1245 4431 1373 4506 mentis,
1392 4438 1457 4494 tam
1481 4431 1632 4514 frequens
1656 4439 1689 4496 et

131 4537 233 4600 licam
250 4535 352 4608 istam,
360 4535 392 4598 in
409 4542 561 4618 quantum
579 4534 656 4598 fidei
672 4533 886 4616 magnitudine
941 4531 1091 4594 diuturna
1105 4550 1124 4595 a
1138 4531 1202 4594 Deo
1216 4529 1380 4595 distractio
1396 4529 1493 4594 etiam
1509 4529 1541 4592 in
1556 4529 1686 4608 divinis,

132 4635 253 4716 viguit,
264 4634 456 4710 humilitate,
468 4634 609 4708 caritate,
622 4633 800 4706 devotione,
813 4649 887 4694 con·
941 4630 998 4693 ubi
1017 4647 1091 4692 cum
1112 4627 1274 4711 precipua
1290 4627 1440 4709 puritate,
1455 4627 1633 4691 reverentia
1651 4646 1688 4691 ac

134 4735 267 4810 stantia,
292 4733 497 4816 gratitudine,
522 4732 686 4816 patientia,
709 4731 887 4812 ceterisque
941 4727 1113 4792 stabilitate
1128 4743 1240 4790 vacare
1257 4731 1383 4808 oportet
1398 4724 1471 4789 Deo.
1489 4724 1546 4788 llic
1560 4742 1688 4809 quoque

134 4833 315 4902 virtutibus
334 4832 471 4914 gratiose
492 4831 701 4915 resplenduit,
718 4837 822 4913 potest
841 4829 887 4891 in·
942 4834 990 4892 est
1004 4826 1034 4890 ei
1050 4825 1139 4889 labor
1151 4824 1237 4906 jugis
1252 4841 1289 4887 ac
1304 4823 1486 4905 singularis,
1497 4830 1532 4886 ut
1546 4823 1688 4906 quotidie

133 4934 242 5015 telligi
257 4932 362 4997 omnis
377 4931 523 5013 religiosa
538 4948 672 5014 persona
686 4946 761 4993 vere
775 4928 888 4992 devota
941 4925 982 4988 ab
1010 4926 1070 4988 bac
1098 4923 1275 4988 calamitate
1304 4929 1337 4986 et
1359 4923 1543 5004 evagatione
1572 4922 1689 4986 mentis

133 5044 170 5099 et
186 5032 339 5107 virtuosa,
355 5049 425 5113 quae
440 5030 542 5093 nihilo
558 5029 664 5092 minus
680 5028 805 5091 fluxum
820 5047 888 5090 san·
942 5024 1042 5107 magis
1067 5041 1104 5086 ae
1127 5021 1229 5103 magis
1254 5027 1384 5084 eruatur
1407 5041 1444 5084 ac
1466 5029 1686 5104 preservatur,

133 5132 248 5246 guinis
264 5131 393 5215 patitur,
410 5129 443 5192 id
463 5136 512 5192 est
528 5128 754 5210 cogitationum
770 5126 889 5210 proflu·
942 5132 1037 5207 atque
1062 5122 1094 5184 in
1119 5121 1183 5184 Deo
1207 5120 1279 5203 plus
1304 5119 1494 5196 stabiliatur,
1510 5121 1687 5201 prasertim

133 5234 204 5308 via,
220 5230 430 5294 affectionum
451 5227 712 5302 instabilimenta,
730 5232 834 5290 motus
855 5233 886 5288 et
940 5231 1084 5304 tempore
1099 5218 1262 5293 orationis,
1270 5217 1484 5282 meditationis
1488 5219 1686 5304 ,psalmodia

133 5330 366 5399 alternationes
381 5327 484 5392 varias
504 5325 701 5409 passionom,
717 5333 771 5388 aut
789 5324 886 5388 etiam
940 5329 973 5386 et
992 5317 1225 5384 celebrationis.
1243 5315 1374 5399 Propter
1393 5315 1478 5399 quod
1497 5317 1541 5380 ait
1557 5318 1687 5400 Apono

266 5465 299 5516 Τ.
317 5463 356 5516 30.
1531 5451 1562 5502 tl
