4164 6258
339 504 486 552 noxrmm
507 505 542 552 ιιι
562 505 635 552 rosr
655 503 849 552 rammam.
871 521 911 533 -
931 503 974 549 an
993 501 1189 566 ιιιιιιοιοι;
1211 504 1310 552 ssarro
1331 503 1468 560 putaras
1622 485 1678 550 llll

126 669 247 746 citudo,
265 681 354 737 tanto
369 675 521 756 maiorue
537 675 768 739 indesinentior
782 674 877 736 debet
893 673 918 738 Α
932 675 1022 756 quasi
1046 674 1167 757 aliquid
1190 675 1264 738 novi
1287 675 1379 738 nobis
1401 675 1563 757 contingat
1579 692 1586 737 :
1604 675 1679 748 imo,

126 785 196 831 asse
213 770 246 832 in
263 771 357 834 nobis
373 773 529 855 religiosis
544 781 576 836 et
595 773 742 847 subditis,
759 780 879 854 quanto
933 773 958 834 si
980 773 1020 835 de
1040 781 1123 836 sorte
1143 781 1176 836 et
1195 791 1327 856 corpora
1347 773 1521 836 electorum
1540 791 1609 836 esse
1629 791 1683 856 ap

126 865 167 927 ab
182 868 273 930 omni
289 871 438 933 exteriori
459 879 491 934 et
504 871 673 955 temporali
691 869 879 934 sollicitudi-
933 871 1084 952 petimus,
1100 871 1274 934 electorum
1289 871 1550 934 tribulationibus
1566 889 1602 932 ac
1618 877 1683 932 ten·

126 981 166 1026 ne
182 984 295 1028 sumus
311 967 438 1050 plenius
453 969 590 1032 absoluti
606 989 642 1031 ac
659 967 763 1042 liberi,
781 967 824 1030 ita
844 976 879 1030 ut
933 968 1107 1030 talionibus
1128 968 1215 1031 allici
1239 987 1302 1032 non
1324 968 1530 1050 refugiamus.

126 1069 229 1126 totum
246 1083 302 1128 cor
321 1074 466 1130 nostrum
484 1068 701 1131 indesinenter
718 1067 876 1129 intentum
973 1067 1084 1129 Narrat
1109 1067 1268 1131 Climacus
1295 1085 1302 1130 :
1329 1069 1362 1130 ln
1388 1067 1462 1130 Asia
1489 1075 1556 1130 arat
1584 1085 1681 1129 senex

125 1159 166 1220 sit
191 1162 231 1223 ad
257 1164 413 1226 actualem
439 1165 494 1228 Ilei
519 1165 718 1238 memorIam,
742 1163 781 1226 ad
807 1163 877 1244 ejus
934 1167 1065 1229 omniuo
1084 1165 1259 1247 negligens,
1275 1165 1395 1230 babens
1416 1165 1611 1248 discipulum
1630 1165 1681 1245 ju-

125 1256 366 1341 beneplacitum
396 1264 623 1345 peragendum,
649 1263 688 1324 ad
715 1261 876 1325 vitandam
933 1263 1068 1338 niorem,
1087 1264 1308 1326 Innocentium
1325 1264 1466 1336 nomine,
1483 1263 1681 1326 deliberatio-

123 1374 256 1420 omnem
283 1359 384 1442 Ipsius
407 1359 576 1424 offensam.
594 1361 666 1436 Sed,
683 1360 766 1423 haul
784 1360 875 1423 multi
934 1379 973 1423 ne
997 1369 1092 1443 atque
1116 1361 1248 1425 arbitrio
1271 1362 1464 1444 simplicem,
1490 1361 1680 1442 cogitatione

123 1455 361 1521 absoluIIonem
379 1459 466 1522 illam
482 1479 518 1522 ac
535 1458 715 1522 llbertatem
731 1457 877 1521 asollici·
933 1477 1009 1522 vero
1032 1467 1064 1522 et
1083 1460 1267 1542 operatione
1290 1460 1489 1542 prudentem.
1511 1458 1569 1532 Qui
1594 1468 1681 1524 tanta

123 1553 239 1616 tudine
254 1557 482 1639 temporalium
497 1576 604 1621 rarum
620 1564 749 1620 vertunt
765 1557 796 1619 in
815 1557 877 1619 dis·
932 1556 972 1619 ab
988 1557 1043 1618 illo
1058 1575 1134 1619 sene
1149 1557 1312 1631 sustinuit,
1329 1565 1364 1618 ut
1383 1555 1469 1619 credi
1485 1557 1537 1620 vix
1554 1558 1654 1640 possit
1671 1575 1678 1620 :

123 1651 319 1716 solutionem
347 1673 383 1717 ac
409 1655 581 1730 levitatem,
607 1663 702 1738 atque
727 1655 758 1716 in
785 1673 876 1718 curas
933 1673 995 1718 non
1018 1655 1105 1718 enim
1128 1655 1255 1735 injuriis
1280 1664 1311 1718 el
1333 1655 1518 1736 ignominiis
1543 1664 1678 1730 mutum,

123 1749 207 1812 viles
232 1758 264 1814 et
288 1753 463 1816 anxietates
493 1755 621 1837 penitus
651 1753 802 1836 pueriles,
827 1772 877 1816 oc·
933 1753 988 1815 sed
1008 1761 1040 1816 et
1059 1754 1159 1836 plagis
1179 1762 1212 1816 et
1229 1753 1418 1816 verberibus
1440 1773 1514 1816 eum
1537 1755 1679 1836 quotidie

123 1857 281 1929 cupantes
300 1869 334 1912 se
358 1850 475 1926 viliter,
491 1852 651 1934 quomodo
670 1851 793 1914 scilicet
816 1851 876 1914 boa
894 1853 917 1914 B
934 1851 1104 1914 cruciabat.
1115 1852 1213 1924 Quem
1230 1871 1329 1934 quum
1346 1851 1477 1933 quidam
1493 1851 1617 1914 Petrum
1633 1851 1681 1913 vi-

122 1954 180 2008 aut
206 1947 285 2009 illud
311 1949 357 2011 eis
381 1948 450 2024 liat,
471 1949 637 2022 formatur,
661 1950 875 2033 provideatur,
933 1949 1022 2012 deret
1046 1951 1187 2032 quotidie
1217 1951 1308 2033 quasi
1337 1970 1466 2014 servum
1490 1949 1679 2032 empticium

124 2045 291 2126 contingat
308 2063 315 2108 ε
332 2047 443 2129 sicque
465 2048 572 2110 minus
591 2048 703 2110 intenti
724 2055 798 2110 sunt
813 2048 877 2110 Deo
932 2053 1074 2109 extrema
1092 2047 1244 2111 allectum
1267 2047 1406 2123 miseria,
1423 2047 1555 2111 obvians
1576 2047 1604 2110 ei
1623 2067 1678 2111 ιιι-

122 2162 162 2204 ac
178 2145 339 2226 spirituali
355 2146 521 2228 profectui.
540 2147 655 2210 Contra
669 2145 753 2229 quod
769 2153 877 2210 monet
932 2165 983 2228 pe,
1006 2147 1086 2208 dixit
1108 2148 1147 2209 ad
1169 2165 1243 2209 eum
1261 2164 1268 2208 :
1285 2147 1365 2221 Quid
1387 2156 1445 2221 ast,
1467 2146 1566 2210 lraler
1586 2147 1678 2208 Inno-

0 2268 106 2318 aava
122 2242 297 2322 Apostolus
313 2263 470 2319 summus,
487 2253 522 2308 nt
537 2244 635 2308 sobrii
653 2246 754 2308 simus
770 2249 875 2307 mente
932 2244 1039 2306 centil
1054 2245 1218 2317 Quomodo
1238 2244 1296 2307 tibi
1317 2246 1411 2309 bodie
1431 2246 1514 2308 luitl
1529 2245 1587 2318 Qui
1604 2261 1677 2308 mor

122 2348 156 2401 et
173 2357 307 2423 corpore
320 2359 327 2403 :
339 2359 402 2406 non
418 2343 500 2405 ebrii
516 2343 718 2427 passionibus
737 2351 769 2406 et
783 2361 875 2406 occu·
931 2344 1121 2425 quandoque
1137 2343 1267 2425 quidem
1282 2343 1412 2408 oculum
1427 2343 1678 2426 lividum,quan·

121 2438 310 2520 pellonibus
325 2441 426 2516 vanis,
444 2441 595 2523 indignis,
613 2441 744 2514 illicitis,
761 2441 816 2504 sed
831 2440 875 2502 vi·
930 2440 1034 2522 doque
1055 2441 1185 2516 collum,
1203 2441 1393 2524 quandoque
1413 2448 1509 2525 eaput
1524 2448 1677 2504 monstra·

120 2536 262 2618 gilantes
282 2537 315 2600 in
335 2539 543 2614 orati0nibuS,
565 2540 824 2604 meditationibus
844 2547 876 2602 et
930 2539 977 2600 vit
992 2539 1165 2621 plagatum.
1182 2540 1381 2621 cognoscens
1396 2546 1503 2602 autem
1519 2539 1608 2602 Pater
1623 2539 1677 2602 ille

120 2637 289 2700 exercitiis
310 2638 482 2718 virtuosis;
499 2657 563 2702 non
585 2639 721 2722 pigritiae
745 2641 874 2722 otioque
930 2637 1015 2719 quod
1036 2638 1238 2701 Innocentius
1258 2645 1406 2721 operator
1427 2644 1520 2713 esset,
1537 2639 1618 2700 dixit
1638 2638 1677 2700 ad

119 2743 285 2810 vacantes,
307 2736 473 2817 potissime
495 2757 595 2821 quum
619 2738 872 2813 crudelissimus,
930 2735 1037 2817 ipsum
1054 2752 1061 2798 τ
1077 2736 1173 2810 Bene,
1184 2736 1264 2798 bene
1274 2755 1282 2816 ;
1299 2737 1431 2810 sustine,
1444 2744 1475 2798 el
1490 2735 1674 2799 salvaberis.

119 2832 562 2908 callidissimuslortissimus
577 2836 676 2898 bostis
691 2837 875 2899 nosterdia·
929 2833 1097 2916 Quumque
1121 2853 1236 2897 novam
1265 2835 1357 2896 annis
1383 2835 1427 2896 ita
1454 2836 1593 2896 stetisset
1616 2834 1677 2896 sub

120 2931 230 3004 bolus,
261 2932 478 2996 indesinenter
508 2933 667 3010 observet,
693 2936 872 3010 insidietur,
929 2952 1005 2994 sene
1028 2933 1083 2995 illo
1107 2933 1365 3006 immisericordi,
1383 2933 1530 3014 migravit
1552 2933 1591 2994 ad
1617 2933 1675 2995 Do-

119 3029 311 3106 eireumeat,
336 3051 481 3113 quaerens
511 3033 648 3115 qualiter
670 3035 793 3096 animas
820 3051 874 3098 no
891 3038 913 3101 C
930 3032 1063 3093 minum.
1082 3031 1149 3105 Quo
1171 3032 1306 3113 sepulto,
1323 3037 1499 3113 preceptor
1523 3030 1593 3111 ejus
1618 3031 1676 3093 lvit

120 3135 206 3188 stras
235 3127 414 3204 absorbeat,
440 3148 503 3194 non
529 3131 615 3194 aliud
641 3150 785 3213 quaerens
810 3131 872 3194 nisi
927 3129 965 3190 ad
982 3130 1153 3212 quemdam
1169 3148 1320 3211 magnum
1337 3129 1611 3211 senem,dixitque
1628 3130 1673 3193 ei:

118 3233 156 3286 ut
168 3233 297 3290 aelernae
311 3227 506 3291 damnationi
521 3247 579 3292 nos
595 3248 703 3292 secum
720 3231 870 3294 involvat.
928 3228 1027 3302 Pater,
1039 3227 1242 3291 Innocentius
1257 3233 1401 3290 mortuus
1418 3235 1474 3288 est.
1486 3226 1544 3289 Cui
1560 3245 1672 3290 senex:

159 3324 285 3388 Idcirco
306 3325 552 3406 vigilantissima
571 3327 751 3408 indigemus
771 3338 873 3392 custo
927 3325 991 3388 Hoc
1012 3325 1091 3387 mihi
1112 3325 1303 3408 persuadere
1324 3325 1473 3406 nequibis
1492 3332 1527 3386 ut
1546 3325 1673 3388 credam

0 3450 1 3479 1
21 3447 52 3490 r.
81 3478 87 3490 .
117 3421 185 3497 dia,
213 3423 396 3486 incessabili
425 3425 712 3509 circumspectione
742 3435 773 3490 et
798 3428 873 3491 resi·
926 3431 981 3486 aut
995 3423 1132 3486 audiam.
1152 3423 1189 3485 Et
1205 3423 1258 3486 ille
1275 3441 1282 3484 ι
1299 3423 1389 3496 Veni,
1407 3423 1522 3506 inquit,
1539 3431 1570 3486 et
1588 3424 1671 3487 vide.

117 3521 240 3583 stantia
254 3521 475 3598 victoriosam
491 3525 595 3606 pruno
610 3527 754 3588 omarum
771 3527 871 3590 stmus
927 3520 1029 3595 Ouum
1052 3540 1127 3604 ergo
1146 3540 1242 3584 senex
1263 3521 1316 3583 ille
1337 3539 1564 3603 magniscam
1584 3523 1674 3586 luno·

117 3619 207 3681 bena
223 3619 354 3682 radicati
370 3621 402 3683 in
418 3619 637 3701 lide3deinde,
646 3625 776 3698 orando,
786 3625 872 3688 Chri·
927 3621 1023 3683 centii
1046 3629 1241 3704 praeceptore
1262 3621 1402 3683 venisset
1423 3621 1463 3682 ad
1486 3638 1673 3684 monumen·

116 3718 159 3779 sti
180 3719 365 3800 passionem
388 3719 598 3801 inspicIendO,
615 3723 789 3786 novissima
809 3743 872 3787 me·
927 3727 1007 3792 tum,
1023 3719 1173 3782 clamavit
1189 3736 1195 3780 :
1214 3719 1320 3780 Frater
1335 3719 1511 3792 Innocenti,
1528 3727 1672 3782 mortuus

115 3816 263 3890 ditando,
281 3817 313 3879 in
334 3817 401 3881 solo
423 3818 486 3881 llao
507 3819 647 3902 plenarie
667 3820 869 3897 confidendo,
926 3822 982 3880 esl
1004 3819 1044 3880 At
1065 3835 1142 3880 vero
1166 3816 1247 3881 bene
1273 3818 1424 3899 prudens,
1451 3817 1615 3893 obediens,
1642 3825 1673 3880 et

115 3916 300 3978 renitamur
323 3914 468 3998 diabolo;
494 3936 553 3980 nec
583 3921 793 3983 tentationum
817 3928 872 3983 aut
926 3925 1155 3999 postmortem
1179 3916 1368 3979 obedientiae
1392 3916 1544 3979 virtutem
1569 3924 1671 3980 osten·

113 4014 363 4077 tribulationum
380 4012 549 4096 fatigemur
563 4025 616 4080 aut
630 4019 794 4081 vincamur
809 4038 872 4084 mo
925 4017 1014 4090 dens,
1036 4015 1240 4078 Innocentius
1264 4015 1332 4077 seni
1358 4016 1522 4098 respondit
1543 4033 1550 4078 :
1571 4015 1670 4090 Pater,

19 4143 24 4152 ·
76 4112 224 4186 ,lestiis
244 4121 300 4174 ant
318 4113 471 4188 tumultu,
487 4115 624 4178 scientes
638 4117 742 4197 (iuxta
763 4119 871 4180 Archi·
925 4115 1085 4196 quomodo
1105 4113 1257 4196 possibile
1276 4120 1324 4176 est
1342 4113 1505 4175 hominem
1524 4113 1672 4176 obedian-

112 4211 316 4294 apostolum)
330 4213 474 4274 eamdem
496 4215 677 4296 passionem
697 4217 725 4276 ei
746 4235 816 4298 quaa
837 4217 909 4284 inl)
925 4213 976 4276 tias
1004 4232 1041 4275 aa
1066 4212 1226 4295 patientie
1248 4219 1446 4294 operatorem
1476 4213 1580 4275 morit
1604 4210 1672 4285 Quo

114 4309 243 4372 mundo
267 4315 326 4382 ast,
349 4318 464 4374 nostrae
489 4311 677 4376 lratemitati
702 4313 785 4388 lieri,
810 4315 869 4378 boc
924 4312 1043 4384 audito,
1075 4318 1250 4393 praeceptor
1279 4310 1455 4372 innocentii
1487 4310 1604 4372 timens
1634 4329 1670 4372 ac

113 4417 177 4482 est,
210 4408 356 4470 eamdem
386 4409 636 4485 tribulationem,
663 4413 868 4476 tentationem
925 4419 1075 4485 tremens,
1093 4409 1124 4472 in
1147 4409 1262 4471 faciem
1287 4408 1413 4482 cecidit,
1431 4427 1504 4471 cnm
1530 4409 1670 4472 lacrImis

112 4527 174 4571 seu
201 4507 457 4588 persecutionem
480 4527 576 4592 quam
598 4511 695 4573 ceteri
718 4512 811 4574 electi
836 4513 869 4576 in
924 4509 1101 4591 poenitans;
1127 4515 1158 4570 et
1182 4514 1342 4570 exstructa
1365 4507 1427 4568 sibi
1450 4507 1541 4587 juxta
1564 4507 1670 4589 sepul·

113 4605 244 4669 mundo
266 4605 342 4667 bino
362 4607 435 4670 inde
457 4608 604 4690 dIspersi,
620 4609 796 4691 patiuntur,
811 4628 869 4674 nos
925 4625 1015 4669 crum
1039 4606 1138 4669 sancti
1164 4605 1271 4668 iratrIs
1294 4605 1471 4668 innocentii
1497 4605 1587 4680 cella,
1611 4605 1671 4668 ibi·

112 4705 196 4790 pati.
216 4704 288 4766 Ideo
310 4722 372 4767 non
398 4706 563 4782 miremur,
584 4727 643 4770 nec
667 4708 868 4790 dejiciamur,
923 4706 996 4769 dem
1019 4707 1058 4769 de
1080 4713 1186 4769 cetero
1206 4704 1287 4767 vixit
1308 4705 1464 4785 religiose.
