4154 6258
408 469 468 536 ⁴86
744 486 891 533 hebraica
912 485 976 530 xvll
997 484 1070 529 POST
1091 482 1286 528 TRlNl'l'ATllbl.
1305 499 1345 510 -
1366 481 1465 528 SEREO
1485 481 1595 527 Fatuus

442 659 594 722 Praeterea
607 655 836 738 praeinductum
848 655 1071 716 documentum
1082 652 1161 733 Apo
1174 649 1199 713 A
1214 651 1358 732 graviora
1372 649 1422 712 his
1438 649 1556 713 seelera
1572 649 1680 731 vigent
1697 648 1732 710 in
1748 647 1804 710 eis.
1820 647 1844 712 0
1860 665 1938 730 quam

409 756 563 837 stoli,quo
577 755 721 818 hortatur
736 761 771 814 ut
785 753 880 833 digne
895 750 1095 812 ambulemus
1109 765 1161 810 vo
1215 750 1306 830 pauci
1327 749 1478 811 incedunt
1499 767 1558 830 per
1577 755 1697 809 arctam
1720 747 1805 808 viam
1828 746 1938 808 salutis!

409 854 533 916 catione
553 871 615 934 qua
635 851 738 914 vocati
759 869 881 923 sumus,
900 866 963 911 non
985 847 1088 910 solum
1111 853 1160 908 est
1214 848 1287 910 ldeo
1307 849 1336 910 S.
1354 847 1485 928 Brigitta
1505 846 1538 908 in
1558 844 1816 910 Revelatiorribus
1834 844 1903 916 suis,
1917 854 1940 906 et

411 950 653 1031 intelligendum
680 950 774 1011 modo
799 954 960 1029 praetacto,
977 954 1012 1006 ut
1036 944 1159 1008 seilicet
1214 946 1268 1008 alii
1294 946 1425 1027 quidam
1454 945 1571 1018 Sancti,
1598 944 1738 1007 latentur
1761 951 1792 1006 et
1817 943 1940 1005 scribunt

409 1049 499 1130 juxta
514 1047 698 1111 eommunia
714 1044 906 1127 evangelicae
921 1045 1000 1125 legis
1016 1042 1158 1105 ambule·
1215 1045 1299 1126 quod
1314 1044 1396 1106 sicut
1413 1044 1497 1106 cadit
1512 1044 1566 1106 nix
1582 1050 1820 1126 superterram,
1835 1042 1877 1103 sic
1890 1041 1940 1104 ani-

411 1166 483 1209 mus
508 1152 677 1228 praecepta,
699 1145 737 1206 ad
762 1161 899 1225 quorum
924 1140 1158 1205 observantiam
1215 1163 1274 1206 mae
1296 1150 1449 1205 corruunt
1470 1143 1503 1204 in
1526 1142 1697 1204 infernum.

411 1244 554 1306 universi
577 1249 737 1316 tenentur,
753 1259 865 1303 verum
889 1241 985 1302 etiam
1008 1246 1043 1300 ut
1062 1257 1158 1300 unus·
1253 1242 1381 1322 Legitur
1396 1241 1429 1302 in
1445 1241 1585 1304 seeundo
1599 1240 1682 1303 libro
1696 1239 1937 1307 blachabaorum.

410 1343 549 1424 quisque
564 1360 601 1404 ea
615 1339 788 1422 adimpleat
808 1339 847 1401 ad
863 1357 933 1420 qua
949 1338 1069 1399 ratione
1089 1355 1158 1418 spe·
1214 1341 1298 1421 quod
1312 1359 1413 1420 quum
1428 1339 1602 1401 Antiochus
1623 1357 1678 1400 rex
1698 1339 1820 1400 sederet
1834 1337 1864 1399 in
1882 1355 1939 1398 eur·
1961 1348 2027 1390 lte

411 1440 501 1502 cialis
517 1446 617 1501 status
632 1456 689 1500 seu
704 1438 819 1519 gradus
835 1437 887 1498 vel
903 1435 1025 1498 ordinis
1040 1433 1158 1514 obliga·
1215 1457 1263 1512 ru,
1293 1446 1325 1501 et
1354 1457 1483 1500 currum
1514 1436 1624 1518 agitari
1658 1437 1851 1520 praeciperet,
1879 1415 2024 1517 quiaLmfflq

410 1545 480 1599 tur:
491 1545 526 1598 ut
541 1536 665 1598 scilicet
679 1535 818 1616 religiosi
835 1552 891 1596 seu
908 1532 1055 1595 monaehi
1070 1532 1160 1611 juxta
1215 1543 1323 1599 eontra
1336 1536 1459 1599 Judaeos
1476 1535 1536 1597 luit
1550 1534 1779 1608 inflammatus,
1794 1533 1938 1614 voluitque

411 1653 541 1696 suarum
563 1632 742 1714 regularum
764 1632 874 1694 vivant
892 1639 1048 1704 tenorem,
1069 1646 1160 1690 cano·
1214 1653 1268 1696 eos
1283 1634 1414 1697 omnino
1431 1634 1605 1706 destruere,
1622 1633 1706 1695 Deus
1721 1633 1854 1715 plagavit
1866 1651 1936 1704 eum,

410 1732 473 1795 nici
490 1749 617 1813 quoque
631 1731 721 1811 juxta
736 1730 862 1792 decreta
876 1746 1070 1791 summorum
1086 1728 1161 1788 Pon·
1215 1733 1259 1796 ita
1278 1733 1362 1815 qnod
1385 1734 1500 1795 cadens
1522 1733 1562 1794 de
1581 1751 1688 1804 curru,
1705 1730 1883 1812 gravissime
1899 1730 1938 1791 la-

410 1831 537 1893 tilioum
566 1830 612 1891 eis
642 1828 783 1910 praelixa,
809 1827 958 1890 similiter
981 1828 1158 1888 sacerdotes
1177 1826 1200 1888 B
1216 1851 1269 1893 sus
1293 1838 1349 1892 est.
1377 1832 1510 1912 insuper
1534 1830 1642 1892 dolore
1669 1828 1834 1890 incurabili
1857 1828 1938 1888 visce-

410 1927 588 1990 seeundum
608 1933 724 1988 statuta
744 1926 790 1988 eis
813 1933 981 2007 praecepta,
998 1924 1158 2004 conjugati
1215 1949 1285 1990 rum
1303 1930 1385 1990 Deus
1401 1947 1475 1990 eum
1495 1927 1663 2009 percussit,
1682 1927 1714 1988 in
1734 1933 1850 1988 tantum
1868 1925 1936 2006 quod

410 2027 507 2088 etiam
535 2031 631 2108 prout
654 2025 693 2086 ad
723 2043 833 2087 eorum
862 2024 1001 2106 pertinet
1029 2030 1157 2095 statum,
1214 2045 1339 2089 vermes
1364 2026 1402 2088 de
1427 2026 1498 2106 ejus
1522 2043 1655 2106 corpore
1679 2024 1892 2092 scaturiebant,
1913 2031 1936 2084 el

410 2132 567 2207 quatenus
592 2123 642 2185 vir
669 2122 776 2185 debito
800 2123 896 2186 modo
920 2141 954 2184 se
977 2121 1091 2183 habeat
1120 2121 1158 2183 ad
1214 2125 1308 2187 loetor
1332 2132 1397 2186 tam
1422 2125 1544 2204 ingens,
1571 2123 1657 2204 quod
1683 2122 1843 2205 proprium
1870 2121 1937 2182 terre

410 2241 501 2284 suam
527 2240 671 2296 uxorem,
694 2229 724 2283 ct
748 2239 931 2295 econverso,
957 2229 989 2283 et
1012 2229 1159 2302 parentes
1214 2223 1360 2305 nequivit
1383 2222 1539 2284 loetorem.
1561 2222 1649 2283 Tune
1671 2220 1841 2282 Antiochus
1862 2237 1938 2280 rem-

410 2321 449 2382 ad
466 2320 607 2382 sobolem
624 2337 727 2392 suam,
743 2325 775 2381 et
790 2337 973 2393 econverso,
990 2318 1159 2398 unusquis·
1214 2321 1300 2382 tione
1316 2321 1500 2392 instructus,
1518 2320 1665 2381 rediitad
1681 2337 1715 2380 se
1732 2319 1842 2400 ipsum,
1857 2325 1885 2378 et
1901 2316 1937 2376 di·

410 2437 473 2500 que
488 2435 615 2499 quoque
630 2417 669 2478 ad
685 2435 758 2480 suos
774 2418 1000 2498 superiores,et
1015 2434 1160 2478 econver-
1215 2418 1260 2480 xit
1286 2436 1293 2479 τ
1317 2418 1441 2480 lustum
1466 2425 1515 2478 est
1543 2416 1708 2479 subditum
1733 2435 1799 2478 esse
1826 2416 1892 2486 Deo,
1913 2422 1937 2475 et

410 2532 455 2577 so.
469 2515 543 2588 Quae
558 2515 666 2577 omnia
681 2515 925 2596 adimplere,est
940 2517 978 2577 de
994 2516 1159 2577 necessita·
1215 2517 1380 2580 mortalem
1405 2533 1469 2577 nou
1494 2514 1582 2597 paria
1604 2515 1669 2577 Deo
1693 2515 1818 2576 sentire.
1837 2513 1937 2576 Deinde

410 2620 441 2674 te
458 2613 579 2686 salutis,
597 2620 628 2676 et
648 2632 762 2694 magna
780 2614 900 2694 indiget
918 2615 1027 2694 gratia,
1046 2632 1159 2694 magna
1213 2616 1316 2678 oravit
1338 2615 1450 2687 Deum,
1472 2621 1504 2676 et
1527 2612 1628 2675 multa
1652 2613 1736 2675 bona
1758 2631 1791 2674 se
1812 2611 1938 2694 promisit

411 2711 551 2774 custodia
566 2712 791 2794 praecipuoque
806 2720 926 2774 conatu.
936 2713 1064 2794 Propter
1076 2712 1157 2793 quod
1214 2715 1385 2786 iacturum,
1402 2732 1438 2774 ac
1453 2713 1685 2774 honoraturum
1699 2712 1819 2774 ludaeos
1832 2718 1861 2772 et
1873 2719 1937 2770 tem-

263 2827 396 2878 erariam,
411 2809 578 2872 verissime
598 2817 729 2872 testatus
749 2817 797 2872 est
815 2811 958 2873 Christus
976 2828 982 2871 :
999 2812 1092 2871 Arcta
1111 2818 1159 2870 est
1215 2814 1315 2896 plum,
1334 2813 1547 2892 universaque
1569 2810 1638 2872 loca
1656 2829 1746 2872 saera
1765 2829 1797 2870 se
1815 2809 1936 2870 visitatu·

264 2895 297 2934 lt.

263 2954 396 3006 mamae.
412 2908 463 2969 Via
478 2926 548 2988 ΨΜ
563 2908 652 2969 dflssll
666 2909 705 2970 ἃᾶ
721 2909 834 2988 Vll⁸ffl3
852 2908 1003 2989 itemque,
1015 2909 1158 2988 Regnum
1213 2930 1296 2983 rum,
1307 2911 1451 2973 ludaeum
1468 2926 1595 2990 quoque
1611 2927 1644 2970 se
1660 2927 1730 2970 esse
1744 2907 1876 2969 laturum
1892 2923 1898 2965 :
1912 2913 1936 2964 ct

412 3005 567 3068 coelorum
588 3006 655 3067 vim
677 3006 806 3087 patitur,
823 3013 855 3068 et
875 3006 1006 3068 violenti
1032 3007 1159 3088 rapiunt
1174 3011 1195 3073 C
1213 3018 1331 3082 tamen,
1358 3009 1441 3070 sieut
1466 3007 1597 3090 praelato
1621 3006 1777 3088 scriptum
1804 3013 1848 3066 est
1868 3004 1934 3072 loco,

264 3122 396 3174 aramma.
412 3103 491 3166 illud
501 3121 509 3182 3
526 3111 620 3185 atque
634 3104 897 3186 Apostolus:Non
914 3113 1082 3166 coronatur
1097 3105 1158 3166 nisi
1216 3107 1466 3170 misericordiam
1487 3123 1549 3167 non
1570 3112 1619 3167 est
1638 3111 1823 3166 consecutus
1841 3121 1857 3163 a
1875 3102 1933 3162 [teo.

412 3203 468 3283 qui
494 3201 635 3282 legitime
659 3202 837 3264 certaverit.
854 3203 992 3282 Agamus
1016 3220 1090 3283 ergo
1115 3205 1160 3265 vi·
1215 3206 1312 3284 Cujus
1329 3223 1456 3266 oausam
1471 3200 1935 3283 assignantdoctores,quoniam

412 3300 524 3375 riliter,
546 3308 578 3361 et
594 3299 684 3380 juxta
704 3301 869 3383 praesentis
892 3301 1033 3382 epistolae
1057 3321 1159 3363 sacra·
1215 3311 1279 3365 tota
1294 3304 1364 3383 ejus
1379 3301 1577 3385 poenitentia,
1594 3301 1695 3363 oratio
1714 3309 1806 3382 atque
1825 3297 1936 3380 pmmis-

412 3399 536 3460 tissima
559 3399 761 3473 documenta,
788 3400 912 3461 studeat
938 3400 1159 3480 unusquisque
1215 3403 1262 3464 sio
1278 3421 1316 3463 ex
1333 3400 1440 3463 servili
1457 3399 1543 3462 venit
1558 3399 1685 3472 timore,
1702 3417 1764 3461 non
1780 3417 1815 3460 er
1829 3398 1887 3459 zelo
1897 3395 1936 3475 ju·

412 3497 508 3578 digne
527 3516 585 3558 sua
604 3497 770 3559 vocatione
790 3515 896 3559 coram
911 3497 1074 3560 Altissimo
1093 3517 1159 3559 am·
1215 3500 1319 3573 stitiae,
1336 3517 1440 3580 neque
1455 3516 1493 3560 ex
1509 3497 1564 3559 Dei
1584 3515 1702 3559 amore.
1721 3498 1766 3559 Ex
1784 3514 1842 3578 quo
1858 3495 1935 3577 plane

412 3594 534 3666 bulare‚
550 3595 726 3677 praesertim
749 3596 824 3677 quia
846 3596 1004 3676 ingratum
1024 3605 1073 3658 est
1091 3597 1159 3678 Spi-
1215 3597 1363 3679 exemplo
1377 3597 1470 3658 datur
1484 3595 1618 3676 intelligi
1633 3614 1731 3677 quam
1748 3594 1933 3678 periculosum

413 3693 488 3756 ritui
511 3693 624 3755 Sancto
644 3693 800 3775 quidquid
820 3694 849 3754 ei
869 3693 1091 3768 obtulerimus,
1108 3714 1160 3756 ne·
1215 3696 1256 3758 sit
1278 3694 1499 3777 poenitentiam
1520 3711 1620 3774 usque
1642 3694 1681 3756 ad
1701 3711 1830 3774 agonem
1847 3691 1934 3754 diller·

413 3790 517 3871 glecto
539 3807 576 3852 eo
598 3791 635 3852 ad
658 3792 742 3872 quod
764 3799 920 3853 tenemur.
1216 3813 1260 3869 re,
1287 3803 1318 3855 et
1342 3794 1417 3854 item
1443 3792 1528 3874 quod
1552 3792 1684 3874 plurimi
1709 3793 1849 3854 videntur
1872 3797 1933 3850 tunc

454 3888 616 3961 Praeterea,
640 3906 740 3968 quum
762 3889 853 3968 juxta
877 3890 1071 3971 praescripta,
1095 3899 1159 3952 tam
1215 3895 1381 3976 poenitere,
1399 3899 1430 3954 et
1444 3899 1550 3954 tamen
1566 3909 1629 3954 non
1645 3891 1776 3973 prodest
1789 3891 1831 3953 eis
1843 3889 1875 3952 ad
1892 3906 1932 3948 ae·

414 3985 565 4060 virtuosa,
588 3987 651 4067 pia,
676 3985 812 4067 simplex
836 3994 867 4048 et
891 3987 1023 4048 humilis
1048 3989 1161 4051 debeat
1216 4010 1283 4053 ram
1299 3989 1610 4070 salutem,quoniam
1626 4006 1665 4050 ex
1681 3989 1788 4051 servili
1804 3987 1933 4070 peniteat

414 4083 665 4146 Christianorum
688 4083 752 4144 vita
773 4084 936 4159 exsistere,
960 4103 1065 4148 nonne
1085 4087 1160 4148 hinc
1216 4096 1247 4151 et
1262 4088 1458 4150 confitentur
1471 4088 1595 4149 timore.
1613 4087 1832 4148 Verumtamen
1846 4085 1934 4164 despe

413 4182 694 4244 vehementissime
710 4189 758 4243 est
772 4181 943 4244 dolendum
959 4203 996 4245 ac
1010 4183 1158 4260 flendum,
1176 4189 1200 4250 l)
1217 4187 1296 4248 ratio
1325 4186 1404 4247 nulli
1430 4194 1477 4248 est
1502 4184 1730 4268 persuadenda.
1757 4185 1813 4247 Sed
1836 4183 1932 4246 ideirco

414 4281 498 4363 quod
526 4281 665 4363 populus
690 4281 882 4342 christianus
908 4281 939 4342 in
965 4282 1051 4344 omni
1078 4291 1159 4346 statu
1216 4287 1283 4348 haec
1312 4285 1421 4359 recito,
1449 4292 1483 4346 ut
1511 4283 1678 4346 certiorem
1704 4284 1931 4362 securioremque

412 4380 478 4460 jam
494 4379 533 4441 ad
549 4388 668 4442 tantam
684 4379 812 4442 devenit
828 4379 965 4454 ruinam,
981 4380 1019 4442 ad
1035 4389 1098 4443 tam
1115 4383 1161 4442 in-
1216 4384 1299 4447 vinm
1315 4383 1412 4464 eligat
1425 4381 1759 4463 unusquisque,atque
1774 4383 1843 4443 dum
1856 4397 1931 4442 santis

413 4478 592 4538 timoratam
623 4478 905 4559 seandalosamque
934 4479 1054 4541 vitaml
1079 4480 1159 4542 Ecce
1216 4490 1245 4544 et
1263 4490 1374 4562 potens
1395 4499 1431 4543 ae
1449 4480 1578 4560 juvenis
1599 4487 1657 4554 est,
1674 4481 1825 4561 poenitere
1839 4497 1870 4540 ae
1884 4477 1930 4538 lieo

414 4575 500 4637 enim
516 4584 633 4656 quanta
648 4584 696 4638 est
711 4594 822 4638 eorum
838 4577 971 4652 vanitas,
983 4579 1158 4653 curiositas,
1215 4580 1335 4642 servire
1351 4597 1414 4641 non
1430 4578 1569 4659 negligat
1583 4577 1639 4659 qui
1655 4578 1694 4639 ad
1710 4580 1829 4640 senium
1844 4585 1870 4640 et
1883 4575 1931 4635 lan·

414 4691 533 4754 pompa
551 4680 583 4734 ct
600 4674 722 4735 novitas
742 4675 773 4736 in
789 4675 918 4749 vestitu,
935 4684 1052 4757 quanta
1073 4677 1159 4738 incu—
1214 4698 1345 4759 guorem
1362 4677 1503 4741 nondum
1519 4677 1657 4739 devenit.
1673 4678 1768 4740 Porro
1787 4677 1837 4759 qui
1854 4676 1928 4738 distu-

415 4772 517 4834 stodia
533 4772 565 4833 in
586 4771 754 4852 loquendo,
771 4781 889 4854 quauta
904 4773 1109 4854 superfluitas
1126 4775 1158 4836 in
1214 4777 1252 4838 lit
1271 4795 1372 4858 usque
1391 4777 1430 4837 ad
1451 4776 1576 4838 senium
1592 4782 1625 4837 et
1643 4775 1835 4855 languorem,
1849 4773 1928 4835 doleat

415 4869 487 4932 cibo
516 4878 548 4932 et
577 4877 664 4950 potu,
690 4879 807 4950 quanta
834 4873 943 4934 acedia
971 4873 1009 4935 ad
1039 4873 1157 4948 divina,
1214 4894 1248 4937 se
1262 4875 1425 4937 distulisse
1440 4874 1573 4946 tamdiu,
1590 4882 1622 4936 et
1637 4873 1764 4936 invocet
1783 4871 1929 4934 misericor·

413 4988 509 5051 quam
526 4967 619 5030 facile
635 4975 747 5029 mutuo
761 4967 951 5045 irascuntur,
963 4975 1159 5035 contendunt
1214 4974 1298 5035 diam
1319 4972 1373 5034 Dei
1396 4973 1595 5044 immensam,
1613 4981 1648 5034 ut
1662 4990 1746 5035 verae
1766 4967 1928 5054 paenitentia

411 5087 447 5130 ac
463 5074 614 5150 pugnant.
630 5065 743 5129 Nullus
760 5067 829 5128 vult
842 5069 961 5150 aliquid
978 5071 1041 5152 pati
1057 5091 1075 5133 a
1091 5090 1160 5153 pro·
1212 5072 1345 5152 gratiam
1371 5071 1433 5133 sibi
1462 5071 1610 5150 dignetur
1635 5070 1815 5144 infundere,
1837 5086 1886 5130 nec
1904 5083 1928 5124 se

412 5167 509 5239 ximo,
526 5167 643 5247 vixque
667 5184 686 5228 a
707 5165 925 5247 superioribus
949 5169 1016 5230 suis
1040 5171 1157 5252 corripi
1212 5169 1404 5234 aeternaliter
1420 5169 1583 5250 permittat
1598 5165 1712 5249 perire.
1725 5171 1771 5232 Ad
1787 5168 1895 5231 laudem
1907 5169 1928 5224 et

413 5265 524 5327 volunt
538 5283 574 5327 ac
590 5264 716 5346 corrigi,
734 5273 765 5326 et
783 5264 846 5327 alia
866 5266 1112 5329 innumerabilia
1127 5277 1157 5330 et
1211 5269 1345 5352 gloriam
1367 5266 1508 5330 nominis
1529 5267 1577 5328 sui
1601 5267 1749 5348 piissimi.
