4140 6258
436 490 496 554 292
705 509 852 556 DoiilNiiiA
873 510 927 556 vni
947 509 1020 555 rost
1040 507 1234 556 TlilNlTA'lDli.
1253 525 1293 536 -
1313 507 1488 555 ENAliliA'ilO
1508 509 1540 554 lii
1560 508 1727 556 Ei’lSTDLAH

436 679 483 742 Ad
498 687 605 744 actum
626 698 764 762 namque
782 679 982 743 meritorium
997 697 1061 742 non
1079 677 1183 741 solum
1199 675 1225 740 A
1240 677 1377 761 Spiritus
1392 677 1537 753 Sanctus,
1553 677 1685 760 spiritus
1704 677 1873 752 servitutis,
1887 678 1965 742 ratio

437 777 613 860 requiritur
626 778 727 859 gratia
746 778 928 853 habitualis,
945 778 1001 840 sed
1016 777 1113 839 etiam
1134 795 1184 838 ac·
1239 795 1280 839 nc
1295 776 1345 838 sui
1361 776 1509 850 eftectus,
1521 776 1597 859 quia
1611 776 1688 840 tacit
1703 775 1833 840 servire.
1848 776 1901 839 Per
1914 777 1966 859 spi·

440 876 534 939 tualis
554 877 652 940 motio
668 877 804 959 Spiritus
821 876 927 940 Sancti
944 883 1083 939 mentem
1101 873 1185 937 exci-
1240 874 1337 937 ritum
1366 893 1443 938 vero
1474 875 1665 957 adoptionis,
1697 873 1847 958 inteiligit
1875 874 1967 938 Glossa

440 975 535 1036 tantis
549 974 588 1037 ad
603 973 733 1037 bonum.
746 975 877 1056 Propter
892 973 976 1056 quod
992 973 1087 1035 isaias
1102 990 1186 1034 asse·
1241 974 1390 1036 eumdem
1412 973 1566 1056 Spiritum
1590 973 1742 1036 Sanctum
1765 973 1903 1036 homines
1922 993 1968 1056 per

292 1093 425 1144 remen.
441 1073 505 1135 rit:
523 1074 667 1148 Domine,
684 1073 791 1137 omnia
806 1091 902 1155 opera
917 1080 1024 1136 nostra
1038 1078 1185 1155 operatus
1241 1071 1374 1152 gratiam
1396 1073 1609 1154 adoptantem.
1628 1071 1666 1133 lit
1689 1072 1859 1134 concordat
1877 1071 1969 1136 Glossa

439 1191 473 1235 es
497 1171 530 1234 in
551 1171 656 1236 nobis.
673 1172 761 1235 Unde
779 1172 950 1256 Apostolus
969 1178 1184 1256 protestatur:
1241 1170 1419 1251 Augustino
1443 1171 1562 1233 dicenti
1586 1188 1592 1232 :
1615 1169 1696 1233 Cave
1719 1188 1760 1232 ne
1782 1187 1821 1232 cr
1844 1188 1879 1233 eo
1898 1171 1968 1254 quod

290 1284 425 1342 recreer.
439 1271 523 1334 Deus
546 1279 595 1334 est
619 1269 675 1353 qui
699 1278 850 1352 operatur
874 1270 907 1333 in
932 1270 1024 1334 nobis
1049 1268 1131 1332 velie
1155 1276 1187 1332 et
1242 1268 1296 1342 ait,
1313 1268 1468 1349 Spiritum
1493 1269 1666 1342 servitutis,
1683 1276 1726 1342 ct,
1742 1268 1893 1351 Spiritum
1911 1269 1969 1332 ado

293 1350 326 1391 ¹³·
439 1366 607 1451 perlicere.
633 1369 800 1451 Deinceps,
824 1368 948 1430 adhoc
972 1368 1057 1450 qnod
1080 1367 1187 1429 anima
1242 1366 1543 1448 ptionis,divcrsum
1559 1365 1837 1450 intelligas,qunm
1850 1367 1969 1429 siturus

440 1485 539 1549 capax
563 1467 604 1530 sit
626 1467 724 1548 hujus
754 1466 1006 1548 supernaturalis
1031 1464 1186 1528 motionis
1241 1472 1336 1547 atque
1352 1465 1438 1527 idem
1453 1464 1602 1548 Spiritus,
1619 1466 1676 1548 qui
1696 1465 1729 1528 in
1744 1466 1894 1528 Trinitate
1908 1466 1970 1529 dici·

440 1564 577 1647 Spiritus
592 1565 709 1638 Sancti,
725 1565 846 1645 indiget
866 1564 1058 1648 quibusdam
1078 1581 1187 1646 super·
1242 1570 1294 1624 tur
1317 1562 1454 1645 Spiritus
1478 1563 1612 1626 Sanctus
1633 1583 1640 1626 :
1662 1563 1746 1646 quod
1769 1571 1802 1627 et
1819 1563 1970 1646 Apostolus

439 1661 638 1725 naturalibus
653 1661 827 1738 habitibus,
844 1680 901 1745 per
915 1680 995 1744 quos
1010 1667 1135 1744 aptetur
1149 1678 1186 1722 ac
1242 1661 1358 1735 innuit,
1374 1660 1495 1736 dicens,
1512 1662 1641 1725 iterum.
1659 1661 1719 1724 Sed
1739 1669 1870 1745 propter
1884 1662 1970 1724 diver·

438 1760 626 1843 disponatur
642 1761 681 1823 ad
701 1760 943 1843 suscipiendum
960 1766 1107 1841 prompte
1122 1776 1187 1822 mo·
1242 1774 1292 1819 sos
1314 1757 1450 1820 eftectus
1474 1758 1676 1821 dissimiliter
1698 1759 1968 1823 nominatarum

437 1857 558 1921 tionem
583 1866 776 1942 pretectam.
794 1858 833 1920 Et
851 1857 979 1920 habitus
1000 1857 1053 1920 isti
1072 1875 1185 1920 vocan·
1204 1852 1273 1917 Βθῖ
1287 1855 1327 1918 de
1346 1856 1459 1919 eodem
1478 1856 1599 1939 Spiritu
1621 1856 1795 1920 subditur:
1813 1858 1881 1939 lpse
1899 1856 1970 1919 enirn

436 1964 488 2017 tur
501 1957 584 2021 dona
599 1956 736 2040 Spiritus
751 1955 947 2038 Sancti,quae
962 1963 1085 2038 septem
1101 1961 1185 2030 sunt,
1241 1953 1377 2036 Spiritus
1401 1953 1621 2018 testimonium
1649 1956 1754 2018 reddit
1783 1955 1908 2041 spiritui
1928 1973 1971 2018 no

435 2062 557 2118 etsunt
574 2054 703 2118 habitus
722 2053 980 2137 supernaturales
1001 2053 1111 2128 infusi,
1129 2072 1186 2136 per
1241 2059 1317 2128 stro,
1346 2054 1433 2136 quod
1460 2053 1523 2116 tilii
1551 2053 1609 2117 Dei
1641 2073 1763 2117 sumus.
1794 2055 1880 2118 Alias
1906 2054 1971 2117 duu

435 2170 515 2234 quos
534 2153 642 2216 anima
656 2153 696 2216 lit
712 2152 794 2216 bene
814 2159 1025 2235 prompteque
1044 2151 1184 2226 mobilis,
1241 2151 1455 2233 expositiones
1474 2152 1571 2233 hujus
1593 2151 1655 2217 loci
1675 2152 1840 2216 introduxi
1855 2153 1888 2216 in
1901 2171 1971 2216 com-

435 2250 549 2315 docilis
570 2269 607 2314 ac
629 2251 801 2333 dirigibilis
822 2271 841 2314 a
862 2251 984 2334 Spiritu
1006 2251 1129 2314 Sancto.
1148 2249 1186 2312 ht
1241 2249 1397 2314 monterio
1421 2269 1518 2332 super
1541 2251 1693 2333 epistolas
1717 2251 1816 2314 Pauli.
1842 2253 1901 2314 ista
1926 2269 1972 2333 pro

436 2349 634 2432 quicumque
653 2359 701 2413 θεῖ
720 2350 754 2412 in
769 2350 900 2412 caritate
915 2357 947 2412 et
961 2349 1073 2431 gratia,
1089 2348 1186 2412 habet
1240 2348 1389 2429 praesenti
1404 2347 1555 2411 sulliciat.
1572 2349 1800 2412 Verumtamen
1816 2349 1973 2432 praehabita

437 2448 615 2511 secundum
631 2448 770 2531 aliquem
786 2448 919 2529 gradum
935 2448 1003 2511 haec
1019 2447 1108 2521 dona,
1119 2447 1185 2529 agi·
1240 2464 1304 2509 non
1327 2445 1371 2509 ita
1393 2454 1468 2510 sunt
1490 2446 1707 2528 intelligenda,
1729 2447 1811 2530 quin
1834 2449 1867 2512 in
1888 2447 1972 2512 veteri

436 2555 490 2609 tur
504 2563 631 2629 quoquc
646 2564 665 2609 a
679 2547 801 2629 Spiritu
819 2547 934 2610 Sancto
948 2553 1104 2629 quantum
1121 2546 1185 2608 exi·
1240 2545 1440 2608 testamento
1462 2545 1594 2628 plurimi
1618 2554 1814 2628 aeceperunt
1838 2547 1972 2629 spiritum

435 2645 482 2726 git
503 2653 603 2708 status
624 2643 745 2709 salutis.
1238 2643 1419 2726 adoptionis
1437 2644 1581 2708 liliorum
1597 2644 1664 2708 Dei.
1681 2645 1748 2710 lmo
1765 2663 1879 2710 omnes
1894 2645 1973 2708 electi

475 2743 609 2826 insuper
628 2742 759 2827 ponitur
778 2743 859 2806 ratio
877 2761 935 2806 cur
954 2742 1140 2818 moriemur,
1156 2743 1184 2806 si
1238 2741 1420 2806 habuerunt
1442 2743 1529 2806 hunc
1553 2743 1714 2826 spiritum,
1730 2761 1795 2808 non
1817 2753 1920 2808 autem
1941 2761 1973 2806 er

434 2843 612 2906 secundum
636 2860 765 2907 carnem
789 2841 975 2906 vixerimus.
996 2843 1072 2906 Non
1095 2843 1184 2903 enim
1239 2838 1318 2921 lege,
1340 2859 1445 2924 neque
1465 2841 1658 2924 perlegam,
1678 2843 1835 2926 quoniam
1855 2843 1974 2926 gratim
2062 2835 2063 2868 ³

434 2943 602 3019 accepistis
625 2942 783 3018 spiritum
807 2942 977 3002 servitutis
1001 2941 1123 3002 iterum
1147 2942 1181 3001 tn
1239 2955 1302 3002 non
1322 2938 1506 3002 continebat
1525 2958 1585 3003 neo
1605 2940 1700 3003 dabat
1719 2941 1805 3005 sicut
1825 2943 1876 3008 lex
1894 2959 1972 3014 nova,

435 3041 563 3110 timore,
579 3039 639 3103 hoc
661 3046 720 3114 est,
734 3039 801 3121 jam
824 3046 968 3121 tempore
992 3038 1183 3120 evangelice
1201 3041 1223 3105 C
1239 3038 1295 3101 sed
1318 3057 1357 3101 ex
1380 3039 1445 3101 Deo
1473 3057 1532 3121 per
1559 3037 1660 3102 iidem
1690 3059 1754 3123 qua
1782 3042 1973 3105 crediderunt

435 3137 514 3219 legis
534 3145 567 3201 et
585 3138 705 3220 gratiae,
721 3155 786 3202 non
806 3144 855 3202 est
869 3136 960 3201 vobis
979 3136 1071 3199 datus
1092 3138 1184 3220 spiri·
1238 3136 1272 3198 in
1292 3136 1453 3200 Christum
1473 3144 1647 3202 venturum
1668 3137 1823 3220 explicite
1844 3140 1909 3204 sive
1928 3140 1974 3202 im·

434 3244 487 3300 tus
504 3237 546 3300 ad
565 3237 771 3302 serviendum
786 3238 850 3301 Deo
870 3235 979 3300 servili
994 3236 1120 3310 timore,
1136 3236 1183 3299 vi·
1239 3233 1358 3316 plicita.

434 3336 552 3401 delicet
570 3336 743 3401 formidine
763 3354 877 3419 poenae,
894 3343 930 3399 ut
946 3335 1023 3401 oiim
1039 3343 1183 3418 tempore
1277 3333 1441 3408 Praeterea,
1457 3333 1542 3418 quod
1558 3333 1593 3397 in
1607 3334 1728 3418 Spiritu
1743 3335 1862 3400 Sancto
1877 3337 1974 3400 clame
2061 3339 2062 3402 i

313 3443 381 3488 ncne.
436 3435 514 3517 legis
535 3435 688 3512 liosaiere,
710 3455 782 3518 qua
805 3435 1054 3499 comminatione
1075 3453 1183 3517 poena·
1238 3450 1321 3508 mus,
1336 3431 1427 3496 Abba
1444 3433 1572 3514 (Pater),
1589 3441 1622 3496 et
1642 3435 1744 3498 Deum
1766 3453 1845 3499 vere
1866 3436 1974 3500 Patrem

286 3507 422 3626 ἔξω
436 3553 507 3596 rum
529 3533 655 3598 induxit
669 3534 816 3598 homines
835 3535 875 3597 ad
895 3534 952 3597 Dei
970 3532 1162 3615 obsequium
1172 3551 1181 3614 ;
1237 3547 1400 3607 vocemus,
1411 3531 1486 3594 hinc
1501 3535 1724 3610 constat21pse
1737 3535 1829 3596 enim
1839 3537 1975 3612 Spiritus

435 3635 491 3694 sed
513 3634 681 3710 accepistis
709 3635 867 3710 spiritum
890 3633 1077 3709 adoptionis
1098 3634 1182 3711 filio·
1238 3629 1371 3692 Sanctus
1396 3631 1617 3692 testimonium
1641 3633 1752 3692 reddit
1774 3635 1916 3709 spiritui
1931 3651 1976 3692 ne

435 3751 512 3792 rum
540 3733 615 3802 Dei,
645 3730 677 3794 id
704 3738 754 3795 est
781 3730 932 3815 spiritum
961 3730 1055 3812 cujus
1082 3729 1183 3812 gratia
1237 3735 1318 3797 stro,
1337 3726 1397 3790 hoo
1420 3733 1479 3802 est,
1499 3725 1695 3790 testificatur
1719 3728 1837 3793 onimae
1862 3737 1974 3802 nostro,

434 3826 582 3891 homines
597 3826 787 3910 adoptantur
808 3829 840 3891 in
860 3827 946 3890 filios
967 3827 1034 3901 Dei,
1051 3829 1087 3888 in
1108 3847 1182 3907 quo,
1238 3843 1372 3908 eamque
1396 3843 1587 3907 cognoscere
1615 3825 1692 3891 iacit
1720 3846 1777 3911 per
1807 3829 1976 3911 inspiratio

435 3926 467 3988 id
482 3934 531 3989 θεῖ
545 3926 639 4008 cujus
654 3927 1002 4002 instinctu,ctamamcs
1017 3926 1111 3990 corde
1126 3945 1183 3989 seu
1239 3943 1312 3987 nem
1329 3924 1498 3998 internam,
1509 3931 1565 3988 aut
1581 3943 1638 4007 per
1653 3925 1886 3990 revelationem
1899 3945 1976 4009 aper·
2060 3921 2061 3960 l

433 4042 488 4088 ore
499 4024 829 4104 :Abtc(Poter).Duo
844 4031 919 4086 sunt
933 4023 1183 4098 nomina,unum
1238 4030 1308 4097 tam,
1316 4025 1403 4102 quod
1411 4043 1523 4084 sumus
1530 4025 1600 4101 filii
1606 4025 1669 4085 Det
1676 4023 1829 4106 adoptivi,
1836 4025 1977 4109 quamdiu

433 4122 613 4198 liebraeum,
629 4123 781 4204 aliudque
800 4121 960 4196 Latinum,
981 4121 1066 4185 idem
1086 4121 1183 4204 signi·
1239 4139 1406 4183 manemus
1426 4121 1458 4182 in
1479 4120 1610 4184 caritate
1628 4129 1660 4184 et
1678 4122 1790 4204 gratia.

434 4221 574 4285 licentia.
601 4221 640 4284 Et
663 4228 712 4285 est
740 4239 864 4294 sensus,
890 4220 976 4302 quod
1005 4220 1038 4282 in
1062 4219 1224 4302 SpirituD
1278 4217 1473 4282 'lestiiicatio
1493 4219 1553 4282 ista
1573 4219 1796 4303 multipliciter
1816 4229 1921 4304 potest
1940 4222 1977 4283 in·

435 4321 550 4386 Saudo
573 4337 726 4384 vocamus
750 4319 852 4382 Deum
875 4319 1009 4393 Patrem,
1030 4325 1181 4400 tanquam
1238 4317 1349 4398 telligi.
1375 4317 1492 4392 Primo,
1514 4337 1573 4401 per
1595 4317 1799 4383 manifestam
1824 4321 1978 4385 revelatio

434 4419 576 4503 adoptivi
599 4418 662 4480 lilii
688 4417 771 4499 ejus,
795 4435 835 4480 ex
860 4416 990 4479 caritate
1013 4416 1052 4478 ad
1077 4416 1182 4498 ipsum
1238 4435 1323 4490 nem,
1340 4417 1407 4478 sive
1430 4416 1614 4480 immediate
1632 4415 1692 4479 liat
1710 4437 1729 4479 a
1748 4419 1825 4494 Deo,
1842 4421 1910 4482 sive
1930 4437 1978 4502 per
2059 4477 2060 4492 ,

326 4541 341 4571 a
380 4543 420 4582 m,
435 4516 629 4580 fiducialiter
650 4525 683 4580 θῖ
703 4515 879 4580 affectuose
903 4515 1044 4578 dicentes
1066 4531 1073 4576 :
1094 4515 1184 4578 Pater
1237 4515 1386 4596 angelum
1402 4534 1410 4578 :
1428 4514 1538 4597 sicque
1560 4517 1724 4596 cognoscit
1740 4517 1840 4582 homo
1862 4519 1977 4582 certitu·

435 4621 543 4678 noster
561 4615 618 4697 qui
637 4634 671 4678 es
692 4613 726 4678 in
748 4613 850 4676 eoelis.
1237 4615 1386 4677 dinaliter
1415 4632 1486 4677 esse
1509 4632 1543 4676 se
1566 4613 1755 4696 adoptivum
1784 4615 1893 4680 lilium
1918 4617 1974 4690 Dei,

475 4713 585 4778 Glossa
599 4732 656 4796 per
671 4712 821 4796 spiritum
843 4711 1016 4786 servitutis,
1032 4711 1183 4792 intelligit
1237 4712 1320 4776 sicut
1342 4720 1501 4776 noverunt
1521 4711 1675 4794 Apostoli,
1692 4713 1813 4796 aliique
1833 4717 1897 4779 viri
1917 4735 1977 4799 per-

435 4812 590 4896 Spiritum
606 4813 769 4886 Sanctum,
786 4828 883 4894 aquo
898 4809 1047 4874 cordibus
1061 4811 1182 4874 Judao-
1236 4811 1322 4875 lecti.
1339 4812 1374 4874 in
1390 4830 1526 4893 quorum
1542 4830 1678 4895 persona
1692 4811 1837 4895 loquitur
1850 4815 1973 4878 Paulus:

434 4932 507 4976 rum
531 4913 678 4976 incussus
703 4910 765 4974 init
787 4911 886 4973 timor
909 4909 1044 4972 servilis.
1066 4910 1124 4984 Qui
1148 4911 1181 4973 in
1235 4911 1303 4974 Non
1320 4909 1469 4992 spiritum
1485 4907 1582 4992 hujus
1597 4910 1709 4973 mundi
1723 4913 2059 4995 accepimussctrecr

433 5020 587 5095 quantum
612 5019 662 5075 est
684 5012 790 5085 timor,
817 5016 865 5074 est
888 5008 1003 5082 bonus,
1029 5009 1180 5092 quoniam
1236 5009 1384 5093 spiritum
1404 5008 1460 5091 qui
1479 5027 1518 5071 ex
1537 5009 1602 5073 Deo
1620 5017 1679 5084 est,
1697 5019 1732 5072 ut
1750 5012 1894 5076 sciamus
1913 5033 1973 5096 qua
2058 5001 2059 5004 ¹

432 5112 596 5175 retrahite
612 5117 744 5195 peccato
763 5116 796 5172 θῖ
815 5107 956 5190 disponit
970 5106 1010 5169 ad
1027 5107 1179 5188 gratiam3
1234 5108 1331 5171 aDeo
1347 5107 1460 5170 donata
1475 5115 1550 5171 sunt
1564 5107 1667 5172 nobis,
1677 5109 1729 5172 Sic
1742 5113 1877 5192 agnovit
1890 5113 1974 5176 Abra·

433 5211 488 5274 sed
503 5219 660 5293 quantum
680 5209 719 5271 ad
739 5206 960 5280 servilitatem‚
977 5223 1040 5268 non
1061 5213 1109 5268 est
1128 5206 1181 5270 bo·
1235 5208 1309 5269 ham
1332 5225 1402 5270 esse
1422 5225 1456 5268 se
1476 5206 1583 5269 lilium
1605 5207 1673 5282 Dei,
1690 5217 1722 5272 et
1741 5229 1776 5274 se
1794 5229 1868 5275 esse
1888 5213 1920 5274 in
1935 5229 1974 5274 ca·

433 5329 504 5386 nus,
520 5327 625 5393 neque
642 5327 660 5371 a
680 5306 801 5389 Spiritu
822 5305 945 5368 Sancto.
963 5304 1086 5368 Dicitur
1105 5323 1180 5386 ergo
1236 5305 1338 5381 ritate,
1359 5324 1459 5388 quum
1484 5305 1517 5367 in
1542 5305 1656 5370 Genesi
1681 5309 1838 5376 Dominus
1861 5311 1975 5376 locutus
