4164 6258
440 369 503 435 232
707 391 857 440 bounded
877 392 897 437 V
916 390 990 437 POST
1009 389 1204 436 vmbriam.
1224 407 1265 420 -
1284 388 1459 436 musano
1479 388 1511 434 tlt
1530 377 1725 434 avonemo!

443 560 541 623 randa
560 567 620 636 est,
640 581 738 645 quarn
760 561 847 624 illius
869 559 1033 625 correctio.
1053 560 1134 622 Hinc
1155 559 1188 622 in
1201 560 1229 623 Δ
1244 560 1365 642 praelati
1385 577 1422 622 ac
1446 559 1653 643 praesidentes
1672 575 1736 620 non
1759 555 1824 619 sint
1845 553 1971 618 ordinate

443 653 668 724 Ecclesiastico
687 661 787 723 multa
802 660 997 733 scribuntur,
1014 658 1186 721 videlicet:
1242 658 1449 742 iilialiterque
1463 657 1610 732 timendi,
1626 657 1659 719 in
1673 664 1831 739 quantum
1845 661 1915 716 sunt
1926 653 1972 716 ilci

295 768 429 822 aalma.
444 752 579 820 Odibilis
610 767 668 832 est,
694 759 749 842 qui
779 776 895 842 procax
924 766 972 820 est
994 758 1033 821 ad
1058 757 1188 839 loquen-
1245 757 1372 837 vicarii3
1391 758 1446 819 sed
1464 756 1550 839 quod
1571 774 1634 819 non
1655 753 1829 817 debeamus
1844 751 1972 814 homines

320 867 380 912 rare.
395 871 417 913 s.
444 852 542 934 dum3
561 856 619 929 Qui
640 858 750 920 multis
770 858 875 919 utitur
889 856 1007 931 verbis,
1023 856 1109 920 laedit
1126 857 1190 918 ani·
1243 854 1416 918 lormidarc
1445 854 1563 917 carnali
1592 862 1625 917 et
1648 853 1705 916 vili
1733 851 1860 924 timore,
1884 851 1922 914 ita
1944 859 1972 912 ut

295 967 429 1021 raama.
444 970 529 1018 mam
552 974 664 1035 suam;
684 957 730 1020 Ne
752 957 847 1019 iteres
869 956 1002 1019 verbum
1022 957 1138 1018 durum
1158 963 1190 1018 et
1244 973 1283 1017 ex
1308 972 1419 1017 eorum
1443 954 1558 1016 timore
1581 973 1600 1016 a
1622 953 1688 1016 Deo
1711 960 1744 1015 et
1761 950 1885 1033 justitia
1902 968 1972 1014 rece·

444 1070 592 1134 nequam.
617 1055 724 1118 Simus
747 1055 843 1136 igitur
867 1054 1102 1136 circumspecti,
1125 1073 1190 1116 ma·
1244 1053 1367 1114 damus.

444 1151 508 1212 turi
529 1169 566 1213 ac
588 1152 728 1216 timorati
749 1153 782 1214 in
805 1151 923 1215 verbis.
1285 1151 1438 1232 Denique,
1464 1169 1561 1232 quam
1585 1149 1739 1232 placitum
1769 1155 1802 1211 et
1824 1153 1974 1228 acceptum

484 1250 646 1313 Postremo
670 1251 703 1313 in
728 1250 863 1334 epistola
884 1251 944 1313 ista
966 1251 1110 1312 hortatur
1132 1268 1189 1313 nos
1245 1249 1286 1312 sit
1310 1249 1385 1322 Deo,
1406 1257 1536 1331 propter
1554 1267 1628 1310 eum
1654 1248 1819 1328 ignoscere
1841 1245 1974 1318 inimicis,

315 1361 396 1406 raca.
408 1376 429 1414 ιι,
445 1345 715 1429 Archiapostolus,
732 1350 815 1410 sicut
833 1355 866 1410 et
884 1355 956 1410 ante
969 1347 1036 1427 jam
1052 1347 1138 1422 fecit,
1156 1354 1191 1408 nt
1246 1355 1331 1430 patet
1353 1366 1392 1409 cx
1414 1347 1559 1430 sequenti
1579 1346 1736 1428 exemplo.
1753 1344 1844 1408 Miles
1863 1343 1976 1426 quidam

298 1425 409 1482 ¹⁹⁰²*
444 1445 602 1526 patientes
624 1446 743 1527 jugiter
771 1446 972 1519 exsistamus,
999 1464 1057 1508 nec
1081 1447 1190 1508 adver-
1246 1465 1352 1527 regem
1368 1447 1538 1528 quemdam
1558 1445 1685 1508 occidit.
1703 1443 1845 1518 Quadam
1861 1443 1977 1506 verovi-

444 1543 544 1604 sarios
562 1542 640 1605 iidei
660 1551 754 1625 atque
774 1544 906 1624 justitiae
926 1562 1103 1616 vereamur,
1125 1544 1190 1607 imo
1245 1565 1292 1617 ce,
1315 1543 1403 1606 iilius
1426 1545 1509 1625 regis
1532 1545 1628 1606 occisi
1650 1542 1794 1606 obviavit
1816 1542 1908 1604 militi
1929 1541 1974 1604 illi.

444 1659 502 1724 pro
518 1641 650 1703 veritate
671 1650 702 1704 et
720 1643 867 1724 aequitate
888 1642 988 1703 simus
1009 1643 1107 1724 parati
1126 1660 1190 1704 mo·
1246 1644 1304 1717 Qui
1321 1643 1431 1706 videns
1452 1662 1486 1705 sc
1506 1661 1568 1705 non
1585 1660 1677 1724 posse
1694 1641 1842 1713 evadere,
1859 1640 1977 1722 procidit

444 1738 483 1813 ri,
500 1739 610 1820 sicque
631 1739 791 1804 Christum
813 1760 886 1802 cnm
906 1741 1072 1802 sanctitate
1092 1748 1124 1801 et
1140 1741 1191 1801 de·
1209 1743 1284 1806 Bad
1315 1743 1411 1824 pedes
1445 1741 1539 1822 regis,
1570 1740 1734 1822 postulans
1768 1739 1831 1802 sibi
1865 1746 1978 1821 propter

444 1836 509 1899 bita
532 1839 708 1901 reverentia
731 1840 847 1902 nostris
871 1840 903 1900 in
926 1839 1076 1901 cordibus
1098 1858 1191 1901 vene·
1247 1841 1346 1902 Deum
1371 1839 1490 1921 ignosci
1515 1856 1522 1901 :
1546 1837 1635 1901 iilius
1660 1840 1767 1920 itaque
1793 1838 1878 1918 regis
1901 1839 1977 1898 misc·

443 1952 564 2010 remur,
579 1937 850 2017 quemadmodum
866 1937 1014 1999 Salomon
1029 1937 1189 2018 loquitur:
1246 1939 1381 2002 ricordia
1406 1946 1522 2012 motus,
1548 1939 1577 2000 ei
1603 1937 1745 2000 indulsit.
1771 1936 1882 2000 Postea
1903 1934 1977 1997 iilius

296 2046 428 2090 cruam.
444 2033 515 2106 Fili,
527 2033 646 2096 honora
662 2035 774 2108 Deum,
786 2043 818 2097 et
833 2035 972 2113 valebis3
989 2043 1103 2116 praeter
1117 2054 1191 2097 eum
1246 2039 1329 2119 regis
1359 2037 1487 2099 intravit
1516 2036 1704 2114 ecclesiam;
1731 2055 1898 2118 quumque
1918 2043 1977 2096 ante

297 2121 333 2161 '¹¹¹
344 2113 362 2154 ¹·
445 2149 520 2193 vero
543 2151 583 2193 ne
608 2132 754 2195 timueris
777 2133 928 2196 alienum.
951 2133 1031 2195 Hinc
1056 2133 1087 2195 in
1112 2133 1191 2196 isaia
1247 2135 1419 2216 imaginem
1434 2134 1582 2197 crucifixi
1598 2134 1756 2216 inciperet
1768 2134 1908 2206 adorare,
1918 2133 1978 2194 ima·

316 2229 580 2297 10.u,n.babetur
606 2246 613 2291 :
639 2221 730 2303 Quis'
744 2238 778 2292 tn
802 2239 837 2293 ut
861 2232 974 2294 timeas
998 2231 1039 2293 ab
1063 2231 1191 2294 homine
1245 2252 1285 2316 go
1302 2233 1355 2295 illa
1374 2233 1553 2315 amplexata
1572 2239 1620 2294 est
1639 2251 1725 2307 enm,
1742 2232 1856 2294 dicens
1877 2231 1906 2292 in
1921 2249 1978 2313 per-

445 2327 582 2401 mortali,
604 2336 636 2389 et
656 2347 674 2390 a
697 2328 766 2391 lilio
788 2330 927 2392 bominis
949 2330 1004 2410 qui
1024 2331 1115 2412 quasi
1136 2331 1191 2392 loe-
1246 2351 1322 2394 sona
1342 2331 1458 2395 Christi
1478 2331 1517 2393 ad
1537 2349 1611 2392 enm
1630 2347 1636 2392 :
1658 2330 1814 2404 Quoniam
1836 2329 1927 2393 hodie
1944 2329 1977 2390 ic·

445 2444 524 2487 num
540 2426 680 2488 arescitl
698 2427 784 2490 Unde
805 2429 920 2490 iterum
940 2429 984 2490 ait
1003 2429 1189 2509 Scriptura:
1246 2429 1318 2491 cisti
1343 2429 1593 2492 misericordiam
1623 2447 1696 2490 cum
1727 2427 1872 2491 occisore
1897 2426 1979 2508 patris

296 2545 430 2600 aroana,
445 2523 505 2596 Oui
530 2524 621 2586 timet
643 2525 818 2599 bominem,
845 2527 908 2589 cito
935 2533 1078 2605 corruet;
1104 2526 1192 2587 item·
1246 2528 1305 2602 tui,
1322 2546 1380 2609 ego
1399 2545 1527 2609 quoque
1547 2535 1653 2589 tecum
1677 2525 1928 2588 misericordiam
1947 2525 1979 2586 ia-

298 2613 398 2714 ’ζαιῄ
446 2640 519 2702 que,
547 2622 604 2696 Qui
634 2623 727 2685 timet
755 2624 868 2699 Deum,
898 2625 979 2687 nibil
1008 2624 1188 2706 trepidabit.
1245 2627 1305 2698 cio,
1329 2633 1360 2688 et
1384 2626 1492 2688 omnia
1515 2633 1570 2688 tua
1594 2633 1723 2706 peccata
1747 2623 1807 2686 tibi
1834 2623 1978 2703 indulgeo,

296 2736 409 2785 sumis.
446 2718 519 2793 Ouae
545 2719 652 2782 omnia
677 2720 883 2802 intelligenda
906 2730 991 2796 sunt,
1018 2740 1080 2784 non
1106 2722 1191 2803 quod
1246 2743 1305 2786 nec
1327 2744 1344 2786 a
1367 2743 1438 2787 meo
1459 2722 1659 2805 separaberis
1680 2740 1787 2804 regno.

837 3152 1142 3238 ENARRATIO
1174 3153 1229 3240 IN
1262 3151 1602 3239 EVANGELIUM

533 3418 617 3476 ouux
637 3418 743 3465 runnu
765 3419 937 3464 rnnonnsnr
959 3418 991 3464 nv
1012 3419 1116 3476 resurr,
1139 3419 1176 3465 ur
1196 3419 1350 3466 rnnrnsrvr
1370 3421 1492 3466 vssaun
1513 3422 1576 3480 nar,
1597 3422 1661 3469 src.
1684 3406 1759 3470 Luc.
1776 3425 1807 3484 v,
1826 3407 1908 3472 l-ll.

485 3695 512 3758 N
529 3696 694 3777 evangelio
709 3696 864 3760 hodierno
878 3697 1081 3771 describitur,
1098 3715 1194 3780 quarn
1210 3693 1231 3757 C
1249 3696 1430 3758 raculorum
1455 3698 1612 3779 operatori
1636 3703 1885 3783 approximaret
1908 3704 1981 3766 l'ude

500 3794 661 3856 ferventer
679 3795 825 3858 homines
847 3797 887 3858 ad
909 3796 1024 3859 Christi
1045 3796 1195 3878 praedica-
1249 3793 1281 3855 in
1297 3793 1554 3858 Revelationibns
1569 3797 1598 3858 S.
1616 3797 1756 3880 Brigittae
1771 3801 1899 3882 legitur,
1910 3801 1981 3884 quod

446 3893 567 3956 tionem
593 3892 829 3969 confluxerunt,
855 3902 887 3956 et
910 3913 1006 3976 quam
1036 3895 1196 3976 sapienter
1248 3891 1431 3954 beatissima
1446 3893 1536 3974 virgo
1550 3895 1645 3958 Maria
1660 3897 1741 3960 dixit
1754 3900 1794 3961 ad
1810 3900 1980 3982 Brigittam:

447 3990 555 4053 docuit
570 4009 635 4065 eos,
647 4011 743 4074 quarn
759 3993 938 4055 eminenter
952 3993 1047 4054 etiam
1065 4011 1122 4074 per
1137 3993 1195 4053 mi·
1248 3990 1323 4052 'lam
1340 3991 1496 4072 gratiosus
1515 4011 1552 4054 ac
1571 3992 1674 4056 dulcis
1694 3995 1757 4058 luit
1776 3998 1849 4060 Filii
1866 3999 1925 4061 mei
1938 3997 1982 4060 ad·

446 4091 555 4152 racula
577 4090 836 4173 praedicationem
856 4111 946 4154 snam
967 4092 1191 4154 corroboravit.
1249 4096 1387 4170 spectus,
1399 4097 1528 4173 tamque
1543 4092 1707 4174 speciosus
1723 4094 1784 4156 init
1800 4097 1907 4160 vultus
1921 4096 1982 4178 ipsi·

445 4189 620 4273 Aititaqne
639 4191 740 4253 Lucas
757 4207 764 4252 ε
783 4193 888 4259 Quum
905 4193 1010 4251 turbae
1024 4193 1194 4250 irruerent
1252 4205 1298 4260 uS,
1329 4188 1413 4268 quod
1442 4189 1638 4273 quicumque
1667 4192 1799 4256 desolati
1831 4205 1862 4258 ct
1890 4197 1982 4258 tristes

447 4289 482 4346 in
506 4291 629 4360 Iesum,
654 4298 691 4350 ut
715 4292 873 4350 audirent
900 4290 1033 4349 verbum
1053 4291 1124 4350 Dei.
1149 4289 1194 4350 Ex
1248 4287 1374 4349 vultum
1390 4289 1460 4350 Filii
1477 4289 1539 4351 mei
1554 4291 1776 4373 adspexerant,
1793 4313 1868 4358 mox
1887 4313 1982 4359 conso

447 4385 565 4468 quibus
585 4387 692 4450 verbis
712 4388 877 4462 docemur,
894 4389 979 4470 quod
1001 4406 1074 4449 cum
1098 4387 1194 4449 maxi·
1249 4387 1398 4450 lationem
1421 4397 1601 4465 senserunt,
1623 4391 1666 4453 ita
1687 4394 1773 4474 quod
1794 4395 1902 4458 dicere
1921 4414 1981 4458 con·

449 4501 501 4546 mo
526 4485 649 4567 impetu
678 4504 714 4548 ac
741 4484 867 4548 iervore
896 4484 1128 4548 concurrebant
1155 4486 1194 4548 ad
1248 4493 1449 4548 sueverunt:
1475 4487 1592 4550 Eamus
1617 4489 1657 4550 ad
1681 4490 1797 4554 Filium
1823 4494 1934 4566 blame,
1955 4501 1982 4553 ut

448 4603 523 4649 enm
538 4583 681 4665 undique
695 4583 791 4646 etiam
806 4583 1029 4645 multitudines
1046 4585 1193 4665 copiosa,
1247 4603 1286 4645 ex
1306 4583 1377 4664 ejus
1397 4585 1514 4649 intuitu
1540 4587 1750 4651 consolemur.
1776 4591 1842 4655 Nec
1866 4593 1980 4657 mirum.

449 4685 492 4746 ita
520 4683 605 4766 quod
635 4699 669 4744 se
698 4681 836 4745 invicem
868 4681 1133 4764 comprimebant,
1163 4691 1194 4744 et
1247 4683 1398 4765 quoniam
1419 4684 1488 4766 ipsa
1508 4691 1556 4747 est
1574 4685 1613 4747 de
1634 4705 1697 4768 quo
1717 4688 1800 4750 dixit
1819 4691 1978 4773 Propheta:

319 4800 374 4845 aas.
389 4815 433 4854 vm,
447 4783 624 4865 ipsummet
638 4779 798 4843 Christum
819 4779 999 4862 tangebant.
1016 4780 1091 4854 Quis
1107 4781 1192 4843 enim
1248 4781 1418 4863 Speciosus
1433 4782 1536 4844 torma
1555 4803 1619 4864 prae
1640 4783 1719 4848 liliis
1737 4786 1916 4862 bominum,
1931 4789 1980 4850 dii·
1991 4796 2063 4842 Pseu

299 4867 334 4908 ⁴⁵¹
447 4899 531 4944 sanae
547 4877 663 4941 mentis
679 4895 742 4940 non
757 4876 923 4940 aiicctaret
936 4886 1002 4940 tam
1022 4878 1193 4960 pulchrum
1210 4880 1233 4941 D
1248 4879 1320 4941 lusa
1343 4886 1390 4942 est
1414 4879 1514 4960 gratia
1543 4881 1576 4942 in
1602 4880 1695 4945 labiis
1720 4884 1806 4963 tuis;
1827 4895 1981 4968 propterca

446 4997 483 5041 ac
505 4977 632 5040 dulcem
655 4975 760 5038 virum
781 4977 957 5058 adspicere,
980 4985 1044 5039 tarn
1070 4978 1194 5060 sapien·
1248 4977 1412 5040 benedixit
1431 4986 1462 5040 tc
1486 4978 1569 5041 Deus
1594 4979 1627 5042 in
1649 4987 1814 5044 aetarnum.
1838 4984 1980 5066 Deinceps

446 5085 509 5140 tem
526 5083 558 5140 et
573 5074 775 5157 eloquentem
791 5075 913 5150 audire,
929 5083 994 5137 tam
1013 5076 1191 5139 virtuosum
1248 5077 1340 5138 multi
1366 5077 1552 5140 Sanctorum
1585 5086 1677 5142 tantas
1706 5080 1858 5161 leguntur
1880 5081 1980 5146 sancti-

444 5183 476 5242 et
495 5183 641 5240 sanctum
662 5173 827 5255 attingere,
844 5181 891 5237 tot
909 5182 941 5236 et
955 5182 1116 5238 tantorum
1133 5176 1190 5238 mi·
1245 5174 1319 5238 tatis
1344 5183 1376 5236 et
1403 5175 1511 5256 gratiae
1535 5174 1645 5250 luisse,
1672 5179 1756 5260 quod
1784 5181 1874 5261 quasi
1898 5199 1980 5261 ange-
