4164 6258
451 401 513 464 m
673 419 820 468 nouimus
843 421 874 466 lV
895 420 968 468 rost
989 420 1183 466 ministratu.
1205 437 1246 450 ·-
1266 421 1309 466 ho
1329 420 1524 484 hutlclosos;
1547 422 1647 468 sutile
1667 421 1779 469 smus

455 588 575 652 malum
597 589 684 671 quod
707 587 812 651 taliter
835 586 874 649 de
897 587 1044 669 proximo
1066 587 1199 668 judicat,
1216 588 1242 651 Α
1256 589 1295 651 de
1311 588 1502 652 certitudine
1517 587 1798 664 sortiuntur,tanto
1813 585 1914 649 minus
1927 605 1983 670 pro

455 685 588 748 mortale
602 692 770 769 peccatum
785 684 838 760 sit,
848 693 923 746 tnnc
937 684 1044 748 taliter
1056 685 1201 765 judicare
1256 685 1324 768 prie
1347 687 1546 769 suspiciones
1570 693 1732 750 vocantur.
1749 684 1813 748 Nec
1836 703 1874 748 cx
1895 685 1982 768 suspi

454 790 503 846 est
519 784 651 847 mortale
666 789 844 866 peccatum,
860 801 961 864 quum
977 783 1018 844 sit
1032 782 1154 845 caritati
1170 790 1200 844 et
1256 783 1347 846 cione
1371 783 1530 866 probabili
1555 783 1630 846 licet
1654 781 1774 846 malum
1795 780 1931 863 judicare
1950 783 1982 844 de

455 889 548 945 rectae
568 882 682 944 rationi
703 881 909 954 contrarium,
923 881 1055 962 justitia
1073 899 1201 963 quoque
1255 881 1318 943 alio
1332 900 1406 944 cum
1421 882 1687 962 assertione,quia
1700 878 1916 962 multipliciter
1927 878 1981 942 falli

454 987 549 1062 atque
566 979 742 1061 prudentie
757 978 985 1058 derogativum.
995 979 1120 1041 Tertius
1133 997 1202 1061 gra·
1255 979 1328 1060 quis
1343 987 1467 1062 posset3
1483 986 1590 1042 tamen
1603 979 1747 1060 judicare
1767 997 1807 1040 ex
1821 995 1858 1040 ea
1875 984 1921 1038 est
1935 978 1982 1040 mi·

454 1077 525 1151 dus,
542 1077 618 1139 dum
634 1096 673 1140 cx
694 1075 818 1140 levibus
838 1076 943 1139 causis
962 1084 995 1139 et
1008 1076 1119 1158 signis,
1136 1095 1200 1140 non
1255 1096 1316 1140 nus
1341 1076 1502 1160 culpabile
1526 1096 1623 1159 quam
1646 1095 1685 1140 ex
1709 1075 1879 1138 temeraria
1899 1075 1983 1158 suspi-

454 1175 618 1238 dumtaxat
633 1175 737 1238 taliter
749 1174 883 1255 judicat,
895 1175 949 1236 sed
966 1175 1061 1238 etiam
1077 1176 1116 1237 ad
1132 1193 1202 1256 pro·
1256 1174 1358 1250 cione,
1386 1174 1545 1256 loquendo
1570 1175 1604 1237 in
1631 1193 1759 1256 genere.
1785 1175 1853 1236 lmo
1877 1174 1983 1236 veniale

453 1269 532 1332 nimi
556 1271 757 1354 punitionem
781 1270 935 1352 procedit,
951 1271 1127 1352 allligendo
1147 1278 1202 1333 aut
1256 1281 1496 1354 peecatumest,
1513 1273 1589 1336 siin
1609 1273 1793 1356 suspicione
1812 1273 1949 1352 sistatur;
1962 1273 1982 1334 si

452 1370 632 1432 accusando
647 1387 721 1432 eum
740 1369 904 1444 assertive,
920 1369 1012 1451 quasi
1032 1370 1072 1431 de
1091 1369 1175 1432 lacto
1192 1387 1199 1432 :
1255 1379 1362 1434 autem
1377 1390 1479 1453 usque
1493 1372 1533 1434 ad
1547 1371 1756 1435 assertionem
1771 1371 1811 1432 de
1830 1370 1911 1433 malo
1923 1370 1983 1432 alte·

452 1475 485 1530 et
508 1468 568 1530 hoc
593 1467 753 1550 predictis
776 1475 825 1530 est
846 1468 986 1548 gravius,
1011 1487 1110 1550 quum
1135 1474 1200 1530 tam
1256 1468 1322 1532 rius
1350 1470 1552 1552 procedatur,
1578 1470 1709 1534 mortale
1735 1489 1806 1533 esso
1836 1477 1985 1551 peccatum

452 1566 575 1628 caritati
591 1584 687 1647 quam
706 1564 839 1646 justitiae
859 1565 959 1645 magis
979 1566 1198 1628 contrarietur.
1257 1569 1472 1648 presumitur,
1489 1570 1515 1631 si
1537 1569 1656 1632 malum
1679 1569 1765 1651 quod
1784 1568 1877 1630 alteri
1898 1568 1985 1650 impu·

451 1665 524 1728 llaec
539 1683 614 1746 ergo
626 1664 749 1746 judicia
764 1663 914 1746 prohibet
929 1665 1084 1738 Christus,
1096 1665 1201 1727 dicen·
1256 1673 1339 1729 tetur
1354 1669 1484 1730 exsistat
1500 1668 1641 1730 mortale.
1659 1668 1704 1729 Ex
1720 1666 1840 1750 quibus
1855 1667 1986 1729 omnibus

451 1764 491 1826 do
509 1781 516 1826 :
534 1786 551 1824 «
565 1763 669 1827 Nolite
688 1763 876 1845 judicare».
1217 1765 1436 1838 Binnotescit,
1458 1785 1554 1849 quarn
1578 1766 1796 1848 periculosum
1823 1767 1867 1828 sit
1889 1765 1988 1828 inordi-

375 1894 384 1911 ·
490 1863 596 1936 Porro,
613 1862 640 1924 si
657 1862 880 1943 interrogetur,
897 1881 936 1922 nn
953 1879 991 1923 ex
1011 1861 1200 1944 suspicioni·
1257 1873 1329 1927 nate
1345 1865 1383 1926 de
1399 1865 1553 1948 proximis
1566 1864 1722 1945 judicare,
1739 1865 1987 1947 potissimumre-

451 1961 511 2024 bus
536 1961 630 2024 liceat
653 1961 807 2042 judicare,
836 1961 1030 2042 respondent
1053 1961 1199 2035 Thomas,
1258 1962 1391 2043 ligiosis,
1412 1981 1549 2046 quorum
1570 1970 1619 2026 est
1638 1963 1696 2026 soli
1717 1965 1781 2026 Deo
1800 1971 1832 2026 et
1848 1962 1909 2026 sibi
1923 1962 1987 2046 ipsis

453 2063 630 2136 Duraudus,
647 2063 793 2134 loannes,
810 2068 842 2121 et
864 2061 931 2134 alii,
950 2061 1034 2142 quod
1059 2061 1200 2143 suspicio
1255 2079 1376 2124 vacare.
1394 2062 1478 2135 ldeo,
1496 2061 1636 2126 Climaco
1655 2068 1863 2144 protestante,
1878 2061 1931 2134 Qui
1947 2061 1987 2139 ju·

451 2160 674 2243 propriissime
699 2167 839 2241 sumpta,
855 2167 904 2222 cst
926 2161 1037 2242 opinio
1061 2160 1136 2222 mali
1160 2162 1201 2223 de
1255 2160 1350 2234 dicat,
1373 2167 1506 2242 usurpat
1529 2159 1592 2222 sibi
1616 2160 1701 2242 quod
1725 2161 1782 2223 uei
1805 2167 1866 2234 est,
1882 2166 1912 2222 et
1933 2167 1987 2222 tan·

451 2259 523 2331 alio,
541 2278 580 2321 ex
602 2258 726 2321 levibus
743 2258 846 2321 causis
865 2266 897 2320 et
916 2259 1016 2339 signis
1035 2267 1198 2341 concepta.
1256 2277 1351 2339 quam
1374 2257 1581 2340 blasphemia
1602 2277 1676 2321 reus
1697 2257 1861 2340 probatur.

452 2355 622 2438 Oriturquc
642 2357 714 2420 talis
734 2358 875 2440 suspicio
897 2377 936 2420 ex
957 2359 1079 2439 origine
1099 2360 1200 2442 tripli·
1296 2355 1449 2437 Denique,
1467 2357 1551 2419 circa
1566 2357 1633 2420 haec
1648 2356 1745 2419 verba
1760 2357 2074 2430 Christi,llolitcra.‹t:.

453 2454 493 2516 ci.
511 2455 628 2530 Primo,
644 2474 683 2518 ex
701 2456 823 2519 malitis
842 2457 1045 2538 suspicantis,
1062 2458 1117 2541 qui
1137 2458 1199 2520 sibi
1253 2453 1408 2534 judicare,
1433 2455 1479 2516 ait
1502 2455 1638 2538 Cyrillus
1655 2472 1662 2517 :
1681 2454 1828 2518 Christus
1852 2456 1988 2518 Dominus

452 2554 491 2615 de
508 2553 637 2635 propria
653 2555 774 2616 malitia
793 2556 950 2632 conscius,
967 2556 1104 2618 laciliter
1117 2555 1200 2636 judi·
1255 2559 1363 2614 noster
1386 2553 1475 2614 sedat
1499 2553 1633 2615 attollit
1658 2553 1710 2616 hic
1732 2554 1907 2636 pessimam
1930 2570 1988 2616 con·

452 2659 502 2712 cat
516 2651 595 2714 alios
611 2651 672 2713 sibi
689 2671 758 2714 esse
778 2653 970 2716 consimiles.
988 2655 1143 2728 Secundo,
1160 2673 1199 2715 err
1255 2649 1457 2713 suetudinem
1483 2658 1514 2712 et
1538 2651 1720 2733 passionem
1744 2652 1923 2714 animarum
1945 2667 1989 2714 no

453 2750 535 2812 malo
556 2749 676 2812 ellectu
700 2751 738 2812 ad
763 2751 862 2813 alium
886 2769 892 2813 :
915 2753 999 2814 sicut
1022 2751 1076 2834 qui
1100 2752 1199 2814 alium
1255 2756 1403 2822 strarum,
1421 2749 1683 2832 principiumque
1704 2758 1909 2834 contemptus
1928 2751 1990 2813 alio

450 2848 517 2910 odit
532 2855 586 2910 aut
601 2849 630 2910 ei
648 2849 806 2923 irascitur,
822 2849 942 2912 malum
957 2851 996 2912 de
1017 2850 1086 2931 ipso
1104 2849 1199 2912 facile
1255 2865 1336 2908 rum.
1354 2847 1457 2921 Quum
1473 2848 1560 2910 enim
1576 2848 1685 2911 deceat
1700 2848 1852 2912 homines
1872 2849 1991 2911 circum-

451 2948 640 3028 suspicatur.
659 2947 848 3028 Hujusmodi
871 2957 978 3010 autem
1000 2949 1198 3030 suspiciones
1218 2953 1239 3016 G
1255 2944 1378 3026 spicere
1394 2945 1592 3027 semetipsos,
1602 2954 1697 3028 atque
1712 2947 1893 3009 secundum
1908 2948 1991 3010 Deum

450 3064 550 3128 quum
565 3047 630 3108 sint
644 3063 813 3129 perversae,
825 3047 908 3110 sicut
923 3065 1033 3109 earum
1048 3045 1197 3127 origines,
1256 3043 1448 3118 conversari,
1465 3043 1525 3106 hoc
1545 3051 1652 3107 tamen
1675 3045 1768 3107 multi
1789 3063 1856 3108 non
1874 3045 1989 3113 iaciunt,

451 3143 610 3207 nonlicet
629 3143 774 3225 judicare
797 3161 834 3206 ex
858 3144 914 3206 cis.
932 3145 1037 3207 'lertio
1056 3145 1200 3226 procedit
1256 3141 1310 3203 sed
1335 3141 1520 3204 examinant
1541 3141 1657 3216 aliena,
1676 3150 1708 3204 et
1731 3143 1759 3204 si
1783 3143 1926 3206 viderint
1946 3141 1991 3204 ali-

451 3242 594 3325 suspicio
609 3261 648 3304 ex
664 3242 862 3324 experientia
877 3244 1119 3324 quadamUnde
1133 3244 1201 3324 jux·
1256 3257 1335 3320 quos
1358 3239 1517 3301 infirmari
1541 3239 1596 3301 aut
1615 3240 1738 3316 cadere,
1755 3248 1911 3323 tanquam
1933 3257 1991 3322 pre
2080 3241 2081 3256 ¹

451 3349 483 3404 ta
497 3341 726 3422 Philosophum
747 3341 887 3402 secundo
902 3341 1087 3415 Rhetoricae,
1109 3361 1200 3406 senes
1258 3337 1400 3418 priorum
1425 3337 1516 3400 oblili
1541 3337 1737 3412 defectuum,
1754 3339 1935 3402 detrahunt·
1951 3339 1994 3400 Ph

452 3445 527 3501 sunt
548 3439 648 3520 magis
669 3439 849 3519 suspiciosi,
866 3438 941 3520 quia
960 3457 998 3502 ex
1019 3449 1201 3523 temporum
1257 3444 1495 3518 stremoquum
1511 3436 1607 3500 h0¹1¹0
1622 3436 1710 3499 Omni
1725 3438 1829 3520 p0⁸sil
1845 3444 1993 3501 momtssw

453 3536 661 3599 diuturnitate
689 3535 825 3598 aliorum
854 3535 997 3600 delectus
1027 3539 1126 3619 magis
1150 3558 1201 3602 ex·
1256 3535 1410 3617 aSpiritu
1425 3536 1539 3598 Sancto
1558 3535 1643 3618 tangi
1660 3543 1692 3598 et
1712 3537 1884 3618 poenitere,
1900 3555 1994 3619 quarn-

454 3633 536 3716 perti
558 3640 643 3706 sunt,
660 3640 691 3694 et
714 3633 922 3696 verisimilius
947 3653 1000 3698 eos
1025 3636 1201 3717 conjiciunt
1257 3633 1306 3694 vis
1327 3632 1487 3714 possimus
1507 3633 1774 3696 certitudinalitor
1788 3635 1934 3716 judicare
1947 3633 1992 3696 ali-

454 3740 549 3814 atque
573 3730 775 3793 considerant
793 3748 800 3793 :
817 3732 907 3812 juxta
931 3733 1010 3796 illud
1037 3734 1068 3796 in
1095 3735 1201 3796 Eccle-
1257 3750 1352 3813 quem
1375 3749 1444 3792 esse
1467 3731 1500 3792 in
1523 3730 1648 3794 mortali
1670 3739 1815 3814 peccato,
1831 3733 1910 3796 dum
1931 3749 1992 3794 eun

391 3859 407 3901 ,·‚
455 3829 593 3902 siastico,
609 3828 663 3890 Vir
686 3828 719 3890 in
739 3829 849 3891 multis
869 3838 1029 3912 expertus,
1051 3832 1202 3912 cogitabit
1256 3829 1289 3891 in
1305 3836 1377 3890 actu
1393 3828 1577 3908 hujusmodi
1593 3829 1663 3891 vitii
1679 3830 1829 3893 videmus
1844 3831 1992 3898 intentum
2079 3901 2080 3906 γ

403 3953 409 3965 ·
456 3927 565 3989 multa.
583 3926 701 4009 Estque
723 3927 864 4008 suspicio
885 3929 945 3990 ista
965 3929 1072 3992 minus
1094 3930 1202 4012 culpa·
1257 3935 1362 3989 tamen
1377 3935 1450 3989 actu
1466 3935 1620 4002 cessante,
1636 3930 1906 3993 certitudinalitor
1922 3929 1993 4010 judi·
2079 3917 2080 3934 ¹

455 4025 541 4098 bilis,
567 4025 643 4107 quia
666 4026 739 4107 plus
763 4027 802 4088 de
827 4027 1016 4090 certitudine
1041 4027 1147 4103 babet,
1170 4036 1202 4091 et
1257 4045 1328 4088 care
1349 4043 1413 4088 non
1435 4044 1605 4108 possumus
1627 4045 1701 4090 eum
1723 4027 1830 4090 adhuc
1856 4029 1889 4091 in
1913 4027 1994 4110 culpa

454 4139 492 4185 ex
516 4141 611 4185 causa
632 4122 757 4186 meliori
780 4124 932 4204 procedit.
1216 4128 1326 4190 Desse
1350 4125 1485 4187 mortali.

492 4220 596 4295 Quum
612 4229 719 4283 autem
735 4224 777 4283 sit
792 4221 908 4303 triplex
923 4222 1074 4304 suspicio,
1093 4230 1200 4306 utpote
1296 4224 1364 4286 Non
1381 4223 1477 4304 igitur
1493 4223 1593 4286 simus
1609 4225 1648 4286 ad
1667 4224 1883 4305 judicandum
1900 4223 1994 4309 praci-

454 4319 533 4382 levis
549 4338 605 4382 seu
621 4319 800 4394 temeraria,
817 4339 887 4401 quae
903 4339 942 4382 ex
958 4320 1082 4384 levibus
1098 4323 1201 4385 causis
1257 4323 1339 4405 pites
1355 4330 1386 4384 et
1401 4321 1526 4396 incauti,
1534 4322 1589 4385 sed
1605 4323 1709 4404 potius
1722 4323 1813 4404 juxta
1829 4325 1943 4388 Christi
1954 4324 1995 4386 do

454 4419 597 4500 procedit
621 4426 653 4480 et
676 4417 794 4498 signis3
810 4417 872 4478 alia
897 4435 972 4480 vero
996 4419 1037 4480 sit
1061 4419 1201 4501 suspicio
1258 4421 1403 4494 otrinam,
1425 4420 1525 4482 simus
1547 4421 1770 4484 misericordes
1792 4431 1827 4485 et
1849 4422 1994 4506 peccanti·

455 4515 641 4597 probabilis,
660 4523 694 4577 ut
717 4516 793 4577 dum
821 4515 921 4578 multa
945 4524 1000 4579 eut
1024 4517 1202 4599 probabilia
1257 4520 1316 4582 bus
1333 4519 1646 4602 condolentes,atque
1659 4538 1716 4603 pro
1729 4521 1809 4603 ipsis
1822 4527 1994 4598 orantes3et

455 4613 545 4693 signa
560 4614 636 4675 mali
650 4621 824 4696 apparent3
840 4615 934 4676 tertia
951 4623 1058 4677 eutem
1079 4616 1119 4677 sit
1134 4635 1202 4678 sus·
1258 4627 1361 4680 cetera
1377 4618 1556 4699 spiritualia
1571 4619 1797 4683 misericordias
1810 4639 1911 4704 opera
1922 4627 1995 4683 tanto

456 4712 541 4794 picio
556 4711 706 4786 violenta,
722 4731 793 4794 quaa
813 4731 852 4774 ex
872 4713 972 4794 signis
987 4713 1078 4776 valde
1093 4714 1202 4776 verisi-
1257 4716 1427 4778 instantius
1442 4735 1478 4778 ac
1493 4716 1654 4798 copiosius
1669 4726 1995 4802 exerceamus‚quanto

457 4811 588 4873 milibus
604 4818 634 4872 et
649 4812 739 4892 quasi
756 4810 942 4892 cogentibus
962 4811 1112 4893 prolluit:
1126 4831 1202 4894 prae
1257 4814 1433 4897 corporalia
1456 4814 1682 4879 misericordia
1703 4834 1800 4898 opera
1826 4818 1934 4880 minus
1953 4834 1995 4879 ex·

456 4909 520 4970 lata
545 4908 737 4992 suspicionis
766 4909 924 4982 delinitio,
950 4909 989 4972 de
1019 4911 1202 4993 suspicione
1257 4932 1365 4976 arcere
1390 4914 1533 4977 valemus
1555 4931 1562 4976 :
1584 4935 1655 4997 quae
1678 4922 1786 4979 tamen
1808 4918 1866 4999 pio
1890 4918 1994 4980 allecto

457 5007 677 5089 propriissime
693 5016 821 5090 sumpta
840 5016 1017 5090 prestatur,
1035 5016 1144 5092 utpote
1162 5009 1202 5072 de
1257 5031 1405 5076 exercere
1426 5031 1489 5076 non
1508 5013 1709 5077 desistamus.
1732 5015 1770 5077 Et
1787 5015 1925 5096 judicet,
1941 5033 1994 5078 ror·
2077 5079 2078 5090 ,

456 5106 638 5188 suspicione
654 5105 716 5168 levi
736 5125 773 5168 ac
793 5107 968 5169 temeraria.
987 5109 1133 5190 Suspicio
1147 5127 1201 5171 au·
1257 5111 1353 5194 ripiat
1372 5130 1408 5174 ac
1427 5111 1559 5192 castiget
1578 5112 1800 5196 unusquisque
1827 5134 1865 5177 se
1890 5117 1992 5197 ipsun,
2077 5105 2078 5142 i

456 5213 521 5270 tem
546 5205 732 5289 probabilis,
758 5212 790 5267 et
811 5206 961 5283 violenta,
986 5215 1104 5289 quanto
1128 5209 1201 5291 plns
1257 5211 1297 5273 ad
1317 5210 1443 5273 laudem
1463 5217 1495 5273 ot
1513 5210 1647 5291 gloriam
1667 5210 1916 5296 Omnipotentis.
