4192 6258
466 475 528 541 tto
681 496 829 546 commea
848 498 901 546 xix
922 497 996 545 rosr
1015 495 1209 544 mmrrlrau.
1231 513 1270 526 -
1290 495 1333 544 an
1352 493 1547 560 nmrnrosos;
1569 494 1667 544 suano
1679 475 1797 543 'sununs

465 665 661 732 incurrimus
685 668 800 752 culpis,
818 669 1032 749 advertimus;
1047 676 1215 751 propterea
1229 667 1255 731 Α
1271 666 1407 751 pusillus
1423 667 1568 731 consistit
1582 673 1618 730 ut
1632 667 1827 751 presidentis
1840 670 1969 754 correptio

466 783 525 848 pro
539 786 637 849 parva
652 787 686 831 re
701 769 739 831 ad
754 769 986 851 impatientiam
1004 768 1213 842 concitamur,
1270 786 1327 830 nes
1342 785 1406 831 non
1422 767 1498 830 satis
1512 775 1671 849 gratanter
1686 767 1827 850 accipiat,
1840 769 1900 841 iste,
1908 769 1969 850 juxta

466 865 551 927 etad
566 867 803 930 emendandum
819 867 1004 950 quotidiana
1019 873 1148 949 peccata
1164 885 1215 948 pa·
1271 865 1401 928 climaci
1423 866 1662 940 documentum,
1678 865 1793 928 formet
1813 865 1868 928 sibi
1885 867 1911 928 in
1927 869 1970 930 ani·

464 983 538 1026 rum
570 971 626 1026 aut
657 964 739 1027 nihil
773 983 937 1041 conamur,
968 964 1216 1048 superficialiter
1270 981 1322 1026 mo
1337 963 1496 1046 judicium
1512 964 1640 1038 Christi,
1655 972 1689 1026 et
1707 982 1811 1027 coram
1825 963 1874 1027 illo
1888 967 1970 1046 cogito

464 1063 708 1146 pertransimus,
726 1065 805 1127 etin
825 1064 959 1128 fecibus
976 1064 1093 1126 nostris
1109 1081 1215 1126 mane·
1270 1081 1304 1124 se
1317 1061 1527 1143 judicandum
1543 1061 1666 1125 adstare
1683 1079 1690 1123 :
1707 1069 1739 1124 et
1753 1063 1970 1144 nequaquamn-

465 1180 537 1223 mns
555 1179 561 1224 :
580 1161 645 1224 imo
664 1162 718 1225 vix
737 1164 932 1226 caritativam
954 1182 991 1225 ac
1008 1163 1127 1244 justam
1149 1179 1216 1224 cor·
1270 1160 1453 1242 dignabitur
1468 1159 1661 1244 presidenti,
1678 1159 1735 1224 sed
1750 1179 1842 1242 snper
1854 1179 1884 1222 se
1896 1161 1970 1242 ipsun

464 1260 644 1342 reptionem
668 1267 700 1323 et
724 1262 955 1324 correctionem
980 1281 998 1324 a
1024 1261 1214 1343 presidente
1268 1260 1440 1323 verebitur.
1467 1259 1547 1322 Hinc
1576 1259 1660 1322 idem
1687 1258 1842 1323 climacus
1862 1259 1970 1322 asserit:

465 1359 688 1439 equanimiter
702 1359 885 1422 toleramus.
898 1360 977 1422 ilinc
993 1360 1030 1422 ad
1047 1358 1216 1441 perfectio
1267 1359 1382 1422 Beatus
1404 1359 1579 1422 monachus
1600 1357 1656 1440 qui
1679 1357 1768 1420 omni
1789 1357 1937 1439 ignominia
1951 1365 1971 1418 rt

464 1475 539 1518 nem
562 1475 764 1540 nequaqnam
789 1459 1019 1541 pertingimns3
1035 1465 1067 1520 et
1091 1458 1213 1520 utinam
1268 1459 1420 1541 despectu
1444 1476 1478 1520 se
1499 1457 1632 1538 dignum
1656 1455 1793 1537 singulis
1812 1463 1918 1538 reputat
1934 1455 1971 1519 bo-

464 1570 529 1615 non
554 1561 663 1617 contra
689 1561 804 1619 nostras
833 1554 1041 1637 professionis
1070 1554 1214 1617 debitum
1268 1557 1322 1620 ris.
1339 1557 1453 1620 Beatus
1469 1557 1524 1639 qui
1540 1555 1602 1618 sibi
1622 1555 1684 1637 ipsi
1701 1556 1770 1618 vim
1784 1553 1862 1626 facit,
1876 1563 1972 1636 propter

465 1652 505 1715 ab
530 1672 566 1716 ea
597 1653 722 1735 lougius
751 1654 964 1728 discedamus,
990 1673 1026 1716 ac
1054 1653 1214 1736 periclite-
1269 1654 1368 1718 Deum
1383 1655 1526 1737 qnotidie
1547 1653 1749 1726 maledictus,
1766 1660 1972 1735 contemptnset

465 1769 546 1812 mnr.
573 1752 739 1815 Faciamus
769 1770 843 1833 ergo
872 1752 957 1835 quod
982 1753 1131 1815 admonet
1153 1753 1214 1814 An·
1269 1753 1477 1836 exprobratus
1504 1769 1511 1814 :
1538 1771 1612 1815 uam
1642 1751 1701 1814 iste
1726 1770 1800 1813 cum
1822 1751 1972 1833 martyribus

464 1849 611 1930 gnstinus
638 1850 717 1914 :Ad
746 1850 886 1913 tribunal
912 1857 973 1914 tnae
998 1850 1114 1914 mentis
1140 1869 1212 1912 con·
1229 1845 1252 1909 B
1269 1850 1467 1934 tripudiabit,
1499 1857 1529 1913 et
1564 1869 1637 1913 curn
1670 1849 1793 1931 angelis
1822 1848 1973 1911 fiducialiter

465 1950 582 2012 scende
611 1957 720 2012 contra
747 1957 790 2024 te,
816 1957 848 2012 et
876 1969 966 2013 reum
996 1957 1026 2013 te
1056 1949 1213 2012 constitue
1268 1957 1348 2032 aget.
1365 1949 1478 2012 Beatus
1497 1949 1553 2032 qui
1574 1948 1738 2030 propriam
1754 1947 1973 2010 voluntatemne

464 2055 537 2110 ante
558 2054 599 2110 te.
1268 2066 1332 2130 qne
1353 2047 1385 2109 in
1406 2047 1506 2110 finem
1528 2045 1712 2120 mortificat,
1730 2053 1765 2109 et
1782 2044 1917 2128 superiori
1933 2063 1973 2108 suo

498 2148 606 2229 ltaque
620 2147 800 2210 consideret
814 2147 1035 2229 unnsquisque
1051 2165 1125 2209 snos
1139 2165 1214 2229 qno
1268 2147 1365 2209 tradit
1384 2164 1492 2208 curam
1513 2147 1574 2208 sni.
1592 2146 1623 2209 Si
1645 2146 1717 2228 quis
1742 2152 1844 2208 antem
1863 2145 1974 2224 redargu

464 2244 600 2307 tidianos
625 2244 769 2308 defectus
789 2253 884 2328 atque
907 2263 1067 2320 excessus,
1091 2245 1215 2308 omissi·
1267 2245 1387 2308 tionem
1415 2245 1483 2308 sive
1507 2244 1627 2326 justam
1656 2243 1726 2306 sive
1756 2243 1893 2324 injustam
1916 2261 1930 2302 a
1950 2261 1973 2303 sc

464 2343 598 2424 onisqne
622 2344 743 2426 culpas,
769 2351 801 2406 et
825 2363 920 2425 qnam
945 2362 1040 2424 grave
1065 2344 1107 2406 sit
1126 2346 1212 2426 quod
1268 2344 1414 2426 projecit,
1441 2343 1500 2406 iste
1523 2362 1613 2405 suam
1645 2343 1775 2424 negavit
1799 2341 1923 2403 salumn.
1943 2338 1973 2400 Si·

464 2458 545 2522 opns
569 2441 625 2503 Dei
649 2440 727 2502 facit
749 2448 814 2503 tam
836 2441 1044 2522 negligenter,
1069 2442 1153 2522 qrrod
1179 2442 1212 2504 in
1268 2461 1339 2505 mns
1366 2459 1441 2523 ergo
1465 2442 1497 2504 in
1526 2441 1615 2505 omni
1644 2447 1765 2504 eventu
1792 2437 1932 2521 tranquilli
1948 2457 1973 2499 ac

464 2539 595 2614 diviniS,
612 2539 644 2601 in
661 2538 885 2613 celebratione,
903 2539 934 2601 in
956 2539 1132 2621 psalmodia
1146 2547 1212 2602 tam
1267 2542 1331 2604 Deo
1356 2539 1481 2614 intenti,
1503 2539 1654 2622 quoniam
1680 2539 1820 2603 Climaco
1840 2544 1916 2610 teste,
1932 2553 1974 2597 cu

465 2637 635 2700 distractus
655 2643 712 2711 est,
729 2638 814 2718 qnod
837 2655 942 2700 coram
962 2636 1125 2700 ditissimo
1147 2645 1210 2700 tam
1267 2638 1399 2701 nobinm
1416 2645 1464 2700 est
1478 2637 1594 2701 coelnm
1607 2634 1973 2718 terrenumPropterquod

465 2736 678 2798 irreverenter
706 2754 740 2798 sc
767 2735 873 2808 habet,
904 2735 988 2817 quod
1020 2735 1152 2816 negligit
1180 2743 1212 2798 et
1267 2738 1349 2799 sicut
1378 2735 1566 2798 afficiuntur
1590 2735 1622 2798 in
1647 2733 1852 2816 coelossangeli
1873 2733 1973 2794 Domino

464 2834 584 2898 omittit
598 2841 644 2897 tot
659 2833 741 2897 bona
759 2851 765 2896 :
782 2834 892 2916 sicque
908 2834 1020 2916 puniat
1035 2841 1066 2896 et
1081 2834 1210 2915 castiget
1267 2834 1494 2908 ministrantes,
1515 2833 1560 2895 ita
1582 2833 1768 2895 afficiamus
1793 2850 1844 2894 cor
1864 2839 1973 2893 nostmn

464 2953 498 2996 se
527 2933 646 3015 ipsum,
676 2941 707 2995 et
735 2952 754 2994 a
784 2932 942 3014 spirituali
974 2939 1063 3014 patre
1093 2932 1210 3014 corripi
1267 2933 1299 2994 iu
1320 2930 1465 2996 coenobio
1486 2931 1670 2994 servientes.
1687 2930 1736 2994 Ad
1758 2931 1875 2994 laudem
1890 2935 1915 2990 el
1929 2926 1974 3007 glo

464 3038 552 3113 optet
567 3050 604 3094 ac
626 3031 750 3114 corrigi.
769 3031 873 3104 Porro,
890 3029 916 3092 si
933 3031 1005 3113 quis
1024 3030 1128 3092 adbuc
1145 3029 1247 3094 tamG
1266 3030 1346 3094 riam
1366 3029 1609 3112 Omnipotcntis.

1011 3469 1206 3556 SERMO
1244 3468 1463 3556 SEXTUS

691 3737 730 3782 DE
752 3736 925 3782 exeuntum
947 3734 1130 3781 muccvtotvu
1151 3733 1342 3790 obuncabant
1362 3733 1534 3780 vnnnclrun
1554 3733 1790 3792 rmutruovtnll,

981 3835 1019 3880 UT
1040 3833 1119 3880 VBBB
1140 3831 1306 3879 POErtlrultll
1327 3831 1487 3878 piscantes

525 4126 704 4194 ONFIDE,
726 4127 791 4203 fili,
814 4127 1033 4184 remittuntur
1058 4124 1119 4183 tibi
1138 4141 1209 4199 pec·
1302 4123 1411 4204 ltaque
1436 4123 1607 4197 climacus,
1634 4123 1666 4184 iu
1692 4122 1816 4185 solenni
1840 4139 1873 4183 ac
1893 4122 1974 4180 sancb

535 4233 608 4284 cata
627 4222 925 4298 tua.lllattb.1x,2.
1221 4219 1409 4283 Bcoenobio
1438 4221 1470 4282 in
1497 4238 1572 4303 quo,
1597 4229 1632 4283 ut
1657 4221 1776 4303 saepius
1803 4226 1910 4281 tactum
1931 4219 1971 4274 cst.

501 4323 664 4405 Exempla,
690 4330 724 4384 nt
748 4323 961 4384 communiter
985 4321 1112 4394 dicitnr,
1134 4321 1207 4403 plus
1263 4318 1373 4380 multis
1398 4316 1460 4381 fnit
1482 4318 1606 4393 diebus,
1623 4319 1705 4381 vidit
1727 4318 1876 4401 quosdam
1897 4328 1974 4375 mona·
2054 4383 2055 4414 ,

461 4429 591 4484 movent
610 4441 706 4504 qnam
726 4419 832 4484 verba.
850 4419 977 4482 lloralia
997 4438 1134 4500 namque
1154 4419 1207 4481 do·
1262 4417 1339 4480 chos
1361 4435 1505 4480 scorsum
1528 4417 1680 4491 reclusos,
1697 4417 1846 4481 videlicet
1867 4416 1972 4476 incarce-

460 4527 610 4582 cumenta
633 4526 709 4581 sunt
731 4520 770 4581 de
796 4517 921 4580 actibus
950 4525 981 4580 et
1006 4516 1207 4599 passionibus
1262 4515 1403 4586 ratos,de
1419 4533 1556 4597 quornm
1572 4516 1763 4597 poenitentia
1777 4513 1880 4578 scribit
1892 4525 1973 4572 revera

461 4617 640 4690 bominum,
656 4617 796 4679 actiones
812 4633 887 4678 vero
902 4623 934 4678 et
952 4614 1116 4698 passiones
1133 4623 1209 4676 sunt
1262 4614 1423 4677 mirabilia
1445 4615 1478 4676 in
1496 4614 1583 4677 bunc
1604 4616 1734 4677 modum
1754 4634 1761 4678 :
1779 4610 1940 4678 concurrite
1951 4613 1972 4664 et

460 4713 698 4796 suppositorum
717 4732 723 4776 :
740 4713 812 4777 ideo
833 4721 953 4796 quanto
975 4713 1007 4775 in
1032 4713 1207 4775 moralibus
1262 4715 1379 4789 venite,
1395 4715 1502 4778 venite
1518 4722 1551 4778 et
1569 4716 1688 4788 audite,
1705 4707 1739 4778 et
1757 4711 1884 4779 narrabo
1896 4706 1971 4770 vobis«

460 4812 561 4894 magis
583 4812 621 4874 ad
646 4811 850 4894 particularia
874 4812 1018 4893 qrraedam
1043 4811 1206 4874 descendi·
1261 4830 1415 4876 oomnes
1444 4813 1501 4895 qui
1530 4814 1630 4876 Deum
1657 4812 1847 4876 offendistis.
1870 4807 1973 4885 Congre-

459 4919 522 4985 tur,
539 4917 627 4973 tanto
648 4909 819 4993 perfectior
840 4917 888 4971 est
913 4909 1066 4984 doctrina,
1083 4928 1119 4971 ac
1141 4929 1206 4972 mc·
1261 4909 1381 4991 gamini
1410 4917 1442 4972 et
1467 4911 1573 4973 videte
1602 4929 1673 4992 quaa
1698 4911 1738 4974 ad
1764 4905 1973 4974 aedificationen

460 5010 523 5072 lius
547 5009 675 5072 instruit
696 5007 862 5070 audientes
884 5015 978 5089 atque
1001 5006 1150 5089 legentes.
1169 5008 1207 5070 Ut
1260 5015 1388 5070 ostensa
1411 5015 1486 5071 sunt
1504 5009 1619 5071 anime
1638 5025 1728 5072 meae.
1749 5007 1920 5074 Audiamus,
1936 5015 1974 5059 cn·

460 5126 535 5189 ergo
550 5127 621 5190 qnae
636 5108 675 5170 de
690 5106 879 5190 poeniteutia
894 5106 977 5168 dicta
992 5113 1077 5181 snnt,
1090 5106 1206 5169 clarius
1261 5105 1436 5168 stodiamus
1452 5113 1483 5168 et
1498 5104 1653 5168 faciamus
1668 5105 1843 5168 secundnm
1856 5095 1974 5178 hacqui-

461 5205 690 5288 intelligantnr,
707 5205 920 5286 exemplarem
937 5203 1037 5268 decis
1055 5204 1206 5267 narratio·
1261 5222 1400 5285 cumque
1433 5205 1648 5286 peccavimus.
1681 5203 1850 5275 Attendite,
1878 5198 1973 5261 turns.

463 5323 537 5367 nem
559 5303 719 5366 inducam.
1261 5301 1360 5366 verba
1376 5322 1457 5379 mea,
1475 5303 1626 5367 inclinate
1645 5322 1756 5366 aurem
1773 5309 1911 5372 vestram,
1924 5291 1974 5376 vtti-
