4164 6258
335 519 483 568 noummn
504 521 547 566 vu
568 521 642 568 rosr
661 477 856 566 mmrrlrurr.
877 538 917 548 -
937 520 979 565 ao
999 519 1196 582 nuurerosos3
1219 519 1317 565 snuuo
1337 517 1475 575 ounnrus
1623 491 1684 557 ²83

142 692 179 755 bi.
190 691 228 754 Et
242 692 303 755 boc
319 693 497 756 certissime
511 691 693 766 innotescit,
705 691 731 754 si
748 691 885 754 effectus
899 689 925 753 A
939 689 1016 765 boli,
1034 689 1180 752 minister
1201 689 1334 772 peccati,
1355 689 1535 752 daemouum
1561 703 1683 759 servus,

142 791 243 872 gratiae
268 809 304 852 ac
328 791 495 864 virtutum,
517 789 783 872 concupiscentie
807 805 883 870 quo·
939 789 1158 870 creatorisque
1188 789 1339 850 inimicus
1363 795 1395 850 et
1423 787 1452 848 ei
1477 783 1624 862 odibilis;
1646 783 1685 845 fit

142 895 253 972 quaet
274 888 425 951 vitiorum
449 888 510 950 rite
534 888 784 950 considerentur.
803 887 883 949 Ecce
938 888 1045 950 anima
1075 887 1145 968 ejus
1174 887 1292 950 diaboli
1321 884 1505 949 detestanda
1530 881 1683 956 adultera,

142 987 220 1050 enim
241 994 538 1068 quantumcumque
558 984 706 1048 sublimis
725 985 767 1046 sit
787 985 884 1046 alicu-
938 993 1063 1048 aeternae
1079 985 1273 1048 damnationi
1288 984 1436 1058 obnoxia,
1447 982 1599 1063 omnique
1614 980 1687 1042 bru-

141 1086 187 1166 jus
211 1084 375 1147 rationalis
399 1103 455 1146 seu
481 1083 706 1146 intellectualis
731 1091 883 1146 creature
939 1092 970 1147 to
987 1083 1280 1165 incomparabiliter
1295 1083 1430 1165 peieret
1445 1080 1548 1143 vilior.
1565 1080 1622 1143 Per
1638 1097 1687 1141 ac-

143 1183 273 1264 dignitas
302 1182 456 1245 naturalis
487 1202 543 1246 seu
576 1189 688 1245 natura
718 1181 881 1264 specifica,
938 1189 1005 1243 tum
1017 1181 1143 1243 virtutis
1157 1180 1344 1262 adipiscitur
1359 1180 1449 1242 bomo
1463 1177 1685 1240 beatitudinem

142 1300 200 1343 non
215 1289 321 1342 tamen
337 1299 394 1362 per
409 1299 442 1342 se
457 1288 587 1362 accepta
601 1287 649 1342 est
665 1279 813 1351 Creatori,
824 1296 882 1340 nec
938 1279 1138 1358 atemalem3
1160 1299 1216 1362 per
1239 1280 1371 1341 mortale
1396 1285 1574 1360 peccatum,
1600 1275 1686 1338 dam-

140 1381 175 1441 ad
190 1379 436 1460 promerendum
453 1378 575 1440 idonea.
593 1378 654 1440 Sed
669 1385 756 1440 tanta
774 1385 823 1438 est
836 1375 882 1436 di·
938 1379 1098 1440 nationem
1125 1385 1311 1460 perpetuam
1340 1376 1560 1458 gehennalem.
1586 1374 1683 1448 Quam

140 1477 238 1558 gnitas
253 1477 361 1558 gratiae
375 1483 500 1556 gratum
518 1475 674 1548 facientis,
684 1475 768 1556 quod
783 1493 881 1556 quan·
938 1474 1146 1538 ineffabiliter
1168 1493 1243 1556 ergo
1267 1475 1423 1537 differunt
1444 1493 1480 1536 ac
1504 1473 1622 1535 distant
1644 1471 1685 1532 ab

140 1585 344 1656 tunicamque
359 1575 400 1636 sit
416 1573 540 1637 modica
554 1580 609 1637 aut
624 1574 881 1646 remissa,tamen
939 1573 1077 1636 invicem
1098 1575 1200 1636 virtus
1221 1581 1253 1636 et
1271 1573 1397 1648 vitium,
1415 1573 1566 1635 meritum
1587 1579 1618 1633 et
1632 1569 1684 1632 de-

139 1693 191 1756 pcr
206 1691 276 1734 eam
292 1673 497 1734 constituitur
513 1671 674 1734 rationalis
690 1679 833 1733 creatura
850 1671 881 1732 in
937 1673 1099 1746 meritum,
1117 1690 1252 1754 quorum
1276 1679 1340 1734 tam
1365 1671 1483 1734 diversi
1508 1676 1583 1732 suut
1607 1667 1684 1731 effe·

140 1791 202 1834 esse
226 1770 459 1853 supernaturali
485 1789 522 1830 ac
546 1769 706 1842 deiformi,
723 1777 818 1850 atque
842 1769 881 1830 ad
937 1777 1087 1844 ctus,tam
1104 1770 1311 1832 indicibiliter
1326 1770 1487 1832 diversum
1502 1769 1685 1849 distansquc

140 1868 382 1952 promerendum
412 1867 546 1946 idoneo;
572 1875 604 1929 et
630 1867 697 1948 ipsa
720 1864 918 1929 rationalisB
938 1869 1127 1950 praemiumf
1143 1869 1304 1942 Praeterea,
1323 1868 1388 1930 hmo
1406 1868 1473 1950 ipsa
1488 1865 1603 1949 partim
1620 1872 1685 1926 tan-

140 1975 286 2029 creaturae
310 1965 480 2028 essentiam
506 1965 537 2026 in
568 1973 692 2027 tantum
723 1973 880 2046 perornat,
936 1968 982 2048 git
997 1967 1166 2048 Apostolus
1182 1967 1213 2028 in
1230 1967 1377 2048 praesenti
1394 1966 1538 2048 epistola,
1556 1965 1682 2026 diceus:

140 2065 263 2148 perficit
278 2073 309 2127 et
324 2064 451 2138 exaltat,
467 2064 552 2146 quod
568 2063 706 2128 Creatori
726 2064 882 2126 altissimo
937 2066 1039 2139 Quum
1066 2065 1149 2127 servi
1172 2065 1284 2128 essetis
1309 2065 1442 2146 peccati,
1460 2063 1553 2126 liberi
1578 2062 1684 2124 fuistis
1699 2082 1831 2130 nolanae.

140 2165 175 2226 fit
196 2171 337 2244 accepta,
361 2169 450 2242 grata
478 2181 515 2224 ac
544 2162 670 2244 placita,
698 2162 729 2224 in
759 2170 881 2224 tautum
936 2164 1078 2244 justitiae.
1096 2164 1163 2237 Quo
1183 2169 1315 2237 constal,
1333 2163 1417 2244 quod
1437 2161 1598 2243 peccando
1616 2161 1685 2222 red-

139 2263 217 2344 quod
234 2271 265 2324 et
280 2261 405 2342 singula
420 2277 518 2342 opera
537 2261 608 2340 ejus
628 2279 698 2342 qum
718 2261 818 2342 gratia
839 2261 883 2321 in·
938 2262 1031 2324 datur
1049 2261 1145 2323 homo
1164 2279 1275 2322 servus
1296 2261 1429 2342 peccati,
1451 2268 1482 2322 ct
1502 2279 1521 2321 a
1543 2259 1685 2321 dominio

139 2359 323 2432 formantur,
341 2366 415 2420 sunt
434 2359 498 2420 Deo
517 2366 657 2440 accepta,
674 2357 883 2440 spiritualiter
937 2359 1069 2440 justitiae
1092 2360 1216 2422 alienus
1239 2367 1299 2421 :et
1324 2359 1368 2420 ita
1392 2358 1429 2420 fit
1454 2357 1563 2431 belial,
1582 2357 1612 2418 id
1638 2365 1685 2418 est

138 2458 216 2529 viva,
236 2465 268 2520 et
289 2465 414 2520 aeternae
437 2457 599 2520 meritoria
621 2457 702 2519 vitae.
938 2457 1059 2539 absque
1076 2457 1202 2519 Domini
1216 2457 1304 2537 jugo,
1322 2457 1487 2536 subjectus
1507 2455 1642 2518 diabolo.

176 2555 319 2636 Denique
343 2555 483 2616 caritatis
506 2554 620 2616 infusae
644 2553 830 2634 dignitatem
853 2562 884 2615 et
980 2555 1400 2630 Deinde‚dieeudo,«0uem
1418 2555 1558 2616 fructum
1575 2553 1686 2616 babui-

138 2653 357 2716 ercelleutiam
379 2671 475 2716 nemo
493 2661 597 2735 potest
616 2654 805 2734 exprimere.
827 2652 885 2714 Per
940 2654 997 2716 stis
1013 2654 1141 2728 tunc,in
1158 2654 1276 2735 quibus
1292 2673 1377 2715 nunc
1393 2651 1623 2716 erubescit-ist»
1640 2669 1686 2715 os-

139 2752 299 2813 caritatem
316 2769 454 2832 namque
470 2750 508 2812 fit
527 2752 623 2814 homo
638 2750 885 2832 supernaturali·
941 2753 1042 2814 tendit
1057 2771 1153 2833 quam
1170 2752 1342 2814 vehemens
1362 2751 1401 2812 sit
1419 2750 1684 2822 erubescibilitas‚

138 2859 183 2912 ter
198 2849 314 2912 similis
329 2848 449 2924 De0,fit
464 2849 633 2932 adoptivus
648 2848 885 2920 filiuslleimer-
941 2851 1122 2913 inhonestas
1147 2850 1337 2930 foeditasque
1363 2849 1495 2932 peccati,
1521 2868 1620 2931 quum
1646 2849 1686 2910 sit

75 2995 78 3002 .
139 2968 194 3010 vus
208 2957 241 3009 et
258 2947 441 3010 membrum
456 2947 642 3026 Cbristi3fit
657 2947 748 3009 heres
764 2946 885 3009 Creato·
940 2949 1063 3012 aversio
1091 2968 1109 3009 a
1134 2947 1221 3010 fonte
1245 2947 1342 3009 totius
1367 2947 1458 3020 lueis,
1485 2947 1631 3028 puritatis
1655 2955 1686 3008 et

25 3026 41 3066 ⁷·
139 3047 180 3108 ris
192 3047 388 3128 coheresque
401 3045 709 3120 Salvatoris,amicus
722 3045 883 3117 Altissimi,
900 3051 921 3116 c
941 3047 1126 3121 honestatis,
1143 3055 1174 3108 et
1194 3046 1264 3127 ejus
1284 3046 1451 3128 praeceptis
1470 3065 1507 3108 ac
1526 3053 1619 3108 rectae
1639 3064 1687 3107 ra-

139 3145 241 3207 socius
271 3144 470 3224 angelorum,
496 3145 656 3225 particeps
684 3143 883 3221 electorum3
941 3145 1018 3207 tioni
1041 3145 1235 3207 contrarium
1258 3161 1264 3206 :
1286 3143 1406 3206 idcirco
1424 3162 1486 3206 non
1511 3144 1614 3206 solum
1639 3152 1687 3206 est

137 3242 174 3304 fit
200 3243 308 3307 anima
337 3242 407 3323 ejus
441 3260 557 3323 sponsa
591 3242 729 3305 eoelestis
757 3243 882 3323 sponsi,
942 3243 1188 3315 iulructuosum,
1214 3242 1269 3304 sed
1296 3259 1420 3304 summe
1444 3260 1571 3323 quoque
1600 3242 1686 3304 noci-

137 3341 270 3403 amatrir
291 3347 323 3402 et
344 3340 566 3422 amplexatrix,
582 3339 715 3402 thronus
735 3347 766 3400 et
782 3339 884 3401 taber·
941 3359 1027 3402 vum.
1046 3341 1084 3402 Et
1099 3347 1217 3422 quanto
1232 3340 1304 3421 quis
1319 3339 1446 3421 plenius
1461 3339 1599 3421 desuper
1615 3339 1685 3401 illu-

137 3439 288 3502 naculum
322 3439 377 3501 Dei
407 3439 569 3518 viventis;
599 3439 637 3500 fit
668 3438 763 3501 bomo
792 3439 884 3500 miles
941 3449 1068 3515 stratur,
1094 3447 1182 3502 tanto
1205 3439 1360 3502 vilitatem
1389 3457 1425 3502 ac
1453 3439 1686 3521 turpitudinem

137 3538 244 3601 aeterui
271 3537 375 3619 Regis,
400 3537 438 3598 fit
462 3536 671 3618 spiritualiter
689 3537 793 3612 vivus,
814 3555 884 3618 spe·
941 3539 1092 3601 vitiorum
1109 3539 1225 3600 clarius
1241 3538 1486 3620 contemplatur,
1503 3539 1687 3620 etamplius

135 3636 240 3699 ciosus
254 3653 292 3697 ac
308 3634 454 3709 floridus,
467 3635 530 3697 Deo
544 3634 691 3696 amabilis
707 3641 738 3696 et
753 3635 885 3715 conjun·
941 3637 1014 3698 iude
1036 3636 1278 3698 verecundatur.
1296 3635 1398 3709 Quum
1424 3653 1498 3716 ergo
1520 3635 1687 3698 delectatio

136 3733 391 3808 otus,adbaerens
407 3751 443 3796 ae
460 3733 741 3794 lucidus.Virtutes
758 3750 884 3814 quoque
941 3734 1063 3817 peccati
1078 3741 1143 3795 tam
1163 3733 1270 3796 brevis
1285 3734 1336 3808 sit,
1353 3741 1385 3796 et
1403 3734 1625 3796 erubescentia
1643 3741 1689 3796 at-

134 3842 248 3897 ceterae
274 3833 399 3908 infusae,
426 3851 484 3916 per
507 3833 641 3914 gratiam
665 3839 696 3894 et
720 3833 884 3894 caritatem
941 3851 1003 3915 que
1024 3833 1150 3914 punitio
1169 3852 1239 3914 quae
1255 3832 1283 3894 ei
1301 3832 1468 3906 debentur,
1485 3841 1548 3894 tam
1565 3833 1687 3895 diutur-

134 3932 340 3996 formatam
365 3932 531 4004 decorate,
558 3930 695 3993 reddunt
720 3930 884 3993 homiuem
941 3950 1000 4004 nae,
1018 3931 1083 3993 imo
1106 3938 1279 4012 perpetuae,
1297 3931 1436 3992 vitemus
1458 3949 1553 3993 omne
1577 3949 1687 4012 pecea-

133 4031 196 4093 neo
221 4037 393 4112 acceptum
417 4037 449 4091 et
477 4037 627 4092 aternam
654 4028 884 4092 beatitudinem
941 4037 1021 4102 tum,
1052 4047 1180 4092 omnem
1210 4036 1317 4090 aetum
1348 4029 1562 4102 immundum,
1593 4047 1687 4091 omne

132 4127 312 4210 promereri
327 4133 502 4208 potentem,
518 4126 557 4188 ad
574 4125 657 4187 bona
675 4126 795 4206 agenda
815 4145 885 4208 per·
942 4127 1076 4190 verbum
1106 4134 1138 4190 et
1166 4145 1247 4208 opus
1276 4127 1442 4208 quodlibet
1471 4127 1684 4190 inhonestum.

132 4225 275 4300 facilem,
292 4232 403 4287 contra
423 4224 525 4285 aciem
546 4223 698 4285 vitiorum
718 4225 884 4305 impugna·
899 4223 924 4287 D
941 4226 1040 4290 Nemo
1055 4225 1152 4288 faciat
1168 4226 1200 4286 iu
1221 4233 1342 4288 secreto
1361 4227 1401 4288 de
1416 4243 1480 4308 quo
1494 4227 1688 4289 verecunda·

132 4324 303 4406 tionesque
319 4323 500 4386 daemonum
516 4320 644 4395 fortem,
656 4322 885 4396 munitum,ar-
941 4333 1029 4387 retur
1044 4325 1075 4385 iu
1092 4322 1233 4404 publico,
1245 4341 1285 4384 ne
1300 4323 1339 4385 de
1355 4323 1483 4387 illorum
1499 4323 1540 4385 sit
1554 4343 1687 4386 nurnero

133 4431 271 4496 matum,
294 4421 512 4484 victoriosum.
941 4425 980 4486 de
1003 4422 1120 4504 quibus
1139 4422 1184 4483 ait
1202 4421 1371 4502 Apostolus
1388 4439 1395 4483 :
1412 4423 1485 4496 Qum
1508 4421 1539 4484 in
1562 4424 1687 4487 occulto
1720 4441 1833 4497 uenena.

171 4521 257 4583 Eece
279 4519 440 4603 quomodo
458 4519 570 4599 gratia,
587 4519 720 4580 virtutes
741 4527 773 4580 et
791 4520 884 4594 dona,
940 4522 1026 4583 liunt
1048 4520 1088 4582 ab
1113 4519 1170 4592 eis,
1195 4527 1287 4601 turpe
1311 4527 1359 4581 est
1382 4520 1497 4582 dicere.
1522 4521 1686 4603 Siquidem
1704 4509 1735 4548 ¹²·

131 4619 261 4681 fructus
285 4625 317 4681 et
341 4635 437 4701 opera
463 4617 546 4681 bona
569 4617 733 4680 bominem
760 4627 884 4692 ornant,
942 4620 1065 4682 Christo
1091 4625 1226 4682 testante
1253 4635 1260 4680 :
1285 4618 1395 4680 Omnis
1419 4620 1474 4700 qui
1500 4619 1582 4682 male
1610 4621 1685 4702 agit,
1715 4639 1834 4689 raanan,

130 4717 324 4789 sublimant,
341 4716 504 4791 deificant,
522 4715 741 4779 honorabilem
763 4734 799 4777 ac
815 4716 887 4778 bea·
941 4718 1009 4781 odit
1028 4717 1144 4791 lucem,
1162 4735 1220 4779 nec
1241 4716 1328 4778 veuit
1348 4717 1386 4778 ad
1406 4736 1488 4792 eam,
1506 4725 1541 4780 ut
1560 4737 1623 4781 nou
1638 4739 1686 4781 ar·
1703 4705 1779 4752 ²⁰³¹·

129 4824 199 4878 tum
217 4816 381 4880 efficiunt.
393 4815 528 4878 Econtra
543 4815 694 4876 vitiorum
712 4813 887 4877 ineffabilis
941 4825 1079 4898 guantur
1094 4834 1190 4898 opera
1210 4816 1298 4897 ejus3
1315 4815 1370 4897 qui
1390 4823 1497 4878 autem
1517 4816 1594 4879 facit
1608 4819 1687 4880 veri-

129 4924 178 4977 est
200 4913 404 4986 deformitas,
426 4913 530 4987 foetor,
552 4913 664 4994 caligo,
681 4913 798 4984 vilitas,
815 4914 886 4975 bor·
941 4923 1050 4989 talem,
1072 4915 1160 4976 venit
1183 4915 1221 4976 ad
1248 4914 1363 4988 lucem,
1388 4923 1422 4977 ut
1444 4915 1689 4978 manifestentur

129 5031 193 5088 ror,
211 5013 378 5076 damnatio
397 5011 495 5094 :quia
517 5029 574 5094 per
593 5029 629 5074 ea
651 5010 690 5073 iit
709 5011 805 5074 bomo
824 5013 887 5074 dis·
941 5031 1037 5095 opera
1053 5012 1134 5093 ejus,
1152 5013 1227 5094 quia
1243 5013 1274 5074 in
1291 5013 1354 5074 fleo
1370 5021 1445 5074 sunt
1461 5014 1551 5076 lacta.
1570 5015 1688 5078 Erube-

128 5111 259 5194 pliceus
275 5112 340 5174 Deo
356 5118 387 5172 et
402 5127 532 5192 prorsus
552 5128 683 5173 aversus
698 5109 738 5171 ab
757 5128 806 5184 eo,
823 5111 886 5192 spi·
943 5132 1068 5175 scamus
1091 5129 1165 5192 ergo
1185 5111 1337 5193 quotidie,
1355 5119 1386 5172 et
1407 5113 1689 5176 vehementissime

128 5211 294 5274 ritualiter
308 5217 500 5283 mortuus,et
515 5210 601 5272 omni
616 5209 767 5272 cadavere
783 5228 886 5272 coram
943 5228 1048 5272 coram
1074 5211 1138 5272 Deo
1162 5209 1427 5282 verecundemur,
1451 5210 1535 5291 quod
1560 5211 1591 5270 in
1619 5211 1689 5290 ejus

127 5310 195 5375 Deo
209 5308 374 5388 foetidi0r;
390 5308 430 5370 lit
445 5326 556 5370 servus
572 5315 604 5370 et
624 5307 805 5370 membrum
822 5307 887 5370 dia·
943 5308 1097 5390 obsequio
1112 5316 1176 5371 tam
1194 5306 1462 5389 imperfecte,tam
1480 5307 1690 5371 irreverenter
