4288 6264
422 517 442 582 8
713 539 863 588 ⁰011ch
885 541 915 586 tv
935 540 1009 588 POST
1030 538 1160 586 PASCHA·
1181 557 1222 566 -
1243 539 1418 588 ennuntrto
1440 542 1471 587 ΙΝ
1492 541 1686 589 retuderunt

424 708 527 771 mium
543 711 673 794 cupitis,
683 732 779 794 quarn
793 714 929 777 loannes
943 711 1094 795 Baptista,
1108 710 1210 774 tan-A
1228 712 1277 784 da,
1304 712 1366 775 nisi
1391 713 1532 795 ipsorum
1562 715 1665 796 capite
1687 714 1875 795 glorificato.
1901 712 1974 774 ldeo

423 827 520 889 quam
536 809 586 871 vir
600 810 844 892 perfectus‚non
861 811 1070 873 curavitNon
1085 810 1170 872 enim
1227 809 1349 872 dictum
1368 819 1417 873 est
1433 831 1439 875 :
1457 812 1593 894 Spiritus
1618 812 1760 875 nondum
1785 818 1852 874 erat
1870 811 1973 883 datus,
1996 824 2103 869 raanan.

425 905 540 987 legitur
556 907 717 971 Christum
736 909 942 991 corporaliter
956 909 1102 972 visitasse
1119 915 1173 970 aut
1227 910 1378 988 quoniam
1400 911 1489 972 Jcsus
1511 912 1653 973 nondum
1678 918 1743 974 erat
1764 909 1972 992 glorificatus.
1989 891 2022 930 ³⁹·

286 1014 370 1058 rma.
381 1027 409 1064 u.
424 1013 552 1067 secutus
572 1005 682 1082 fuisse,
700 1007 850 1089 quoniam
869 1025 942 1070 caro
960 1024 1025 1069 non
1045 1006 1172 1088 prodest
1269 1011 1311 1069 Ει
1326 1029 1425 1087 quum
1443 1011 1580 1079 venerit,
1597 1010 1627 1071 id
1644 1016 1702 1082 cst,
1720 1016 1889 1091 postquam
1906 1007 1975 1089 Spi-

275 1079 310 1122 ⁶⁸⁹
424 1105 609 1187 quidquam.
1228 1109 1308 1170 ritus
1338 1108 1471 1169 Sanctus
1501 1107 1592 1169 vobis
1620 1107 1718 1169 fuerit
1746 1113 1811 1169 tam
1840 1106 1975 1188 gratiose

463 1202 617 1285 Denique,
648 1204 794 1278 dicendo,
822 1204 999 1266 «Tristitia
1027 1203 1173 1285 implevit
1229 1206 1365 1278 infusus,
1386 1205 1430 1267 ita
1455 1206 1539 1286 quod
1564 1225 1582 1267 a
1605 1206 1695 1268 vobis
1720 1205 1889 1267 abstulerit
1911 1223 1977 1266 om-

424 1318 478 1363 cor
502 1309 645 1364 vestrum
668 1323 697 1376 a,
724 1302 831 1364 innuit
854 1320 908 1364 eos
933 1301 1174 1364 vehementissi-
1229 1323 1302 1366 nem
1323 1303 1537 1365 inordinatum
1559 1304 1718 1376 timorem,
1735 1310 1767 1365 et
1783 1304 1906 1366 dederit
1925 1320 1977 1364 vo

421 1419 471 1461 me
486 1400 777 1462 contristatos.ldeo
792 1419 846 1463 eos
861 1400 1088 1480 benignissime
1104 1417 1173 1460 con·
1229 1401 1278 1463 bis
1302 1401 1453 1462 invictam
1477 1401 1576 1463 animi
1600 1402 1789 1472 libertatern,
1811 1401 1977 1463 inconcus·

422 1497 552 1570 solatur,
560 1497 727 1561 subdendo
738 1515 744 1558 ε
755 1502 821 1560 Sed
830 1517 886 1575 eqo
899 1498 954 1579 qui
970 1517 1040 1560 sum
1055 1497 1175 1559 veritas
1228 1518 1295 1560 sam
1319 1499 1540 1572 constantiam,
1555 1500 1687 1580 justitiae
1706 1499 1923 1572 stabilitatem,
1940 1517 1977 1560 ac

423 1596 573 1670 increata,
599 1599 772 1657 veritatem
802 1597 1072 1678 proportionalem
1102 1599 1173 1654 dico
1228 1596 1383 1659 fervidam
1414 1597 1469 1659 Dei
1499 1616 1535 1658 ac
1565 1598 1701 1679 proximi
1731 1597 1935 1660 dilectionem
1968 1615 1975 1660 :

421 1697 518 1756 vobis.
536 1697 683 1772 Expedit
698 1697 797 1766 cobis,
814 1696 845 1757 id
863 1702 921 1768 est,
938 1695 1105 1757 animabus
1122 1713 1173 1756 ve·
1229 1696 1312 1777 quod
1336 1703 1437 1757 totum
1460 1696 1491 1757 in
1515 1697 1566 1757 die
1588 1697 1786 1758 Pentecostes
1811 1703 1977 1778 peractum

422 1792 496 1854 stris
515 1792 643 1855 salubre
658 1801 717 1866 est,
735 1802 772 1852 ut
788 1813 844 1870 eqo
860 1796 977 1852 vectam
992 1792 1031 1854 ad
1050 1792 1171 1854 Patrem
1229 1802 1293 1872 est;
1315 1795 1371 1852 itte
1391 1803 1506 1870 arguet
1526 1798 1698 1864 mundum,
1720 1795 1750 1855 id
1773 1802 1831 1868 est,
1849 1814 1906 1876 per
1927 1812 1979 1856 ve-

420 1891 530 1970 (modo
545 1891 717 1973 praetacto).
736 1891 834 1972 Cujus
850 1891 928 1952 ratio
944 1889 1092 1952 subditur
1109 1907 1115 1950 :
1133 1891 1174 1950 Si
1191 1889 1214 1950 B
1230 1900 1326 1953 stram
1351 1892 1607 1973 pradicationem
1633 1892 1810 1973 increpabit
1831 1891 1978 1954 homines

422 1990 509 2048 enim
534 2008 599 2048 non
624 1991 745 2059 abiero,
766 1992 960 2050 Paracletus
980 2007 1045 2046 non
1067 1989 1172 2045 ueniet
1231 1990 1408 2051 mundanos
1427 2009 1463 2051 ac
1484 1989 1646 2072 reprohoS,
1663 1994 1702 2048 dc
1718 2000 1846 2066 peccato
1867 1989 1979 2052 infide-

422 2089 467 2145 ad
482 2107 535 2146 uos
552 2086 583 2147 in
599 2093 685 2148 tanta
701 2086 912 2167 plenitudine,
924 2093 1019 2166 atque
1035 2084 1066 2145 in
1083 2085 1173 2164 signo
1230 2085 1327 2148 litatis
1343 2087 1427 2168 quod
1443 2087 1670 2161 habuerunt,et
1681 2089 1866 2165 dey'ustttia
1881 2107 1977 2169 quarn

423 2182 556 2257 visibili,
574 2183 657 2244 sicut
677 2183 711 2244 in
733 2183 785 2245 die
806 2184 1017 2245 Pentecostes.
1038 2184 1106 2245 Jarn
1131 2189 1174 2241 ta·
1230 2185 1416 2256 omiserunt,
1439 2186 1470 2246 id
1493 2193 1541 2246 est
1561 2187 1600 2247 dc
1623 2193 1807 2267 contemptu
1832 2193 1863 2247 ct
1885 2185 1979 2247 omis·

424 2299 498 2342 men
513 2280 655 2362 Apostoli
677 2280 837 2342 habebant
855 2281 1063 2353 Paracletum,
1081 2285 1175 2361 prout
1231 2283 1319 2344 sione
1340 2283 1479 2362 justitia.
1501 2283 1627 2345 lustitia
1649 2302 1764 2364 nempe
1789 2301 1852 2346 uon
1878 2283 1979 2344 incre·

424 2379 600 2461 requiritur
624 2379 662 2440 ad
688 2380 823 2441 salutem
848 2397 854 2440 :
879 2380 1039 2460 siquidem
1064 2379 1097 2439 in
1122 2377 1174 2439 die
1230 2381 1403 2462 petionem,
1435 2382 1489 2443 sed
1519 2382 1645 2443 laudern
1677 2390 1834 2460 meretur3
1865 2400 1976 2444 verum

276 2495 407 2547 diener.
424 2477 549 2540 Paschae
579 2476 760 2539 insufflavit
789 2477 822 2538 in
852 2495 917 2550 eos,
943 2477 1086 2558 Accipite
1114 2476 1175 2556 (in-
1230 2479 1361 2541 omissio
1390 2487 1421 2540 et
1450 2487 1650 2562 contemptus
1677 2480 1809 2560 justitie
1839 2487 1978 2542 meretur

423 2575 552 2656 quiens)
574 2574 728 2656 Spiritum
754 2575 916 2637 Sanctum.
943 2575 1071 2636 interim
1098 2591 1174 2655 quo·
1230 2577 1387 2656 redargui.
1405 2577 1517 2657 Arguit
1536 2596 1663 2659 quoque
1685 2578 1822 2659 Spiritus
1844 2578 1977 2641 Sanctus

423 2692 486 2755 que
510 2673 715 2754 profecerunt
739 2673 771 2734 in
796 2673 926 2734 caritate
948 2681 979 2734 et
1001 2673 1101 2753 gratia
1119 2691 1125 2735 :
1143 2678 1175 2733 et
1231 2676 1386 2736 mundum
1407 2675 1446 2737 de
1468 2675 1545 2737 falsa
1561 2682 1593 2737 et
1607 2675 1756 2737 simulata
1773 2676 1897 2756 justitia
1914 2694 1921 2738 :
1938 2676 1977 2736 de

423 2771 470 2834 sic
485 2771 574 2832 venit
587 2771 626 2831 ad
646 2788 700 2832 eos
721 2788 779 2853 per
799 2770 906 2850 gratiae
927 2770 1171 2831 incrementum.
1230 2792 1293 2854 qua
1322 2773 1465 2835 Christus
1495 2774 1527 2834 in
1558 2773 1728 2853 Evangelio
1757 2773 1978 2855 multipliciter

422 2871 594 2931 Stantem
616 2869 738 2937 abiero,
754 2871 884 2927 mittam
906 2888 978 2927 eum
1002 2871 1046 2927 oct
1067 2867 1172 2928 cosin
1231 2871 1436 2952 reprehendit
1460 2871 1649 2944 sacerdotes,
1671 2871 1796 2932 Scribas
1821 2878 1852 2932 et
1873 2871 1977 2933 Phari-

424 2967 515 3048 signo
535 2965 658 3028 visibili
676 2972 708 3026 et
728 2964 925 3027 abundantia
947 2965 1094 3026 maxima.
1113 2965 1175 3027 Cur
1230 2987 1318 3030 saeos,
1336 2972 1379 3030 et
1399 2973 1438 3028 cte
1449 2971 1581 3045 judicio
1602 2987 1711 3031 eorum
1732 2970 1911 3044 temerario,
1929 2969 1977 3031 vel

422 3072 529 3126 autem
547 3063 684 3146 Spiritus
700 3063 834 3125 Sanctus
850 3080 912 3124 non
929 3062 991 3124 fuit
1006 3063 1065 3124 hoc
1083 3063 1175 3124 modo
1191 3064 1212 3127 C
1231 3066 1269 3127 de
1283 3066 1406 3144 judicio
1425 3065 1545 3140 divino,
1562 3066 1646 3147 quod
1666 3085 1728 3129 non
1745 3067 1931 3141 timuerunt,
1948 3077 1980 3129 et

424 3162 599 3225 mittendus
619 3162 682 3224 nisi
706 3169 777 3243 post
799 3161 916 3223 Christi
941 3161 1173 3234 ascensionem,
1231 3163 1269 3224 de
1286 3163 1463 3224 temeritate
1480 3182 1543 3225 suae
1561 3163 1827 3245 praesumptionis,
1841 3184 1901 3246 qua
1916 3183 1979 3227 non

423 3261 556 3323 diversae
575 3269 650 3322 sunt
665 3278 776 3322 causae.
794 3260 909 3333 Prima,
926 3259 1078 3340 quoniam
1096 3259 1176 3340 ripo-
1231 3260 1407 3322 timuerunt
1433 3260 1591 3340 judicium
1621 3261 1685 3322 Dei.
1716 3261 1810 3323 Erant
1840 3280 1979 3344 namque

423 3359 577 3421 stolorum
607 3359 646 3420 ad
671 3358 832 3421 Christum
862 3357 992 3420 allectio
1021 3358 1174 3439 quamdiu
1231 3359 1377 3420 homines
1401 3359 1553 3419 mundani
1577 3359 1626 3420 his
1647 3358 1749 3420 tribus
1769 3359 1856 3422 vitiis
1879 3361 1979 3442 speci-

424 3455 671 3520 conversabatur
686 3474 759 3517 curn
775 3454 900 3528 eis,fuit
914 3455 1094 3536 aliqualiter
1109 3475 1177 3518 sen·
1230 3456 1322 3517 aliter
1339 3455 1504 3538 implicati,
1524 3457 1674 3537 quoniam
1692 3457 1849 3532 infideles,
1868 3458 1976 3540 injusti

424 3553 533 3628 sualis,
558 3554 634 3634 quia
661 3571 771 3614 revera
795 3553 891 3614 etiam
917 3553 950 3612 in
976 3553 1175 3613 naturalibus
1231 3561 1262 3614 et
1284 3553 1529 3634 presumptuosi
1552 3553 1691 3614 fuerunt.

424 3653 487 3716 fuit
510 3650 746 3734 pulcherrimus
776 3657 871 3731 atque
901 3649 1119 3722 dulcissimus,
1146 3658 1177 3712 et
1272 3649 1391 3712 Deinde
1413 3650 1555 3712 Christus
1577 3651 1674 3712 verba
1695 3671 1752 3712 sua
1773 3652 1913 3732 exponit.
1931 3656 1978 3714 De

423 3750 516 3813 valde
545 3766 701 3821 amorosa,
728 3747 865 3809 dulciter
892 3754 987 3828 atque
1012 3747 1177 3810 humiliter
1228 3757 1357 3824 peccato
1382 3749 1512 3826 quidem
1542 3748 1678 3829 Spiritus
1708 3749 1840 3810 Sanctus
1868 3759 1978 3830 arguet

425 3847 537 3910 habuit
551 3866 585 3909 se
601 3847 640 3909 ad
655 3845 833 3928 Apostolos
852 3852 1002 3927 tanquam
1023 3845 1061 3906 ad
1078 3845 1174 3920 titios,
1233 3846 1400 3918 mundum,
1427 3847 1507 3923 quia
1536 3865 1601 3904 non
1629 3848 1843 3907 crediderunt
1868 3849 1903 3908 in
1928 3868 1978 3907 me

424 3945 611 4027 discipulos,
628 3944 748 4006 amicos
763 3951 796 4005 et
811 3943 933 4004 fratres.
950 3944 1108 4016 Quantum
1124 3963 1177 4005 au-
1231 3951 1388 4005 amatores
1408 3943 1531 4015 muudi,
1549 3943 1699 4005 videlicet
1714 3943 1863 4007 obstinati
1879 3945 1977 4008 Judaei

425 4052 489 4106 tem
513 4042 643 4105 affectio
664 4041 759 4104 babet
779 4042 818 4104 de
840 4041 1035 4114 carnalitate,
1053 4048 1175 4103 tautum
1232 4050 1327 4123 atque
1342 4040 1510 4122 gentilium
1529 4041 1632 4114 multi,
1650 4059 1748 4122 quum
1766 4051 1870 4105 tamen
1887 4050 1933 4106 tot
1947 4052 1978 4105 et

425 4140 558 4222 impedit
572 4141 611 4201 de
627 4139 762 4220 Spiritus
779 4138 884 4200 Sancti
901 4139 1176 4219 receptionellinc
1232 4147 1320 4202 tanta
1335 4138 1489 4200 miracula
1508 4157 1527 4198 a
1546 4157 1597 4200 me
1613 4139 1661 4200 vel
1677 4158 1695 4200 a
1710 4138 1801 4201 vobis
1817 4140 1888 4202 fieri
1905 4161 1977 4204 con-

425 4239 539 4301 Paulus
555 4237 786 4320 perfectionem
802 4237 1176 4318 sortitus,Christumque
1192 4240 1216 4301 D
1232 4238 1421 4319 aperissem,
1440 4255 1497 4316 per
1511 4255 1581 4317 quae
1597 4237 1679 4298 Deus
1694 4239 1912 4301 testimouium
1929 4259 1979 4302 ve-

426 4337 530 4399 solum
560 4335 768 4417 spiritualiter
793 4353 904 4396 amans
933 4352 969 4396 ac
994 4335 1174 4416 speculam,
1231 4335 1333 4396 ritatis
1350 4333 1486 4415 praebuit
1502 4335 1691 4414 evangelicae
1708 4335 1789 4416 legi:
1807 4337 1878 4400 idco
1894 4339 1979 4401 inex·

295 4454 312 4498 u
325 4454 411 4506 cvm,
426 4435 470 4496 ait
494 4453 500 4498 ε
525 4433 563 4494 Et
587 4432 613 4494 si
637 4432 787 4495 novimus
812 4433 973 4494 Christum
999 4433 1175 4494 secundum
1232 4432 1390 4493 cusabiles
1411 4439 1493 4493 sunt.
1511 4467 1550 4477 -
1565 4435 1757 4509 Dejectitta
1773 4455 1847 4495 cero
1862 4438 1978 4498 omissa

278 4521 310 4562 ¹⁰¹
427 4549 566 4603 carnem,
594 4536 699 4591 tamen
722 4528 787 4608 jam
814 4549 899 4592 nunc
924 4547 987 4592 non
1013 4529 1173 4591 novimus
1231 4537 1341 4609 arguet
1363 4547 1429 4600 eos,
1450 4533 1528 4607 quio
1549 4533 1593 4588 ad
1614 4533 1749 4591 Patrem
1773 4536 1854 4594 averte
1874 4556 1885 4593 .·
1908 4535 1978 4597 ideo

426 4629 571 4692 Secunda
595 4645 690 4689 causa
712 4635 769 4700 est,
793 4629 943 4709 quoniam
970 4635 1032 4690 tarn
1059 4627 1176 4688 eximia
1234 4628 1309 4689 mihi
1326 4627 1505 4708 glorificato
1520 4634 1551 4688 et
1567 4647 1663 4708 super
1678 4646 1788 4690 omnes
1810 4631 1906 4694 coelos
1926 4653 1978 4695 ex-

425 4727 563 4809 Spiritus
583 4726 688 4790 Sancti
710 4726 875 4807 plenitudo
895 4727 997 4789 danda
1017 4743 1081 4787 non
1102 4725 1173 4794 fuit,
1230 4725 1333 4796 altato,
1344 4725 1442 4804 magis
1457 4743 1552 4805 quam
1566 4733 1638 4786 ante
1650 4725 1779 4788 obedire
1792 4727 1976 4804 debuerant,

423 4826 485 4888 nisi
508 4823 723 4888 reconciliatis
745 4823 808 4887 Deo
834 4845 891 4908 per
912 4826 1028 4889 Christi
1056 4823 1174 4906 passio·
1231 4841 1331 4904 quum
1348 4823 1503 4884 vidissent
1522 4829 1616 4902 atque
1633 4823 1796 4885 audissent
1815 4825 1979 4889 sufficien-

422 4943 506 4986 nem.
525 4923 639 4996 Tertia,
656 4922 808 5004 quoniam
825 4924 969 4986 Christus
984 4942 1038 4984 rex
1054 4929 1172 4993 noster,
1232 4921 1275 4982 tia
1301 4919 1376 4982 fidei
1407 4927 1593 4999 argumenta
1622 4921 1660 4981 de
1688 4939 1757 4982 mea
1780 4925 1975 4988 ascensione.

421 5030 485 5084 tam
502 5021 630 5104 copiose
645 5022 719 5084 dare
736 5039 799 5084 non
815 5020 925 5082 debuit
941 5020 1024 5080 dona
1039 5018 1173 5090 sua‚nisi
1230 5019 1302 5081 Post
1330 5019 1548 5080 ascensionem
1580 5017 1666 5079 enim
1696 5018 1823 5093 Christi,
1850 5022 1978 5086 demon-

421 5139 521 5202 quum
542 5138 688 5182 reversus
714 5118 776 5181 fuit
797 5119 836 5180 ad
860 5117 995 5200 patriam
1019 5133 1121 5183 suam,
1143 5123 1175 5175 et
1231 5116 1342 5178 stravit
1361 5117 1443 5178 Deus
1464 5115 1599 5176 Trinitas
1619 5115 1803 5178 hominibus
1821 5120 1977 5183 excellen-

420 5219 502 5282 sedit
524 5219 557 5281 in
579 5219 653 5280 sede
677 5217 765 5297 regni
791 5217 851 5278 sui.
874 5217 1000 5289 Quarta,
1021 5211 1173 5292 quoniam
1230 5215 1305 5274 tiam
1323 5212 1450 5284 Christi,
1467 5212 1550 5293 quod
1568 5213 1650 5273 Deus
1671 5220 1703 5273 et
1721 5211 1816 5275 homo
1834 5226 1928 5290 esset,
1945 5229 1978 5281 et

421 5317 565 5380 membra
588 5334 652 5378 non
675 5323 765 5378 erant
787 5321 871 5377 tanta
895 5311 998 5393 gratia
1022 5310 1173 5370 dccoran·
1229 5310 1312 5390 quod
1327 5327 1391 5372 non
1412 5317 1496 5370 esset
1516 5309 1548 5369 in
1569 5307 1632 5370 alio
1649 5309 1734 5370 salus
1752 5327 1758 5370 ε
1778 5309 1848 5373 ideo
1863 5314 1974 5378 obedi·
1991 5338 2114 5388 maan.
