4140 6258
385 531 533 580 polluros
552 531 574 577 Χ
594 530 667 578 PCS'l'
686 529 880 577 multarunt.
899 545 940 560 ···
960 529 1134 580 auanmrlo
1155 532 1187 580 ΙΝ
1207 535 1401 585 evaseserunt
1609 515 1667 584 3!ss

13 725 65 772 car.
78 737 109 776 a,
123 703 243 784 Sponsa
262 703 307 766 ait
327 703 359 767 in
382 704 520 770 Cantieis
537 722 543 766 :
562 704 626 786 llgo
647 703 763 766 dilecto
786 719 867 776 meo,
883 702 1068 786 abjungitur
1079 723 1085 768 :
1098 709 1146 769 Εο
1161 711 1248 788 quod
1262 729 1327 770 non
1344 712 1530 788 eopnoveris
1545 719 1669 788 tempus

124 809 154 864 et
166 802 205 863 ad
221 820 274 865 me
288 803 454 866 conversio
469 800 869 883 ejus3itemque,l]ilectus
924 803 1123 864 visitationis
1139 815 1215 876 tace,
1232 806 1263 868 id
1283 815 1331 870 est
1350 807 1466 872 Christi
1484 808 1667 880 adventum,

124 918 212 964 meus
239 899 331 974 mihi,
348 908 380 964 et
404 918 462 982 ego
487 899 544 963 illi.
562 900 670 981 ltaque
694 899 870 961 circumda·
923 919 1086 964 accessum
1107 909 1143 966 el
1172 907 1445 969 conversationem
1473 906 1543 987 ejus
1569 905 1600 968 in
1626 912 1666 968 te.

8 793 110 900 lobdult.

125 1001 203 1064 bunt
217 1007 248 1064 ta
265 1004 362 1072 catto,
378 1000 410 1063 id
426 1008 474 1064 est
488 1017 601 1080 aggere
618 1017 625 1061 :
642 999 717 1082 quia
731 1000 781 1080 (ut
796 997 870 1079 legi·
924 999 1011 1062 Unde
1033 1001 1189 1084 seriptum
1212 1011 1260 1066 est
1283 1003 1345 1068 alio
1369 1005 1438 1068 loco
1455 1023 1462 1067 :
1479 1003 1669 1068 Benedictus
1696 1019 1816 1070 aaaron.

125 1101 188 1181 tur)
208 1107 272 1163 tres
291 1117 422 1181 aggeres
441 1099 526 1162 circa
543 1097 718 1162 Jerusalem
737 1098 776 1160 ad
799 1115 869 1159 eam
924 1098 1077 1162 Dominus
1098 1100 1180 1163 Deus
1201 1102 1307 1178 lsrael,
1324 1103 1401 1186 quia
1419 1103 1560 1166 visitavit
1578 1111 1609 1166 et
1624 1103 1669 1165 le·

125 1199 311 1282 capiendam
331 1197 486 1262 lecerunt.
503 1201 547 1260 Et
562 1198 820 1274 eonnpnstnbnnt
841 1205 870 1254 te
924 1196 968 1258 cit
993 1197 1246 1280 redemptionem
1276 1200 1380 1282 plebis
1409 1221 1483 1266 sum.
1509 1201 1588 1264 llinc
1612 1221 1670 1284 per

125 1299 281 1378 undique,
298 1297 330 1360 id
355 1305 413 1372 est,
435 1304 500 1359 mm
524 1296 592 1358 dire
615 1293 818 1368 obsidebunt,
835 1301 870 1355 ut
923 1295 1036 1358 isaiam
1059 1297 1200 1378 loquitur
1221 1299 1304 1360 Deus
1321 1317 1328 1361 ε
1346 1300 1499 1381 Cognovit
1519 1299 1576 1363 bos
1600 1317 1670 1382 pos·
1712 1312 1742 1357 rs.
1755 1315 1801 1365 aa.

125 1395 231 1458 nullus
256 1413 295 1458 ex
319 1403 350 1458 te
374 1395 482 1475 egredi
507 1395 631 1468 audeat,
653 1393 708 1456 sed
730 1391 814 1456 lame
839 1400 870 1453 et
924 1411 1080 1458 sessorem
1102 1415 1208 1470 suum,
1226 1405 1257 1460 et
1276 1398 1364 1461 asina
1385 1417 1526 1481 presepe
1548 1399 1670 1462 domini

124 1493 173 1558 siti
190 1493 379 1575 gravissime
398 1492 563 1574 affligeris.
581 1491 627 1555 Ad
648 1498 767 1553 tantam
784 1509 871 1552 nam·
924 1493 991 1572 sui;
1007 1494 1101 1556 lsrael
1117 1502 1224 1558 autem
1241 1515 1291 1560 me
1312 1515 1375 1560 non
1394 1497 1552 1579 cognovit,
1570 1505 1602 1560 et
1616 1515 1671 1578 po-

124 1612 184 1674 que
200 1592 379 1674 angustiam
401 1590 590 1654 exsistentes
606 1597 681 1652 tunc
692 1587 730 1662 ¹in
749 1590 870 1652 Jerusa·
925 1591 1020 1673 pulus
1036 1611 1126 1654 meus
1142 1611 1205 1655 non
1222 1594 1486 1678 intellexitllpud
1501 1595 1671 1658 teremiam

125 1692 185 1753 lem
202 1697 277 1752 sunt
294 1689 543 1771 perducti,quod
560 1688 710 1750 mulieres
725 1687 871 1769 proprios
925 1708 1052 1772 quoque
1071 1690 1205 1754 hahetur
1222 1710 1228 1754 :
1245 1693 1358 1756 llilvus
1375 1693 1407 1756 in
1428 1694 1811 1776 ooelocognovitver.v1l,r.

124 1789 209 1854 lilios
233 1789 452 1862 comederunt,
470 1787 627 1868 multique
649 1785 734 1848 lame
753 1785 870 1848 erstiu·
925 1796 1052 1870 tempus
1074 1808 1180 1864 snum,
1198 1797 1277 1870 etc.;
1294 1792 1389 1854 lsrael
1409 1801 1515 1855 autem
1536 1810 1599 1855 non
1620 1809 1670 1856 co-

125 1889 164 1951 cti
187 1896 273 1960 sunt,
291 1894 326 1949 ut
344 1886 500 1970 losephus
521 1885 627 1948 refert.
885 1887 1035 1966 Bgnovit
1061 1887 1219 1968 judicium
1246 1889 1311 1952 Dei.
1336 1890 1499 1964 Praeterea,
1525 1889 1672 1972 quamvis

161 1991 204 2050 Et
221 1989 266 2046 ad
281 1995 405 2046 terram
419 1994 626 2062 prosternent
643 1995 672 2045 te
688 2005 699 2044 .·
714 1981 789 2065 quia
806 1990 870 2044 tam
926 1985 1065 2068 populus
1078 1986 1259 2050 Jndnorum
1275 1995 1405 2071 propter
1420 1989 1502 2052 hane
1518 1988 1674 2051 scelestis-

125 2086 382 2166 hominesquam
396 2083 871 2165 aedilicialerusalemprostra·
926 2084 1040 2147 simam
1071 2083 1268 2166 impietatem
1298 2094 1438 2149 vastatus
1469 2087 1522 2160 sit,
1549 2095 1672 2168 captus,

125 2191 240 2246 verunt
263 2182 405 2246 Romani.
432 2182 505 2244 ldeo
529 2180 678 2244 subditur
695 2198 702 2242 ι
719 2183 762 2242 Et
785 2182 872 2256 filios
926 2181 1090 2263 dispersus
1110 2189 1142 2244 et
1161 2183 1333 2246 derelictus
1356 2203 1457 2266 usque
1480 2185 1512 2247 in
1534 2203 1673 2267 praesens

127 2295 208 2354 taos,
226 2283 257 2345 id
277 2289 326 2344 est
347 2281 445 2356 cives,
461 2283 521 2360 qni
543 2281 576 2340 ln
601 2289 630 2340 te
649 2288 736 2340 sunt.
755 2277 872 2341 Civitas
925 2279 1210 2361 (quemadmodum
1226 2300 1244 2343 a
1259 2281 1388 2344 Daniele
1409 2283 1611 2368 apertissime
1627 2289 1675 2346 est

126 2382 210 2444 enim
227 2399 284 2444 seu
300 2380 524 2452 communitas,
541 2397 598 2460 per
615 2377 745 2440 modum
763 2377 872 2438 matris
928 2377 1115 2460 praedictum
1133 2395 1140 2440 :
1157 2378 1225 2441 Non
1246 2379 1306 2441 erit
1325 2379 1406 2460 ejus,
1422 2381 1573 2444 videlicet
1587 2379 1674 2444 Chri·
1689 2393 1821 2446 oon-uas.

126 2500 158 2544 se
172 2479 270 2542 habet
290 2485 436 2562 respectu
456 2477 695 2560 suppositorum
712 2481 873 2538 contento
928 2475 979 2548 sti,
1006 2475 1155 2558 populus,
1180 2477 1235 2558 qui
1260 2496 1335 2540 eum
1358 2485 1531 2559 negaturus
1555 2486 1621 2558 est;
1644 2458 1724 2542 et²⁷·

127 2599 195 2642 rum
220 2579 252 2640 in
273 2595 320 2650 ea,
337 2575 488 2658 quoniam
510 2575 595 2638 lovet
614 2592 650 2636 ac
670 2573 806 2657 protegit
825 2591 870 2634 ea.
928 2573 1089 2636 civitatem
1106 2582 1138 2635 et
1158 2575 1374 2638 sanctuarium
1395 2576 1563 2659 dissipabit
1579 2595 1677 2659 popu·

126 2676 180 2740 l'el
197 2675 269 2739 ideo
284 2675 372 2749 dicit,
385 2696 402 2734 a
414 2673 499 2736 lilios
516 2681 587 2737 tuos
599 2695 628 2746 n,
640 2672 715 2754 quia
731 2679 873 2752 tempore
929 2671 978 2733 lus
993 2690 1067 2734 cum
1087 2672 1168 2734 duce
1183 2681 1328 2747 venturo,
1346 2681 1376 2736 et
1395 2673 1472 2736 linis
1492 2673 1562 2755 ejus
1582 2675 1676 2737 vasti·

126 2793 188 2858 quo
213 2775 274 2836 ista
300 2771 527 2854 implebantur,
545 2789 602 2854 pro
625 2770 763 2833 maxima
785 2775 873 2851 parto
928 2778 986 2843 tae,
1003 2778 1035 2831 et
1055 2789 1156 2852 usque
1176 2771 1208 2832 in
1229 2769 1328 2833 linem
1349 2771 1567 2852 perseverabit
1588 2773 1677 2835 deso-

124 2874 189 2954 jam
205 2871 356 2935 obierunt
377 2876 482 2952 patres
498 2877 530 2932 ct
549 2870 691 2932 seniores
706 2868 761 2950 qui
779 2867 810 2929 in
825 2867 874 2928 Je-
929 2867 1028 2947 latio),
1055 2876 1276 2931 verumtamen
1306 2869 1438 2932 llomani
1468 2877 1545 2931 tnnc
1572 2870 1677 2932 adhuc

127 2971 265 3034 rusalem
281 2977 371 3032 erant
385 2970 462 3031 dum
478 2968 622 3030 Christus
642 2967 708 3030 haec
729 2963 872 3048 protulit,
928 2965 1073 3046 gentiles
1091 2984 1153 3028 non
1179 2967 1246 3029 zelo
1268 2966 1395 3039 Christi,
1417 2968 1472 3029 sed
1494 2966 1557 3030 alia
1578 2967 1678 3030 inten-

126 3087 263 3152 quorum
279 3067 341 3130 lilii
357 3066 488 3129 luerunt
501 3073 643 3148 tempore
659 3064 730 3138 l'iti,
747 3064 874 3145 quando
892 3065 1015 3131 Ctione
1042 3064 1185 3127 demoliti
1211 3073 1286 3127 sunt
1312 3065 1487 3128 Jerusalem
1515 3085 1550 3128 ae
1578 3067 1678 3130 ludae-

127 3168 193 3230 haec
213 3167 424 3247 contigerunt.
442 3167 486 3226 Ει
507 3184 570 3224 non
587 3164 823 3242 relinquentia
845 3171 874 3221 te
929 3181 991 3235 am,
1008 3169 1117 3244 utpote
1138 3163 1213 3244 quia
1233 3162 1368 3225 rebelles
1387 3162 1519 3225 luerunt
1535 3165 1677 3228 llomano

127 3269 267 3342 lapidem
294 3283 393 3340 snper
416 3265 571 3340 lapidem,
592 3261 623 3323 id
649 3268 706 3333 est,
728 3259 874 3322 funditus
931 3261 1168 3342 imperio.Deus
1184 3268 1289 3322 aulem
1306 3260 1435 3344 reliquit
1448 3263 1583 3337 ludaeos,
1600 3281 1677 3345 quo-

128 3373 157 3426 te
174 3363 370 3426 subvertent.
388 3360 475 3434 Ouod
497 3379 554 3442 per
569 3361 698 3422 modum
720 3357 875 3441 hyperho
929 3359 1015 3420 niam
1038 3357 1198 3421 Christum
1220 3376 1283 3421 non
1308 3367 1506 3441 receperunt.
1526 3361 1678 3434 Quemad-

127 3463 196 3526 licee
211 3459 383 3524 locutionis
397 3457 533 3539 intelligi
549 3464 739 3539 potestque
753 3456 874 3537 aliquid
930 3459 1060 3520 modum
1080 3457 1175 3519 etiam
1198 3465 1341 3540 tempore
1361 3458 1500 3522 Sedecim
1522 3460 1605 3541 regis
1627 3479 1677 3522 va·
1725 3482 1752 3527 ιν
1766 3483 1824 3539 nea.

128 3561 246 3624 dicitur
261 3577 318 3641 per
333 3575 500 3621 excessum
514 3557 553 3618 ad
569 3556 795 3619 insinuandum
813 3573 875 3616 ma·
930 3555 1001 3618 stati
1027 3563 1101 3617 sunt
1122 3574 1140 3617 a
1162 3555 1315 3618 Chaldaeis
1336 3566 1466 3638 propter
1484 3557 1676 3621 idololatrias
1691 3545 1825 3654 ffiffi,

128 3656 331 3740 gnitndinem
346 3657 403 3730 rei,
421 3655 504 3718 sicut
520 3654 551 3716 in
566 3653 680 3718 Genesi
696 3653 814 3716 Pharao
829 3653 874 3714 di·
930 3659 1049 3716 suaset
1065 3653 1284 3716 innocentium
1299 3673 1336 3716 ac
1349 3655 1578 3736 Prophetarum
1594 3657 1676 3718 oeci·
1691 3686 1737 3732 sqq.
1757 3641 1762 3662 '

10 3758 174 3826 ‘resanuit
197 3757 236 3819 ed
259 3755 375 3838 loseph
397 3753 553 3837 :Absque
574 3753 639 3816 oris
664 3751 709 3814 tui
741 3752 875 3832 imperio
930 3753 1065 3825 sionem,
1092 3751 1228 3815 Chaldaei
1254 3760 1360 3815 tamen
1385 3771 1423 3815 ex
1448 3753 1622 3817 ambitione
1646 3762 1678 3817 et

127 3857 237 3919 nullus
254 3853 396 3918 movebit
411 3871 541 3915 manum
557 3858 611 3913 aut
626 3850 739 3932 pedem
757 3851 789 3912 in
806 3849 874 3912 uni·
929 3850 1070 3924 avaritia,
1083 3850 1269 3913 crudelitate
1285 3859 1317 3914 et
1331 3870 1429 3933 prava
1444 3851 1620 3915 intentione
1635 3853 1677 3916 le·

128 3974 220 4018 versa
233 3954 375 4036 AEgypto.
386 3949 515 4032 Legitur
529 3949 759 4031 quoque,quod
774 3968 873 4030 quum
930 3956 1042 4012 cerunt
1063 3949 1133 4012 hoc.

126 4051 340 4134 l'espasiauus
364 4057 396 4112 et
415 4049 503 4110 l'itus
523 4048 682 4110 destructa
700 4046 873 4110 Jerusalem
970 4051 1012 4110 Et
1024 4049 1188 4125 inpressas
1200 4050 1234 4108 in
1246 4049 1561 4126 templumChrlstus
1577 4071 1677 4132 quum

127 4153 259 4216 Romam
277 4147 444 4220 redissent,
459 4145 570 4220 Judaei,
587 4145 642 4227 qui
657 4152 801 4227 tempore
820 4143 875 4207 oh·
931 4146 1044 4208 urbem
1062 4146 1237 4210 Jerusalem
1261 4147 1432 4220 introisset,
1454 4148 1558 4229 primo
1583 4149 1677 4212 intra-

127 4250 262 4315 sidionis
284 4265 318 4310 sc
341 4245 573 4310 absconderant
595 4243 628 4307 in
652 4243 815 4326 speluncis
839 4262 874 4306 ac
891 4241 916 4306 D
932 4247 977 4308 vit
993 4247 1024 4309 iu
1048 4247 1204 4327 templum
1222 4264 1229 4308 :
1248 4233 1361 4328 primo,
1379 4255 1509 4328 propter
1529 4247 1588 4311 loci
1609 4269 1678 4312 san-

126 4349 231 4421 silvis,
257 4345 431 4418 redierunt,
458 4350 489 4406 et
518 4361 606 4405 saera
635 4342 704 4405 loca
732 4341 876 4404 venerari
931 4345 1072 4406 etitatem
1088 4351 1120 4406 et
1135 4344 1344 4406 reverentiam
1353 4346 1678 4428 ;secundo,quoniam

127 4454 296 4530 coeperunt
311 4453 344 4507 et
360 4443 563 4508 reedificare.
581 4444 646 4517 Ouo
666 4442 802 4524 cognito,
819 4443 877 4504 llo
931 4443 1030 4505 Patris
1053 4443 1162 4505 aeterni
1188 4443 1339 4505 honorem
1363 4461 1488 4505 summe
1513 4445 1677 4524 qrrnsivit3

128 4546 216 4608 mani
232 4541 519 4608 miseruntAElium
536 4542 740 4614 lladrianum,
757 4541 811 4622 qui
829 4561 878 4602 ur·
932 4543 1036 4615 tertie,
1064 4549 1098 4602 ut
1127 4542 1215 4603 darct
1244 4541 1427 4623 exemplum
1451 4543 1537 4623 quod
1567 4543 1679 4607 lideles

127 4645 206 4708 bem
236 4643 399 4726 praelatam
430 4649 493 4704 tam
524 4640 668 4702 lunditus
698 4639 875 4723 dissipavit,
932 4642 1037 4724 primo
1054 4635 1175 4720 ingredi
1191 4639 1309 4702 dehent
1325 4640 1494 4702 ecclesiam
1512 4659 1519 4703 ε
1537 4643 1621 4705 unde
1636 4644 1681 4705 ait

125 4745 215 4827 quod
238 4743 317 4826 lapis
342 4761 439 4824 super
463 4740 601 4823 lapidem
626 4757 689 4803 non
715 4741 876 4802 remansit.
933 4741 1187 4822 Chrysostomus,
1204 4740 1251 4802 l'u
1271 4738 1411 4801 imitator
1429 4739 1545 4804 Christi
1565 4741 1679 4818 lactus,

126 4843 335 4907 Postmodum
351 4858 479 4924 quoque
494 4837 670 4901 lladrianus
690 4837 785 4901 aliam
805 4839 878 4901 aedi·
933 4858 1034 4922 quum
1050 4839 1211 4920 ingressus
1231 4838 1331 4902 fueris
1345 4838 1486 4920 aliquam
1506 4840 1678 4916 civitatem,

126 4941 243 5005 licavit
258 4941 420 5004 civitatem
436 4939 540 5021 prima
556 4937 723 5010 minorem,
740 4937 878 5019 appella·
933 4947 1006 5002 ante
1028 4955 1157 5001 omnem
1178 4945 1284 5000 actum
1307 4937 1345 5000 ad
1365 4938 1533 5001 ecclesiam
1553 4958 1680 5019 curras3

128 5042 242 5124 vitque
267 5059 338 5104 eam
363 5037 497 5116 ,Cliam3
524 5044 555 5098 et
580 5035 641 5098 luit
665 5035 697 5098 in
723 5036 785 5098 alio
810 5037 879 5098 loco
936 5045 1058 5118 quarto,
1075 5043 1110 5098 ut
1125 5035 1202 5098 vitia
1218 5036 1436 5100 ministrorum
1455 5038 1568 5120 templi
1588 5041 1683 5103 corri-

129 5140 245 5204 saltem
267 5156 326 5222 pro
346 5145 446 5220 parte,
463 5135 540 5218 quia
558 5135 742 5217 sepulcrum
764 5135 880 5198 Christi
936 5143 1042 5218 peret3
1059 5136 1182 5217 quinto,
1204 5143 1239 5196 ut
1263 5135 1447 5216 praedicaret
1472 5136 1602 5200 ibidem.
1620 5142 1683 5200 Cen-

131 5242 164 5303 ln
189 5259 227 5303 ea
248 5237 413 5302 conclusit.
932 5237 983 5310 pit
1008 5236 1124 5310 ejicere
1146 5237 1317 5292 vendentes
1343 5235 1377 5292 in
1401 5236 1457 5292 illo
1480 5244 1509 5294 et
1533 5246 1681 5307 ementes,

175 5339 275 5404 Causa
299 5339 431 5402 demum
453 5334 591 5418 praelatae
613 5333 786 5396 eversionis
808 5333 881 5396 sub·
937 5335 1048 5394 dicens
1073 5354 1084 5392 .·
1108 5334 1278 5408 Scriptum
1307 5341 1352 5391 est
1382 5333 1465 5413 apud
1495 5333 1619 5409 lsaiam,
1645 5353 1684 5398 ex
1713 5351 1826 5402 rammi.
