4192 6258
466 426 527 489 502
676 445 824 494 nouimus
844 447 908 493 nvn
929 447 1001 494 rosr
1022 447 1215 493 mmrrarru.
1236 463 1276 475 —
1297 447 1339 493 an
1358 447 1552 510 annrurosos3
1574 447 1673 494 suarm
1693 448 1798 495 sauros

466 613 568 678 veloci
589 616 730 699 agilitate
750 618 954 700 incipiamus,
972 617 1093 681 lervide
1114 617 1254 680 conti-A
1310 619 1403 682 Sexta
1430 619 1678 702 hydropicorum
1709 621 1876 703 proprietas,
1899 623 1957 703 geni·

467 732 615 788 nuemus,
638 725 819 779 reverenter
843 716 1084 797 adimpleamus
1109 716 1215 779 Consi·
1269 718 1382 780 talium
1404 725 1451 781 est
1471 717 1606 792 inflatio,
1624 738 1681 801 per
1700 739 1791 802 quam
1810 720 1912 783 luxuria
1925 741 1958 784 er-

467 814 615 876 deremus
634 816 719 896 quod
740 816 822 898 pigri
844 817 928 879 servi
949 817 1147 879 adstantibus
1162 817 1214 880 do·
1269 817 1415 899 plicatur.
1436 819 1462 880 Α
1483 835 1545 899 qua
1567 835 1631 880 non
1654 817 1766 892 solum,
1786 819 1835 880 sed
1851 818 1883 880 ab
1900 822 1958 883 omni

468 911 565 974 minis
588 913 654 975 suis
678 912 803 976 sortiter
825 921 857 977 el
876 914 1032 977 instanter
1058 914 1212 989 laborant,
1270 935 1397 998 quoque
1429 917 1619 998 cogitatione
1651 917 1818 990 immunda,
1845 918 1877 980 ab
1900 923 1958 981 omni

467 1009 614 1091 quamvis
630 1009 693 1072 illis
708 1011 893 1076 absentibus
908 1021 1054 1096 torpeant
1071 1031 1078 1075 :
1097 1021 1214 1096 quanto
1269 1015 1529 1096 coucupiscentia
1549 1015 1642 1090 mala,
1659 1014 1699 1077 ab
1720 1015 1802 1078 omui
1821 1015 1960 1080 incitauer-

468 1109 568 1189 magis
592 1109 781 1173 erubescere
806 1129 864 1174 nos
889 1119 1013 1194 oportet
1037 1112 1070 1174 in
1095 1113 1214 1176 summi
1269 1122 1301 1175 to
1328 1113 1472 1176 libidinis
1501 1120 1533 1176 et
1560 1113 1726 1176 occasione
1754 1133 1787 1176 ac
1813 1117 1960 1196 provocatio

467 1206 523 1268 Dei
548 1208 718 1288 praesentia
742 1211 885 1291 superari
910 1210 1029 1285 acedia,
1054 1211 1140 1273 vinci
1166 1211 1214 1293 pi·
1269 1229 1310 1273 ue
1334 1211 1373 1273 ad
1397 1229 1468 1274 earn
1496 1211 1627 1275 omniuo
1656 1229 1766 1274 cavere
1792 1220 1896 1294 oportet
1913 1213 1960 1275 reli·

466 1305 570 1387 gritia,
592 1314 624 1368 et
645 1324 713 1371 non
730 1307 902 1382 ferventer,
921 1308 1062 1390 jucunde
1081 1328 1118 1372 ac
1140 1318 1215 1372 stre·
1268 1308 1404 1390 giosum.

468 1422 531 1466 nne
553 1403 692 1468 Creatori
713 1407 821 1468 omnia
843 1407 979 1469 intuenti
1000 1409 1146 1470 serviret
1310 1407 1451 1490 Septima
1480 1408 1609 1470 illorum
1639 1408 1810 1491 proprietas
1835 1417 1875 1470 est
1896 1410 1961 1473 lotor

509 1503 624 1575 Quinta
638 1503 886 1586 hydropicorum
903 1505 1089 1588 proprietas,
1098 1507 1214 1587 indige·
1268 1506 1428 1569 anhelitus
1441 1525 1447 1569 :
1460 1524 1524 1588 quo
1537 1507 1612 1589 gula
1627 1515 1712 1570 recte
1728 1508 1902 1590 exprimitur,
1910 1509 1961 1589 quia

468 1600 529 1663 stio
546 1607 594 1663 est
609 1601 790 1664 humorum.
808 1603 846 1664 Et
860 1603 903 1665 ita
924 1622 980 1686 per
995 1621 1048 1666 eos
1068 1604 1212 1667 iracundi
1268 1625 1307 1669 cx
1322 1625 1358 1668 ea
1373 1605 1537 1688 multiplex
1552 1605 1643 1670 loetor
1657 1613 1719 1668 tam
1734 1606 1884 1688 spiritualis
1896 1626 1961 1688 quam

468 1699 684 1780 designantur,
715 1701 770 1783 qui
800 1701 1012 1765 commotione
1041 1703 1212 1767 iracundiae
1268 1703 1441 1786 corporalis
1463 1706 1677 1787 consequitur.
1700 1705 1808 1788 Atque,
1823 1713 1852 1766 ut
1869 1715 1960 1766 sanctu

468 1817 532 1860 suae
548 1798 639 1879 quasi
659 1799 797 1880 quodam
816 1798 907 1863 sumo
922 1800 1105 1864 fervescunt
1119 1808 1150 1864 et
1165 1802 1211 1865 in·
1228 1799 1251 1861 B
1269 1804 1409 1885 loquitur
1426 1802 1628 1878 Benedictus,
1645 1803 1726 1866 nihil
1746 1811 1805 1866 tam
1818 1803 1960 1884 fugiendum

468 1896 596 1977 digestae
620 1905 695 1959 sunt
719 1899 836 1961 mentis
861 1916 868 1960 :
891 1918 910 1960 a
933 1900 1051 1981 quibus
1075 1901 1212 1984 Spiritus
1267 1909 1315 1965 est
1331 1901 1528 1983 religiosout
1543 1901 1684 1984 crapula,
1700 1919 1739 1964 ex
1758 1920 1816 1983 qua
1832 1909 1961 1963 nascuntur

468 1994 601 2057 Sanctus
620 1995 749 2070 recedit,
767 1997 1034 2078 quemadmodum
1058 1999 1173 2081 hospes
1193 2021 1211 2063 a
1268 2000 1453 2082 loquacitas,
1470 1999 1609 2082 pigritia,
1631 1999 1842 2072 somnolentia,
1859 1999 1961 2062 stimula·

468 2094 562 2157 domo
583 2093 615 2155 in
635 2113 698 2176 qua
712 2112 811 2177 vapor
830 2095 910 2158 lumi
928 2095 1077 2159 abundat.
1094 2098 1211 2181 Estque
1268 2100 1312 2161 tio
1332 2106 1364 2161 et
1382 2098 1641 2181 coucupiscentia
1655 2098 1777 2161 vitiosa,
1793 2099 1960 2160 Emundcuns
1973 2116 2036 2158 ursa

468 2192 514 2253 ira
529 2191 562 2253 iu
578 2191 725 2273 religioso
740 2192 877 2255 nimium
892 2193 1101 2269 abhorrenda,
1117 2198 1213 2278 quem
1268 2197 1365 2278 igitur
1388 2215 1445 2260 nos
1469 2196 1509 2260 ab
1532 2197 1620 2260 omni
1645 2197 1869 2280 inquinamento
1887 2184 1981 2259 camis¹·

469 2289 501 2351 in
517 2289 611 2352 ovina
631 2290 765 2352 militate
780 2299 812 2353 ct
826 2291 1010 2354 columbina
1029 2293 1214 2378 simplicita-
1268 2304 1299 2358 et
1323 2295 1466 2378 spiritus,
1491 2304 1523 2359 ct
1548 2315 1751 2379 quacumque
1773 2297 1826 2358 hac
1845 2294 1962 2377 spirituali

469 2396 500 2450 te
524 2395 649 2470 oportet
673 2389 829 2464 incedere,
855 2397 887 2452 et
910 2391 1093 2454 societatem
1121 2413 1212 2457 suam
1268 2394 1432 2477 hydropisi
1457 2394 1556 2457 luerit
1578 2394 1651 2478 quis
1676 2394 1819 2466 inlectus,
1838 2413 1854 2456 a
1872 2393 1962 2457 Christo

469 2485 639 2560 aedilicare,
656 2503 719 2549 non
740 2505 918 2568 aggravare.
1269 2493 1373 2556 curari
1395 2500 1512 2557 exoret,
