4164 6258
448 477 509 541 276
703 493 849 541 noumrca
871 494 914 540 vu
934 492 1008 539 voss
1028 489 1222 538 mrurmrmr.
1244 508 1284 520 —
1304 490 1478 538 susannam
1499 493 1532 538 ru
1552 485 1747 540 avluanumu

449 665 547 728 fuerit
567 666 661 729 turba
686 665 756 741 ista,
773 665 805 726 in
830 664 896 726 fine
919 661 1076 743 evangelii
1101 659 1460 741 hujusdsciitudiue?
1488 662 1580 746 quasi
1608 663 1716 726 dicant
1742 682 1750 728 ε
1775 661 1845 725 Non
1875 662 1990 724 videtur

449 764 611 848 panditur,
641 781 705 848 quo
732 763 868 826 babetur
899 779 905 824 :
937 761 1035 824 Erant
1063 766 1199 841 quatuor
1252 758 1325 821 fieri
1348 776 1450 842 posse.
1471 761 1507 822 ln
1529 779 1594 844 quo
1617 769 1704 844 patet
1730 758 1932 844 imperfectio
1955 759 1989 820 di·

450 862 552 926 millia
575 862 755 936 bominum,
782 869 870 924 extra
898 859 1048 943 parvulos
1074 866 1106 920 et
1130 875 1198 918 mu·
1252 856 1461 938 scipulorum,
1493 859 1569 940 quia
1597 859 1702 922 adbuc
1732 859 1828 922 rudes
1860 856 1987 921 fuemnt.

449 961 553 1023 lieres.
571 962 639 1023 Nec
660 963 816 1020 habereut
841 961 927 1039 quod
946 959 1198 1026 munducarent,
1252 955 1330 1017 Nam
1353 955 1448 1038 paulo
1467 965 1540 1019 ante
1559 957 1709 1020 viderunt
1727 957 1988 1040 'quemadmodum

448 1059 523 1142 quia
538 1057 689 1121 victualia
706 1077 777 1139 quae
793 1076 902 1120 secum
920 1055 1109 1128 detulerant,
1127 1071 1200 1116 oon·
1253 1052 1397 1115 Christus
1420 1073 1458 1116 ex
1484 1055 1627 1138 quinque
1650 1055 1788 1138 panibus
1812 1055 2039 1137 duobusquuu

449 1163 664 1239 sumpserunt.
674 1157 862 1217 Convocatis
871 1155 1044 1231 discipulis
1055 1152 1130 1223 suis,
1138 1152 1198 1214 boc
1252 1149 1395 1232 piscibus
1410 1155 1563 1216 saturavit
1577 1155 1720 1237 quinque
1736 1154 1839 1216 millia
1853 1154 1986 1226 viromn,
1996 1143 2053 1194 Μ’*

449 1263 498 1317 est
518 1253 690 1337 Apostolis,
714 1253 833 1336 quibus
856 1259 1007 1335 tanquam
1033 1249 1199 1312 familiari·
1253 1248 1390 1331 qualiter
1402 1251 1601 1326 etiam,sicut
1610 1252 1676 1334 jam
1693 1253 1816 1315 dictum
1831 1259 1890 1328 est,
1898 1253 1987 1315 stetin

450 1353 511 1416 bus
526 1361 558 1415 et
572 1352 684 1416 amicis
705 1371 762 1414 sua
782 1350 1000 1414 manifestavit
1016 1355 1146 1411 secreta.
1163 1348 1200 1409 ln
1253 1354 1326 1409 ante
1346 1347 1413 1410 baec
1428 1348 1526 1412 verba
1541 1349 1619 1412 fecit
1632 1357 1697 1413 tam
1715 1351 1816 1413 multa
1831 1351 1986 1433 prodigia:

451 1469 515 1534 quo
531 1452 626 1514 ctiam
647 1450 892 1533 praesidentibus
907 1467 944 1511 ao
959 1447 1098 1531 praelatis
1116 1447 1199 1509 salu·
1254 1445 1338 1508 unde
1360 1447 1561 1511 considerare
1581 1448 1768 1524 debuerant,
1786 1449 1870 1532 quod
1890 1449 1986 1512 eaden

451 1550 630 1613 berrimum
654 1548 742 1612 dedit
766 1548 962 1630 exemplum,
986 1555 1021 1609 ut
1045 1545 1078 1608 iu
1103 1545 1199 1608 rebus
1254 1543 1371 1606 virtute
1392 1553 1499 1627 posset
1517 1555 1549 1608 et
1570 1546 1641 1609 istis
1662 1547 1701 1610 de
1721 1547 1915 1610 victualibus
1929 1565 1987 1629 pm

453 1647 577 1729 magnis
605 1654 736 1709 utantur
764 1645 965 1708 subditorum
994 1642 1139 1718 consilio,
1169 1650 1201 1704 et
1254 1641 1372 1704 videre.
1389 1646 1433 1705 Iit
1448 1645 1669 1722 interrogavit
1683 1665 1743 1706 eos.
1764 1645 1834 1708 Non
1856 1664 1895 1708 ex
1916 1646 1988 1726 igno

453 1746 543 1828 prius
562 1748 602 1809 de
623 1744 755 1827 agendis
775 1751 912 1806 tractent
932 1761 1006 1805 cum
1029 1743 1085 1805 cis.
1103 1741 1200 1824 Spiri-
1253 1739 1356 1802 rantis
1371 1740 1587 1823 interrogavit,
1595 1743 1650 1805 sed
1665 1751 1701 1806 ut
1715 1762 1754 1806 ex
1769 1743 1986 1827 discipulorum

452 1852 503 1907 tus
533 1845 620 1907 enim
648 1841 705 1904 ubi
728 1842 809 1916 vult,
834 1841 951 1924 spirat3
976 1849 1008 1903 ct
1036 1839 1196 1902 interdurn
1217 1836 1471 1920 Brcsponsiouo,
1495 1840 1681 1922 magnitudo
1703 1841 1851 1904 miraculi
1874 1843 1987 1905 eviden-

453 1942 572 2005 revclat
591 1940 794 2023 simplicibus
815 1947 910 2022 atquc
929 1938 1107 2001 bumilibus
1128 1957 1199 2021 quac
1252 1936 1317 1998 tius
1333 1936 1554 2002 innotesceret.
1565 1941 1648 2008 Quot
1658 1958 1761 2017 pones
1775 1942 1923 2001 iubetis?
1937 1943 1988 2010 Orsi

451 2060 470 2104 a
490 2040 614 2122 magnis
634 2046 666 2103 et
686 2038 833 2101 litteratis
853 2037 1030 2112 abscondit,
1047 2037 1200 2118 quemad·
1252 2035 1413 2096 dicerunt
1423 2056 1435 2095 .·
1446 2039 1586 2112 Septem.
1603 2037 1768 2101 Habebunt
1781 2055 1908 2121 quoquc
1926 2058 1986 2122 pau·

453 2140 583 2202 modum
608 2138 694 2220 apud
718 2137 901 2202 Matthaum
926 2136 1069 2199 Christus
1092 2135 1137 2197 ait
1159 2135 1198 2197 ad
1253 2149 1306 2194 cos
1326 2133 1508 2216 pisciculos,
1529 2136 1707 2199 secuudum
1727 2137 1917 2201 ldattbaeum.
1993 2157 2061 2200 maa

311 2255 437 2308 uulsa,
452 2238 576 2301 Patrem
598 2256 606 2302 ι
628 2235 791 2300 Confiteor
813 2235 885 2308 tibi,
908 2234 1008 2308 Pater,
1031 2233 1108 2316 quia
1130 2233 1200 2295 abs·
1292 2234 1337 2293 Et
1356 2237 1514 2310 praecepit
1544 2236 1649 2295 turbu
1676 2237 1984 2312 discumberemus

305 2321 339 2361 ²⁵·
453 2335 587 2398 condisti
617 2334 686 2398 baec
710 2354 728 2396 a
751 2332 950 2416 sapientibus
978 2341 1011 2396 et
1038 2331 1201 2415 prudenti·
1254 2332 1441 2392 terramus
1455 2333 1618 2408 accipiens
1632 2341 1749 2410 septem
1759 2351 1863 2410 panes
1876 2342 1908 2397 et
1921 2353 1983 2417 pra

453 2435 524 2508 bus,
542 2442 573 2497 et
592 2433 739 2496 revelasti
760 2451 797 2495 ea
818 2432 971 2515 parvulis.
989 2432 1077 2495 Unde
1097 2438 1129 2493 et
1147 2430 1199 2493 Sa·
1252 2425 1334 2490 fatos
1354 2428 1538 2510 pisciculos,
1554 2431 1663 2493 omnia
1682 2431 1873 2495 simulante
1892 2451 1983 2515 sepo

301 2552 439 2605 ,arcanuia
453 2532 560 2596 lomon
576 2531 609 2594 in
624 2530 803 2594 Proverbiis
818 2530 952 2612 loquens
967 2530 1006 2592 de
1021 2530 1104 2593 Deo:
1120 2530 1198 2593 Cum
1252 2545 1344 2600 nens,
1360 2529 1492 2604 prasius
1514 2547 1613 2606 opens
1636 2531 1815 2593 secundum
1838 2532 1919 2614 quod
1942 2532 1982 2595 bo·

328 2693 332 2698 ,
451 2630 655 2712 simplicibus
663 2629 796 2712 (inquit)
806 2629 1029 2692 sermocinatio
1043 2629 1123 2710 ejus.
1140 2629 1200 2690 Ait
1254 2641 1317 2698 mc,
1329 2625 1394 2688 Deo
1408 2626 1501 2700 Patri,
1519 2645 1576 2689 seu
1591 2628 1649 2691 toti
1664 2629 1982 2712 supergloriosissime

451 2731 521 2790 iliis
544 2731 739 2792 :Misereor
763 2745 862 2804 super
886 2729 1028 2798 turbam,
1055 2727 1115 2790 boo
1139 2733 1197 2800 est,
1253 2721 1410 2797 trinitati,
1435 2725 1581 2787 omnium
1606 2726 1765 2790 bonorum
1788 2729 1981 2812 omnipotenti

450 2827 527 2890 fami
544 2836 575 2890 et
590 2826 775 2908 indigentiae
789 2844 826 2887 ac
843 2824 1022 2887 lassitudini
1039 2824 1110 2905 ejus
1125 2842 1198 2887 oon·
1253 2820 1354 2884 datori
1375 2841 1412 2884 ac
1435 2823 1661 2889 liberalissimo
1683 2825 1774 2890 fonti.
1793 2827 1871 2901 Quid
1890 2836 1980 2890 auten

449 2926 553 3000 doleo,
570 2927 650 3006 quia
665 2926 815 3002 cocejum
831 2926 944 2985 triduo
959 2925 1122 2985 sustinent
1136 2943 1197 2993 me,
1251 2919 1368 2998 gratias
1383 2921 1504 3002 agendo
1519 2921 1647 2998 dixerit,
1656 2941 1721 2988 non
1736 2925 1888 3006 exprimit
1900 2925 1981 2988 livan-

450 3024 557 3100 idest,
574 3042 632 3106 per
648 3030 712 3086 tres
727 3023 796 3085 dies
812 3040 939 3084 mecum
955 3029 1151 3096 manserunt,
1167 3027 1199 3084 et
1213 3023 1234 3088 C
1251 3018 1374 3098 gelista,
1391 3018 1446 3081 sed
1469 3021 1627 3102 expressit
1645 3023 1782 3085 loannes
1804 3022 1905 3086 Lazari
1927 3041 1981 3084 sus·

451 3123 580 3205 itaquae
599 3140 709 3184 secum
729 3121 883 3194 tulerunt,
901 3127 1090 3202 consumpta
1112 3127 1195 3181 sunt.
1252 3115 1436 3180 citationem
1452 3119 1646 3183 describens
1655 3120 1743 3183 Unde
1757 3121 1840 3204 apud
1852 3123 1979 3185 loannem

450 3223 485 3284 ln
505 3221 565 3284 hoc
585 3228 692 3282 autem
709 3219 794 3302 quod
809 3218 933 3280 tamdiu
954 3225 1199 3300 permanserunt
1253 3214 1368 3296 legitur
1385 3217 1497 3279 :lesus
1518 3217 1651 3280 elevatis
1673 3237 1802 3281 sursum
1824 3220 1928 3292 oculis,
1942 3218 1978 3280 di·
1997 3243 2058 3286 aa:

451 3336 526 3380 cum
539 3317 675 3391 Christo,
692 3322 780 3398 patet
794 3333 884 3378 amor
899 3333 1010 3378 eorum
1025 3314 1065 3376 ad
1081 3315 1196 3397 ipsum,
1253 3313 1309 3388 xit,
1333 3314 1432 3390 Pater,
1456 3317 1573 3397 gratias
1597 3334 1655 3399 ago
1679 3317 1751 3392 tibi,
1775 3319 1917 3401 quoniam
1936 3310 2011 3379 aul·

451 3423 483 3478 et
505 3415 632 3478 devotio
653 3414 691 3476 ad
715 3414 817 3496 ipsius
840 3412 1016 3476 doctrinam
1038 3431 1075 3474 ac
1096 3413 1196 3494 signa.
1253 3412 1327 3475 disti
1349 3431 1410 3476 mc.
1427 3417 1544 3492 Fregit
1566 3433 1676 3497 panes,
1693 3413 1827 3480 forsitan
1848 3425 1878 3480 et
1897 3415 1978 3499 pisci-

450 3513 530 3576 Nam
555 3513 662 3575 statim
689 3520 761 3574 ante
786 3512 871 3574 istud
900 3511 1092 3573 miraculum
1122 3510 1200 3573 fecit
1253 3510 1454 3594 culos,atque
1470 3512 1645 3595 frangendo
1660 3514 1885 3598 multiplicavit
1896 3533 1976 3597 paucs

451 3611 541 3672 lesus
562 3609 662 3672 multa
676 3608 768 3672 valde
789 3608 951 3671 miracula.
969 3608 1057 3671 Unde
1074 3609 1107 3670 in
1126 3608 1200 3670 llat-
1252 3617 1408 3693 potestate
1431 3629 1488 3672 sua
1517 3611 1626 3675 divina
1654 3611 1805 3688 increata,
1831 3613 1975 3682 immensa,

452 3709 535 3772 tbaeo
550 3707 666 3788 legitur
679 3706 908 3770 :Accesserant
921 3707 960 3769 ad
973 3707 1082 3769 lesum
1096 3707 1198 3770 turbae
1253 3708 1320 3770 sive
1342 3727 1400 3792 per
1421 3710 1625 3786 creationem,
1643 3719 1679 3773 ut
1699 3712 1891 3794 probabilius
1911 3709 1975 3772 dici-

333 3821 340 3835 ·
454 3807 573 3882 multas,
590 3806 742 3868 habentes
762 3824 872 3868 secum
890 3805 1197 3880 mutosetclaudos,
1253 3813 1305 3867 tur
1328 3806 1429 3889 (quia,
1451 3808 1628 3871 secundum
1652 3809 1873 3890 Augustiuum,
1891 3807 1976 3872 omni-

453 3924 564 3980 cecos,
575 3904 708 3978 debiles,
720 3911 752 3966 et
765 3903 844 3966 alios
860 3903 978 3966 multos
993 3902 1199 3984 infirmos3et
1253 3905 1396 3986 potentia
1423 3905 1551 3968 Domini
1579 3905 1651 3969 fons
1681 3926 1803 3989 panum
1831 3907 1906 3988 fuit),
1926 3923 1974 3968 scu

453 4005 658 4087 projecerunt
678 4021 731 4066 eos
750 4010 824 4064 ante
844 4003 941 4084 pedes
961 4002 1042 4083 ejus,
1059 4010 1091 4065 et
1110 4022 1199 4065 cura·
1252 4002 1362 4082 aliter;
1378 4013 1409 4063 et
1424 4005 1523 4064 dabat
1539 4005 1713 4081 discipulis
1732 4009 1803 4066 suis
1821 4023 1907 4088 panes
1922 4002 1974 4064 fra-

452 4104 499 4167 vit
522 4121 587 4167 eos.
612 4103 726 4184 Atque,
752 4108 787 4162 ut
815 4099 1008 4181 evangelista
1036 4101 1199 4165 Matthaeus
1253 4108 1320 4164 ctos
1336 4108 1368 4163 et
1382 4101 1622 4184 multiplicatos,
1633 4113 1672 4164 ut
1686 4113 1880 4181 apponerent
1892 4119 1973 4185 panes

452 4209 588 4275 enarrat,
606 4207 678 4283 post
692 4200 759 4262 baec
775 4199 922 4280 protinus
938 4198 1015 4261 fecit
1030 4201 1114 4281 quod
1134 4218 1200 4262 mo·
1213 4188 1363 4263 b'turnae.
1381 4201 1460 4263 Nam
1479 4208 1512 4263 et
1530 4201 1613 4263 inter
1632 4201 1860 4285 discipulorum
1879 4217 1973 4263 manus

452 4301 493 4363 do
512 4299 714 4362 describitur.
731 4298 841 4380 ltaque
862 4306 992 4379 propter
1007 4305 1053 4361 tot
1067 4307 1099 4360 et
1112 4305 1199 4360 tanta
1252 4299 1426 4362 creduntur
1441 4318 1539 4381 panes
1558 4298 1657 4361 fuisse
1673 4300 1872 4384 multiplicati
1890 4313 1972 4378 usque

452 4398 569 4461 Christi
589 4396 753 4470 miracula,
771 4403 803 4458 et
821 4403 951 4477 propter
972 4395 1197 4478 eloquentiam,
1252 4397 1291 4458 ad
1313 4396 1550 4459 abundantiam.
1573 4399 1616 4459 Et
1638 4409 1857 4476 apposuerunt
1875 4396 1970 4458 turio.

452 4495 642 4577 sapientiam
665 4493 973 4576 consolatoriamque
997 4495 1199 4575 praesentiam
1252 4497 1297 4556 Et
1319 4496 1477 4556 iubebunt
1496 4495 1647 4577 discipuli
1663 4498 1837 4573 pisciculos
1854 4512 1972 4573 paucos,-

453 4593 535 4673 ejus,
551 4599 616 4654 tam
639 4591 789 4653 continue
811 4609 921 4653 secum
943 4599 1138 4654 manserunt.
1155 4595 1199 4654 Et
1253 4601 1283 4651 at
1299 4594 1383 4668 ipsos
1402 4594 1581 4664 benedicit,
1597 4611 1634 4656 ac
1653 4593 1865 4658 benedicendo
1881 4589 1970 4654 multi-

362 4691 365 4696 '
453 4693 483 4750 si
496 4691 651 4751 dimisero
670 4708 720 4749 eos
731 4690 868 4767 jejunos
887 4691 923 4749 iu
943 4692 1075 4750 domum
1094 4710 1198 4760 suum,
1253 4689 1394 4771 plicavit,
1412 4690 1496 4752 sicut
1516 4691 1555 4754 de
1578 4691 1715 4774 panibus
1738 4694 1851 4756 dictum
1870 4699 1920 4767 est;
1941 4696 1968 4746 et

452 4789 604 4866 deficient
628 4789 663 4848 iu
690 4789 745 4846 via
768 4805 806 4849 ex
836 4786 921 4849 fame
945 4794 977 4849 et
1000 4787 1197 4850 lassitudine.
1245 4790 1350 4866 jussit
1370 4790 1493 4866 uppoui
1511 4789 1623 4854 turbae.
1644 4790 1692 4853 dn
1715 4791 1810 4854 simul
1831 4785 1967 4852 benedixit

454 4887 595 4955 Quidum
613 4887 701 4945 euim
722 4905 763 4945 eu
784 4887 830 4945 eis
850 4888 891 4945 cie
911 4889 1003 4962 inape
1027 4897 1198 4958 venerunt,
1252 4906 1289 4948 ac
1305 4887 1530 4969 multiplicavit
1546 4907 1643 4971 panes
1657 4898 1755 4973 atque
1769 4886 1966 4973 pisciculos,an

453 4983 571 5067 quibus
595 4983 700 5065 majus
725 4983 862 5046 instabat
885 4984 1078 5066 periculum,
1099 4985 1161 5048 nisi
1181 5006 1199 5048 a
1253 5004 1408 5062 scorsum,
1426 5005 1489 5050 uon
1511 4987 1586 5050 satis
1609 4996 1733 5052 certum
1754 4989 1871 5052 videtur.

452 5081 576 5146 Christo
597 5082 733 5144 fuissent
755 5080 875 5143 refecti,
1292 5089 1336 5147 lit
1351 5089 1647 5158 manducaverunt,
1661 5098 1693 5149 ct
1707 5087 1842 5150 saturati
1851 5088 1923 5150 suat,
1934 5077 1964 5140 id

491 5183 535 5243 Iit
551 5183 789 5258 responderunt
804 5181 835 5238 ei
849 5181 1006 5256 discipuli
1019 5182 1094 5241 sui:
1109 5185 1199 5244 Uudc
1252 5191 1301 5247 est
1324 5184 1535 5260 sufficienter,
1561 5203 1626 5248 non
1649 5187 1770 5267 gulose,
1789 5181 1887 5248 relecti.
1905 5176 1962 5240 Sed

452 5282 613 5361 i'iiosquis
628 5280 750 5356 poterit
766 5279 819 5338 iic
834 5286 987 5338 saturare
1002 5282 1146 5354 panibus
1161 5284 1198 5342 iu
1252 5281 1329 5364 quid
1358 5281 1536 5345 biberuntt
1559 5285 1604 5346 lle
1632 5285 1693 5347 hoo
1723 5280 1893 5365 avangelista
1918 5271 1963 5335 nil
