4206 6258
424 489 485 554 692
1057 510 1150 556 runnu
1170 509 1337 556 censemus

424 681 526 736 Sermo
546 682 592 737 lli.
608 681 737 746 Qualiter
755 683 913 738 debeamus
932 697 985 738 uos
1001 679 1097 753 proxi·
1258 682 1302 736 sic
1322 681 1492 753 prophetis,
1508 680 1563 752 qni
1582 680 1709 736 veniunt
1725 679 1767 736 ad
1788 695 1837 736 vos
1860 681 1891 736 in

460 769 518 825 mis
528 769 715 827 reconciliare
719 811 1095 826 .........
1116 770 1166 824 161
1258 772 1443 826 vestimentis
1457 769 1890 834 ocium,elc.blattb.regib-21.
1908 771 1953 826 ret

1223 861 1324 916 Sermo
1344 861 1499 916 licentra
1518 859 1703 916 simulatores
1721 862 1750 915 et
1768 859 1891 924 callidos,

1260 951 1360 1004 contra
1381 949 1548 1021 deceptores
1568 952 1654 1019 atque
1677 947 1848 1020 hypocritas.
1885 950 1953 1004 .298

423 1024 525 1081 Sermo
541 1024 583 1079 lV.
599 1025 751 1090 Quomodo
769 1023 838 1080 boni
857 1022 984 1095 religiosi
1002 1022 1032 1077 in
1047 1038 1098 1077 no·
1224 1039 1326 1096 sermo
1337 1039 1381 1094 111¹
1395 1039 1476 1104 Quod
1491 1037 1626 1094 discrepo
1646 1038 1777 1094 medium
1792 1037 1821 1093 in
1836 1055 1893 1094 om.

458 1112 545 1169 ritate
559 1111 626 1168 vites
640 1111 832 1175 ambulantes,
849 1128 878 1169 se
892 1111 1048 1167 virtutibus
1061 1109 1099 1164 ri·
1260 1127 1346 1184 „ibus
1364 1127 1517 1192 desidem,
1533 1129 1560 1183 ep
1573 1126 1648 1182 rago
1662 1127 1735 1183 bene
1754 1125 1894 1182 illumina.

460 1201 959 1259 1861111811ὓθῦἷθῖωθῑθάθῧθᾶὓί·
1000 1245 1005 1256 ·
1045 1245 1050 1255 ·
1092 1199 1170 1254 ·2⁶3
1260 1214 1891 1289 ta,bonaoperatur,ncclallilacilepotesl.
1910 1217 1951 1272 301

425 1292 527 1347 Sermo
542 1292 572 1345 V.
589 1291 628 1346 lle
647 1289 789 1360 vituperio
809 1289 868 1354 irae,
885 1293 912 1345 et
932 1292 1100 1344 mansuetu·

461 1379 537 1436 dinis
552 1379 637 1436 laune
676 1419 1097 1434 ..........
1118 1378 1171 1432 seo
1486 1352 1528 1406 m
1549 1350 1709 1422 retunsus.

424 1471 526 1526 Sermo
542 1469 585 1524 Vl.
602 1469 641 1524 De
656 1467 890 1524 reconciliatione
906 1465 1038 1524 iacienda
1052 1482 1101 1521 an·
1225 1468 1327 1524 Sermo
1348 1468 1394 1521 lV.
1408 1467 1447 1522 lle
1470 1466 1636 1522 carnalibus
1659 1465 1738 1521 uitiis
1759 1465 1896 1523 evitandis

459 1557 670 1616 teoblationom
675 1599 1098 1613 ..........
1119 1556 1172 1611 268
1261 1559 1289 1612 11
1304 1555 1546 1628 concupiscentiis
1558 1554 1758 1612 refrenandis.
1799 1601 1804 1611 .
1842 1599 1848 1610 .
1886 1558 1955 1613 .301

1226 1647 1327 1703 Sermo
1350 1645 1382 1700 V.
1409 1646 1446 1702 lle
1470 1645 1587 1700 vitanda
1612 1643 1758 1716 hypocrisi
1781 1647 1809 1700 et
1833 1645 1896 1702 licta

493 1763 640 1810 onmium
662 1763 791 1808 suerrus
813 1761 887 1807 rosr
908 1761 1103 1806 reinmarum
1263 1735 1435 1792 devotione.
1476 1779 1481 1791 ·
1523 1779 1528 1791 ·
1568 1779 1574 1790 ·
1616 1779 1621 1790 ·
1663 1778 1668 1789 -
1710 1779 1715 1789 -
1756 1779 1763 1790 -
1800 1778 1807 1789 ·
1844 1781 1850 1790 ·
1888 1736 1955 1790 -817

1226 1826 1327 1881 Sermo
1341 1825 1386 1881 Vl.
1403 1825 1442 1882 De
1456 1821 1601 1898 hypocrisi
1619 1827 1648 1880 el
1666 1823 1733 1880 licta
1751 1825 1894 1882 devotione

425 1924 576 1983 Enarratio
596 1923 625 1980 in
646 1922 798 1996 epistolam
815 1939 821 1978 :
839 1923 1006 1978 Humanum
1020 1922 1099 1983 dico,
1260 1913 1388 1979 vitanda,
1412 1913 1556 1985 variisque
1580 1913 1765 1970 documentis
1785 1913 1894 1986 religio

456 2019 586 2088 propter
613 2013 823 2083 infirmitatem
852 2012 957 2067 onmis
984 2015 1100 2066 cestros.
1131 2017 1142 2050 ¹
1262 2019 1362 2060 sorum
1380 2046 1893 2060 ............
1910 2004 1954 2060 3111

463 2105 546 2160 Rom.
562 2121 596 2168 u,
620 2102 700 2158 19-23
721 2141 1100 2156 .........
1119 2099 1170 2154 2¹11

425 2194 527 2249 Sermo
544 2194 563 2248 l.
581 2193 619 2247 De
641 2190 778 2263 gradibus
796 2188 963 2252 tintorissi
983 2205 1103 2260 quomo-
1317 2207 1461 2254 pommus
1484 2208 1567 2254 NONA
1589 2208 1663 2254 poss
1683 2209 1873 2254 nmmum,

462 2283 499 2337 do
522 2283 579 2338 [leo
598 2280 783 2336 serviendum
803 2279 889 2334 cordo
913 2277 1038 2349 perlecto
1059 2281 1101 2333 at-

461 2386 516 2442 que
530 2367 682 2424 verissimo
721 2407 1099 2422 .........
1119 2367 1172 2421 273
1226 2366 1376 2422 Enarratio
1398 2367 1427 2422 in
1447 2365 1598 2439 epistolem
1616 2385 1622 2422 :
1637 2367 1705 2423 Non
1724 2369 1816 2423 simus
1833 2385 1896 2423 con-

425 2457 576 2514 Enarratio
601 2455 631 2512 in
654 2453 837 2526 evangelium
864 2471 870 2510 :
891 2455 987 2522 Qnrun
1011 2455 1101 2510 turba
1262 2455 1895 2528 111111111111111111),11111111“111,111.

459 2547 555 2603 merito
582 2551 657 2602 esset
679 2561 744 2600 cum
771 2545 854 2608 Iesu,
878 2560 931 2600 nec
958 2544 1102 2600 baberent
1263 2544 1350 2599 lCor.
1367 2544 1482 2609 1,6-13.
1522 2588 1528 2600 .
1569 2589 1574 2600 .
1616 2588 1621 2601 .
1663 2588 1669 2599 .
1708 2586 1714 2598 .
1756 2589 1762 2602 .
1801 2590 1807 2601 .
1845 2589 1851 2600 .
1885 2545 1956 2600 ,313

461 2636 542 2709 quod
559 2635 788 2697 manducarent,
804 2636 857 2689 etc.
874 2635 958 2690 liare.
976 2651 1029 2696 run
1048 2635 1099 2690 l-tl.
1120 2634 1173 2688 275
1227 2635 1330 2692 Sermo
1350 2635 1370 2690 l.
1386 2636 1424 2690 lle
1443 2632 1627 2690 refrenandis
1645 2633 1755 2707 iniquis
1775 2640 1896 2706 peccalo

426 2727 527 2782 Sermo
556 2724 588 2781 ll.
615 2725 653 2778 lle
682 2739 731 2779 sex
761 2721 1042 2779 considerationibus
1066 2739 1101 2779 ex
1262 2740 1327 2779 rum
1340 2723 1896 2796 concupiscentiis,dcquesincerissum-

461 2813 567 2886 quibus
591 2811 776 2884 potissimum
801 2809 891 2882 liquet
917 2811 1100 2867 immensitas
1263 2812 1303 2866 mi
1320 2811 1368 2868 [lei
1388 2811 1576 2870 cultoribus.
1617 2857 1623 2869 .
1664 2858 1669 2868 .
1712 2859 1718 2869 .
1759 2857 1764 2868 .
1803 2858 1808 2868 .
1846 2859 1853 2869 .
1889 2815 1957 2870 ,315

462 2900 671 2958 misericordias
694 2899 743 2956 Dei
763 2901 800 2954 ad
826 2899 974 2966 bomines;
997 2901 1025 2955 et
1044 2917 1101 2972 quo
1226 2901 1378 2958 Enarratio
1397 2901 1427 2956 in
1447 2901 1630 2974 evangelium
1648 2919 1654 2957 :
1672 2905 1762 2959 Homo
1779 2904 1896 2976 quidum

684 907 727 960 dd
746 905 905 978 religiosos.

462 2991 567 3048 mentis
583 2989 725 3046 desiderio
736 2989 915 3046 audiendum
928 2987 964 3043 sit
978 2990 1099 3045 verbum
1261 2997 1328 3046 erat
1342 2992 1438 3056 dives,
1454 2992 1509 3063 qni
1523 2991 1652 3047 babebat
1671 2993 1816 3048 villicum.
1833 2994 1894 3049 Luc.

461 3079 520 3144 liei,
543 3079 655 3152 ipsique
679 3077 791 3134 Christo
814 3077 1024 3133 udhaerendum
1051 3094 1101 3148 per
1263 3099 1315 3144 xer,
1336 3082 1379 3136 1-9
1382 3124 1895 3138 ............
1913 3082 1957 3136 318

461 3168 592 3224 triduum
632 3209 1099 3222 ...........
1120 3167 1173 3221 877
1227 3170 1328 3225 Sermo
1348 3170 1380 3225 ll.
1397 3171 1549 3234 Quomodo
1568 3170 1692 3243 quisque
1710 3171 1895 3228 substantiam

426 3262 527 3316 Sermo
543 3258 588 3312 lll.
601 3259 640 3313 lle
654 3256 797 3328 spirituali
813 3254 1024 3328 significatione
1037 3272 1102 3311 con·
1263 3257 1317 3313 sibi
1333 3275 1349 3314 a
1366 3259 1421 3314 lieo
1437 3257 1635 3323 commissam,
1652 3276 1758 3331 corpus
1771 3259 1896 3317 videlicet

461 3347 528 3402 vivii
544 3349 579 3404 dc
594 3362 651 3418 quo
666 3345 696 3401 in
716 3345 865 3416 evangelio
880 3344 1020 3400 hodierno
1035 3344 1102 3416 legi·
1262 3351 1289 3403 et
1304 3348 1445 3412 animam,
1461 3350 1489 3404 el
1508 3348 1651 3421 quidquid
1670 3351 1752 3406 adse
1769 3351 1896 3423 pertinet,

461 3442 519 3503 tur,
530 3439 557 3494 et
571 3437 606 3493 de
621 3439 729 3507 septem
746 3434 871 3506 panibus
886 3450 958 3505 qnos
973 3433 1102 3489 Christus
1264 3435 1387 3492 fideliter
1401 3437 1580 3510 dispensabit
1618 3482 1896 3495 .......
1914 3441 1958 3494 322

462 3525 590 3600 quotidie
606 3524 739 3581 ildclibus
753 3523 813 3580 suis
832 3523 960 3595 apponit.
1001 3567 1006 3578 .
1047 3568 1052 3578 .
1094 3525 1173 3580 .280
1227 3526 1444 3582 Sermolll.llc
1464 3527 1669 3599 temporalium
1690 3545 1788 3586 rerum
1811 3529 1896 3600 piacl

688 3659 730 3713 Ad
751 3657 909 3730 religiosos⁸
1264 3613 1575 3687 lidelidispcnsationc.
1618 3661 1623 3672 .
1665 3663 1670 3672 ,
1712 3663 1718 3672 ,
1758 3661 1764 3672 ,
1803 3663 1809 3673 ,
1848 3663 1853 3672 ,
1890 3619 1959 3672 ‚321

427 3782 527 3836 Sermo
544 3779 586 3833 lV.
603 3779 641 3834 lle
656 3775 797 3832 virtutum
818 3775 979 3847 splendore,
997 3774 1102 3846 gratia·
1488 3755 1530 3808 Ad
1550 3753 1710 3825 1‘015810505·

462 3885 529 3925 rum
545 3865 770 3940 pulchritudine,
782 3867 810 3922 el
824 3864 968 3936 plerisque
983 3863 1048 3920 aliis
1062 3881 1103 3920 re·
1228 3869 1328 3925 Sermo
1348 3869 1392 3924 lV.
1409 3870 1447 3926 lle
1463 3868 1638 3926 inordinatis
1656 3871 1854 3929 allectionibus
1871 3877 1897 3928 et

463 3957 633 4030 ligiosorum
649 3954 829 4011 ornamentis
860 3997 1099 4010 ......
1120 3956 1172 4010 282
1263 3958 1429 4015 cunalibus
1456 3959 1699 4031 concupiscentiis
1721 3961 1896 4034 abjiciendis.
1913 3962 1958 4018 837

427 4050 529 4104 Sermo
543 4047 574 4101 V.
591 4046 629 4101 ile
644 4045 768 4117 panibus
787 4059 820 4098 ac
840 4041 967 4114 piscibus
986 4042 1103 4115 spiritu·
1227 4048 1328 4102 Scrmo
1344 4048 1375 4102 V.
1392 4048 1430 4103 De
1446 4047 1678 4105 murmuratione
1693 4052 1897 4121 compescenda

463 4136 567 4201 alibus,
583 4134 688 4207 quibus
707 4132 775 4189 boui
796 4131 923 4204 religiosi
942 4149 960 4188 a
979 4133 1103 4189 llomino
1262 4137 1377 4192 abonis
1396 4137 1548 4209 religiosis,
1564 4141 1593 4194 et
1611 4139 1805 4196 tentationum
1823 4139 1897 4195 utili·

463 4223 690 4283 misericorditer
702 4225 861 4294 pascuntur
864 4267 1100 4280 ......
1121 4223 1174 4278 285
1262 4227 1320 4282 tale
1338 4269 1895 4284 .............
1914 4229 1960 4284 3311

427 4320 529 4374 Sermo
559 4316 603 4370 Vl.
633 4315 671 4370 lle
700 4317 808 4385 septem
838 4313 987 4370 ellectibus
1014 4329 1103 4369 sacrm
1228 4313 1328 4370 Sermo
1343 4315 1387 4370 Vl.
1404 4315 1555 4382 Quomodo
1574 4315 1701 4389 religiosi
1722 4317 1752 4372 in
1768 4317 1898 4373 omnibus

463 4405 619 4478 Scripturae
629 4443 1100 4460 ...........
1120 4403 1173 4458 387
1262 4406 1424 4462 secundum
1443 4403 1586 4462 rationem
1610 4422 1639 4462 se
1663 4422 1772 4477 regere,
1791 4412 1817 4464 et
1837 4425 1898 4464 sen-

1262 4492 1716 4552 1111111111)1111111111111111.
1757 4539 1762 4550 .
1802 4540 1808 4550 .
1846 4541 1852 4552 .
1888 4497 1959 4552 ,332

499 4607 647 4656 nouimus
668 4607 787 4654 OCTAVA
809 4608 882 4654 POST
903 4607 1097 4653 rutulantum.

1305 4699 1451 4744 berlinton
1473 4697 1587 4744 nectua
1608 4699 1681 4745 POST
1701 4700 1890 4747 minirum.

427 4772 579 4831 Enarratio
599 4772 627 4828 in
648 4770 800 4845 epistolem
813 4786 820 4827 :
833 4771 988 4827 Debitores
1002 4786 1103 4826 sumus

461 4880 522 4921 non
536 4863 636 4927 carni,
651 4867 685 4918 nt
704 4862 864 4917 secundnm
883 4862 1102 4917 1111111ηυί11-
1226 4859 1376 4917 Enarratio
1400 4861 1429 4916 in
1454 4859 1605 4933 epistolam
1621 4878 1628 4916 :
1643 4863 1739 4917 Scitis
1759 4865 1898 4935 quoniam

460 4956 707 5018 111111111111,
730 4951 821 5007 11-17.
862 4991 868 5005 .
908 4995 914 5006 ,
955 4993 960 5006 .
1001 4993 1006 5004 .
1047 4993 1052 5006 .
1094 4953 1171 5007 uiti
1262 4966 1351 5023 quum
1365 4955 1467 5021 pentes
1480 4951 1594 5013 essetis,
1608 4952 1650 5006 od
1663 4951 1830 5008 simulacro
1843 4969 1900 5008 mu-

425 5047 526 5102 Sermo
553 5045 574 5100 l.
604 5043 755 5108 Quomodo
786 5041 953 5097 conandum
984 5039 1102 5096 cuilibet
1262 5039 1620 5104 ta,etc.lCor.xu,2·ll.
1661 5081 1667 5095 .
1708 5084 1714 5095 .
1755 5085 1761 5096 .
1801 5084 1807 5096 .
1848 5086 1853 5097 .
1890 5041 1960 5096 ‚an

460 5133 672 5198 christiannut
685 5134 722 5188 ad
737 5131 887 5204 originalis
897 5129 1019 5204 justitiae
1034 5146 1100 5185 con·
1226 5129 1327 5186 Sermo
1338 5130 1357 5183 l.
1369 5129 1408 5185 De
1423 5131 1527 5185 ornatu
1541 5128 1675 5186 Ecclesia
1686 5131 1896 5188 membrorum-

460 5221 637 5280 lormitelem
652 5222 751 5278 redeat
766 5261 1097 5276 ........
1119 5221 1171 5276 293
1262 5234 1316 5290 que
1331 5217 1431 5289 ipsius,
1447 5221 1476 5274 et
1494 5219 1529 5274 de
1549 5217 1722 5277 certitudine
1741 5219 1809 5278 fidei
1829 5221 1896 5277 obri·

424 5313 576 5373 Enarratio
590 5312 621 5369 in
637 5310 820 5384 euangelium
830 5324 836 5367 :
847 5309 1000 5366 Attendite
1014 5323 1032 5365 n
1041 5307 1101 5379 sal·
1260 5307 1362 5365 stienec
1382 5349 1892 5368 ............
1911 5309 1958 5366 338
