4214 6254
379 471 526 520 ιιοιιιιιιιιιι
549 475 570 520 ιι
589 475 663 522 rosr
683 475 879 524 ιιιιιιιιιιιιι.
899 493 937 504 -
959 475 1002 524 ιιι
1022 476 1217 542 asarotosos3
1240 479 1338 526 sauro
1359 478 1495 536 oomrus
1656 460 1715 526 let

609 840 722 922 AD
771 839 1273 926 RELIGIOSOS

705 1310 881 1397 SERMO
915 1310 1160 1414 QUARTUS

433 1567 575 1614 ADVERSA
596 1567 694 1613 obtuta
716 1568 802 1613 ronst
824 1567 921 1613 Attltlo
942 1567 1016 1613 ESSE
1038 1567 1191 1626 renuunt,
1213 1570 1250 1616 UT
1270 1571 1435 1617 llUlllLlTAS

201 1667 427 1724 mutandaque
449 1667 577 1713 cambas
599 1665 767 1712 lucemus
788 1667 986 1728 staturarum
1009 1667 1046 1712 ΕΤ
1067 1667 1118 1712 ost
1140 1667 1296 1713 VOLUNTAS
1317 1670 1460 1725 QUOHODO
1482 1670 1513 1716 tlt
1535 1671 1667 1718 oudinus

694 1764 759 1810 ΡΜ.
780 1764 884 1810 oddus
906 1764 1021 1811 uanum
1043 1765 1171 1810 bunnar.

228 2031 291 2092 ΟΝ
316 2029 496 2105 ditr'pamus
527 2027 619 2086 verbo
649 2047 750 2106 neque
779 2027 906 2102 linquo,
922 2025 947 2088 Α
964 2034 1207 2108 persequuntur,
1216 2035 1247 2090 et
1263 2027 1361 2090 instar
1375 2047 1579 2111 squamarum
1596 2050 1629 2094 se
1645 2051 1712 2094 mu-

241 2129 297 2186 sed
312 2144 406 2202 opere
422 2133 452 2184 et
470 2126 617 2185 veritate.
635 2125 646 2185 l
666 2123 775 2185 loann.
794 2141 839 2196 ιιι,
857 2121 904 2184 l8.
963 2131 1017 2187 ‘tuo
1033 2125 1327 2206 comprimentium,
1344 2127 1406 2190 sibi
1422 2129 1455 2190 in
1477 2128 1536 2193 boc
1552 2129 1621 2212 ipso
1641 2131 1710 2212 qui·

197 2225 231 2286 ln
255 2223 409 2286 hodierna
430 2221 564 2303 epistola
587 2221 791 2283 beatissimus
813 2239 906 2282 evau—
962 2223 1034 2285 dam
1057 2224 1260 2305 passionibus
1282 2225 1348 2288 suis
1372 2225 1514 2290 immersi
1539 2228 1708 2290 cobserent.

152 2323 270 2405 gelista
292 2323 427 2384 loannes
457 2319 695 2383 multiformiter
724 2337 782 2382 nos
812 2318 908 2382 infor·
962 2321 1001 2382 Et
1015 2339 1085 2384 csse
1101 2322 1154 2384 vix
1170 2330 1274 2404 potest
1288 2331 1324 2384 ut
1342 2325 1414 2405 quis
1431 2325 1474 2386 ita
1493 2343 1527 2387 se
1543 2324 1657 2388 babeat
1676 2334 1711 2388 ut

155 2430 232 2484 mat.
249 2420 356 2483 Primo
374 2419 494 2482 etenim
515 2419 696 2482 consolatur
711 2418 824 2481 fideles
844 2418 906 2481 ele·
962 2420 1185 2483 universorum
1206 2420 1339 2502 effugiat
1358 2422 1479 2497 odium,
1495 2423 1710 2506 omnibusque

153 2529 225 2583 ctos
247 2539 284 2582 ae
306 2519 475 2590 virtuosos,
493 2537 533 2580 ne
556 2519 632 2580 dum
655 2516 694 2580 ab
716 2517 907 2580 adversariis
962 2519 1169 2601 complaceat,
1181 2535 1244 2581 non
1261 2519 1405 2583 obstante
1421 2522 1505 2603 quod
1521 2521 1565 2584 ait
1579 2522 1710 2604 Aposto-

151 2629 184 2682 et
201 2618 334 2701 iniquis,
347 2636 365 2680 a
380 2616 699 2696 mundanis,injustis
714 2616 908 2678 carnalibus·
963 2617 1011 2679 lus
1029 2635 1036 2678 :
1054 2617 1118 2698 Ego
1139 2637 1195 2699 per
1210 2617 1317 2680 omnia
1336 2618 1486 2681 omnibus
1504 2619 1623 2702 placeo.
1641 2620 1708 2684 Non
1739 2633 1746 2677 ι
1763 2634 1815 2680 cor.
1831 2649 1852 2686 a,

151 2737 218 2800 que
239 2715 424 2780 bominibus
443 2713 516 2777 odio
538 2714 705 2788 habentur,
722 2714 905 2790 irridentur,
962 2715 1048 2777 enim
1073 2715 1218 2778 absolute
1242 2715 1393 2778 omnibus
1418 2716 1550 2799 placuit,
1574 2717 1711 2800 ipsomet
1725 2700 1757 2740 ³³·

151 2814 358 2896 affliguntur,
375 2813 508 2875 moleste
528 2812 559 2874 id
575 2811 690 2886 ferant,
706 2820 760 2874 aut
776 2812 906 2894 pusilla·
962 2813 1181 2895 proloquente,
1192 2814 1223 2877 Si
1239 2813 1425 2877 bominibus
1441 2816 1612 2898 placerem,
1624 2817 1710 2880 Cbri-
1726 2829 1858 2880 Galat-mo.

152 2915 260 2976 nimes
284 2911 376 2986 fiant,
393 2931 450 2974 seu
473 2910 673 2974 admirentur
696 2911 906 2975 admiratione
961 2912 1001 2973 sti
1017 2930 1128 2974 servus
1144 2931 1207 2974 non
1224 2930 1348 2991 essem3
1365 2913 1419 2974 sed
1435 2913 1586 2976 omnibus
1601 2914 1707 2995 justis,

152 3014 263 3097 aliqua
278 3009 449 3093 dejectiva3
461 3011 516 3073 sed
532 3010 636 3094 potius
652 3027 757 3072 coram
771 3011 835 3072 Deo
851 3009 906 3071 bu·
962 3029 1036 3072 vere
1053 3008 1263 3090 sapientibus,
1285 3009 1346 3073 sibi
1368 3018 1474 3073 mente
1490 3011 1709 3075 conformibus

153 3112 277 3174 militer
300 3109 486 3192 glorientur,
505 3109 581 3192 quia
606 3109 664 3170 hoc
691 3109 795 3190 ipsum
820 3108 905 3190 quod
962 3107 1157 3190 complacuit
1171 3115 1299 3170 sanctus
1315 3109 1494 3192 Apostolus.
1511 3110 1591 3172 Hinc
1606 3111 1707 3193 loqui-

152 3211 326 3282 sustincnt,
344 3207 509 3290 probabile
534 3207 661 3288 signum
686 3214 734 3268 est
756 3207 840 3288 quod
866 3207 904 3268 de
923 3204 946 3267 B
962 3215 1013 3268 tur
1034 3208 1153 3268 Seneca
1170 3223 1177 3266 τ
1194 3205 1344 3278 Quamvis
1365 3207 1411 3270 sic
1431 3227 1503 3290 agas
1522 3216 1558 3270 ut
1575 3227 1616 3271 ne
1636 3209 1708 3292 quis

153 3309 331 3372 electorum
348 3307 412 3368 siut
431 3324 575 3380 numero,
593 3324 692 3388 quum
712 3313 744 3367 et
764 3304 905 3367 Salvator
962 3303 1075 3366 merito
1092 3311 1146 3365 tuo
1166 3310 1197 3365 te
1216 3303 1328 3378 oderit,
1346 3313 1440 3366 erunt
1458 3313 1564 3368 tamen
1581 3325 1709 3388 semper

36 3441 96 3470 aa.
152 3405 425 3490 protestetur:Si
451 3404 589 3466 mundus
614 3421 670 3466 vos
695 3403 771 3476 odit,
793 3403 904 3464 scitote
960 3402 1015 3484 qui
1045 3408 1077 3464 te
1107 3401 1241 3464 oderint.
1271 3402 1336 3464 Hoc
1366 3411 1473 3466 autem
1502 3403 1551 3465 vir
1580 3405 1707 3488 sapiens

154 3507 232 3588 quia
249 3523 301 3567 me
321 3503 459 3586 priorem
475 3501 567 3564 vobis
586 3501 659 3564 odio
679 3500 799 3563 habuit,
818 3501 849 3562 Si
866 3501 904 3561 de
959 3499 1182 3582 aequanimiter
1212 3499 1296 3562 ferre
1328 3501 1433 3576 debet,
1464 3510 1496 3564 et
1523 3501 1706 3566 odientibus
1734 3519 1853 3574 narrar,

154 3603 278 3668 mundo
302 3601 425 3676 essetis,
447 3599 585 3663 mundus
610 3598 695 3682 quod
719 3618 813 3662 suum
837 3605 904 3660 erat
960 3599 1097 3680 compati
1113 3605 1208 3681 atque
1223 3617 1312 3660 orare
1329 3618 1386 3682 pro
1406 3600 1462 3662 eis.
1480 3602 1706 3664 Verumtamen
1720 3587 1754 3627 ⁴⁴·

152 3705 327 3784 diligeret:
345 3699 421 3782 quia
438 3717 514 3762 vero
534 3699 573 3760 de
593 3698 712 3762 mundo
730 3716 793 3762 ιιοιι
814 3696 902 3771 estis,
959 3717 1070 3761 servus
1091 3696 1206 3760 Christi
1223 3697 1249 3759 si
1265 3698 1346 3760 odiri
1362 3717 1395 3760 se
1410 3698 1516 3762 videat
1535 3701 1706 3782 persecuti-

153 3804 208 3866 scd
235 3819 295 3883 ego
325 3800 405 3881 elegi
430 3817 486 3861 vos
510 3799 549 3861 de
580 3798 710 3870 mundo,
737 3805 904 3880 propterea
958 3815 1099 3878 onesque
1114 3795 1264 3878 pati,non
1282 3804 1388 3858 tamen
1404 3796 1446 3859 sit
1460 3816 1580 3880 pronus
1595 3818 1706 3881 quem·

151 3900 219 3964 odit
235 3919 292 3962 vos
309 3897 652 3962 mundus.Similitud0
667 3916 805 3979 namque
821 3897 902 3958 dire·
959 3895 1044 3977 piam
1070 3901 1189 3956 temere
1213 3893 1369 3974 judicare,
1393 3903 1448 3957 aut
1472 3896 1643 3976 magnifice
1668 3898 1706 3959 dc

152 4008 202 4062 cte
218 4005 269 4062 est
283 4016 377 4059 causa
392 3995 509 4060 amoris
526 4003 558 4058 et
572 3993 701 4057 unionis
721 4003 816 4075 atque
831 4013 903 4056 con·
958 4013 991 4054 se
1008 3993 1077 4075 ipso
1093 3993 1222 4065 sentire,
1239 3993 1330 4074 quasi
1352 3993 1421 4075 ipse
1441 3994 1482 4056 sit
1502 3994 1557 4057 Dei
1574 3995 1705 4069 electus,

152 4097 289 4174 cordiae;
314 4094 542 4157 dissimilitudo
564 4109 650 4167 vero,
672 4092 847 4154 aversionis
872 4100 904 4154 ct
958 4091 1056 4154 etalii
1072 4091 1111 4153 de
1126 4109 1220 4172 grege
1236 4091 1300 4153 sint
1315 4092 1523 4174 reproborum
1542 4111 1549 4154 :
1568 4092 1633 4155 imo
1652 4112 1706 4176 po

151 4195 296 4258 rancoris
317 4213 354 4256 ac
377 4192 543 4256 discordiae
568 4199 615 4254 est
640 4191 737 4272 origo.
756 4190 902 4253 Naturale
958 4189 1021 4251 tius
1047 4190 1114 4251 suis
1137 4189 1269 4270 deputet
1290 4189 1394 4272 culpis
1418 4192 1502 4272 quod
1528 4191 1658 4274 patitur,
1676 4200 1707 4254 et

151 4303 199 4357 est
212 4311 291 4374 ergo
306 4300 340 4355 ut
353 4293 458 4373 justus
471 4289 737 4373 justum,probus
753 4289 900 4372 probum,
957 4305 1015 4369 pro
1040 4287 1235 4369 quotidianis
1260 4289 1326 4350 suis
1350 4288 1540 4363 defectibus,
1557 4308 1706 4372 persecu·

152 4393 283 4475 sapiens
309 4391 497 4472 sapientem,
519 4389 681 4451 virtuosus
705 4388 816 4468 diligat
840 4389 901 4450 vir·
917 4389 938 4452 C
957 4385 1099 4448 tionibus
1121 4385 1253 4466 dignum
1276 4405 1309 4447 se
1333 4385 1533 4466 gravioribus
1557 4387 1704 4463 fateatur,

154 4499 284 4554 tuosum
302 4507 309 4551 :
328 4497 433 4552 mente
453 4507 592 4570 namque
612 4487 796 4551 consimiles
815 4495 900 4558 sunt,
956 4484 1061 4565 sitque
1078 4483 1109 4546 iu
1125 4483 1275 4546 omnibus
1290 4484 1470 4560 timoratus,
1482 4486 1643 4549 modicum
1659 4507 1706 4549 ar-

152 4597 183 4652 et
200 4588 281 4650 vitia
299 4587 418 4669 pariter
438 4587 643 4648 detestantur.
661 4584 766 4666 luiqui
782 4593 900 4658 autem,
957 4583 1078 4644 bitrans
1094 4600 1187 4645 omne
1203 4583 1287 4664 quod
1304 4583 1426 4656 tolerat,
1441 4603 1541 4666 quum
1558 4585 1625 4667 ipse
1641 4585 1704 4648 Sal-

152 4688 207 4770 qui
222 4685 356 4768 justitias
372 4684 439 4746 zelo
454 4692 485 4746 et
500 4683 643 4746 veritatis
659 4691 767 4746 carent
782 4702 899 4755 amore,
957 4690 1046 4744 vator
1060 4688 1092 4743 ct
1112 4681 1218 4743 Sancti
1238 4681 1399 4764 precipue
1415 4690 1461 4746 tot
1480 4691 1511 4745 et
1531 4691 1617 4747 tantu
1634 4683 1704 4746 abs-

149 4787 254 4868 justos
269 4784 494 4867 sapientesque
509 4782 669 4856 odiunt,in
685 4790 838 4864 quantum
853 4801 903 4845 eo·
956 4799 1018 4862 que
1040 4780 1107 4842 suis
1129 4779 1293 4842 demeritis
1314 4780 1378 4842 sint
1399 4783 1553 4864 perpessi.

151 4905 224 4948 rum
245 4883 438 4947 dissentiunt
457 4881 620 4945 voluntati.
639 4881 673 4944 lu
694 4880 902 4962 religionibus
1004 4879 1160 4952 Secundo,
1192 4878 1224 4940 in
1259 4878 1412 4941 hodierna
1444 4881 1579 4962 epistola
1612 4883 1704 4945 docet

153 5002 281 5066 quoque
302 4981 440 5044 ubertim
464 4979 618 5061 contingit
637 4979 721 5061 quod
743 4980 901 5061 negligen-
957 4977 986 5040 S.
1012 4980 1158 5050 loannes,
1186 4977 1218 5038 in
1243 4977 1380 5040 fraterna
1409 4978 1580 5043 dilectione
1605 4981 1703 5043 vitam

152 5083 250 5145 tiores
266 5089 298 5144 et
314 5080 414 5160 magis
435 5078 621 5152 defectuosi,
638 5096 692 5140 eos
712 5077 766 5159 qui
787 5078 902 5159 spiritu
957 5077 1065 5157 gratiae
1094 5095 1163 5137 esse
1188 5075 1293 5149 sitam,
1318 5083 1350 5138 et
1373 5076 1500 5158 signum
1530 5078 1705 5160 spiritualis

154 5179 279 5242 fervent
307 5178 529 5260 justitiamque
558 5177 700 5240 zelantur
727 5183 759 5237 et
787 5176 904 5238 abstrc-
958 5176 1031 5239 vitae
1055 5195 1135 5250 esse,
1156 5175 1270 5236 fratres
1295 5174 1436 5256 diligere.
1461 5176 1513 5239 Ait
1536 5196 1674 5258 namque
1696 5195 1726 5275 :¹
1735 5232 1844 5275 raanan

157 5279 238 5340 ctius
261 5297 298 5340 ac
328 5276 518 5340 custoditius
542 5293 575 5337 se
603 5273 718 5336 babere
746 5280 901 5356 satagunt,
959 5275 1021 5337 Nos
1038 5276 1157 5337 scimus
1172 5274 1247 5356 quia
1262 5272 1404 5336 translati
1419 5294 1530 5338 sumus
1545 5275 1584 5338 de
1605 5282 1704 5337 morte
1721 5296 1753 5336 ιι.
1846 5263 1853 5284 “
