4164 6258
334 558 482 608 nounrrsa
503 561 521 608 v
542 559 616 608 rosr
636 559 830 606 mmrrarmr.
852 577 892 590 -
911 559 954 608 ao
973 559 1169 626 asarotosos3
1192 561 1291 610 saeuo
1311 563 1440 621 oumrus
1600 543 1661 610 245

105 749 169 794 non
200 733 313 814 egerit,
339 731 484 816 protinus
514 731 729 813 indignantur,
757 731 857 794 detra·
870 731 896 796 A
911 749 1039 815 semper
1053 730 1168 795 babeat
1182 731 1385 797 dulcedinem
1401 733 1534 816 rigidam
1549 741 1581 798 et
1594 731 1660 798 dul·

105 830 199 905 bunt,
214 831 371 912 judicant,
384 837 634 913 conqueruntur.
652 829 707 892 lsti
722 837 796 892 sunt
811 829 857 890 in·
912 847 982 892 eom
1006 830 1154 911 rigorem.
1172 831 1281 913 ltaque
1301 831 1334 894 in
1355 840 1443 896 motu
1465 839 1498 894 et
1519 832 1658 907 incessu,

106 927 248 1002 discreti,
261 929 387 1010 ingrati,
402 927 681 1002 immisericordes,
693 934 726 989 et
740 927 856 1010 pietate
911 925 943 990 in
965 927 1074 1002 verbo,
1092 929 1208 992 vestitu
1231 929 1384 1012 omnique
1404 938 1495 1012 gestu
1516 931 1659 994 modera-

107 1045 178 1108 quae
193 1026 240 1088 eis
255 1025 425 1090 exhibetur
445 1026 567 1108 indigni
585 1045 592 1090 :
610 1025 681 1088 ideo
699 1044 733 1088 se
751 1043 857 1088 emen·
912 1045 986 1088 men
1008 1046 1184 1102 servemus,
1206 1037 1241 1090 ut
1266 1027 1323 1104 sie,
1344 1029 1435 1111 juxta
1459 1029 1657 1113 Apostolum,

106 1124 183 1187 dare
205 1143 269 1188 non
291 1124 453 1188 differant.
912 1125 1067 1188 modestia
1090 1134 1197 1188 nostra
1222 1134 1295 1190 nota
1320 1127 1361 1190 sit
1383 1128 1543 1192 omnibus.
1570 1129 1658 1192 Unde
1672 1143 1806 1202 partepart,

147 1223 283 1306 Insuper
297 1224 390 1286 docet
404 1224 555 1307 princeps
569 1221 804 1306 Apostolorum,
822 1229 856 1284 ut
911 1232 943 1287 et
967 1224 1162 1306 Augustinus
1184 1242 1191 1287 :
1212 1226 1247 1288 ln
1271 1226 1422 1291 omnibus
1440 1227 1574 1310 (inquit)
1592 1245 1658 1292 mo·
1673 1209 1694 1252 ⁵·

7 1344 26 1378 ·
37 1347 91 1386 arn,
107 1319 212 1384 simus
228 1320 463 1385 «fraternitatis
479 1325 673 1395 amatores»,
686 1320 717 1384 id
733 1329 781 1382 est
795 1319 856 1382 fra·
912 1322 998 1384 tibus
1017 1323 1132 1386 vestris
1155 1323 1201 1386 nil
1222 1323 1280 1387 liat
1298 1325 1383 1408 quod
1403 1325 1594 1407 cujusquam
1612 1324 1658 1388 ol·

107 1425 195 1481 trum
225 1427 405 1484 nostrorum
430 1427 463 1482 et
486 1419 721 1482 communionis
744 1436 856 1482 eorum
911 1419 1299 1504 londatadspectum,sed
1314 1423 1399 1505 quod
1415 1429 1553 1486 vestram
1569 1424 1659 1488 deec-

106 1517 288 1581 dilectores.
305 1519 474 1602 Propterea
493 1517 613 1581 bonum
633 1535 804 1580 commune
818 1535 855 1579 ac
911 1526 941 1581 at
961 1519 1171 1583 sanctitatem.
1189 1521 1362 1604 Dispositio
1382 1539 1521 1604 namque
1543 1521 1659 1584 mentis

106 1616 268 1696 generale,
283 1618 429 1680 omnium
451 1623 595 1680 mutuam
617 1625 758 1678 sanctam
778 1614 856 1677 dile·
912 1615 943 1678 in
974 1617 1117 1700 corporis
1149 1626 1305 1702 apparatu
1338 1619 1469 1694 relucet,
1501 1619 1544 1682 ita
1574 1620 1659 1702 quod

106 1713 259 1788 ctionem,
275 1733 385 1798 pacem
401 1723 496 1798 atque
511 1713 713 1778 concordiam
729 1731 857 1796 semper
911 1715 1055 1796 quedam
1081 1733 1141 1778 vox
1169 1716 1269 1780 animi
1297 1725 1346 1779 est
1371 1717 1513 1800 corporis
1542 1726 1657 1782 motus.

107 1812 341 1876 cordialissime
369 1819 569 1896 appetamus,
594 1819 626 1875 et
649 1831 708 1895 pro
731 1810 856 1875 viribus
911 1811 990 1875 Hinc
1019 1813 1158 1877 exterior
1187 1813 1306 1889 levitas,
1329 1815 1505 1890 discursus,
1530 1815 1661 1878 euriosi-

107 1928 330 1992 proeuremus,
346 1910 476 1984 orando,
497 1910 666 1984 monendo,
686 1909 856 1992 pacifican·
873 1907 958 1973 Btas
986 1919 1082 1994 atque
1107 1911 1292 1996 loquacitas,
1316 1913 1477 1977 interioris
1505 1912 1660 1977 instabili·

107 2008 150 2070 do
172 2015 204 2070 et
224 2008 405 2071 amabiliter
426 2009 652 2072 conversando.
674 2007 735 2070 Sed
759 2006 856 2088 hujus
913 2007 996 2082 tatis,
1015 2008 1164 2084 levitatis,
1182 2009 1373 2074 curiositatis
1393 2019 1425 2074 et
1443 2010 1661 2074 dissolutionis

107 2107 295 2189 oppositum
309 2115 407 2189 agunt
422 2106 575 2190 perversi,
592 2107 647 2190 qui
664 2114 739 2168 sunt
756 2125 857 2168 mem·
913 2115 987 2170 sunt
1003 2107 1129 2171 indicia.
1146 2109 1277 2191 Propter
1291 2110 1374 2192 quod
1392 2109 1424 2174 in
1440 2109 1662 2174 Ecclesiastico

0 2223 94 2265 aero.
109 2205 170 2266 bra
189 2205 405 2287 satellitesque
420 2205 550 2280 diaboli,
566 2205 622 2288 qui
644 2205 726 2268 inter
745 2204 857 2266 fratres
914 2204 1015 2268 fertur
1041 2225 1048 2270 :
1075 2206 1119 2268 Ex
1149 2206 1219 2269 visu
1250 2207 1451 2288 cognoscitur
1476 2207 1535 2280 vir,
1561 2215 1593 2270 et
1621 2206 1661 2270 ab
1686 2223 1809 2276 scarsali,

108 2304 302 2366 discordiam
318 2305 487 2376 seminant,
505 2305 668 2385 magisque
682 2303 859 2384 gloriantur
913 2321 1047 2366 occursu
1068 2303 1162 2368 faciei
1182 2307 1384 2387 cognoscitur
1405 2313 1567 2385 sensatus;
1583 2306 1662 2368 arni·
1677 2289 1755 2339 ²⁰²⁷·

108 2403 136 2464 si
156 2402 239 2464 inter
253 2403 407 2485 quosdam
422 2403 461 2464 ad
477 2419 557 2484 quos
577 2419 639 2464 uon
660 2403 737 2464 satis
756 2401 857 2462 since·
915 2409 984 2464 ctus
1005 2403 1157 2484 corporis,
1174 2411 1207 2465 et
1220 2403 1304 2466 risus
1321 2403 1478 2478 dentium,
1495 2411 1527 2466 et
1542 2404 1662 2485 ingres-

109 2519 146 2562 re
175 2500 374 2574 alliciuntur,
400 2500 538 2564 viderint
566 2499 797 2563 dissensionem
828 2507 860 2561 et
914 2519 968 2562 sus
984 2500 1135 2574 hominiS,
1151 2501 1342 2564 annuntiant
1355 2502 1395 2565 de
1410 2502 1476 2565 illo.
1493 2502 1572 2564 Hinc
1587 2520 1663 2584 quo

108 2598 324 2672 aversionem,
345 2617 441 2680 quam
464 2617 587 2680 pacem,
610 2615 801 2662 eonsensum
822 2615 859 2659 ac
916 2617 978 2680 que
993 2598 1142 2662 Salomon
1162 2598 1304 2681 loquitur
1320 2617 1327 2662 ε
1345 2599 1508 2674 Quomodo
1523 2601 1556 2663 iu
1571 2601 1663 2682 aquis
1678 2620 1811 2672 arsami,

109 2696 240 2760 dulcem
264 2697 403 2760 caritatis
423 2697 588 2760 allectum.
915 2695 1119 2778 resplendent
1134 2696 1242 2760 vultus
1257 2697 1582 2779 prospicientiumsie
1598 2715 1664 2760 cor·
1679 2687 1712 2726 ¹⁹·

153 2794 311 2876 Amplius,
327 2795 417 2876 juxta
435 2793 667 2878 Archiapostoli
689 2795 860 2858 documen·
916 2795 955 2856 da
973 2794 1140 2857 hominum
1164 2793 1333 2858 manifesta
1354 2802 1429 2857 sunt
1450 2794 1663 2878 prudentibus

7 2914 49 2950 cr.
62 2921 91 2958 m,
108 2901 155 2956 ta.
166 2893 631 2966 simuscmisericordes»‚non
647 2891 861 2954 crudelesl'i-
915 2892 1005 2974 (quia
1020 2892 1171 2954 videlieet
1187 2911 1244 2975 per
1259 2892 1426 2966 exteriora,
1444 2893 1594 2956 interiora
1614 2909 1664 2956 co-

9 3047 36 3074 ,Ι
53 3046 91 3082 m,
109 3009 204 3054 scera
219 2990 305 3053 enim
325 2992 497 3073 impiorum
514 2989 656 3052 crudelia
663 3007 671 3070 ;
688 2997 720 3052 et
735 3007 797 3052 non
814 2996 862 3053 est
916 2991 1096 3073 gnoscunt).

28 3159 32 3166 ,
108 3108 227 3151 sensus
250 3089 305 3152 ubi
328 3089 468 3152 abundat
487 3088 674 3152 amaritudo.
696 3087 782 3151 Beati
807 3107 860 3150 au·
878 3081 900 3145 C
956 3090 1060 3163 Quum
1076 3105 1151 3170 ergo
1166 3088 1233 3152 haec
1249 3089 1292 3152 ita
1310 3108 1344 3152 se
1360 3088 1507 3164 babeant,
1523 3088 1674 3171 quidest

1 3157 90 3208 ‘'m''
108 3195 179 3250 tem
196 3187 428 3262 misericordes,
442 3187 592 3269 quoniam
610 3185 860 3249 misericordiam
916 3188 1002 3271 quod
1022 3204 1079 3249 nos
1100 3187 1240 3268 religiosi
1262 3187 1506 3270 sacerdotesque
1527 3187 1664 3262 Domini,

0 3285 90 3329 ‘'l-*²²
106 3293 357 3369 consequentur.
374 3286 505 3349 Actibus
525 3304 600 3367 ergo
619 3285 715 3348 totius
736 3285 862 3368 pietatis
917 3305 975 3349 nos
1000 3286 1060 3348 viri
1086 3285 1209 3348 barbati
1235 3285 1323 3349 etin
1348 3285 1503 3367 religione
1528 3285 1664 3368 antiqui,

107 3386 216 3448 simus
245 3401 303 3466 pro
329 3402 421 3466 posse
446 3402 572 3466 semper
597 3383 722 3457 intenti,
748 3391 779 3446 et
803 3401 861 3464 pro
917 3403 1029 3447 sumus
1045 3391 1109 3446 tam
1129 3383 1276 3446 dissoluti
1297 3383 1329 3446 in
1351 3383 1506 3458 moribus,
1522 3391 1586 3446 tam
1607 3383 1666 3446 im-

107 3483 278 3546 commuui
310 3482 393 3545 bono
423 3482 583 3556 Ecclesiae,
614 3499 672 3564 pro
702 3481 861 3543 universis
918 3482 1072 3545 moderati
1096 3482 1128 3544 iu
1152 3481 1269 3556 verbis,
1286 3489 1350 3544 tam
1371 3481 1512 3564 pueriles
1537 3481 1570 3544 in
1596 3481 1666 3545 risi-

107 3589 247 3666 peecato
270 3581 442 3664 oppressis,
469 3599 527 3663 pro
551 3580 634 3644 vivis
661 3599 697 3642 ac
728 3577 861 3642 mortuis
917 3580 1058 3652 bustam
1074 3579 1254 3662 precipites
1270 3580 1303 3642 iu
1318 3580 1484 3655 eundo,ita
1500 3587 1535 3642 ut
1549 3579 1666 3664 saepius

106 3679 350 3742 ferventissime
376 3679 571 3742 intercedere
601 3695 663 3740 non
689 3695 860 3751 cessemus,
917 3679 1017 3742 instar
1037 3678 1182 3761 picarum
1205 3697 1332 3742 currere
1356 3678 1522 3741 videamur
1543 3685 1576 3741 et
1597 3695 1667 3760 pro·

107 3778 277 3862 praecipue
306 3796 364 3860 pro
393 3777 594 3860 propinquis,
621 3775 801 3839 commissis
830 3783 862 3838 et
916 3777 1023 3840 silirel
1034 3777 1102 3840 Non
1118 3777 1222 3840 solum
1237 3777 1270 3838 in
1287 3776 1355 3840 loco
1370 3775 1523 3858 colloquii
1537 3783 1569 3839 et
1584 3776 1666 3838 inter

106 3875 381 3940 benefactoribus.
917 3894 985 3949 nos,
1003 3876 1058 3937 sed
1077 3883 1109 3936 et
1130 3874 1290 3937 interdum
1314 3873 1346 3936 in
1369 3873 1488 3938 divinis
1508 3881 1665 3936 eteorum

2 3995 87 4041 ειν-ιιι.
151 3979 263 4041 Simus
281 3995 410 4059 quoque
431 3975 597 4040 «modesti
614 3998 631 4035 a
650 3975 681 4037 in
698 3974 860 4049 omnibus,
917 3974 1075 4038 extraneis
1098 3971 1204 4036 taliter
1225 3991 1282 4036 nos
1304 3972 1471 4046 habemus,
1493 3972 1593 4035 Deum
1618 3971 1665 4032 in-

106 4085 144 4140 ut
162 4083 294 4140 sanctus
309 4075 453 4138 bortatur
467 4075 606 4138 isidorus
625 4075 734 4137 doctor
749 4081 781 4136 et
795 4073 861 4154 epi·
917 4074 1119 4144 honorantes,
1140 4071 1302 4154 proximos
1325 4070 1586 4144 scandalizantes,
1606 4087 1665 4132 uec

103 4193 232 4257 scopus
249 4193 257 4238 :
274 4173 321 4236 Sit
341 4173 372 4236 in
391 4181 482 4254 gestu
502 4179 557 4236 tuo
577 4173 725 4253 gravitas,
743 4171 775 4232 in
796 4188 861 4233 mo·
917 4171 1021 4234 solum
1037 4169 1269 4232 confundentes
1287 4184 1344 4230 nos
1362 4167 1459 4250 ipsos,
1476 4167 1530 4230 sed
1548 4175 1580 4228 et
1594 4185 1665 4229 san-

104 4283 141 4337 tu
170 4271 374 4354 simplicitas,
391 4271 424 4334 in
447 4271 573 4333 incessu
597 4270 760 4348 honestas3
780 4268 861 4331 nihil
877 4269 902 4332 D
918 4278 975 4332 ctae
991 4267 1136 4349 religioni
1157 4285 1193 4328 ac
1209 4265 1306 4328 sacris
1326 4263 1493 4328 ordinibus
1512 4264 1664 4345 derogan-

103 4371 292 4444 dedecoris,
317 4370 397 4433 nihil
428 4369 577 4443 lascivias,
602 4369 648 4431 nil
677 4367 861 4452 petulantie
918 4375 974 4430 tes.
993 4366 1031 4428 Et
1046 4365 1109 4427 dici
1130 4371 1234 4446 potest
1250 4363 1289 4424 de
1309 4360 1402 4424 nobis
1419 4378 1426 4424 ε
1444 4361 1544 4424 llomo
1562 4379 1663 4444 quum
1691 4385 1813 4438 mmm,

101 4481 165 4536 aut
188 4469 368 4534 insolentias
382 4469 433 4532 vel
453 4467 591 4532 levitatis
612 4467 644 4530 in
664 4468 791 4530 incessu
806 4474 862 4530 tuo
918 4467 949 4528 in
971 4465 1089 4527 bonore
1110 4470 1204 4537 esset,
1221 4479 1284 4524 non
1305 4459 1471 4522 intellexit.
1489 4459 1570 4534 Quid
1589 4475 1664 4539 ergo
1680 4451 1756 4500 ¹³³¹·

102 4575 276 4654 appareat.
286 4565 430 4649 Denique
444 4573 552 4648 gestus
567 4565 861 4640 hominis,maxime
918 4562 1077 4627 incumbit
1101 4560 1204 4634 nobis,
1230 4559 1291 4622 nisi
1317 4559 1368 4622 vel
1393 4558 1574 4622 emendatio
1599 4576 1665 4620 ma·

103 4667 310 4750 religiosi,in
326 4664 412 4730 omni
428 4673 501 4727 actu
517 4663 558 4726 sit
571 4663 726 4745 gratiosus
741 4663 862 4745 absque
917 4681 989 4744 gna,
1006 4669 1061 4724 aut
1082 4678 1176 4742 poena
1198 4657 1396 4722 intoleranda
1411 4660 1423 4719 l

103 4765 262 4838 mollitie,
279 4773 310 4827 et
325 4763 452 4847 quietus
472 4763 541 4824 sine
559 4761 777 4836 dissolutione,
793 4780 862 4843 gra·
958 4760 1112 4843 Denique,
1134 4758 1217 4821 ultra
1238 4763 1387 4840 praetacta
1404 4754 1665 4838 Archiapostolus

102 4869 157 4932 vis
185 4865 257 4928 sine
277 4863 434 4936 tarditate,
456 4861 559 4924 alacer
578 4861 647 4923 sine
670 4861 862 4943 inquietudi-
916 4860 1008 4941 jubet
1024 4865 1058 4920 ut
1074 4856 1241 4920 «humiles
1252 4878 1268 4914 a
1280 4855 1390 4918 simus.
1401 4854 1551 4928 Quamvis
1566 4853 1664 4926 enim,
1691 4877 1809 4926 ruerem

102 4987 161 5040 ne,
182 4971 218 5027 et
234 4969 376 5024 maturus
394 4961 464 5024 sine
483 4959 687 5042 protervitate
702 4979 739 5022 ac
754 4959 863 5022 turbu·
919 4966 998 5020 teste
1022 4956 1195 5039 Scriptura,
1212 4971 1319 5018 coram
1343 4954 1407 5016 Deo
1429 4960 1461 5016 et
1481 4951 1666 5016 bominibus
1681 4941 1814 5052 {xp-¹¹7·

102 5063 227 5136 lentia,
239 5069 274 5123 ut
287 5060 376 5142 Hugo
391 5060 430 5122 de
446 5059 475 5122 S.
488 5059 613 5122 Victore
629 5059 787 5121 disseruit.
804 5058 863 5132 Qui
918 5054 1048 5121 odibilis
1064 5055 1104 5117 sit
1120 5052 1281 5136 superbia,
1299 5052 1331 5114 in
1347 5050 1436 5115 nullo
1450 5059 1557 5114 umen
1572 5069 1666 5132 gene·

103 5165 235 5226 iterum
256 5158 558 5239 ait1Temperanda
577 5163 625 5220 est
640 5156 736 5219 facies
753 5163 785 5219 et
801 5175 865 5220 mo·
920 5175 953 5217 re
976 5155 1144 5218 hominum
1164 5159 1228 5214 tam
1249 5150 1435 5214 detestanda
1451 5169 1488 5212 ac
1509 5156 1667 5212 monstru-

101 5261 158 5326 dil
161 5258 282 5323 icanda
307 5255 338 5318 in
364 5265 455 5338 gestu
481 5273 549 5328 suo,
576 5263 611 5317 ut
634 5273 693 5318 nec
719 5264 865 5339 proterve
921 5273 985 5326 osa,
1003 5261 1066 5315 tam
1088 5252 1173 5315 foeda
1191 5257 1223 5314 et
1242 5250 1378 5314 odienda
1397 5255 1498 5312 exstat
1517 5245 1668 5329 superbia

100 5362 336 5440 exasperetur,
352 5373 411 5418 nec
434 5353 573 5417 molliter
593 5353 794 5430 dissolvatur,
811 5355 866 5417 sed
923 5353 1006 5416 sieut
1026 5352 1058 5413 in
1079 5349 1246 5432 religiosis,
1263 5364 1342 5431 quos
1361 5354 1485 5430 oportet
1500 5365 1568 5408 esse
1589 5362 1670 5407 mor·
