4154 6258
315 520 463 572 ooxxxxoa
483 521 536 568 xrr
556 521 630 568 resr
650 520 844 568 muuramx.
865 537 905 552 -
925 523 969 570 an
988 522 1163 572 amroxosos
1174 527 1183 588 ;
1206 528 1305 575 sanxo
1325 528 1452 586 oumrus
1596 509 1656 574 tm

101 689 297 756 turbationis
320 713 357 757 ac
379 694 536 757 tumultus
559 711 719 769 curarum,
740 693 1023 760 indesi·Atolerat
1046 697 1185 760 moriens
1214 698 1247 761 in
1277 699 1347 782 ipso
1371 699 1483 762 mortis
1511 699 1656 774 articulo,

103 797 238 854 nentem
268 793 444 856 orationem
468 800 500 856 et
525 791 641 856 mentis
666 792 853 854 custodiam.
910 794 1037 875 quando
1062 811 1117 857 cor
1139 795 1307 877 frangitur,
1333 817 1404 880 quae
1428 816 1522 880 poeua
1546 797 1658 860 indici-

103 888 262 972 Denique,
289 891 439 954 Cassiano
467 899 612 964 testante,
642 890 681 953 ad
710 890 857 954 omnium
911 890 1020 955 biliter
1042 894 1148 974 gravis
1170 902 1203 956 ct
1223 914 1337 977 magua
1357 904 1414 959 est.
1437 896 1470 960 si
1494 913 1570 978 ergo
1594 904 1658 958 tam

103 987 271 1064 vitiorum,
297 989 475 1072 praesertim
504 988 674 1072 superbio,
700 989 856 1070 exstirpa·
912 990 1036 1053 intense
1060 990 1305 1057 formidaremus
1334 1013 1392 1076 per
1421 1013 1518 1058 unam
1547 994 1658 1057 horam

103 1087 240 1162 tionem,
264 1094 359 1170 atque
382 1090 422 1151 ad
446 1089 549 1152 omnis
579 1088 655 1150 boni
684 1087 859 1151 exsecutio
909 1087 1016 1168 jacere
1040 1108 1126 1151 nuuc
1151 1089 1184 1151 in
1209 1091 1314 1154 modio
1338 1091 1476 1155 fornacis
1506 1092 1657 1166 ardentis,

104 1203 194 1259 uem,
221 1186 261 1248 ad
289 1203 419 1250 omnem
448 1186 647 1269 spiritualem
677 1184 856 1268 profectum
912 1185 1031 1247 mirum
1060 1187 1146 1268 quod
1176 1205 1241 1250 nou
1269 1188 1421 1252 timemus
1453 1209 1510 1272 per
1539 1189 1658 1252 multos

103 1282 199 1346 valde
224 1285 385 1368 praecipue
413 1284 536 1348 confert
564 1284 713 1348 cordialis
737 1302 773 1345 ac
797 1283 858 1346 fre·
912 1283 980 1346 dies
994 1292 1049 1345 aut
1064 1285 1160 1348 etiam
1175 1304 1274 1348 annos
1290 1296 1362 1369 post
1375 1288 1473 1351 vitam
1489 1289 1571 1350 hauc
1586 1306 1660 1370 pur-

105 1400 211 1462 quens
240 1383 405 1446 meditatio
434 1383 555 1446 mortis.
583 1382 681 1464 Cujus
711 1381 857 1464 quamvis
911 1382 1025 1463 gatorii
1050 1383 1134 1446 ferre
1158 1385 1328 1466 supplicia.
1349 1386 1460 1448 llerito
1483 1403 1558 1466 ergo
1578 1385 1660 1447 dixit

105 1487 194 1542 certa
208 1478 286 1543 hora
301 1481 591 1562 ignoretur,tamen
608 1481 787 1564 certissime
802 1479 859 1542 sci·
912 1478 942 1540 S.
959 1477 1170 1563 Hieronymus
1187 1499 1194 1543 :
1211 1480 1270 1553 Qui
1292 1500 1326 1543 se
1350 1482 1493 1563 quotidie
1517 1482 1660 1545 recorda-

104 1585 159 1639 tur
178 1579 265 1660 quod
286 1580 325 1642 ad
344 1597 414 1641 eam
435 1578 668 1642 incessabiliter
687 1572 857 1660 unusquis·
912 1583 965 1638 tur
980 1577 1183 1654 moritumm,
1200 1579 1377 1641 contemnit
1391 1579 1560 1662 prasentia
1574 1580 1660 1642 etad

104 1695 170 1759 que
185 1677 382 1760 propinquet
397 1677 590 1752 mortalium,
607 1677 691 1759 quod
712 1677 789 1739 item
809 1695 858 1738 ce·
912 1673 1020 1736 futura
1038 1674 1176 1738 festinat.
1194 1676 1327 1739 Sanctus
1347 1695 1475 1760 quoquc
1490 1677 1660 1759 Gregorius

105 1774 218 1837 leriter
239 1776 355 1838 veniet.
374 1776 412 1838 Et
433 1776 518 1839 istud
541 1775 785 1858 intelligendum
809 1781 858 1837 est
912 1773 957 1834 ait
982 1793 989 1837 :
1014 1774 1062 1835 Ad
1091 1774 1150 1837 boc
1175 1773 1325 1838 Conditor
1349 1783 1457 1838 noster
1480 1775 1577 1839 latere
1601 1792 1659 1839 nos

106 1874 139 1936 iu
155 1882 314 1956 quantum
335 1893 421 1938 mors
435 1893 500 1938 nou
519 1875 624 1961 solum
639 1875 857 1938 consideratur
875 1876 899 1938 B
913 1871 1015 1935 voluit
1029 1871 1114 1934 diem
1130 1879 1245 1936 nostras
1259 1874 1380 1948 mortiS,
1390 1881 1425 1936 ut
1440 1875 1516 1937 dum
1532 1893 1660 1957 semper

106 1981 141 2034 ut
158 1991 257 2047 mors,
267 1981 299 2035 et
314 1973 438 2036 utfinis
454 1974 527 2037 vitae
541 1973 706 2056 presentis
721 1992 757 2035 ac
773 1992 857 2056 quae-
913 1969 1086 2051 ignoratur,
1094 1989 1222 2053 semper
1236 1972 1401 2054 proximus
1416 1991 1485 2036 esse
1500 1974 1658 2048 credatur,

105 2071 180 2132 dam
201 2071 388 2134 acutissima
407 2089 511 2154 poeua,
529 2071 695 2134 sedetiam
715 2078 751 2133 ut
768 2079 858 2152 porta

105 2169 145 2231 ad
161 2169 259 2232 aliam
274 2171 371 2232 vitam
387 2178 587 2253 perpetuam,
601 2169 669 2233 sive
685 2169 717 2231 iu
733 2187 859 2232 summa

107 2267 250 2341 miseria,
266 2266 382 2330 sivein
400 2267 501 2348 gloria
520 2268 668 2342 maxima,
685 2275 716 2329 et
732 2267 807 2330 item
823 2273 858 2328 ut

106 2364 242 2446 quidam
263 2366 424 2446 ingressus
443 2367 482 2428 ad
497 2366 677 2428 districtum
697 2384 734 2428 ac
750 2383 859 2448 super·

106 2464 411 2527 metuendissimum
433 2465 490 2527 Dei
510 2465 679 2545 judicium.
696 2464 776 2527 Hinc
796 2464 859 2526 flu·

105 2563 257 2644 gustinus
280 2562 389 2624 etalii
415 2562 509 2625 multi
531 2562 637 2626 Sancti
662 2562 826 2625 affirmant
849 2581 856 2624 :

106 2661 197 2724 Nihil
223 2661 269 2723 sic
294 2669 422 2724 revocat
442 2680 461 2724 a
484 2669 625 2744 peccato,
650 2669 685 2724 ut
706 2659 858 2741 frequens

106 2761 222 2824 mortis
244 2759 417 2823 meditatio.

148 2859 190 2921 Et
212 2859 327 2922 merito
348 2859 569 2941 unusquisque
589 2858 675 2920 diem
697 2857 858 2920 ethoram

106 2979 176 3022 suae
192 2958 304 3021 mortis
320 2975 530 3041 expavescere
544 2957 648 3020 debet.
659 2957 860 3038 Primoque·

106 3156 316 3240 potissimum
343 3173 419 3219 vero
440 3156 564 3236 ignorat
586 3173 627 3217 an
648 3162 726 3216 tuuc
751 3170 859 3217 amore

104 3276 147 3319 au
171 3255 247 3318 odio
267 3254 382 3336 dignus
403 3254 593 3318 invenietur.
612 3253 767 3328 Secundo,
784 3252 860 3334 quia

105 3355 140 3417 in
175 3354 255 3416 bora
286 3353 408 3426 mortis,
439 3352 585 3416 homines
613 3371 632 3415 a
660 3350 859 3415 demonibus

105 3459 275 3516 tentantur
288 3451 484 3534 gravissime.
497 3451 612 3526 Tertio,
622 3451 772 3532 quoniam
788 3455 860 3532 post

104 3559 248 3616 mortem
268 3568 332 3614 nou
351 3557 400 3612 est
418 3549 614 3632 poenitentiae
634 3548 733 3623 loeus,
750 3549 806 3610 sed
825 3548 859 3610 in

105 3651 198 3733 quali
226 3650 342 3712 mentis
366 3647 587 3731 dispositione,
612 3646 763 3710 videlicet
787 3664 859 3709 cou-

104 3749 259 3812 versionc
283 3767 340 3810 seu
363 3747 539 3821 aversione,
560 3746 633 3828 quis
658 3745 803 3817 moritur,
825 3745 859 3806 in

104 3869 146 3912 ea
167 3847 361 3912 aetomaliter
379 3853 427 3908 est
448 3864 626 3908 mansurus.
643 3844 860 3908 vehementis-

105 3948 193 4010 sime
216 3964 292 4027 ergo
314 3944 485 4008 formidare
506 3943 661 4006 debemus
683 3962 723 4004 ne
745 3951 860 4005 tuuca

104 4047 175 4109 Deo
191 4062 373 4106 mereamur
388 4042 547 4124 relinqui:
566 4042 636 4105 idco
652 4041 780 4105 interim
796 4040 860 4103 lau-

104 4144 262 4208 dabiliter
281 4141 461 4206 conversari
481 4159 545 4204 uon
565 4141 764 4216 differamus,
785 4140 860 4223 quia

913 2077 944 2132 et
958 2076 1045 2132 tauto
1060 2070 1281 2152 unusquisque
1297 2071 1339 2134 sit
1352 2071 1524 2135 ferventior
1538 2071 1571 2134 in
1587 2089 1660 2154 ope-

913 2169 1046 2242 ratione,
1063 2176 1181 2250 quanto
1201 2169 1352 2234 incertior
1367 2177 1415 2233 est
1429 2171 1469 2234 de
1488 2189 1554 2234 suae
1569 2188 1660 2234 voca-

913 2267 1009 2330 tionis
1034 2267 1111 2329 bora
1132 2286 1168 2330 ac
1187 2268 1248 2330 die.
1270 2269 1350 2331 ldors
1370 2287 1445 2350 ergo
1468 2269 1508 2332 sit
1533 2287 1661 2352 semper

913 2373 1070 2448 suspecta,
1088 2372 1124 2428 ut
1138 2366 1215 2428 dum
1234 2385 1305 2430 eam
1324 2369 1492 2450 providere
1507 2387 1571 2431 nou
1591 2385 1661 2451 pos-

913 2483 1036 2538 sumus,
1055 2464 1094 2526 ad
1120 2464 1222 2547 ipsam
1247 2466 1316 2529 sine
1341 2466 1579 2530 intermissione
1602 2484 1660 2530 nos

913 2563 1383 2645 preparemus.lnsuper,omni
1397 2583 1530 2629 excussa
1544 2565 1660 2628 mentis

914 2659 1225 2743 ignavia,·quidquid
1243 2661 1319 2724 boui
1337 2663 1491 2738 valemus,
1514 2663 1659 2744 infatiga-

914 2758 1021 2821 biliter
1036 2777 1072 2820 ac
1088 2758 1311 2822 ardentissime
1330 2759 1363 2822 in
1378 2779 1453 2822 vera
1468 2761 1660 2823 discretione

913 2877 1054 2939 agamus,
1064 2875 1127 2922 nou
1144 2859 1247 2922 solum
1263 2867 1393 2941 propter
1408 2861 1571 2924 evadenda
1585 2881 1663 2944 prae·

913 2964 995 3019 tacta
1010 2957 1162 3040 pericula,
1170 2958 1224 3020 sed
1240 2958 1312 3021 ideo
1327 2961 1547 3042 quoque,quia
1563 2979 1661 3043 quum

10 3079 91 3130 ann.
106 3059 198 3120 niam
220 3057 322 3120 nescit
336 3077 376 3120 au
396 3075 503 3120 amore
523 3075 563 3119 an
578 3056 651 3119 odio
670 3057 785 3138 dignus
805 3055 857 3130 sit,
877 3054 899 3117 G
914 3055 1021 3119 brevis
1036 3056 1078 3118 sit
1092 3056 1157 3119 vita
1172 3075 1311 3140 praesens
1327 3065 1359 3120 et
1374 3075 1459 3121 mors
1473 3059 1592 3140 jugiter
1606 3079 1661 3142 ap·

915 3153 1117 3238 propinquet,
1143 3155 1249 3218 statim
1274 3163 1306 3218 et
1329 3156 1460 3219 indilate
1484 3165 1556 3240 post
1581 3176 1662 3221 mor-

915 3260 979 3316 tem
1003 3253 1174 3316 sortiemur
1197 3253 1375 3316 certissime
1404 3255 1661 3319 inestimabilem

914 3351 1002 3413 illam
1027 3351 1258 3414 beatitudiuem
1280 3353 1518 3435 sempiternam,
1534 3354 1561 3416 si
1584 3355 1663 3418 inte·

914 3450 976 3512 rim
996 3457 1103 3512 sancte
1123 3457 1154 3512 et
1173 3449 1335 3513 fructuose
1350 3451 1536 3528 vixerimus,
1553 3461 1584 3515 et
1604 3469 1661 3536 pro

915 3549 1108 3631 quotidianis
1130 3548 1234 3631 culpis
1254 3549 1397 3632 quotidie
1420 3551 1514 3632 plene
1538 3551 1661 3614 satisfe-

915 3647 1063 3710 cerimus.
1081 3649 1116 3710 ln
1132 3648 1202 3730 ipso
1218 3666 1345 3731 quoque
1359 3667 1470 3730 agone,
1483 3651 1538 3732 qui
1554 3659 1662 3714 sancte

915 3746 1044 3810 interim
1062 3746 1152 3820 vivit,
1174 3747 1316 3810 securior
1333 3747 1403 3822 erit,
1424 3755 1457 3810 et
1476 3751 1663 3813 consolatio-

914 3865 989 3908 nem
1011 3845 1149 3927 desuper
1169 3845 1327 3908 obtinebit
1348 3845 1512 3928 majorem.

954 3945 1122 4026 Deinceps,
1139 3945 1287 4027 quamvis
1306 3945 1403 4008 timor
1423 3947 1534 4010 mortis
1553 3948 1595 4010 sit
1609 3948 1663 4011 bo

915 4043 995 4104 mini
1018 4042 1182 4118 naturalis,
1199 4051 1306 4105 tamea
1328 4050 1365 4105 ut
1383 4042 1542 4108 Climacus
1565 4045 1662 4127 profi-

915 4148 1009 4214 tetur,
1031 4148 1150 4202 tremor
1172 4141 1294 4213 mortis,
1311 4141 1462 4204 videlicet
1483 4143 1608 4205 intensa
1631 4151 1663 4206 et

103 4252 144 4306 ut
166 4241 365 4322 Augustinus
390 4239 541 4322 loquitur,
562 4239 630 4302 Non
652 4246 756 4320 potest
777 4239 859 4302 male
875 4242 900 4304 D
915 4239 1124 4302 immoderata
1138 4238 1208 4320 ojus
1225 4239 1372 4314 formido,
1390 4247 1515 4303 estnon
1531 4243 1662 4304 actaede

104 4341 194 4405 mori
218 4340 275 4422 qui
297 4357 397 4422 usque
419 4339 458 4400 ad
481 4336 592 4400 mortis
612 4337 723 4399 horam
745 4337 861 4400 vixerit
914 4337 1148 4402 offensionibus
1164 4337 1359 4418 poenitentiae
1374 4340 1663 4419 argumentumUn·

103 4442 207 4515 bcne,
225 4447 257 4502 et
270 4438 352 4501 bene
367 4437 421 4500 vix
442 4437 576 4500 moritur
595 4437 650 4518 qui
671 4436 753 4498 male
768 4437 858 4498 vixit.
916 4437 955 4498 de
971 4442 1006 4498 ut
1020 4434 1132 4497 scribit
1148 4435 1359 4517 Hieronymus
1377 4455 1384 4499 :
1400 4435 1503 4510 Duum
1520 4436 1662 4500 beatissi-

103 4541 242 4614 Quarto,
259 4536 334 4618 quia
349 4543 420 4619 post
436 4543 570 4598 mortem
592 4551 664 4598 mox
680 4542 776 4597 restat
790 4553 861 4617 par·
917 4553 987 4597 mus
1017 4540 1107 4614 pater
1129 4532 1247 4594 liutius
1270 4533 1403 4596 vidisset
1426 4534 1597 4616 quemdam
1623 4555 1662 4599 ex

103 4639 249 4702 ticulare
267 4635 425 4718 judicium
445 4633 611 4697 morientis
626 4634 806 4696 districtum
825 4653 861 4697 ac

104 4736 334 4802 metuendum.
361 4734 487 4809 Quinto,
513 4731 714 4815 quicquum
739 4729 862 4816 paucisss

102 4835 187 4900 simi
211 4833 349 4907 evolent,
371 4832 411 4894 ad
437 4832 544 4895 miuus
568 4831 742 4914 purgatorii
768 4850 862 4914 poena

102 4943 184 5020 post
205 4939 342 4996 mortem
363 4931 460 4994 etiam
484 4929 577 4993 bonis
600 4949 682 5011 peue
704 4929 862 4993 universis

102 5033 232 5098 adultis
261 5030 429 5112 infligitur.
457 5029 530 5103 Quae
556 5047 650 5111 poena
674 5029 863 5091 mirabiliter

101 5141 161 5197 cst
184 5129 329 5204 molesta,
346 5135 378 5191 et
395 5145 525 5192 omnem
545 5145 641 5210 quam
660 5128 762 5189 sancti
782 5146 863 5190 mar-

102 5242 199 5316 tyres
223 5228 309 5312 pessi
328 5235 402 5290 sunt
426 5244 566 5310 poeuam,
588 5225 731 5306 excedit;
752 5233 863 5308 estque

101 5328 253 5396 amarior
282 5325 498 5392 indesinenter
522 5342 619 5408 quam
648 5341 742 5408 poeua
757 5344 863 5408 quam

916 4633 983 4694 suis
998 4631 1165 4713 discipulis
1186 4631 1219 4692 in
1236 4632 1387 4694 extremis
1407 4632 1615 4710 laborantem,
1632 4643 1664 4697 et

917 4738 1004 4794 metu
1035 4731 1146 4792 mortis
1175 4731 1315 4811 graviter
1344 4731 1482 4807 concuti,
1513 4733 1594 4795 dixit
1625 4733 1663 4797 ad

917 4849 991 4892 eum
1018 4848 1025 4892 :
1052 4828 1115 4890 Cur
1139 4829 1314 4911 imparatus
1339 4848 1384 4905 es,
1410 4830 1471 4905 fili,
1495 4832 1534 4894 ad
1558 4832 1663 4914 profe-

917 4929 1083 4993 ctioncmt
1107 4927 1304 5003 Accusatrix,
1324 4936 1366 4991 ut
1395 4929 1499 5003 video,
1530 4931 1664 5011 ignavie

917 5037 990 5102 tuae,
1007 5034 1115 5090 tecum
1135 5027 1239 5108 pergit
1255 5027 1450 5090 couscientia
1463 5037 1529 5091 tua.
1546 5029 1664 5104 Quum-

917 5147 979 5211 que
1004 5127 1033 5190 S.
1055 5127 1189 5189 llutium
1215 5135 1338 5207 rogaret
1362 5127 1550 5210 discipulus
1569 5127 1664 5191 Obse-

918 5245 983 5300 cro,
999 5226 1100 5300 Pater,
1117 5225 1279 5287 intercede
1296 5242 1355 5308 pro
1372 5245 1434 5300 me,
1450 5233 1486 5288 ut
1501 5227 1664 5290 modicum

919 5323 1073 5408 temporis
1102 5323 1241 5406 spatium
1264 5323 1418 5387 Dominus
1447 5323 1528 5388 mihi
1556 5325 1665 5408 largiri
