4192 6258
8 2290 42 2320 Μ’.
49 2291 108 2326 Ulli.

476 515 623 564 boumtoa
644 517 719 564 xvnt
740 519 814 566 POST
833 519 1026 568 rammam.
1047 541 1087 551 ··
1107 523 1206 573 SERHO
1225 527 1350 575 TERTIUS

1629 515 1690 581 did

131 685 221 766 quod
243 685 434 768 quintuplex
454 687 585 769 ponitur
603 705 694 752 amor
711 706 718 751 :
735 697 783 751 est
800 690 886 752 enim
903 691 928 754 Α
944 691 1103 773 spirituali
1121 713 1229 758 amore
1244 697 1434 760 condiantur
1448 715 1484 762 ac
1499 699 1688 776 formentur,

130 800 225 846 amor
240 785 406 859 naturalis,
423 785 562 860 socialis,
579 787 808 862 mercenarius,
825 807 889 852 car·

130 881 217 944 nolis
236 891 268 945 et
288 882 473 966 spiritualis.
491 884 601 947 Omnis
622 894 728 948 autem
748 903 837 949 arnor
853 886 885 949 in

130 981 272 1060 quadam
304 981 515 1044 similitudine
540 990 571 1045 et
595 983 885 1048 communicatione

131 1077 231 1140 unius
247 1097 321 1142 euru
338 1079 400 1144 alio
420 1078 548 1142 fundari
564 1081 700 1144 videtur.
717 1080 814 1144 Amor
829 1082 885 1145 ita-

129 1193 197 1258 que
220 1177 385 1253 naturalis,
402 1185 450 1241 est
473 1177 604 1241 affectio
625 1178 724 1241 animi
746 1197 809 1261 qua
830 1196 883 1243 eos

129 1273 189 1355 qui
211 1274 304 1338 nobis
325 1275 358 1338 iu
379 1283 491 1339 natura
509 1283 565 1338 aut
583 1276 783 1339 naturalibus
800 1295 884 1341 com-

130 1373 301 1436 municant
315 1393 372 1437 seu
388 1374 562 1457 propinqui
578 1383 664 1450 sunt,
680 1375 730 1438 vel
746 1375 779 1439 in
795 1385 883 1440 natu·

128 1470 255 1534 ralibus
275 1472 366 1536 donis
391 1473 619 1536 eminentiores
637 1473 797 1549 videntur,
814 1475 884 1538 dili-

127 1567 249 1649 gimus,
257 1579 292 1632 ut
307 1579 453 1653 parentes
468 1590 505 1634 ac
520 1570 662 1635 sobolem
679 1579 711 1634 et
723 1581 881 1654 cognatos,

127 1685 186 1730 eos
212 1687 340 1752 quoque
365 1671 419 1752 qui
445 1670 589 1752 ejusdem
615 1670 784 1733 nobiscum
809 1679 883 1735 sunt

128 1768 376 1849 complexionis,
393 1777 425 1831 et
439 1770 494 1851 qui
516 1769 548 1831 in
564 1769 764 1832 naturalibus
781 1772 881 1852 magis

941 797 1031 852 actus
1055 809 1165 854 eorum
1191 794 1347 858 meritorii
1371 794 1464 860 fiunt.
1484 797 1691 872 Quemadmo

941 887 1017 949 dum
1042 889 1129 952 enim
1154 910 1246 954 amor
1267 893 1420 957 naturalis
1441 914 1478 959 ac
1500 896 1626 960 socialis
1652 897 1691 960 fit

940 983 1079 1048 faciliter
1102 1006 1139 1050 ac
1164 988 1349 1073 frequenter
1373 995 1497 1058 occasio
1522 1002 1552 1058 et
1579 995 1690 1058 incita·

941 1091 1085 1147 mentum
1102 1088 1239 1151 carnalis
1259 1089 1377 1153 amoris
1394 1110 1430 1154 ac
1447 1093 1609 1170 vitiorum,
1626 1094 1689 1158 nisi

940 1183 1114 1263 prudenter
1143 1194 1270 1267 regatur
1297 1187 1384 1269 (nam
1417 1209 1499 1254 unus
1528 1192 1688 1256 sociorum

938 1280 1064 1344 trahere
1080 1283 1160 1346 solet
1179 1284 1278 1347 alium
1299 1286 1337 1348 ad
1358 1305 1454 1370 opera
1469 1307 1546 1371 sua3
1561 1297 1593 1352 et
1608 1291 1635 1353 si
1654 1309 1688 1354 se

938 1375 1077 1440 invicem
1095 1378 1221 1442 incaute
1240 1388 1370 1463 tangant
1387 1390 1442 1446 aut
1461 1392 1606 1462 tractent,
1623 1404 1688 1450 car·

938 1475 1019 1538 nalis
1041 1476 1172 1542 allectio
1190 1481 1392 1562 generatur);
1408 1483 1454 1546 sic
1477 1485 1613 1566 quilibet
1630 1485 1685 1550 ho·

938 1591 1007 1634 rum
1020 1591 1160 1638 amorum
1176 1577 1203 1639 si
1218 1578 1379 1660 sapienter
1393 1589 1527 1662 regatur,
1534 1582 1574 1646 fit
1588 1584 1683 1660 utilis,

937 1678 969 1733 et
984 1672 1182 1754 spiritualem
1200 1675 1404 1741 dilectionem
1420 1680 1512 1743 valde
1526 1683 1683 1757 accendit,

937 1768 1024 1832 fovet
1037 1790 1073 1834 ac
1089 1773 1204 1853 agilem
1222 1774 1308 1850 facit,
1325 1777 1401 1840 dum
1418 1779 1541 1842 scilicet
1561 1780 1684 1843 caritati

127 1873 206 1928 sunt
220 1867 361 1948 gratiosi.
378 1868 473 1931 Porro
488 1885 578 1930 amor
593 1867 731 1942 socialis,
744 1877 791 1932 ast
804 1869 882 1933 affe
898 1867 922 1932 B
937 1866 1119 1950 subjicitur,
1135 1877 1167 1933 et
1181 1889 1218 1934 ea
1234 1871 1388 1937 formatur
1402 1893 1439 1938 ac
1454 1877 1583 1958 regitur.
1596 1879 1684 1941 Unde

127 1964 195 2026 ctio
219 1983 283 2048 qua
307 1982 361 2029 eos
387 1985 460 2028 cum
478 1966 607 2049 ‚quibus
631 1965 820 2030 familiarius
844 1986 881 2031 ae

125 2061 332 2145 frequentius
367 2082 604 2138 conversamur,
638 2064 813 2146 diligimus,
846 2074 882 2128 ut

126 2159 279 2243 collegas.
293 2163 381 2226 Unde
398 2163 430 2226 in
445 2161 624 2226 Proverbiis
640 2162 794 2245 scriptum
811 2171 878 2227 est:

125 2259 185 2320 Vir
210 2260 389 2324 amicabilis
413 2262 452 2324 ad
477 2261 673 2334 societatem,
695 2261 795 2343 magis
820 2263 880 2326 erit

125 2358 253 2422 amicus
277 2377 373 2441 quam
398 2359 504 2422 frater.
530 2359 627 2422 Amor
650 2361 878 2436 mercenarius,

125 2465 176 2519 est
192 2456 401 2540 affectioque
419 2457 541 2540 aliquid
556 2476 701 2520 amamus
719 2477 774 2520 seu
791 2459 879 2542 cupi·

125 2573 213 2630 mus,
230 2572 293 2619 non
311 2564 442 2639 propter
457 2556 660 2620 commodum
676 2556 757 2638 ejus,
774 2549 878 2620 sedin

123 2661 284 2736 quantum
311 2663 360 2718 est
384 2654 462 2718 utile
486 2654 590 2729 nobis,
607 2655 691 2717 sicut
714 2654 878 2736 diligimus

122 2761 262 2828 vestem,
289 2753 471 2835 pecuniam,
493 2753 596 2816 bruta.
623 2754 713 2816 Hunc
735 2771 876 2818 amorem

122 2852 259 2933 quidam
289 2851 452 2935 appellant
480 2869 621 2914 amorem
651 2854 878 2942 concupisqen·

122 2950 189 3024 tiae,
211 2949 267 3032 qui
292 2949 499 3032 distinguitur
521 2949 562 3012 ab
585 2968 693 3014 amore
717 2951 875 3028 amicitie,

937 1965 1082 2030 homines
1106 1969 1288 2050 spirituales
1308 1973 1363 2054 qui
1385 1973 1481 2037 etiam
1505 1976 1683 2040 naturalem

935 2071 989 2126 aut
1009 2065 1158 2130 socialem
1179 2069 1217 2130 ad
1236 2069 1374 2132 invicem
1393 2071 1511 2136 habent
1529 2092 1682 2150 amorem,

935 2163 1026 2226 valde
1042 2164 1251 2246 spiritualiter
1265 2177 1372 2230 amant
1388 2189 1421 2232 se
1437 2179 1559 2246 mutuo,
1576 2181 1608 2235 et
1622 2172 1683 2236 fer·

935 2269 1047 2324 venter
1070 2271 1162 2326 orant
1186 2283 1244 2347 pro
1268 2266 1418 2342 invicem,
1445 2277 1477 2331 et
1501 2269 1683 2353 obsequiosi

935 2368 1009 2422 sunt
1030 2360 1138 2437 simul,
1161 2371 1256 2446 atque
1278 2365 1316 2426 ad
1339 2373 1484 2430 mutuam
1507 2371 1684 2432 communi-

934 2459 1092 2522 sationem
1116 2468 1148 2523 et
1170 2461 1414 2526 subventionem
1437 2467 1679 2549 promptissimi.

933 2556 1055 2621 Praefati
1072 2578 1146 2641 ergo
1161 2561 1194 2622 hi
1210 2563 1274 2625 duo
1292 2581 1417 2626 amores
1432 2566 1594 2648 sapienter
1608 2571 1682 2629 sunt

933 2673 969 2716 ac
985 2656 1120 2720 sollicite
1138 2659 1349 2740 gubernandi,
1367 2679 1406 2724 ne
1425 2672 1579 2743 generent
1599 2683 1681 2727 mor-

934 2759 1010 2828 tem,
1027 2756 1082 2818 sed
1103 2765 1240 2838 augeant
1261 2759 1435 2822 caritatem.

972 2853 1124 2918 Praeterea
1152 2874 1242 2920 amor
1271 2859 1487 2922 mercenarius
1516 2861 1624 2936 etiam,
1649 2861 1682 2923 in

934 2968 968 3012 se
982 2958 1114 3014 vocatur
1137 2952 1327 3017 indifferens
1345 2973 1352 3017 :
1369 2975 1443 3018 nam
1465 2958 1622 3021 exteriora
1646 2977 1682 3021 ac

120 3065 190 3130 quo
205 3047 327 3130 aliquid
347 3067 492 3112 amamus
512 3056 642 3132 propter
661 3048 781 3112 bonum
801 3049 878 3132 ipsi·
896 3050 917 3115 C
934 3050 1117 3132 temporalia
1132 3051 1264 3133 diligere
1279 3071 1447 3136 possumus
1463 3063 1591 3138 pmpter
1605 3075 1686 3120 com·

120 3165 172 3220 us,
192 3146 343 3210 videlicet
357 3147 540 3229 proximum
560 3155 595 3209 ut
614 3146 762 3210 salvetur.
780 3148 876 3211 Amor

120 3246 262 3310 carnalis
277 3254 336 3321 est,
353 3264 418 3329 quo
432 3247 553 3330 aliquid
570 3254 700 3330 propter
714 3247 874 3311 carnalem

119 3343 380 3419 delectationem,
401 3344 452 3407 vel
472 3344 515 3408 ob
536 3362 573 3408 ea
595 3365 665 3428 qua
687 3346 726 3408 ad
746 3365 874 3410 earnem

119 3450 278 3525 spectant,
294 3451 428 3506 amatur.
439 3443 536 3506 Amor
551 3443 726 3526 spiritualis
741 3453 799 3520 est,
811 3463 875 3528 quo

119 3541 226 3604 Deum
248 3547 379 3624 propter
400 3559 435 3604 so
457 3541 624 3624 ipsamet
643 3541 874 3607 intellectuales

117 3646 285 3702 creaturas
310 3639 474 3703 felicitatis
503 3658 635 3722 capaces
658 3640 690 3702 in
714 3640 779 3704 llco
802 3641 873 3704 dili-

116 3739 239 3820 gimus.

161 3837 321 3920 Deinceps
345 3837 489 3900 omnium
512 3837 626 3901 horum
646 3855 803 3913 amorum,
824 3857 872 3902 so-

115 3935 171 3998 lus
198 3935 375 4018 spiritualis
400 3952 489 3998 amor
514 3935 650 4010 infusus,
677 3937 732 4019 qui
759 3938 873 4000 caritas

114 4041 338 4118 nuncupatur,
357 4033 538 4108 laudabilis,
558 4033 720 4098 virtuosus
745 4037 872 4100 merito·

113 4133 255 4215 riusque
277 4139 435 4206 censetur,
453 4132 527 4214 quia
549 4151 606 4214 per
627 4151 701 4196 eum
724 4134 789 4197 Deo
808 4135 873 4216 pla·

934 3149 1027 3211 moda
1042 3157 1159 3225 nostra,
1176 3170 1276 3233 quum
1292 3160 1324 3214 et
1338 3161 1468 3235 propter
1483 3171 1540 3216 nos
1556 3156 1685 3219 credan-

931 3253 984 3308 tur
1012 3256 1125 3311 creata.
1157 3249 1218 3312 Sed
1246 3267 1335 3313 amor
1362 3251 1548 3332 hujusmodi
1578 3261 1682 3335 potest

931 3344 945 3407 f
947 3345 1002 3408 ieri
1019 3347 1212 3422 excessivus,
1230 3348 1256 3410 si
1272 3349 1401 3432 propria
1417 3351 1582 3414 commoda
1597 3371 1681 3435 qua·

930 3462 1037 3507 ramus
1067 3445 1261 3527 inordinate;
1284 3455 1316 3510 et
1340 3448 1417 3512 item
1446 3449 1625 3524 laudabilis,
1651 3451 1678 3514 si

931 3544 1097 3606 commoda
1113 3552 1219 3606 nostra
1240 3544 1416 3608 referamus
1435 3547 1475 3610 ad
1491 3547 1625 3629 gratiam
1641 3565 1679 3610 ao

930 3639 1077 3717 salutern,
1094 3649 1125 3704 et
1140 3642 1196 3704 liei
1213 3643 1366 3708 honorem
1385 3661 1391 3706 :
1408 3653 1444 3707 ut
1463 3645 1491 3707 si
1506 3646 1679 3726 diligamus

930 3737 1051 3814 eibum,
1075 3747 1198 3822 potum,
1221 3748 1355 3818 vestem,
1382 3742 1551 3825 pecuniam
1575 3751 1608 3807 et
1630 3745 1680 3825 ju·

930 3845 1048 3912 menta,
1065 3839 1098 3901 in
1118 3846 1273 3921 quantum
1295 3839 1388 3903 nobis
1411 3831 1589 3904 necessaria
1611 3843 1679 3906 sive

929 3935 1020 3997 utilia
1049 3939 1186 4000 suntad
1210 3938 1382 4001 vivendum
1413 3958 1449 4002 ac
1474 3939 1679 4003 serviendum

928 4034 1064 4097 Domino
1088 4035 1162 4098 Deo.
1185 4036 1301 4099 Servus
1323 4055 1451 4120 quoque
1473 4045 1558 4100 amat
1577 4037 1678 4101 domi·

928 4151 1005 4194 uum
1026 4151 1132 4208 suum,
1149 4141 1181 4195 et
1195 4133 1343 4197 dominus
1360 4153 1499 4209 servum,
1517 4153 1677 4200 mercena-

114 4249 243 4296 cemus.
269 4231 366 4294 Amor
388 4247 465 4294 vcro
488 4231 623 4294 earnalis
650 4231 871 4315 vituperabilis
886 4231 912 4295 D
928 4231 975 4293 rio
999 4231 1059 4294 hoc
1082 4250 1190 4295 amore
1214 4250 1220 4294 :
1242 4233 1391 4296 dominus
1414 4252 1552 4316 namque
1571 4234 1676 4316 diligit

113 4337 178 4404 est,
205 4329 310 4394 fredus
335 4337 367 4392 et
390 4329 633 4408 demeritorius3
658 4337 764 4394 tamen
789 4331 873 4396 inter

112 4428 306 4510 conjugatos
321 4427 555 4511 quodammodo
572 4428 751 4491 admittitur
768 4437 801 4492 et
818 4448 871 4493 en-

111 4534 261 4602 cusatur,
271 4526 347 4609 quia
361 4526 497 4589 carnalis
511 4525 659 4609 voluptas
674 4526 706 4588 in
719 4535 792 4591 actu
807 4547 870 4592 ma-

111 4625 295 4690 trimoniali
312 4645 369 4708 per
383 4625 444 4689 tria
464 4625 547 4689 bona
563 4627 758 4690 matrimonii
773 4627 870 4692 bone-

109 4731 266 4796 statuuat
280 4742 298 4786 a
313 4725 406 4807 culpa
421 4723 567 4787 immunis
582 4723 652 4787 fieri
668 4725 867 4808 perhibetur:

110 4821 232 4904 sicque
263 4839 321 4905 per
350 4821 575 4904 hujuscemodi
605 4821 802 4906 voluptatem
835 4845 869 4888 se

109 4930 256 5008 possunt
273 4922 417 5004 diligere,
434 4921 602 4986 referendo
620 4929 728 4986 tamen
746 4924 785 4986 ad
805 4925 869 5008 spi-

110 5022 234 5087 rituale
249 5021 371 5085 bonum
388 5021 543 5086 eamdem.
561 5022 656 5085 Porro
674 5039 763 5085 amor
778 5031 868 5086 natu-

109 5121 195 5185 ralis
219 5138 256 5184 ac
280 5120 406 5184 socialis
432 5127 506 5184 suut
534 5119 767 5196 indifferentes,
793 5123 869 5204 quia

108 5237 177 5283 nec
193 5217 272 5282 boni
291 5236 351 5282 nee
366 5217 442 5282 mali
462 5218 642 5299 moraliter3
659 5219 715 5282 sed
730 5220 756 5283 si
771 5221 810 5282 ad
830 5220 868 5282 fi-

107 5337 193 5382 nem
213 5315 407 5382 laudabilem
422 5336 459 5380 ac
477 5317 612 5380 salutem
629 5317 817 5394 referantur,
834 5326 866 5382 et

242 5451 274 5504 T.
293 5451 332 5504 30.

927 4348 1056 4393 servum
1077 4337 1207 4412 propter
1223 4331 1425 4413 obsequium,
1442 4339 1474 4393 et
1489 4350 1600 4395 servus
1620 4332 1674 4398 do-

928 4427 1051 4491 minum
1074 4436 1204 4511 propter
1228 4429 1365 4504 lucrum,
1382 4428 1541 4511 loquendo
1562 4429 1601 4494 de
1625 4431 1673 4495 eis

927 4533 962 4588 ut
990 4535 1064 4590 sunt
1092 4546 1203 4590 servus
1233 4535 1264 4590 et
1293 4528 1470 4609 dominus;
1496 4548 1608 4594 verum
1638 4530 1672 4595 in

926 4634 1081 4708 quantum
1104 4626 1344 4690 sunt'bomines
1363 4627 1540 4704 christiani,
1556 4629 1674 4694 debent

926 4725 1120 4788 seinvicem
1142 4725 1300 4808 spirituali
1322 4744 1429 4790 amore
1449 4727 1591 4810 diligere.

964 4825 1098 4907 lnsupcr
1123 4824 1221 4907 quari
1251 4833 1431 4907 potest,·an
1461 4826 1554 4890 liceat
1582 4827 1674 4892 nobis

925 4923 1122 4986 mercenario
1137 4941 1245 4986 amore
1265 4923 1398 5005 diligere
1412 4924 1523 4988 Deum.
1541 4926 1674 4989 Videtur

924 5022 1008 5104 quod
1024 5021 1100 5096 imo,
1116 5023 1192 5105 quia
1207 5040 1377 5106 possumus
1392 5031 1423 5087 et
1438 5031 1585 5088 tenemur
1599 5043 1672 5089 eum

923 5119 1055 5201 diligere
1078 5128 1209 5204 propter
1232 5121 1391 5185 beneficia
1415 5121 1496 5203 ejus,
1522 5122 1671 5186 videlieet

923 5219 998 5301 quia
1012 5219 1101 5282 utilis
1115 5226 1147 5282 et
1162 5221 1360 5283 necessarius
1375 5221 1468 5283 nobis
1485 5228 1542 5284 est.
1559 5222 1669 5284 Possu-

923 5336 995 5380 mus
1010 5335 1137 5399 quoque
1155 5318 1220 5380 ileo
1238 5317 1357 5382 servire
1377 5325 1508 5400 propter
1526 5326 1667 5383 nostram

1511 5454 1541 5505 ³3
