4206 6258
444 459 505 524 608
789 478 936 526 eomrvrca
957 479 1033 524 xxm
1054 478 1127 525 rosr
1148 477 1341 526 rerurrrrrrr.
1361 495 1402 508 -
1421 480 1521 528 smum
1540 481 1650 529 rmum

445 652 519 711 ratl
544 648 625 722 Quid
651 649 757 733 itaque
782 651 901 713 mirum
926 651 952 714 si
977 649 1131 713 laicorum
1155 667 1192 712 ac
1208 649 1233 713 A
1248 651 1389 732 procella
1423 653 1627 716 tenebrarum
1662 660 1847 717 conservata
1876 655 1972 716 estin

444 747 626 828 vulgarium
640 749 808 812 homiuum
823 750 937 812 vitiosa
952 750 993 812 sit
1007 748 1092 812 vital
1106 749 1193 811 Istud
1248 755 1412 812 eternum.
1439 751 1591 814 Praeterea
1614 752 1727 814 horum
1752 769 1882 833 corpora
1903 751 1973 814 Chri·

445 844 675 927 deplorandum
697 855 745 910 est
771 848 871 930 magis
891 867 987 930 quam
1011 847 1192 910 describen-
1248 854 1316 909 stus
1336 847 1369 910 in
1389 849 1440 911 die
1458 848 1572 930 judicii
1591 849 1718 932 corpori
1739 866 1797 911 suo
1817 849 1973 912 clarissimo

445 943 533 1018 dum,
550 951 582 1006 et
597 944 791 1009 incessanter
811 965 846 1009 ac
865 946 1086 1010 ardentissime
1107 945 1194 1008 inve
1248 963 1312 1009 uon
1330 946 1552 1029 configurabit,
1568 948 1624 1011 sed
1642 955 1737 1010 erunt
1755 965 1866 1011 eorum
1884 965 1974 1030 corpe

444 1043 564 1105 candus
587 1050 636 1107 est
657 1045 751 1120 Deus,
768 1053 804 1107 ut
826 1045 1000 1108 Ecclesiam
1022 1062 1113 1107 suam
1136 1043 1194 1105 mi·
1248 1061 1283 1106 ra
1297 1045 1476 1120 tenebrosa,
1492 1046 1668 1129 passibilia,
1684 1045 1883 1128 grossissima
1895 1055 1973 1128 atque

443 1141 694 1206 sericordissime
709 1150 741 1206 et
755 1143 997 1226 superpiissime
1016 1141 1191 1224 adspicere,
1246 1143 1445 1223 gravissima,
1453 1145 1616 1226 magisque
1631 1144 1716 1208 loeda
1729 1163 1766 1206 ac
1780 1144 1885 1226 turpia
1896 1165 1974 1226 quan

442 1239 581 1315 visitare,
588 1241 758 1304 reformare
773 1240 920 1323 dignetur
935 1241 967 1303 in
984 1241 1070 1304 omni
1083 1241 1191 1322 gradu,
1248 1241 1325 1302 dum
1344 1258 1403 1323 pro
1423 1243 1527 1305 media
1546 1250 1635 1324 parte
1651 1241 1785 1304 fuerunt
1798 1261 1817 1305 a
1832 1241 1972 1304 vermibus

443 1345 537 1412 statu,
564 1338 745 1402 conditione
769 1346 801 1402 et
824 1340 944 1402 ordine.
966 1339 1191 1401 Verumtamen
1249 1338 1282 1400 in
1303 1339 1459 1421 sepulcris
1481 1358 1616 1404 corrosa.
1635 1340 1695 1404 Sed
1716 1339 1926 1403 abstineamus
1941 1341 1972 1402 ah

443 1444 562 1518 quanto
575 1438 642 1519 jam
658 1438 758 1520 magis
772 1439 913 1502 abundat
928 1439 1088 1521 iniquitas,
1096 1456 1193 1520 quan·
1248 1437 1407 1500 universis
1430 1437 1518 1501 vitiis
1543 1439 1623 1512 istis,
1645 1446 1679 1502 et
1700 1438 1864 1502 sobrietati
1883 1457 1914 1500 ac
1934 1457 1974 1501 ca·

443 1541 475 1597 to
499 1536 608 1619 plures
631 1544 664 1600 et
687 1537 891 1601 sublimiores
921 1545 996 1599 suut
1025 1538 1082 1618 qui
1112 1534 1192 1598 alios
1248 1536 1357 1612 stitati,
1374 1537 1487 1600 ceteris
1510 1555 1638 1620 quoque
1660 1537 1835 1600 virtutihus
1858 1537 1973 1600 viriliter

442 1635 663 1712 scandalizant,
671 1643 790 1718 quanto
805 1635 1103 1698 innumerabiliores
1119 1640 1192 1696 sunt
1247 1635 1440 1698 studeamus.
1458 1635 1701 1699 Consideremus
1726 1656 1825 1718 quam
1849 1636 1922 1698 nihil
1940 1637 1973 1698 sit

443 1733 496 1816 qui
510 1734 663 1816 peccandi
680 1734 823 1816 prebent
836 1734 1083 1808 audaciam,imo
1097 1752 1193 1815 quan·
1247 1733 1320 1798 vitm
1342 1733 1438 1816 hujus
1457 1735 1581 1798 duratio
1602 1737 1843 1817 comparatione
1859 1735 1973 1798 duratio

442 1839 475 1895 to
500 1833 534 1894 in
558 1833 804 1916 presidentibus
832 1833 974 1915 aliosque
1003 1832 1191 1896 docentibus
1209 1830 1297 1895 Bnis
1318 1839 1442 1897 aetemae
1464 1852 1536 1915 qum
1555 1833 1704 1896 imminet
1724 1833 1831 1909 nobis,
1846 1841 1876 1897 et
1894 1853 1973 1916 quan

443 1930 587 1995 vitiosior
601 1939 696 2014 atque
711 1931 867 1995 carnalior
882 1932 947 1995 vita
964 1938 1108 2014 apparet,
1124 1937 1191 1992 tan·
1247 1930 1539 1994 indubitantissime
1564 1932 1628 1996 cito
1652 1931 1845 1995 habebimus
1867 1933 1926 1996 sive
1947 1933 1973 1996 in

443 2037 476 2093 to
498 2030 570 2112 plus
596 2031 812 2094 necessarium
836 2038 885 2093 est
905 2029 1028 2094 homini
1051 2029 1191 2092 animam
1247 2049 1373 2092 summa
1387 2029 1540 2093 felicitate
1555 2039 1587 2093 et
1600 2031 1701 2112 gloria
1716 2031 1934 2106 aeternalisive
1947 2033 1973 2094 in

442 2147 533 2190 suam
558 2129 681 2192 salvare
704 2130 835 2204 volenti,
861 2128 960 2191 Deum
984 2129 1101 2192 habere
1126 2147 1191 2210 prae
1247 2147 1371 2191 summa
1393 2129 1521 2192 miseria
1541 2137 1573 2191 et
1593 2147 1699 2212 poena,
1719 2129 1809 2192 heu!
1833 2129 1972 2193 inlemali.

441 2228 556 2302 oculis,
582 2228 652 2309 ejus
681 2228 835 2290 auxilium
864 2227 982 2309 jugiter
1008 2227 1189 2309 implorare,
1247 2227 1280 2290 si
1298 2244 1362 2289 non
1378 2227 1527 2290 volumus
1548 2227 1756 2291 condemnari
1777 2246 1852 2290 cum
1870 2228 1972 2300 multis,

442 2326 542 2390 bonos
557 2327 732 2409 adspicere,
749 2333 906 2390 eteorum
925 2325 1016 2409 sequi
1033 2323 1188 2406 exempla.
1247 2325 1301 2388 sed
1327 2324 1440 2387 salvari
1464 2343 1537 2387 cum
1563 2326 1685 2408 paucis,
1707 2344 1772 2390 nou
1795 2327 1871 2389 vitia
1892 2327 1974 2408 pluri·

442 2425 551 2507 ltaque
567 2425 622 2507 qui
637 2426 701 2488 Deo
721 2425 846 2506 placere
861 2424 1030 2498 desiderat,
1047 2443 1065 2486 a
1081 2440 1190 2504 pravo·
1247 2441 1385 2496 morum,
1401 2423 1457 2486 sed
1472 2424 1605 2487 virtutes
1624 2432 1788 2487 sectemur
1807 2443 1972 2508 paucomm.

443 2541 514 2584 rum
540 2521 707 2585 hominum
737 2520 1033 2595 comessationibus,
1059 2521 1192 2603 potatio-
1246 2519 1315 2582 Non
1337 2521 1560 2603 permittamus
1582 2540 1639 2586 uos
1660 2523 1772 2586 seduci
1795 2525 1930 2606 apmvis
1950 2531 1975 2584 et
2079 2571 2080 2576 1

443 2620 550 2694 nibus,
573 2620 719 2696 luxuriis,
744 2619 839 2695 ludis,
863 2619 1120 2702 loquacitatibus,
1141 2637 1191 2681 su·
1247 2618 1439 2684 intimaretis
1468 2621 1665 2696 hominibus,
1690 2640 1732 2684 ne
1760 2641 1836 2685 curn
1865 2641 2080 2705 persar-imm

444 2719 575 2802 perbiis,
611 2719 826 2800 negligentiis,
860 2719 978 2782 acediis
1012 2717 1190 2800 ceterisque
1246 2719 1289 2780 sis
1314 2727 1545 2800 pervertamur,
1571 2722 1627 2784 sed
1653 2720 1718 2783 Deo
1743 2720 1869 2784 fortiter
1889 2721 1974 2784 adha-
2079 2717 2080 2750 ¹

444 2817 584 2901 peccatis
604 2836 637 2880 se
657 2817 827 2880 abstrahat.
1246 2834 1382 2880 reamus.

483 2917 637 3000 Denique,
659 2933 765 2980 nonne
786 2916 933 2980 homines
958 2915 1049 2998 impii
1072 2923 1103 2978 et
1125 2932 1190 2977 car·
1285 2915 1415 2998 Legitur
1439 2915 1472 2978 in
1499 2915 1624 2991 Genesi,
1649 2918 1917 2999 quemadmodum
1935 2917 1974 2980 lo
1985 2944 2062 2986 eam

443 3016 541 3090 uales,
563 3016 618 3098 qui
641 3036 698 3079 sua
719 3015 833 3078 vitiose
856 3013 1103 3096 scandalosaque
1126 3013 1191 3076 vita
1207 3018 1228 3081 C
1246 3014 1324 3096 seph
1348 3013 1438 3076 filius
1461 3015 1556 3078 Jacob
1580 3016 1780 3097 patriarchae,
1800 3036 1820 3079 a
1842 3015 1975 3079 iratribus

442 3132 505 3177 non
529 3114 673 3197 proprias
694 3121 817 3177 tantum
837 3113 971 3187 animas,
988 3114 1042 3176 sed
1063 3119 1094 3176 et
1115 3112 1191 3175 alio-
1246 3113 1313 3176 suis
1328 3114 1477 3177 venditus
1494 3113 1557 3176 luit
1571 3114 1711 3196 principi
1728 3115 1852 3182 militiae
1865 3116 1975 3178 Pharao
2078 3149 2079 3164 ,

442 3232 515 3277 rum
534 3213 695 3287 occidunt,
713 3220 841 3295 tamque
862 3212 977 3293 ingrati
1002 3219 1034 3273 et
1055 3211 1190 3274 rebelles
1245 3211 1306 3274 uis.
1323 3211 1361 3274 Et
1381 3220 1448 3276 erat
1469 3212 1501 3274 in
1522 3212 1617 3275 domo
1638 3231 1675 3274 ac
1694 3232 1795 3294 reguo
1813 3214 1974 3296 gentilium,

442 3320 527 3387 sunt,
545 3312 659 3374 merito
677 3310 801 3372 inimici
821 3310 925 3373 erucis
945 3309 1060 3373 Christi
1077 3328 1191 3373 vocan·
1246 3309 1302 3372 ubi
1324 3329 1384 3373 uec
1405 3310 1577 3392 vestigium
1600 3310 1661 3373 luit
1680 3311 1787 3374 cultus
1809 3313 1917 3387 divim,
1931 3312 1974 3374 sed

442 3415 515 3473 turl
531 3411 629 3491 Cujus
651 3409 844 3493 passionem,
869 3427 996 3472 crucem
1020 3415 1051 3472 et
1070 3408 1193 3490 sangui·
1247 3408 1429 3470 serviebant
1453 3408 1547 3472 idolis
1570 3409 1739 3474 universi:
1760 3417 1794 3472 et
1818 3417 1919 3474 tamen
1938 3409 1976 3472 lo

442 3528 517 3572 uem
538 3526 595 3592 pro
618 3507 719 3570 nihilo
739 3507 871 3580 ducunt,
888 3514 919 3568 et
935 3506 1076 3569 fructum
1094 3506 1193 3568 domi·
1247 3507 1326 3588 seph
1355 3506 1415 3570 soli
1444 3525 1519 3570 vero
1542 3506 1607 3570 Deo
1634 3506 1779 3582 servivit,
1805 3527 1864 3572 uec
1890 3508 1976 3590 potuit
2077 3507 2078 3514 ’

443 3609 524 3671 nicae
548 3607 706 3690 passionis
730 3606 763 3668 in
787 3624 821 3668 se
846 3605 924 3687 ipsis
948 3612 1074 3668 cassant
1096 3613 1191 3687 atque
1246 3623 1389 3686 unquam
1414 3604 1523 3668 seduci
1546 3604 1587 3667 ab
1612 3604 1687 3680 illis,
1713 3607 1863 3688 quamvis
1889 3607 1976 3668 adhuc

444 3707 478 3768 in
502 3705 573 3768 aliis
600 3725 607 3770 :
634 3705 710 3780 imo,
736 3703 913 3768 secundum
936 3703 1123 3785 Apostolum
1153 3704 1192 3766 ad
1247 3702 1502 3766 adolescentulus
1517 3710 1610 3766 esset.
1628 3703 1785 3785 Denique,
1802 3723 1900 3786 quum
1914 3720 2062 3786 prauam

297 3823 429 3874 astraea.
445 3804 603 3878 Hebraeos,
630 3803 682 3866 isti
711 3803 828 3866 Filium
850 3802 906 3865 Dei
936 3801 1135 3876 conculcant,
1161 3809 1194 3864 et
1248 3800 1370 3883 positus
1391 3800 1494 3864 lactus
1514 3809 1598 3864 esset
1616 3800 1713 3864 totius
1734 3802 1918 3866 substantie
1936 3802 1977 3864 do

445 3903 633 3985 sanguinem
662 3901 844 3965 testamenti
874 3900 1033 3983 pollutum
1059 3902 1191 3974 ducunt,
1248 3899 1329 3962 mini
1352 3899 1413 3974 sui,
1436 3906 1468 3962 et
1491 3899 1612 3963 divitiis
1635 3899 1826 3976 abundaret,
1849 3909 1976 3983 essetque
2076 3883 2077 3906 ³

444 4011 477 4068 et
507 4002 634 4086 spiritui
665 4003 773 4085 gratiae
802 4000 1029 4064 contumeliam
1058 3999 1190 4064 faciunt.
1247 3998 1484 4081 pulcherrimus
1513 3998 1653 4080 juvenis,
1683 4017 1764 4062 uxor
1792 4001 1912 4065 domini
1938 3998 1977 4061 sui

445 4103 468 4167 0
493 4121 590 4185 quam
614 4101 707 4164 multi
736 4106 810 4163 suut
835 4099 928 4162 modo
957 4099 1052 4162 ctiam
1078 4118 1117 4162 ex
1142 4099 1192 4162 his
1247 4097 1389 4178 quotidie
1419 4096 1573 4160 invitabat
1601 4104 1634 4159 et
1660 4097 1826 4162 alliciebat
1853 4119 1923 4162 eum
1946 4097 1976 4159 ad

445 4201 500 4283 qui
524 4200 664 4280 religiosi
687 4207 717 4261 et
739 4197 922 4280 spirituales
941 4197 1098 4271 videntur,
1116 4215 1192 4280 quo·
1207 4198 1232 4261 D
1248 4195 1512 4258 committendum
1532 4195 1725 4259 adulterium
1748 4215 1871 4272 secum,
1886 4199 1978 4262 dicens
2075 4241 2076 4248 ,

444 4317 516 4363 rum
539 4306 645 4361 tamen
667 4299 745 4360 deus
765 4303 876 4358 venter
896 4301 954 4370 est,
972 4295 1027 4378 qui
1045 4295 1127 4376 gulae
1149 4303 1193 4358 at·
1246 4294 1375 4357 adeum
1393 4311 1400 4356 :
1417 4293 1525 4357 Dormi
1542 4312 1677 4357 mecum.
1691 4295 1729 4357 Et
1744 4302 1854 4360 tamen
1869 4304 1977 4359 sauctus

444 4416 506 4480 que
523 4397 657 4461 luxurie
677 4394 928 4478 inquinamentis
949 4393 1119 4469 loedautur,
1136 4393 1193 4476 qui
1221 4393 1362 4475 ·Joseph
1391 4398 1456 4454 tam
1483 4392 1600 4473 justus,
1628 4400 1733 4456 castus
1762 4395 1977 4476 timoratusque

444 4505 572 4560 terrena
592 4504 624 4558 et
645 4493 784 4557 carnalia
808 4492 908 4574 magis
933 4511 1029 4576 quam
1051 4493 1193 4556 coelestia
1247 4491 1319 4566 fuit,
1352 4492 1437 4573 quod
1467 4509 1632 4575 nunquam
1665 4493 1828 4575 acquievit
1858 4493 1978 4557 domina

444 4613 482 4657 ac
497 4593 675 4677 spiritualia
689 4593 828 4676 sapiunt,
841 4597 959 4665 amant,
971 4590 1121 4672 cogitant,
1130 4609 1194 4654 am·
1247 4611 1323 4667 suae,
1340 4592 1395 4654 sed
1410 4591 1608 4655 castissimus
1621 4592 1712 4675 virgo
1727 4595 1979 4676 permansitque
2074 4599 2075 4622 ³

445 4693 640 4777 plectuntur,
648 4709 785 4775 quorum
799 4689 877 4753 linis
892 4689 953 4753 erit
968 4689 1133 4752 infernalis
1149 4691 1194 4753 in·
1248 4708 1349 4772 usque
1370 4688 1495 4771 aceepit
1518 4706 1659 4752 uxorem.
1674 4690 1810 4774 Insuper
1828 4711 1848 4756 a
1865 4691 1980 4756 domina

444 4792 557 4856 teritus
572 4790 794 4872 aeternalisque
810 4788 969 4851 cruciatus
986 4794 993 4849 l
1014 4788 1058 4851 De
1073 4788 1191 4872 quibus
1247 4807 1303 4852 sua
1316 4786 1486 4852 falsissime
1500 4795 1666 4852 accusatus
1681 4789 1764 4871 quod
1780 4790 1912 4855 voluerit
1924 4806 1981 4852 eam

317 4899 381 4945 lud·
395 4903 429 4955 ¹2.
443 4891 538 4956 Judaa
560 4890 632 4954 ait:
653 4889 691 4952 lli
715 4895 790 4951 sunt
813 4887 846 4949 in
870 4886 975 4969 epulis
998 4887 1065 4950 suis
1085 4887 1192 4952 couvi·
1247 4888 1440 4972 opprimere,
1456 4895 1552 4970 atque
1572 4888 1613 4953 ob
1634 4889 1695 4952 hoc
1717 4889 1926 4971 injustissime
1942 4889 1981 4952 in-
2073 4947 2074 4952 ,

298 4969 332 5011 ¹³'
444 4997 555 5056 ventes
575 4990 644 5054 sine
663 4989 789 5063 timore,
805 4987 993 5069 semetipsos
1013 4994 1191 5069 pascentes,
1246 4995 1425 5052 carceratus
1443 4994 1476 5050 et
1490 4986 1582 5051 valde
1601 4987 1656 5050 diu
1677 4987 1709 5050 in
1730 5007 1858 5054 carcere
1877 4997 1981 5060 tentus,

444 5089 547 5154 nubes
570 5089 639 5152 sine
660 5106 753 5172 aqua,
768 5085 897 5150 arbores
920 5085 1131 5160 autumnales,
1148 5087 1193 5150 in·
1246 5088 1286 5150 ad
1301 5087 1408 5151 miuus
1423 5105 1481 5170 per
1496 5093 1559 5149 tres
1574 5104 1673 5150 annos
1688 5087 1741 5150 vel
1758 5089 1898 5165 circiter,
1914 5087 1982 5152 iuvi·

444 5190 627 5264 fructuosa,
653 5187 704 5250 bis
729 5192 873 5260 mortue,
898 5183 1016 5248 fluctus
1040 5184 1100 5248 leri
1126 5206 1192 5249 ma·
1247 5185 1396 5250 clabilem
1415 5185 1514 5248 fidem
1533 5185 1598 5250 Deo
1613 5189 1763 5264 servavit,
1783 5207 1844 5252 nec
1865 5189 1906 5252 ab
1923 5189 1982 5270 ejus
2072 5247 2073 5276 ζ

445 5289 501 5365 ris,
518 5289 743 5371 despumantes
759 5304 831 5348 suas
847 5282 1059 5360 confusiones,
1076 5285 1192 5369 quibus
1248 5284 1337 5350 cultu
1360 5283 1501 5361 recessit,
1523 5285 1578 5349 sed
1602 5285 1727 5369 patiens
1750 5288 1813 5352 fuit
1834 5288 1870 5353 iu
1894 5287 1983 5354 omni·
2072 5287 2073 5298 ’
