4206 6258
470 509 531 574 660
664 529 812 576 DssllelGA
833 529 895 576 XXV
915 530 988 576 rost
1008 529 1202 576 mmmm.
1224 548 1264 559 -
1284 529 1327 575 Ab
1347 529 1542 594 netterosos3
1564 531 1663 577 sunno
1684 531 1829 577 securlus

470 696 628 779 pientiam
653 699 782 763 indutis.
810 701 888 764 Sunt
916 700 1012 782 igitur
1036 700 1257 763 deridendih
1310 693 1482 774 Postremo,
1502 701 1588 764 circa
1611 700 1758 764 habitum
1782 699 1994 780 religiosorum,

429 807 433 814 '
470 796 545 870 Quis
565 798 650 860 enim
671 798 834 862 hominem
854 807 1011 862 armatum
1034 800 1100 862 suis
1119 799 1215 862 armis
1272 798 1391 872 multae,
1417 798 1496 880 proh
1521 798 1632 860 dolorl
1659 797 1917 870 inordinationes,
1935 798 1995 859 abu·

469 912 532 957 non
557 904 711 970 utentem,
728 899 783 960 sed
805 899 894 961 omni
918 898 1058 961 hostium
1081 897 1158 960 ictui
1182 916 1216 960 se
1271 896 1376 958 siones
1391 905 1423 959 et
1437 897 1641 960 enormitates
1654 897 1722 976 jam
1737 903 1994 968 emerserunt,tan

457 993 664 1074 praebentem
689 1014 752 1059 uon
782 996 955 1059 irriderett
980 997 1042 1060 Gur
1065 995 1215 1078 equidem
1272 995 1304 1056 in
1327 995 1522 1077 pretiositate
1542 1003 1574 1058 et
1593 995 1698 1058 colore
1718 1013 1815 1077 quam
1836 995 1869 1056 in
1888 996 1996 1058 curiosi·

468 1109 502 1153 se
531 1093 675 1167 armavit,
702 1094 728 1156 si
753 1094 898 1157 hostibus
928 1094 1077 1157 reluctari
1104 1101 1158 1156 aut
1182 1111 1215 1155 se
1270 1099 1334 1155 tate
1358 1101 1390 1155 et
1414 1091 1516 1156 forma
1544 1112 1581 1155 ac
1606 1091 1829 1175 superfluitate
1857 1092 1994 1155 diversa:

468 1190 550 1251 tueri
571 1207 635 1252 non
655 1191 785 1254 voluitt
805 1193 855 1254 Sic
876 1191 1057 1254 irridendus
1078 1199 1127 1253 est
1145 1191 1216 1253 reli·
1271 1209 1341 1272 quaa
1363 1191 1471 1254 omnia
1492 1210 1622 1273 prorsus
1644 1199 1720 1254 sunt
1741 1191 1898 1264 evitanda,
1913 1199 1943 1251 ut
1961 1191 1994 1251 nil
2077 1183 2078 1200 ¹

468 1288 576 1368 giosus
599 1290 782 1352 monasticis
806 1297 898 1353 utens
920 1289 1074 1363 vestibus,
1094 1309 1153 1353 nec
1175 1297 1217 1352 ta·
1271 1289 1463 1352 curiositatis
1483 1297 1537 1351 aut
1559 1307 1695 1372 pompae,
1716 1289 1762 1350 nil
1788 1289 1995 1372 superfluitatis

470 1405 544 1448 men
574 1387 747 1450 virtutibus
779 1389 921 1463 studens,
952 1388 991 1450 ad
1021 1407 1100 1470 quas
1132 1388 1216 1449 desi·
1271 1395 1326 1450 aut
1351 1387 1539 1452 indecentiae
1564 1389 1596 1449 in
1620 1405 1733 1450 eorum
1756 1393 1904 1469 appareat
1926 1387 1995 1449 habi-

468 1485 609 1565 gnandas
635 1505 711 1548 suus
741 1486 904 1549 institutus
930 1504 966 1547 ac
992 1485 1146 1548 formatus
1169 1493 1217 1549 est
1271 1494 1317 1559 tu,
1338 1487 1394 1548 sed
1413 1486 1517 1549 omnis
1537 1486 1738 1568 simplicitas,
1759 1486 1865 1548 omnis
1888 1486 1994 1549 humili-

470 1583 618 1663 habitus3
641 1585 705 1646 imo
726 1586 832 1668 potius
847 1585 934 1648 omni
956 1585 1137 1648 daemonum
1158 1585 1216 1646 im·
1270 1590 1328 1656 tas,
1348 1584 1528 1666 aspernatio
1544 1584 1667 1658 mundi,
1684 1583 1888 1647 mortificatio
1906 1585 1995 1655 suist

469 1681 668 1762 pugnatioui,
684 1682 772 1745 omni
794 1683 978 1766 passionum
1001 1682 1217 1765 vitiorumque
1272 1681 1396 1744 interna
1420 1682 1608 1764 religiositas
1633 1683 1762 1756 mentis,
1788 1683 1849 1746 hoc
1871 1691 1916 1744 est
1934 1683 1995 1744 inte-

468 1781 569 1842 motui
599 1780 771 1844 infeliciter
795 1783 922 1856 cedens,
947 1799 1045 1863 seque
1075 1781 1216 1862 undique
1271 1780 1337 1843 rior
1360 1781 1465 1843 cultus
1489 1782 1557 1855 Dei,
1582 1789 1614 1843 et
1640 1781 1808 1862 diligentia
1830 1781 1923 1844 animi
1948 1781 1994 1842 soli

467 1878 701 1942 vulnerabilem
730 1879 887 1962 praebens,
918 1897 977 1941 nec
1008 1899 1073 1942 suaa
1103 1879 1215 1941 salutis
1230 1879 1253 1941 B
1271 1880 1334 1942 [leo
1359 1879 1483 1952 intenti,
1507 1886 1538 1942 et
1557 1879 1585 1942 ei
1605 1879 1727 1960 jugiter
1746 1879 1936 1962 complacere
1951 1899 1993 1962 op·

465 1978 655 2041 adversariis
676 1978 771 2060 digne
793 1979 953 2042 resistens.
1269 1978 1376 2040 tantis.

982 2341 1174 2497 suhuo
1212 2409 1498 2496 SEPTIMUS
1558 2339 1563 2345 ⁶

758 2675 798 2721 be
818 2673 1030 2722 nouacuonutt
1051 2675 1089 2720 ΕΤ
1108 2673 1331 2720 nettotosottult
1351 2672 1597 2720 uurrnmortusus
1619 2673 1722 2718 veuls.

527 2955 717 3016 TABILES
732 2961 840 3022 estote,
856 2962 886 3013 et
906 2953 1095 3021 immobiles,
1111 2953 1213 3012 abun·
1266 2952 1426 3040 exercitiis
1455 2952 1641 3015 insistendo.
1678 2952 1863 3034 corporalia
1889 2969 1994 3033 quoque

538 3055 653 3112 dantes
673 3053 709 3112 in
731 3052 980 3128 operabamini
1000 3051 1211 3126 senape-,sei-
1228 3051 1362 3133 Cepora
1382 3050 1526 3113 ordinate
1550 3069 1586 3112 ac
1608 3050 1747 3113 discrete
1773 3051 1941 3113 secundum
1960 3049 1994 3109 di·
2079 3067 2080 3074 ¹

463 3159 551 3210 entes
570 3153 656 3229 quod
676 3151 768 3210 labor
783 3159 887 3210 vester
901 3159 1027 3209 nonest
1043 3149 1155 3208 inanis
1174 3149 1210 3208 in
1265 3149 1347 3212 viuae
1375 3148 1453 3230 legis
1478 3157 1621 3212 tenorem
1645 3156 1677 3212 et
1699 3169 1766 3212 suae
1789 3149 1904 3230 regulas
1923 3147 1994 3209 insli-

463 3250 611 3312 Domino.
629 3249 641 3310 l
658 3247 727 3311 Cor.
744 3264 796 3322 xv,
813 3247 862 3310 te.
1266 3245 1432 3321 tutionem,
1458 3247 1497 3308 ad
1524 3247 1579 3309 [lei
1608 3247 1764 3310 honorem
1795 3246 1923 3318 efficiat,
1945 3245 1994 3307 etia

504 3345 551 3409 Ad
571 3345 631 3409 hoe
647 3345 787 3408 finaliter
800 3346 964 3408 ordinatur
978 3363 1015 3406 ac
1029 3345 1132 3407 tendit
1146 3361 1211 3407 om·
1265 3361 1392 3425 semper
1406 3343 1678 3426 negligentiasque
1694 3343 1838 3418 vitando,
1847 3350 1880 3406 et
1893 3343 1922 3405 in
1935 3359 1993 3404 con·

464 3443 513 3506 nis
529 3443 583 3506 illa
599 3443 819 3524 religiosorum
834 3442 1081 3524 abstractio,qua
1094 3461 1113 3504 a
1127 3442 1210 3504 curis
1265 3442 1354 3504 tinua
1368 3443 1472 3505 cordis
1491 3443 1603 3506 stando
1618 3443 1774 3517 custodia,
1791 3461 1867 3505 cum
1881 3441 1994 3523 Prophe

465 3552 496 3606 et
518 3543 643 3605 actibus
667 3543 787 3617 seculi,
808 3560 826 3603 a
848 3541 1037 3624 propinquis
1059 3550 1090 3602 et
1113 3559 1210 3603 saeeu·
1264 3549 1296 3602 ta
1310 3541 1466 3603 veraciter
1480 3539 1830 3604 dicenszProvidebam
1844 3541 1992 3604 Dominum
2012 3557 2070 3600 nes

464 3640 585 3704 laribus
609 3641 794 3703 homiuibus
817 3657 850 3702 se
874 3640 1032 3720 elongant,
1053 3647 1210 3721 quatenus
1266 3639 1298 3701 in
1318 3647 1492 3721 conspeetu
1511 3657 1583 3702 meo
1603 3658 1732 3722 semper
1740 3658 1749 3718 ;
1765 3648 1800 3702 et
1821 3641 1907 3710 item,
1921 3637 2075 3701 Ocelim-s

463 3740 528 3802 Ileo
543 3739 699 3802 altissimo
714 3738 860 3801 stabilius
881 3738 945 3800 sint
962 3738 1087 3812 intenti,
1104 3745 1136 3800 et
1151 3737 1211 3820 spi·
1266 3737 1329 3798 mei
1351 3755 1478 3819 semper
1499 3736 1538 3798 ad
1558 3737 1741 3799 Dominum.
1758 3737 1807 3799 Ad
1828 3738 1887 3801 hoc
1907 3737 1993 3816 itaque
2080 3763 2081 3794 r

463 3837 632 3900 ritualibus
647 3837 770 3899 actibus
786 3836 984 3919 frequentius
999 3836 1150 3918 occupati,
1159 3855 1211 3917 pu·
1265 3852 1419 3918 conemur
1436 3834 1664 3908 indesinenter,
1682 3833 1764 3896 utin
1780 3835 1900 3897 divinis
1913 3834 1994 3895 simus
2080 3869 2081 3898 .

464 3935 564 3998 riores
582 3934 856 4017 ferventioresque
876 3935 970 3997 corde
994 3935 1026 3996 in
1047 3933 1208 3997 omnibus.
1264 3933 1407 4014 quotidie
1432 3932 1623 4006 stabiliores,
1645 3941 1676 3994 et
1701 3933 1911 4006 orationibus,
1930 3929 1994 4013 psal-

464 4033 544 4095 Hinc
576 4032 734 4095 Climacus
766 4031 957 4094 monachum
990 4030 1211 4113 multipliciter
1265 4031 1391 4104 modiis,
1409 4030 1669 4093 meditationibus
1691 4032 1790 4093 sacris
1818 4031 1931 4112 absque
1949 4029 1995 4089 dis

464 4130 624 4194 definiens
639 4149 695 4193 seu
711 4129 907 4204 describens,
924 4130 1007 4192 inter
1022 4138 1126 4192 cetera
1140 4131 1185 4192 ait
1201 4149 1208 4194 :
1264 4130 1471 4192 tractionibus
1486 4131 1576 4193 vanis
1590 4149 1627 4192 ac
1642 4130 1767 4192 miseris
1783 4149 1930 4193 vacemus
1944 4147 1995 4210 per-

465 4229 636 4292 Monachus
651 4236 710 4302 est,
727 4229 782 4310 qui
798 4228 900 4291 solum
917 4247 954 4290 ea
971 4247 1042 4308 quaa
1061 4228 1117 4290 Ilei
1137 4235 1211 4289 sunt
1225 4232 1250 4294 [l
1266 4227 1651 4292 lectius.Consuescamus
1667 4237 1811 4291 mentem
1829 4236 1957 4292 nostram
1970 4227 1993 4286 iu

464 4327 539 4408 agit,
556 4327 683 4409 cogitat,
701 4326 852 4408 loquitur,
868 4325 993 4388 Christo
1014 4324 1123 4386 unitus
1144 4343 1211 4388 om·
1265 4327 1353 4390 omni
1371 4327 1439 4390 loco
1454 4334 1486 4388 et
1501 4335 1573 4389 actu
1590 4326 1777 4408 frequenter
1795 4329 1839 4390 ad
1855 4329 1946 4390 ileum
1963 4325 1994 4386 le·

466 4426 500 4488 ni
521 4432 676 4507 tempore,
693 4423 764 4487 loce
784 4431 879 4504 atque
903 4424 1039 4504 negotio.
1062 4423 1100 4485 Et
1120 4423 1212 4485 datur
1266 4443 1340 4488 vam
1357 4443 1413 4508 per
1429 4426 1569 4488 internas
1583 4445 1620 4488 ac
1635 4425 1750 4489 breves
1764 4427 1931 4500 orationes,
1945 4424 1995 4485 lau·

465 4524 638 4606 descriptio
652 4523 713 4585 ista
728 4522 766 4584 de
782 4521 938 4585 monacho
955 4522 1130 4584 secundum
1151 4529 1211 4584 sta·
1266 4524 1321 4586 des
1346 4533 1378 4586 et
1402 4525 1634 4598 meditationes,
1656 4525 1753 4587 etiam
1779 4525 1815 4587 in
1841 4523 1995 4592 mensam

464 4630 533 4684 tum
558 4620 778 4684 monachalem
803 4620 992 4703 perlectum,
1010 4620 1069 4683 hoe
1090 4628 1139 4682 est
1162 4639 1211 4683 sa·
1266 4623 1328 4696 via,
1346 4623 1378 4684 in
1395 4623 1487 4697 lecto,
1504 4622 1584 4685 etin
1604 4623 1692 4685 omni
1712 4622 1823 4686 labore
1841 4633 1929 4705 atque
1947 4620 1994 4682 eol·

463 4721 604 4782 cundum
620 4720 810 4801 completam
828 4719 1010 4782 monasticae
1024 4719 1097 4781 vitas
1113 4719 1212 4801 perfe·
1268 4720 1390 4802 loquio;
1403 4739 1461 4782 nec
1477 4721 1523 4782 sie
1539 4721 1790 4784 recreationibus
1810 4722 1995 4804 quibuscum·

462 4819 611 4881 ctionem.
629 4818 675 4881 hd
697 4818 757 4881 hoc
772 4817 922 4899 equidem
939 4817 1041 4879 tendit
1055 4818 1213 4881 institutio
1267 4837 1329 4900 que
1350 4826 1488 4892 utamur,
1505 4827 1541 4881 ut
1562 4820 1666 4882 cordis
1692 4820 1858 4884 laesionem
1879 4818 1993 4884 dissolu·

463 4916 617 4998 regularis
641 4924 736 4999 atque
762 4914 918 4998 professio
945 4916 1151 4988 monachalis,
1178 4923 1212 4978 ut
1265 4917 1451 4999 tionemque
1485 4918 1696 4980 incurramus.
1731 4920 1799 4981 lmo
1833 4917 1993 4983 scribendo.

463 5015 639 5078 monachus
664 5023 819 5096 quantum
845 5015 878 5077 in
903 5015 968 5077 vita
997 5015 1144 5096 praesenti
1171 5014 1213 5077 sit
1266 5016 1433 5090 studendo,
1454 5024 1509 5079 aut
1529 5017 1591 5079 alia
1614 5017 1736 5098 quaevis
1758 5019 1894 5099 agendo,
1914 5037 1930 5078 a
1950 5014 1993 5076 [lei

464 5114 628 5196 possibile,
646 5114 863 5176 indesinenter
877 5113 941 5176 [leo
958 5113 1110 5188 intendat,
1123 5131 1212 5176 oran·
1266 5115 1421 5177 memoria
1439 5133 1502 5177 non
1525 5133 1696 5177 cessemus.

464 5215 515 5288 do,
542 5213 717 5296 psallendo,
744 5213 937 5286 meditando,
968 5213 1111 5293 legendo,
1138 5231 1209 5276 con·
1306 5213 1462 5295 Deinceps
1481 5214 1565 5276 istud
1584 5212 1723 5276 faciliter
1739 5214 1937 5297 adimplebit,
1950 5209 1993 5293 qui

464 5311 659 5394 templaudo,
672 5311 844 5392 diligendo,
858 5311 1036 5394 ceterisque
1054 5312 1209 5374 virtutum
1264 5313 1364 5375 ileum
1379 5311 1502 5375 fervide
1517 5312 1630 5394 diligit.
1643 5313 1732 5386 Quod
1748 5333 1888 5396 namque
1902 5313 1993 5374 ardeu-
