4206 6258
346 541 493 590 uourmca
515 543 576 588 xxv
597 542 671 590 ross
690 539 884 588 rnmrrnmu.
906 559 945 569 -
966 542 1008 587 sn
1028 540 1221 604 nuursrcsos3
1244 542 1343 588 sanun
1364 542 1476 590 snxrus
1623 523 1684 588 659

132 719 170 772 ut
194 718 340 792 contegat
361 712 549 785 nuditatem,
566 711 745 794 pudorique
770 709 921 774 consu-A
938 711 1151 784 continentur,
1175 710 1294 792 jugiter
1318 711 1536 787 circumferre,
1562 719 1598 773 ut
1626 711 1683 773 im·

133 808 187 882 lat,
205 816 236 871 et
252 809 379 891 frigoris
398 811 585 897 autcaloris
606 810 879 872 immoderantiam
936 809 1023 891 pleat
1037 808 1257 890 evangelicum
1274 809 1364 883 illud,
1382 810 1451 872 Sint
1468 809 1568 872 lumbi
1584 808 1681 871 vestri
1696 825 1828 881 Lucanas.

132 908 242 991 pellat,
259 909 314 970 sed
336 909 432 970 etiam
458 916 493 971 ut
517 909 729 990 esqualitate
754 907 881 970 habitus
937 907 1124 988 praecincti;
1154 914 1186 969 et
1215 908 1299 988 quod
1329 908 1472 970 hortatur
1499 908 1680 990 Apostolus,
1781 945 1786 962 .

131 1008 182 1068 sui
202 1008 434 1070 admoneantur
454 1007 592 1090 qualiter
610 1007 719 1069 vivere
740 1006 881 1086 obligen-
935 1005 1121 1067 Mortificate
1136 1005 1279 1068 membra
1294 1014 1399 1069 vestra
1414 1026 1484 1088 quae
1498 1013 1573 1069 sunt
1587 1023 1682 1089 super
1704 1023 1787 1068 consa
1799 1037 1828 1076 m,

129 1115 192 1168 tur.
201 1105 305 1179 Quum
320 1107 406 1168 enim
423 1105 552 1168 habitus
568 1104 881 1187 professioniquem·
935 1110 1061 1165 terram.
1694 1091 1716 1128 ⁵·

128 1204 303 1266 admodum
320 1204 462 1266 medium
477 1203 549 1276 fini,
564 1202 678 1266 debeat
694 1219 879 1285 correspon-
975 1201 1138 1274 Praeterea,
1156 1201 1303 1264 Cassiano
1322 1211 1480 1276 narrante,
1495 1203 1526 1265 in
1543 1203 1681 1286 AEgypti-

128 1302 327 1374 dere,sancti
343 1301 449 1363 Patres
464 1309 528 1363 tam
544 1299 716 1382 specialem
732 1299 877 1362 habitum
935 1316 1025 1362 orum
1047 1298 1275 1363 monachorum
1297 1298 1407 1362 habitu
1427 1301 1572 1382 quaedam
1593 1308 1683 1363 erant

128 1399 288 1480 religiosis
319 1399 545 1482 praestiterunt,
577 1399 616 1461 ad
650 1397 877 1460 insinuandum
935 1414 998 1459 uon
1021 1404 1145 1459 tantum
1167 1397 1206 1458 ad
1230 1397 1372 1479 corporis
1395 1416 1504 1460 curam
1527 1406 1682 1479 quantum

128 1505 285 1579 quantum
308 1517 326 1559 a
349 1497 518 1560 mundanis
541 1495 725 1559 homiuibus
750 1503 877 1558 tenean-
933 1496 973 1557 ad
1004 1513 1129 1557 morum
1158 1493 1328 1558 formulam
1359 1496 1575 1577 congruentia.
1603 1497 1682 1560 Nam

126 1603 182 1658 tur
202 1596 330 1669 distare,
348 1595 529 1677 quibusque
551 1594 724 1658 virtutibus
749 1601 780 1657 et
804 1595 878 1656 acti·
935 1593 1076 1675 parvulis
1097 1593 1268 1656 utebantur
1287 1593 1423 1656 cucullis
1443 1594 1556 1656 diebus
1576 1613 1612 1657 ac
1628 1612 1680 1658 no

126 1693 189 1756 bus
214 1701 358 1777 oporteat
381 1711 436 1756 eos
459 1693 590 1775 pollere,
617 1701 648 1756 et
674 1713 771 1776 quam
796 1711 878 1755 mor·
934 1691 1096 1768 ctibus,ad
1112 1693 1311 1756 innuendum
1328 1713 1365 1756 ex
1381 1693 1492 1756 habitu
1509 1695 1682 1777 ipso,quod

127 1793 243 1856 tilicati
273 1811 343 1855 esse
368 1791 505 1855 debeant
528 1791 679 1854 omuibus
704 1811 774 1873 quat
804 1798 878 1854 sunt
933 1790 1171 1873 simplicitatem
1186 1799 1219 1854 et
1233 1792 1449 1855 innocentiam
1465 1793 1623 1856 custodire
1638 1813 1684 1856 es·

126 1891 251 1954 mundi.
895 1889 1005 1952 Bseut
1026 1890 1164 1953 solliciti.
1183 1891 1234 1954 Sic
1253 1898 1285 1953 et
1304 1890 1437 1953 colobiis
1456 1891 1550 1954 fineis
1569 1894 1622 1954 vix
1642 1893 1682 1955 ad

168 1989 312 2071 [lenique
333 1989 372 2051 de
394 1987 455 2050 hoc
475 1986 632 2068 gloriosus
656 1994 747 2070 pater
770 1995 801 2050 et
825 1988 879 2051 do-
933 1987 1079 2050 cubitum
1100 1989 1355 2070 pertingentibus
1371 1989 1552 2064 utebantur,
1569 1992 1608 2052 ad
1628 1992 1681 2054 de-

126 2097 197 2150 ctor
210 2088 345 2151 loannes
366 2085 545 2160 Cassianus,
562 2087 667 2168 primo
686 2085 768 2148 libro
787 2087 878 2149 lusti·
933 2086 1123 2166 signandum
1145 2089 1230 2170 quod
1249 2106 1345 2170 opera
1365 2088 1476 2151 mundi
1495 2096 1602 2151 essent
1616 2109 1682 2152 am·

124 2187 288 2249 tutiouum
304 2185 429 2248 Petrum
445 2193 636 2258 sanctorum,
646 2185 805 2266 sapienter
819 2186 880 2248 dis-
934 2192 1043 2266 putata
1057 2185 1096 2248 ab
1112 2185 1269 2269 eis,atque
1284 2186 1324 2248 ab
1339 2188 1427 2249 omni
1443 2189 1682 2251 couversatione

124 2285 237 2347 seruit.
275 2283 312 2344 Et
346 2283 461 2366 primo,
496 2302 554 2346 cur
586 2283 715 2364 cingulo
749 2290 879 2345 utantur
935 2291 1060 2346 terrena
1075 2302 1128 2347 eos
1144 2303 1214 2347 esse
1235 2285 1453 2348 mortificatos.
1471 2284 1541 2347 Alia
1556 2304 1683 2368 quoque

126 2381 276 2445 monachi
303 2382 487 2463 exprimens
509 2399 516 2442 :
537 2381 737 2454 Monachum,
762 2381 877 2462 inquit,
934 2382 1089 2445 nonnulla
1103 2385 1142 2446 ad
1158 2384 1303 2446 habitum
1324 2403 1418 2446 suum
1440 2386 1616 2467 spectantia
1633 2387 1684 2448 de-

124 2490 162 2546 ut
184 2481 319 2544 militem
343 2480 459 2544 Christi
482 2481 515 2542 in
540 2480 706 2563 procinctu
732 2480 808 2542 belli
829 2481 879 2561 ju·
934 2478 1091 2555 ferebant,
1108 2482 1146 2544 ad
1169 2482 1451 2545 demonstrandum
1472 2483 1591 2564 quibus
1615 2503 1685 2566 pec·

124 2581 209 2662 giler
237 2580 389 2662 positum,
421 2585 546 2660 eportet
574 2578 727 2641 accinctis
760 2578 878 2642 lumbis
935 2578 1013 2641 catis
1029 2597 1148 2653 carere,
1165 2586 1197 2641 et
1216 2579 1524 2662 quibusvirtutibus
1540 2589 1685 2644 teneren-

125 2696 256 2760 semper
285 2678 443 2740 incedere.
469 2677 521 2740 Sic
550 2696 689 2758 namque
720 2677 752 2738 in
777 2677 877 2740 veteri
936 2686 988 2739 tur
1009 2678 1140 2760 pellere.
1163 2679 1201 2740 lit
1219 2678 1265 2740 sic
1291 2679 1323 2740 in
1345 2679 1479 2741 diversis
1500 2678 1682 2756 Ordinibus,

125 2777 328 2839 Testamenta
348 2775 454 2838 Sancti
476 2774 575 2857 aliqui
596 2775 805 2848 incesserunt,
822 2775 877 2857 qui
935 2777 1052 2839 diversi
1074 2777 1209 2839 instituti
1230 2784 1305 2838 sunt
1323 2775 1451 2839 habitus
1470 2777 1511 2841 ob
1534 2779 1684 2861 mysticas

126 2875 226 2954 hujus
256 2873 439 2936 monasticas
467 2873 541 2936 vitae
569 2872 787 2936 fundaverunt
812 2873 878 2955 pri·
935 2893 1057 2948 causas,
1082 2883 1117 2936 ut
1146 2874 1287 2955 religiosi
1317 2874 1496 2955 intelligant
1519 2895 1552 2938 se
1576 2876 1685 2938 omnia

127 2973 264 3047 mordia,
289 2979 366 3055 puta
392 2971 477 3034 Elias
503 2989 540 3032 ac
568 2970 701 3034 Eliseus.
729 2971 816 3034 Unde
840 2971 879 3034 de
935 2991 1016 3035 vana
1031 2979 1127 3054 atque
1147 2972 1308 3035 mundana
1328 2971 1444 3035 debere
1459 2973 1635 3055 despicere,
1652 2981 1685 3037 et

127 3072 198 3133 Elia
218 3071 300 3134 servi
321 3070 405 3152 regis
424 3069 519 3132 lsrael
540 3068 607 3150 regi
627 3086 685 3131 suo
704 3069 877 3132 dixerunt:
898 3069 1011 3134 Csolis
1033 3070 1217 3134 coelestibus
1240 3070 1373 3132 inhiare.

23 3208 39 3236 e
63 3226 70 3236 .
91 3207 110 3244 ι,
127 3171 186 3232 Vir
209 3171 330 3252 pilosus
351 3177 383 3231 et
404 3187 482 3232 zoua
503 3169 637 3251 pellicea
660 3187 752 3231 renes
777 3169 880 3231 accin—
975 3168 1065 3230 Nunc
1088 3185 1163 3249 ergo
1187 3169 1386 3251 perpendant
1406 3169 1545 3250 religiosi
1566 3177 1599 3231 et
1619 3186 1683 3232 mo-

127 3277 201 3332 etus
215 3268 355 3332 occurrit
370 3267 472 3330 nobis.
490 3267 533 3330 lle
547 3268 666 3330 loanne
682 3283 809 3348 quoque
823 3267 879 3329 Ba·
935 3267 1029 3328 nachi
1055 3267 1110 3348 qui
1140 3267 1200 3330 suh
1224 3275 1312 3330 vesto
1337 3267 1485 3348 religiosa
1509 3268 1685 3330 monastica

34 3407 55 3434 t.
78 3403 108 3440 n,
126 3368 228 3450 ptista
257 3366 355 3430 refert
383 3365 584 3448 Evangelista
610 3383 617 3426 :
644 3366 715 3447 lpse
743 3364 879 3427 loannes
935 3382 990 3427 cor
1019 3371 1135 3446 gerunt
1165 3364 1303 3439 carnale,
1335 3365 1545 3440 mundanum,
1577 3366 1683 3440 inane,

125 3465 267 3528 habebat
280 3465 506 3528 vestimentum
525 3464 564 3526 de
579 3463 655 3545 pilis
671 3462 877 3536 camelorum,
935 3483 1031 3545 quam
1052 3463 1131 3526 viles
1153 3482 1189 3526 ac
1210 3463 1331 3537 miseri,
1348 3481 1445 3545 quam
1467 3464 1568 3545 iniqui
1589 3483 1625 3526 ac
1645 3464 1687 3525 ir-

124 3572 161 3626 et
175 3581 286 3626 zonam
301 3563 469 3646 pelliceam
487 3562 573 3624 circa
589 3561 715 3624 lumbos
730 3561 877 3624 suos.Sed
935 3560 1070 3634 ridendi,
1087 3577 1247 3643 quamque
1269 3559 1467 3622 damnabiles
1491 3561 1556 3622 siut
1577 3578 1683 3623 coram

124 3671 161 3725 et
176 3663 315 3744 principi
329 3661 554 3743 Apostolorum
569 3660 658 3722 Petro
673 3659 803 3741 angelus
816 3659 879 3740 jus·
934 3658 1044 3721 ludice
1065 3676 1202 3733 summo,
1220 3657 1384 3720 infallibili
1406 3677 1442 3720 ac
1462 3659 1684 3742 supersapien-

17 3801 64 3840 ω,
99 3761 171 3828 ,sit
186 3777 193 3820 :
211 3759 416 3839 Praecingerc,
433 3765 465 3819 et
484 3757 590 3820 calcea
609 3765 640 3819 te
660 3756 776 3837 caligas
798 3763 876 3818 tuas.
935 3753 1060 3819 tiss'imo
1084 3757 1158 3819 fleo.
1185 3755 1296 3818 Nonne
1325 3756 1459 3820 omnino
1487 3757 1683 3820 monstruosi

124 3859 173 3921 De
193 3857 288 3920 Paulo
309 3857 386 3919 item
405 3855 548 3937 apostolo
563 3855 689 3935 Agabus
710 3854 791 3916 dixit
809 3872 879 3936 pro·
934 3862 1029 3936 atque
1049 3855 1228 3928 mendaces,
1246 3861 1278 3916 et
1291 3855 1380 3917 velut
1396 3873 1495 3918 vacua
1514 3874 1590 3918 vasa
1608 3863 1683 3917 sunt

0 3997 21 4022 ,
46 3989 84 4018 n
124 3955 375 4038 phetazvirum
396 3954 489 4034 cujus
509 3953 577 4016 haec
597 3970 675 4014 zona
694 3959 752 4025 est,
769 3951 815 4013 sic
837 3951 880 4013 al·
935 3956 1122 4015 corameol
1142 3952 1348 4026 Quumenim
1365 3954 1683 4016 monstrumdicatur

124 4053 275 4134 ligabunt
298 4052 331 4114 in
354 4051 529 4115 Jerusalem
554 4049 664 4113 Judaei.
690 4050 736 4112 Ex
760 4049 878 4131 quibus
934 4051 1070 4114 effectus
1086 4071 1151 4114 suaa
1166 4051 1285 4133 speciei
1301 4052 1541 4123 inconveniens,
1558 4052 1610 4114 isti
1626 4052 1683 4133 qui

124 4151 278 4215 omuibus
303 4157 426 4214 constat
446 4150 503 4212 hos
526 4149 693 4230 utriusque
716 4147 878 4230 principes
933 4150 1050 4212 averis
1071 4148 1227 4230 religiosis
1245 4156 1310 4211 tam
1326 4149 1550 4212 damnabiliter
1564 4149 1683 4213 distant

124 4249 322 4314 Testamenti
342 4247 470 4329 cingulo
492 4264 562 4310 esse
581 4263 665 4309 usos.
683 4247 793 4328 ltaque
814 4263 878 4309 mo·
893 4251 918 4313 l)
934 4267 970 4311 ac
995 4247 1161 4322 differunt,
1184 4247 1249 4310 imo
1274 4249 1359 4309 intus
1384 4248 1515 4311 omnino
1540 4249 1586 4310 eis
1607 4266 1682 4312 cou-

124 4348 261 4422 nachus,
279 4355 431 4430 tanquam
455 4347 611 4411 veraciter
632 4344 749 4408 Christi
772 4344 876 4418 miles,
934 4346 1022 4409 trarii
1037 4345 1309 4428 dissimillimique
1325 4346 1574 4418 consistuntrite
1589 4346 1622 4409 in
1637 4365 1684 4410 or·

124 4448 249 4510 idcirco
263 4466 297 4510 se
313 4447 438 4509 noverit
453 4465 522 4509 esse
538 4444 655 4508 debere
675 4444 826 4517 cinctum,
844 4451 878 4506 ut
934 4446 1008 4508 diue
1025 4443 1202 4507 monachali
1219 4451 1360 4506 monstra
1376 4449 1555 4506 censentur.
1567 4445 1684 4518 Quum·

122 4546 166 4610 ad
187 4553 318 4608 cunctos
339 4563 413 4608 usus
427 4563 464 4606 ac
480 4563 576 4627 opera
596 4543 740 4607 coeuobii
753 4543 795 4604 sit
814 4560 878 4605 nou
934 4563 996 4626 que
1021 4561 1088 4605 rem
1116 4561 1173 4624 per
1197 4559 1309 4604 eorum
1332 4541 1478 4603 habitum
1503 4541 1682 4607 lorinsecus

123 4644 232 4708 solum
254 4651 361 4708 mente
383 4651 522 4726 paratus,
539 4642 593 4704 sed
616 4642 712 4703 etiam
733 4641 878 4723 ipsoha-
934 4643 1130 4724 designatam
1147 4641 1232 4702 intus
1249 4658 1312 4702 non
1328 4639 1477 4714 habeant,
1493 4660 1683 4706 vacuavasa
1787 4696 1792 4707 ,

123 4743 197 4806 bitu
220 4743 387 4826 expeditus
405 4763 412 4806 :
429 4761 502 4804 nam
526 4749 645 4823 quanto
666 4741 705 4803 ad
731 4739 878 4802 obedien·
934 4749 1017 4803 suut.
1035 4741 1101 4802 lmo
1116 4757 1214 4822 quum
1230 4738 1317 4800 vitiis
1333 4738 1420 4800 intus
1436 4740 1594 4814 sordeant,
1612 4759 1683 4822 quaa

124 4843 205 4905 tiam
222 4841 319 4904 fuerit
334 4841 618 4923 promptior,tanto
634 4842 718 4903 circa
733 4839 879 4922 spiritua·
933 4838 1106 4900 virtutibus
1121 4839 1160 4900 ad
1175 4856 1254 4919 quas
1273 4836 1456 4918 obligantur
1472 4837 1591 4900 directe
1608 4856 1682 4901 con·

123 4943 192 5004 lem
208 4939 388 5022 profectum
408 4958 445 5001 ac
460 4940 642 5003 divinorum
664 4939 878 5019 coguitionem
933 4937 1115 5010 trariantur,
1133 4944 1217 4998 recte
1243 4936 1394 4997 dicuntur
1420 4936 1602 5009 mendaces,
1618 4955 1682 4998 non

120 5039 303 5102 ferventior
332 5038 568 5120 comprobatur.
594 5039 728 5119 Insuper
756 5036 881 5098 lumbo-
934 5035 1080 5099 habendo
1096 5035 1180 5116 quod
1197 5055 1230 5098 se
1247 5034 1364 5097 hahere
1380 5035 1562 5109 ostendunt,
1573 5035 1683 5117 sicque

122 5156 203 5200 rum
230 5137 398 5210 accinctio,
424 5145 457 5200 et
482 5137 622 5199 ambitus
652 5143 784 5198 mortuas
813 5135 879 5217 pel·
934 5135 1110 5218 hypocritis
1130 5132 1377 5196 conformantur.
1395 5133 1538 5214 [lenique
1561 5132 1684 5196 similes

121 5238 179 5309 tis,
196 5234 358 5316 significat
381 5235 572 5298 monachum
599 5235 879 5298 mortificationem
935 5242 1009 5297 sunt
1038 5233 1127 5295 asino
1157 5239 1317 5306 coronato,
1343 5239 1375 5291 et
1403 5231 1505 5294 simiae
1535 5231 1685 5312 religioso

122 5334 349 5400 membrorum
366 5334 399 5396 in
415 5333 533 5416 quibus
549 5333 693 5395 libidinis
709 5332 881 5395 seminaria
937 5333 1128 5395 vestimento
1161 5337 1290 5411 opertas,
1323 5348 1358 5390 ac
1390 5328 1486 5390 fatuis
1519 5336 1606 5392 veste
1637 5349 1684 5392 sa-
