4192 6258
178 854 594 980 DOMINICA
639 855 832 980 XXII
881 853 1091 980 POST
1138 855 1663 982 TRINITATEM

568 1528 870 1616 ENARRATIO
903 1528 958 1614 IN
991 1528 1281 1615 EPISTOLAM

145 1795 333 1842 constamus
356 1793 388 1840 nv
408 1794 526 1841 noaino
546 1793 719 1851 rosacum
740 1793 792 1848 our
812 1792 914 1840 omnir
935 1792 967 1839 ιιι
988 1793 1075 1840 ιοειε
1096 1793 1171 1839 orus
1192 1793 1306 1852 aouuu,
1328 1793 1393 1840 mo.
1417 1776 1554 1859 Philipp.
1576 1795 1597 1852 ι,
1614 1775 1696 1839 dli.

227 2075 403 2139 ORTA'fUR
422 2072 592 2157 Apostolus
611 2073 643 2136 in
665 2073 812 2155 praesenti
833 2073 899 2154 epi·
914 2070 939 2133 Α
954 2069 1055 2132 micos
1076 2069 1227 2150 defendo;
1244 2092 1261 2130 ιι
1277 2071 1311 2133 in
1332 2070 1575 2134 confirmatione
1591 2091 1608 2129 a
1624 2087 1700 2152 quo-

241 2174 374 2249 stola,ut
389 2191 629 2256 perseveremus
644 2179 676 2234 et
691 2170 899 2254 proficiamus
954 2187 1016 2249 que
1033 2190 1050 2228 a
1067 2168 1230 2249 Evangelii
1247 2191 1276 2244 a,
1294 2187 1356 2250 qua
1375 2169 1446 2250 ejus
1461 2169 1627 2231 veritatem
1643 2186 1701 2252 per

148 2273 185 2334 in
201 2271 508 2345 bonis,ostendendo
522 2270 676 2333 affectum
692 2289 786 2333 suum
800 2288 896 2351 quom
955 2266 1109 2330 miracula
1133 2275 1165 2330 et
1188 2267 1366 2350 Scripturas
1391 2267 1570 2330 corroboro.
1599 2271 1702 2330 Testis

148 2368 265 2431 habuit
279 2386 338 2450 pro
352 2367 568 2450 spiritualium
583 2366 726 2430 filiorum
742 2365 896 2449 profectu.
954 2367 1039 2426 enim
1056 2367 1141 2426 mihi
1154 2369 1486 2445 estDeus,quomodo,
1496 2365 1527 2428 id
1543 2372 1590 2428 est
1604 2385 1701 2448 quam

147 2468 204 2530 Ait
227 2484 302 2548 ergo
329 2483 336 2528 :
362 2468 564 2544 Confidimus
589 2468 625 2526 ia
650 2467 787 2527 Domino
809 2468 898 2534 lesu,
954 2462 1141 2539 affectuose,
1156 2463 1366 2546 spiritualiter
1380 2471 1410 2526 et
1425 2464 1701 2540 sincere,eapiam

147 2567 232 2645 qaia
253 2566 313 2644 qui
332 2567 427 2642 capit
451 2565 488 2624 ih
512 2565 598 2624 vobis
621 2582 701 2640 opus
721 2565 850 2632 honum,
867 2561 897 2623 id
954 2583 1062 2624 omnes
1079 2583 1144 2633 cos,
1161 2563 1192 2625 id
1214 2570 1273 2638 est,
1289 2563 1434 2626 omnium
1457 2570 1599 2625 vestrum
1619 2563 1702 2625 salu-

147 2671 211 2738 est,
229 2663 261 2725 in
282 2662 423 2726 bonitate
442 2669 473 2725 et
491 2661 709 2724 misericordia
729 2659 784 2724 [lei
799 2659 898 2723 confi·
954 2668 1019 2723 tem
1035 2668 1067 2723 et
1082 2661 1331 2724 consolationem
1349 2662 1538 2735 desiderem,
1555 2663 1592 2721 in
1607 2663 1703 2721 cisce-

146 2762 203 2836 do,
220 2760 305 2843 quod
321 2761 390 2842 ipse
409 2760 465 2843 qui
481 2779 520 2822 er
538 2779 595 2822 sua
615 2759 743 2842 pietate,
759 2777 817 2841 per
831 2777 901 2839 gra·
955 2761 1048 2821 ribus
1065 2763 1142 2820 Jesa
1162 2762 1298 2830 Christi,
1315 2760 1346 2822 id
1366 2767 1415 2823 est
1434 2760 1467 2821 in
1487 2759 1601 2821 intima
1622 2759 1701 2821 cari-

147 2859 228 2922 tiam
242 2865 370 2941 gratum
389 2857 560 2921 facientem
576 2865 607 2920 et
626 2857 782 2920 actualem
803 2856 899 2938 Spiri-
954 2865 1017 2919 tate
1038 2875 1075 2919 ac
1097 2857 1214 2939 pietate
1237 2857 1316 2920 mibi
1338 2878 1356 2921 a
1379 2858 1503 2922 Christo
1522 2857 1645 2920 collatis
1665 2875 1701 2920 ac

147 2966 201 3020 tus
227 2958 333 3021 Sancti
358 2957 544 3031 motionem,
565 2956 726 3019 inchoavit
751 2955 783 3016 in
808 2954 899 3017 vobis
954 2955 984 3018 ei
999 2955 1209 3037 placentibus.
1226 2955 1294 3032 Vel,
1308 2977 1324 3016 a
1340 2957 1467 3038 cupiam
1485 2974 1597 3019 omnes
1612 2973 1667 3018 vos
1683 2979 1700 3016 a

148 3075 233 3140 opus
256 3056 468 3130 meritorium,
480 3057 628 3132 perficiet
651 3054 730 3116 illud
755 3053 788 3114 in
809 3051 899 3115 vobis
954 3073 1024 3117 esse
1035 3075 1052 3114 (ι
1062 3055 1094 3116 in
1109 3053 1286 3117 visceribus
1300 3056 1372 3118 lesu
1388 3055 1503 3118 Christi
1515 3055 1581 3129 »,id
1596 3063 1644 3117 est
1659 3055 1704 3117 in·

146 3175 253 3234 usqae
276 3157 313 3214 in
334 3156 421 3214 diem
439 3157 516 3215 lesu
538 3154 663 3215 Christi
683 3151 849 3224 inclusive,
867 3150 898 3212 id
955 3152 1032 3215 time
1052 3153 1177 3216 Christo
1196 3153 1293 3227 uniri,
1309 3161 1404 3236 atque
1424 3153 1465 3216 ab
1484 3171 1522 3216 eo
1542 3153 1702 3216 viscerosa

147 3262 199 3316 est
220 3252 380 3334 usquead
400 3251 486 3314 diem
507 3251 618 3314 mortis
632 3259 756 3324 vestrae,
773 3248 899 3332 quando
916 3255 939 3317 Β
955 3269 1011 3313 seu
1034 3251 1214 3313 cordialiter
1234 3250 1334 3332 diligi.

148 3350 338 3434 particulari
362 3349 485 3431 judicio
513 3348 670 3430 judicabit
698 3355 730 3411 et
757 3346 900 3411 visitabit
993 3352 1037 3410 Et
1052 3352 1110 3410 hoc
1124 3369 1193 3420 oro,
1210 3350 1241 3412 id
1262 3355 1320 3424 cst,
1337 3350 1438 3412 ileum
1458 3366 1545 3431 rogo,
1562 3359 1599 3411 ut
1618 3351 1703 3411 cari-

149 3467 208 3512 vos
224 3447 380 3522 Christus,
390 3447 493 3512 dando
509 3447 594 3529 quod
611 3445 820 3510 meruistish
835 3446 900 3509 Deo
955 3456 1004 3508 tas
1023 3457 1130 3508 vestra
1150 3447 1241 3511 vobis
1261 3467 1279 3510 a
1298 3449 1364 3511 lleo
1382 3447 1579 3531 infusaque
1600 3449 1702 3512 Deum

149 3547 274 3630 quippe
295 3552 344 3608 ost
364 3544 536 3620 inchoatio,
554 3543 749 3608 continuatio
771 3551 803 3606 et
826 3561 899 3606 con·
955 3545 1202 3628 proximumque
1231 3546 1375 3628 diligitis,
1400 3549 1504 3624 mapis
1532 3567 1571 3606 ac
1597 3549 1704 3625 magis

149 3645 325 3708 summatio
347 3645 453 3727 operis
474 3643 561 3706 boni.
955 3645 1110 3714 abundet,
1130 3644 1162 3706 id
1186 3651 1245 3719 est,
1266 3644 1462 3707 incessanter
1485 3643 1644 3726 proficiat,
1665 3647 1703 3706 ia

192 3746 288 3807 Sicut
311 3753 357 3805 est
378 3744 463 3804 mihi
473 3745 605 3822 jasium
626 3744 684 3804 hoc
701 3743 823 3802 sentire
837 3759 900 3816 pro
955 3743 1103 3814 scientia,
1120 3742 1151 3805 id
1167 3751 1216 3806 est
1229 3743 1431 3816 discretione,
1449 3750 1484 3805 ut
1497 3761 1572 3806 cum
1587 3743 1703 3807 discre-

149 3844 302 3904 omnibas
312 3842 411 3911 cobis,
422 3840 453 3902 id
469 3847 517 3903 est
529 3858 535 3903 :
548 3847 612 3902 tom
628 3857 666 3902 ex
680 3847 769 3921 parte
784 3838 900 3902 divinae
955 3841 1041 3904 tione
1062 3848 1176 3904 cuncta
1194 3842 1305 3922 agatis,
1321 3842 1425 3924 sitque
1444 3842 1632 3905 rationabile
1647 3842 1703 3906 ob
1715 3863 1849 3915 noema.

149 3940 305 4004 bonitatis
327 3948 357 4002 et
380 3938 618 4011 misericordie,
635 3955 730 4020 quam
750 3955 789 4000 ex
811 3943 900 4019 parte
955 3939 1103 4021 sequium
1126 3947 1286 4020 vestrum;
1302 3939 1365 4015 vel,
1388 3940 1453 4002 ain
1476 3940 1609 4004 scientia
1623 3963 1652 4016 a,
1669 3941 1701 4004 id

148 4045 265 4102 vestrae
280 4037 458 4101 dovotionis
473 4043 505 4098 et
519 4037 637 4117 gratiae,
647 4036 770 4117 justum
786 4043 834 4098 est
850 4055 901 4099 me
955 4047 1003 4101 est
1018 4038 1074 4100 llei
1095 4039 1288 4118 cognitione,
1305 4046 1461 4121 quatenus
1480 4039 1581 4102 Deum
1596 4059 1702 4118 aman-

150 4139 197 4200 ita
211 4137 251 4200 de
266 4135 358 4198 vobis
373 4143 405 4198 et
420 4153 478 4217 pro
493 4135 584 4198 vobis
600 4135 762 4198 confidere
777 4153 814 4196 ao
830 4153 900 4196 sen·
955 4139 996 4200 do
1016 4137 1203 4200 mereamini
1223 4137 1399 4199 illuminari
1420 4136 1461 4199 ab
1482 4154 1521 4200 eo
1542 4137 1574 4200 in
1595 4139 1701 4219 cogni-

147 4237 230 4314 tire;
247 4255 281 4296 eo
296 4238 384 4315 quod
398 4236 532 4295 habeam
549 4254 601 4294 vos
616 4236 653 4295 in
668 4237 775 4304 corde,
792 4235 823 4297 id
840 4243 898 4309 est,
955 4236 1041 4298 tione
1057 4237 1238 4299 divinorum
1259 4236 1458 4320 aliarumque
1474 4254 1581 4299 rerum
1600 4236 1639 4300 ad
1655 4257 1702 4300 sa-

148 4334 285 4400 eordiali
298 4332 419 4396 affectu
440 4333 470 4396 id
491 4339 599 4415 optem
619 4341 651 4396 et
669 4351 794 4416 sperem
814 4333 899 4415 quod
956 4335 1054 4398 lutem
1081 4335 1305 4417 spectantium,
1332 4335 1507 4418 prasertim
1531 4343 1567 4397 ut
1590 4337 1623 4398 in
1646 4336 1701 4399 illa

147 4535 242 4595 sione
266 4541 296 4594 et
322 4533 569 4610 confirmatione
591 4535 777 4611 Evangelii,
801 4535 900 4594 socios
955 4533 1046 4596 donis
1069 4531 1205 4614 Spiritus
1228 4531 1343 4594 Sancti.
1360 4535 1404 4594 Et
1425 4534 1462 4592 in
1482 4536 1573 4594 omni
1593 4546 1700 4605 sensu,

142 4632 271 4711 qaacdii
284 4632 349 4692 mei
362 4649 470 4691 omnes
489 4650 543 4691 vos
561 4650 637 4702 esse,
653 4630 685 4693 id
704 4638 763 4706 est,
780 4639 816 4693 ut
833 4639 898 4693 tam
955 4634 987 4696 id
1010 4639 1058 4696 est
1077 4630 1284 4694 intellectuali
1305 4631 1428 4705 notitia,
1447 4631 1499 4694 vel
1521 4633 1627 4715 potius
1649 4652 1702 4697 ox-

147 4729 351 4813 inpraesenti
367 4728 484 4792 saeculo
499 4748 595 4811 quam
611 4729 730 4804 futuro,
746 4730 816 4793 sitis
830 4749 899 4813 par·
955 4730 1157 4816 perimentali
1180 4747 1292 4812 sapore
1312 4730 1449 4807 interno,
1465 4731 1645 4795 coelestium
1665 4751 1702 4795 ac

146 4830 267 4911 ticipes
287 4827 512 4892 consolationis
531 4847 609 4892 meae
629 4828 761 4892 internae
779 4847 899 4913 :quam
955 4829 1172 4913 spiritualium
1197 4847 1314 4890 rerum.
1344 4831 1385 4891 Ut
1405 4832 1560 4906 probetis,
1586 4831 1618 4893 id
1643 4837 1700 4906 est,

145 4927 255 4991 habeo
270 4949 287 4987 a
304 4927 337 4990 in
352 4927 490 4991 vinculis
506 4927 586 4990 meis
601 4948 630 5002 a,
643 4927 675 4990 id
690 4936 738 4991 est
754 4927 785 4990 in
801 4929 899 5011 capti·
955 4948 1012 5014 per
1027 4927 1289 5012 approbationem
1306 4927 1497 5009 sequamini,
1510 4931 1653 5005 potiora,
1670 4931 1702 4992 id

146 5027 250 5090 vitate
272 5033 304 5090 et
325 5025 574 5090 incarceratione
594 5044 673 5102 mea,
691 5026 724 5088 in
744 5046 807 5109 qua
828 5046 900 5110 pro
955 5037 1003 5092 est
1018 5045 1114 5112 opera
1129 5024 1535 5109 perfectiora,proficicndo
1550 5027 1700 5108 quotidie,

146 5132 224 5208 pter
238 5124 400 5207 Evangelii
414 5124 668 5207 praedicationem
681 5126 816 5188 vinculis
831 5145 900 5188 sum
956 5137 992 5187 ut
1008 5128 1081 5186 sitis
1095 5123 1268 5194 si'aeeri,id
1284 5130 1332 5186 est
1348 5123 1458 5185 mundi
1474 5125 1617 5198 corde,et
1632 5126 1702 5185 sine

123 5243 126 5248 ’
148 5223 287 5306 ligatus3
305 5245 322 5282 a
337 5231 370 5286 et
390 5223 421 5285 in
437 5222 622 5288 defensione
642 5223 805 5306 Evangelii
821 5247 849 5299 a,
868 5225 899 5287 id
955 5228 1087 5302 offensa,
1114 5221 1144 5284 id
1170 5229 1218 5284 est
1241 5228 1372 5303 peccato
1395 5221 1520 5283 mortali
1548 5239 1584 5284 ac
1614 5240 1702 5284 scan-

148 5329 200 5386 est
215 5322 406 5405 evangelica
421 5322 613 5405 logis,quam
629 5329 738 5387 contra
751 5323 829 5386 fidei
846 5323 902 5386 ini·
956 5322 1037 5396 dalo,
1055 5328 1090 5383 ut
1112 5339 1170 5384 nec
1194 5321 1292 5383 [lcum
1318 5319 1489 5383 offendatis
1514 5337 1573 5382 neo
1597 5321 1701 5403 proxi-
