4140 6258
306 498 454 547 nomvrcs
475 499 529 546 vm
551 499 624 548 rosr
644 501 838 548 11111111111111.
858 521 899 532 -
919 503 961 550 An
981 503 1174 569 amreroscs3
1197 507 1296 555 saruc
1316 506 1443 564 omarus
1588 491 1648 555 307

101 682 133 726 se
163 663 282 728 babere
310 666 486 744 caritatem,
516 668 668 734 videlicet
696 672 752 754 qui
780 672 846 752 jam
862 671 888 735 Α
903 675 1074 737 securitate
1102 682 1156 738 aut
1185 676 1310 758 ignavia
1341 677 1547 740 resolvamur.
1577 676 1650 739 Am-

101 761 200 825 mnlta
216 763 300 827 bona
313 763 469 840 lecerunt,
486 775 518 830 et
536 767 592 831 diu
613 769 764 852 estquod
782 788 846 834 non
903 773 999 854 plius,
1024 773 1104 836 dicit
1125 775 1210 856 quod
1237 775 1320 838 sicut
1343 775 1461 857 duplex
1485 781 1534 838 est
1555 774 1648 848 tides,

100 858 230 924 luerunt
245 863 277 924 in
293 871 365 926 actu
380 873 434 928 aut
448 867 611 948 proposito
626 868 748 949 peccati
764 886 846 931 mor·
902 879 980 952 puta
995 870 1139 935 informis
1154 880 1187 935 et
1200 872 1402 948 formata,sie
1416 872 1535 956 duplex
1549 879 1651 936 exstat

101 959 181 1033 talis,
198 967 306 1025 tamen
330 963 435 1025 adhuc
458 965 618 1028 sustinent
639 967 760 1047 primos
780 986 846 1030 mo
902 970 1042 1044 dilectio,
1064 970 1188 1033 scilicet
1211 971 1363 1034 naturalis
1384 979 1479 1053 atque
1499 971 1646 1053 gratuita.

100 1064 161 1132 tus,
178 1059 457 1144 imaginanturquc
477 1064 594 1146 turpia,
610 1071 705 1146 atque
725 1065 847 1149 inquie
901 1067 975 1142 Quae
990 1069 1061 1132 duaa
1075 1069 1262 1132 dilectiones
1277 1077 1396 1132 mutam
1412 1068 1530 1133 habent
1543 1068 1650 1132 allini-

18 1173 87 1221 aar.
100 1155 240 1220 tudinem
257 1160 422 1240 patiuntur
436 1180 615 1224 muscarum
630 1163 845 1236 morientium,
902 1173 999 1229 tatem
1029 1175 1060 1228 et
1089 1167 1348 1248 conjunctionem
1379 1168 1463 1230 inter
1491 1186 1535 1241 sc,
1563 1169 1648 1250 quod

99 1273 169 1336 quaa
189 1256 329 1337 perdunt
349 1259 538 1322 suavitatem
561 1261 726 1341 unguenti,
748 1261 847 1324 idest
902 1282 965 1326 non
986 1271 1089 1346 potest
1108 1265 1203 1328 homo
1222 1266 1403 1329 discernere
1424 1284 1465 1328 an
1487 1284 1580 1328 suum
1601 1266 1648 1328 di-

99 1353 251 1416 orationis
265 1372 302 1416 ac
318 1357 533 1419 meditationis
553 1358 765 1422 dulcedinem.
783 1359 845 1423 Alii
902 1361 1000 1443 ligere
1024 1363 1066 1425 sit
1090 1371 1194 1426 motus
1216 1363 1398 1426 dilectionis
1419 1362 1573 1426 naturalis
1593 1371 1648 1428 aut

100 1451 207 1514 sciunt
229 1471 263 1515 se
292 1455 456 1518 caritatem
488 1455 615 1530 babere,
641 1457 696 1539 qui
723 1458 848 1522 scilicet
903 1461 1002 1542 magis
1021 1461 1165 1542 gratuitae
1183 1479 1190 1523 :
1206 1481 1279 1525 narn
1299 1469 1331 1524 et
1349 1461 1502 1524 naturalis
1517 1461 1647 1526 dilectio

14 1609 18 1618 ,
62 1591 88 1627 m,
99 1557 227 1630 gustant
241 1551 445 1616 dulcedinem
461 1554 529 1628 Dei,
546 1563 577 1617 et
592 1555 624 1617 in
640 1555 759 1637 quibus
775 1565 847 1639 post
900 1577 972 1622 suas
995 1559 1090 1622 habet
1112 1561 1242 1624 delicias
1267 1567 1298 1623 et
1319 1561 1490 1643 quamdam
1513 1560 1648 1623 delecta-

26 1653 88 1690 Ἠ»
101 1649 217 1712 multos
240 1649 337 1714 fletus
361 1670 444 1734 pene
465 1653 641 1716 exstinctus
662 1661 710 1716 est
730 1654 844 1731 lomes,
900 1657 1030 1720 tionem.
1047 1693 1088 1704 —
1102 1657 1199 1720 blulta
1217 1659 1279 1721 alia
1294 1658 1407 1721 scribit
1421 1657 1460 1720 de
1476 1657 1536 1721 ista
1551 1665 1647 1722 mate·

99 1755 132 1808 ut
157 1748 189 1810 in
214 1749 311 1812 blaria
330 1751 512 1832 blagdalene
534 1759 565 1816 et
587 1753 620 1814 in
642 1753 737 1815 llaria
756 1755 845 1837 AEgy-
900 1756 957 1829 ria,
982 1763 1115 1838 tangens
1139 1765 1171 1819 et
1195 1757 1265 1830 boc,
1291 1757 1375 1838 quod
1400 1756 1535 1820 verbum
1566 1757 1644 1820 illud

97 1847 210 1928 ptiaca.
232 1848 365 1931 lnsuper
385 1850 458 1931 (ait)
476 1851 595 1933 duplex
616 1859 664 1915 est
685 1853 818 1916 scientia
835 1871 842 1916 ε
862 1855 1087 1926 BSalomonis,
1103 1857 1210 1919 Nescit
1230 1857 1324 1919 bomo
1342 1875 1382 1918 an
1403 1872 1511 1920 amore
1530 1857 1645 1937 dignus
1658 1879 1792 1932 aceensa.

97 1965 160 2008 una
182 1948 455 2029 experimentalis,
481 1969 551 2032 quaa
575 1957 623 2013 est
651 1969 709 2033 per
736 1950 844 2034 aliqua
899 1954 950 2026 sit,
960 1953 1149 2035 intelligitur
1164 1955 1203 2017 de
1218 1972 1325 2017 amore
1341 1954 1643 2036 predestinationis:

96 2045 206 2125 signa;
222 2045 285 2108 alia
299 2047 429 2130 proprie
444 2048 528 2110 dictu
543 2049 688 2123 scientia,
705 2069 776 2132 quae
796 2058 845 2112 est
898 2053 982 2134 quod
1008 2061 1114 2115 tamen
1136 2054 1175 2116 de
1196 2071 1304 2116 amore
1327 2053 1493 2136 praesentis
1513 2053 1645 2134 justitie

96 2144 235 2224 cognitio
260 2145 397 2228 alicujus
420 2165 478 2228 per
499 2165 532 2210 se
555 2148 633 2222 noti,
650 2155 685 2210 ut
705 2149 738 2210 in
758 2150 844 2231 prin·
897 2151 937 2213 ab
958 2151 1029 2214 aliis
1052 2153 1247 2233 explanatur.

96 2242 202 2324 cipiis,
227 2251 283 2306 aut
307 2244 445 2327 alicujus
474 2245 539 2308 noti
569 2265 608 2308 ex
638 2246 711 2308 illis.
738 2247 843 2311 Primo
938 2252 1098 2316 Postremo
1123 2253 1202 2314 mibi
1225 2251 1362 2325 videtur,
1387 2251 1473 2334 quod
1497 2251 1645 2334 quamvis

97 2341 190 2404 modo
207 2351 309 2424 potest
324 2344 441 2426 aliquis
456 2345 539 2408 scire
554 2363 589 2408 se
604 2345 768 2408 caritatem
789 2347 842 2408 ba·
897 2351 998 2412 multa
1028 2359 1187 2433 ponantur
1212 2351 1330 2413 indicia
1358 2369 1415 2432 per
1443 2369 1514 2432 que
1537 2350 1646 2432 aliquo

96 2437 180 2502 bere.
204 2439 243 2502 Et
265 2441 318 2504 illa
338 2443 429 2525 signa
448 2450 524 2506 sunt
542 2443 611 2505 tria.
634 2443 774 2506 Primum
795 2450 843 2506 est
898 2449 992 2511 modo
1007 2466 1198 2530 cognoscere
1218 2455 1323 2531 potest
1342 2449 1438 2512 homo
1457 2468 1496 2511 an
1517 2449 1550 2510 in
1567 2449 1646 2510 cari-

92 2536 277 2616 jucunditas
306 2541 422 2604 mentis
453 2541 487 2603 in
517 2541 622 2621 bono;
652 2543 840 2616 secundum,
897 2553 960 2609 tate
988 2548 1130 2621 exsistat,
1157 2546 1283 2610 nullum
1313 2554 1419 2610 tamen
1450 2547 1568 2610 certius
1597 2553 1646 2609 est

93 2635 176 2699 bona
196 2638 376 2720 desideria3
396 2639 537 2714 tertium,
559 2639 642 2704 bona
661 2657 766 2723 opera.
789 2641 841 2704 Se·
897 2645 1137 2727 signum,quam
1150 2646 1227 2707 dum
1240 2646 1336 2708 homo
1352 2645 1580 2709 conscientiam
1596 2664 1647 2707 su·

92 2736 198 2798 cundo
220 2737 314 2800 modo
333 2738 441 2800 nullus
460 2738 521 2801 scit
540 2758 573 2802 sc
593 2737 710 2802 habere
731 2741 842 2802 cariu-
896 2762 946 2806 am
963 2743 1045 2806 bene
1060 2744 1246 2816 discutiens,
1264 2744 1387 2806 invenit
1403 2761 1436 2806 se
1451 2761 1546 2806 omne
1563 2761 1646 2805 mor·

92 2841 168 2908 tem,
186 2821 250 2897 11ἷαί
267 2854 325 2918 per
344 2836 581 2900 revelationem.
599 2837 841 2919 Dispensatione
896 2841 958 2904 tale
974 2849 1139 2924 peccatum
1157 2841 1339 2905 cordialiter
1352 2841 1534 2914 abhorrere,
1544 2841 1645 2903 vitare

92 2951 168 3014 ergo
192 2933 303 2996 divina
326 2934 366 2997 lit
389 2943 425 2998 ut
447 2935 555 3018 aliquo
583 2937 677 2999 modo
701 2937 841 3000 sciamus
897 2947 929 3001 et
943 2959 1071 3022 semper
1084 2938 1194 3022 lugere
1209 2939 1301 3002 velle.
1319 2939 1439 3021 Itaque,
1454 2939 1545 3021 juxta
1560 2939 1645 3021 prin-

91 3049 149 3094 nos
174 3051 246 3095 esse
271 3033 304 3095 in
328 3033 459 3097 caritate
480 3051 487 3096 :
509 3033 624 3117 primo,
645 3041 681 3096 ut
700 3035 840 3118 aliquam
856 3038 878 3102 G
897 3037 978 3118 cipis
1004 3035 1229 3118 Apostolorum
1258 3037 1448 3111 doctrinam,
1475 3055 1532 3118 per
1560 3035 1644 3098 bona
1674 3056 1790 3111 trram,

91 3131 342 3196 consolationem
366 3131 540 3196 babeamus
566 3133 599 3195 in
624 3133 763 3196 miseriis
785 3153 841 3198 se-
896 3152 992 3217 opera
1017 3141 1136 3197 certam
1161 3135 1315 3198 iaciamus
1340 3142 1481 3198 nostram
1506 3134 1643 3198 vocatio·
1658 3123 1691 3163 ¹⁰·

90 3230 155 3292 culi
178 3229 296 3311 hujus3
317 3233 468 3306 secundo,
489 3239 525 3293 ut
542 3233 608 3295 Deo
625 3231 742 3314 gratias
763 3232 841 3296 refe-
895 3253 981 3308 nem,
993 3241 1025 3296 et
1039 3232 1135 3314 hujus
1150 3233 1293 3316 epistolae
1309 3233 1500 3316 impleamus
1514 3239 1643 3296 strenue

91 3345 223 3406 ramus;
239 3329 343 3404 tertio,
360 3336 395 3392 ut
410 3346 622 3412 provocemur
639 3332 678 3393 ad
698 3331 838 3394 meliora.
895 3333 1096 3406 documenta,
1122 3338 1157 3394 ut
1180 3331 1281 3395 simus
1309 3333 1442 3395 heredes
1466 3331 1534 3407 liei,
1559 3331 1643 3394 bona

89 3425 210 3508 Aliquo
228 3427 325 3490 etiam
350 3428 445 3491 mode
469 3428 555 3492 istud
575 3429 761 3492 nescimus:
779 3429 842 3511 pri·
894 3430 1002 3512 gloriae
1023 3429 1215 3494 eternaliter
1235 3430 1438 3512 possidendo,
1457 3430 1642 3494 coheredes·

89 3540 154 3599 mo,
173 3532 210 3586 ut
229 3525 387 3590 cautiores
406 3525 519 3601 simus,
539 3535 571 3590 et
590 3527 691 3608 magis
710 3527 839 3590 solliciti
894 3547 957 3610 que
973 3527 1100 3602 christi,
1117 3527 1177 3590 hoc
1192 3535 1251 3602 eat,
1268 3527 1475 3590 beatitudiuis
1493 3547 1558 3592 sue
1574 3519 1644 3609 par·

87 3621 127 3684 de
148 3629 259 3686 nostra
279 3624 381 3686 salute
393 3641 402 3704 ;
423 3625 575 3700 secundo,
596 3633 632 3688 ut
651 3625 839 3688 humiliores
893 3627 1019 3709 ticipes,
1050 3634 1116 3688 tam
1146 3626 1294 3690 increata
1322 3625 1529 3689 beatitudinis
1559 3625 1641 3707 ejus,

86 3720 204 3796 simus,
230 3727 262 3784 et
289 3739 418 3785 omnem
449 3723 732 3806 presumptionem
761 3723 840 3786 vite·
894 3742 991 3806 quam
1012 3724 1108 3787 habet
1127 3724 1160 3787 in
1180 3731 1336 3807 quamam
1357 3725 1452 3800 Deus,
1469 3742 1565 3808 quam
1588 3724 1642 3787 be·

86 3837 184 3896 mus;
207 3819 313 3894 tertio,
334 3829 370 3883 ut
393 3821 494 3884 simus
516 3822 617 3903 magis
639 3821 790 3896 timorati,
808 3829 840 3884 et
893 3822 1059 3885 atitudinis
1087 3841 1153 3887 suae
1181 3830 1305 3898 create,
1336 3842 1433 3906 quam
1463 3823 1640 3888 secundum

86 3917 118 3979 in
141 3917 238 3980 bonis
257 3918 410 4002 operibus
430 3919 644 3996 instantiores,
663 3939 722 3984 nec
742 3939 841 4004 prava
893 3927 1090 4003 assumptam
1112 3920 1208 3984 habet
1229 3921 1471 3984 humanitatem.

630 4349 822 4437 SERMO
856 4349 1108 4454 QUINTUS

480 4618 519 4666 DE
545 4618 681 4665 vtrurtnu
707 4617 868 4666 utroutttst
895 4618 932 4665 Π
958 4617 1045 4665 FIGTA
1070 4616 1249 4664 DRVOTIONE.

168 4897 424 4960 FRUCTIBUS
443 4917 555 4959 eorum
569 4897 761 4976 cognoscetis
775 4917 836 4960 eos.
852 4896 878 4960 D
893 4914 973 4980 quos
990 4895 1082 4978 jubet
1102 4913 1172 4961 esso
1191 4897 1359 4973 cavendos,
1377 4917 1417 4963 ne
1435 4917 1545 4964 eorum
1568 4919 1639 4984 per-

168 4995 281 5059 blatth.
299 5012 354 5068 vu,
371 4993 419 5058 to.
893 4995 1107 5070 suasionibus,
1119 4995 1386 5078 suggestionibus,
1399 4997 1638 5076 calliditatibus,

120 5094 275 5158 Christus
301 5093 334 5155 in
359 5092 524 5175 evangelio
552 5093 706 5156 hodierno
733 5093 836 5168 docet,
893 5093 1080 5157 fictionibus
1102 5095 1174 5176 quis
1196 5095 1304 5158 credat
1324 5113 1361 5159 ae
1379 5095 1556 5159 seducatur.
1578 5098 1639 5161 Sed

78 5211 154 5256 esse
177 5191 338 5274 quosdam
361 5191 556 5254 mendaciter
576 5191 745 5267 virtuosos,
762 5191 838 5255 licta
893 5211 993 5275 quum
1008 5192 1086 5256 alibi
1101 5193 1244 5257 Salvator
1263 5193 1355 5258 nobis
1375 5194 1544 5276 prohibeat
1556 5188 1787 5276 judi-'‘m'’

73 5293 201 5376 justos,
219 5297 298 5374 puta
311 5289 492 5373 hypocritas
511 5297 544 5352 et
564 5289 659 5355 lalsos
678 5291 835 5366 doctores,
892 5309 974 5364 care,
990 5290 1151 5372 quomodo
1172 5309 1258 5354 nunc
1281 5291 1426 5373 praecipit
1446 5290 1539 5355 nobis
1560 5293 1638 5358 tales
1654 5251 1745 5358 {ptus
1757 5265 1787 5306 η’
