4206 6258
464 825 879 952 DOMlNlCA
925 821 1115 950 XXV
1163 821 1375 947 POST
1422 819 1939 946 TRlNlTATEll

612 1469 915 1558 nnnnnfflo
947 1469 1002 1556 IN
1036 1467 1332 1554 LECTIONEM
1363 1466 1496 1554 LOCO
1529 1464 1794 1553 EPISTOLAE

909 1722 983 1771 neos
1003 1722 1073 1770 nrns
1093 1721 1236 1771 remum.
1252 1706 1312 1770 lar.
1329 1723 1417 1781 xxm,
1434 1704 1497 1769 5-8.

499 1985 669 2050 UONlAld
693 1983 854 2048 dominica
877 1982 938 2046 ista
962 1981 1108 2065 proxima
1128 1983 1215 2046 esth
1269 1984 1313 2044 Et
1334 1984 1483 2060 repondit
1502 1984 1586 2052 Rea,
1602 1980 1663 2046 hoc
1683 1989 1743 2056 est,
1760 1981 1902 2046 Christus
1917 2001 1966 2066 per

430 1982 682 2184 Odominicae
710 2083 874 2146 Adventus
902 2081 1029 2156 Christi,
1056 2081 1177 2145 idcirco
1229 2078 1340 2154 iidem,
1367 2081 1531 2143 caritatem
1555 2088 1587 2143 et
1610 2081 1745 2162 gratiam
1769 2082 1966 2164 spiritualiter

426 2201 514 2245 nunc
530 2182 647 2263 legitur
662 2181 731 2244 loco
747 2179 900 2262 epistole,
918 2178 1011 2242 lectio
1027 2178 1087 2241 ista
1106 2195 1176 2260 pro
1230 2179 1376 2260 regnabit
1396 2179 1428 2242 in
1453 2179 1548 2243 corde
1571 2179 1772 2242 credentium
1797 2181 1854 2263 qui
1874 2182 1901 2243 ei
1921 2181 1965 2243 do-

426 2280 555 2364 phetica
579 2279 665 2362 apud
687 2279 857 2342 teremiam
883 2277 1012 2359 scripta,
1036 2276 1114 2358 quin
1142 2275 1175 2338 in
1229 2276 1384 2339 serviunt.
1399 2275 1457 2340 Per
1477 2277 1622 2360 praelatos
1643 2295 1771 2359 quoque
1791 2285 1825 2340 ct
1843 2279 1965 2342 vicerim

427 2378 535 2442 verbis
565 2376 711 2440 lectionis
740 2376 844 2451 istius,
874 2375 990 2438 Christi
1019 2375 1174 2437 adventus
1229 2391 1303 2437 suos
1324 2383 1439 2457 praest
1460 2375 1621 2438 fidelibus.
1644 2375 1761 2458 Sicqne
1782 2376 1826 2439 ab
1849 2377 1966 2440 exordio

429 2477 636 2560 prophetatus
657 2475 783 2557 legitur,
801 2474 1020 2556 divinitusque
1042 2471 1175 2556 promis·
1229 2473 1401 2556 primitivae
1424 2473 1583 2548 Ecclesiae,
1611 2476 1755 2556 regnavit
1779 2475 1814 2538 in
1839 2475 1967 2538 Ecclesia

301 2593 399 2646 rmus.
428 2595 482 2638 sus
504 2581 561 2637 est.
582 2573 634 2636 Ait
658 2573 765 2655 itaquo
789 2571 1007 2635 sanctificatus
1030 2570 1063 2634 in
1084 2578 1175 2634 utero
1229 2571 1391 2648 militanti,
1408 2581 1440 2636 et
1461 2591 1548 2636 nunc
1570 2581 1681 2656 regnat
1705 2574 1739 2636 in
1761 2574 1902 2638 Ecclesia
1920 2575 1967 2637 tri·
2080 2607 2081 2664 p

425 2673 578 2738 ieremias
608 2670 763 2755 propheta
789 2690 796 2736 :
821 2673 904 2734 Doce
931 2671 1001 2731 dies
1025 2671 1173 2740 veniunt,
1230 2670 1407 2751 umphanti.
1428 2671 1494 2734 lmo
1515 2671 1659 2735 Christus
1683 2673 1862 2736 secundnm
1885 2692 1964 2736 snam
2080 2689 2081 2698 ¹

427 2775 509 2834 dicit
523 2773 695 2842 Dominus,
711 2780 742 2831 et
756 2771 927 2840 suscitabo,
944 2769 1050 2843 idest,
1067 2768 1099 2830 in
1114 2774 1174 2830 ter·
1229 2775 1375 2832 naturam
1399 2777 1607 2852 assumptam,
1629 2770 1780 2852 praelatus
1803 2779 1852 2834 est
1873 2772 1965 2835 omni-

426 2887 462 2932 ra
477 2867 602 2950 concipi
617 2866 825 2948 generarique
840 2865 968 2941 faciam,
979 2866 1090 2928 David
1100 2883 1173 2942 per·
1227 2866 1289 2930 bus
1304 2868 1746 2950 creaturis,qucmadmodum
1761 2879 1962 2934 contestatur:

426 2987 500 3028 men
512 2968 656 3044 justum,
673 2965 705 3027 id
724 2972 773 3027 est
792 2964 964 3040 Christum,
981 2964 1037 3046 qni
1062 2981 1173 3026 secun·
1228 2966 1305 3030 Data
1326 2974 1375 3030 est
1396 2967 1476 3030 mihi
1498 2968 1603 3031 omnis
1624 2976 1765 3050 potestas
1786 2969 1820 3033 in
1843 2969 1920 3033 coelo
1938 2977 1964 3032 et
1996 2989 2046 3032 nas

427 3067 505 3128 dum
520 3072 664 3129 naturam
680 3064 864 3138 humanam,
882 3064 921 3127 dc
936 3063 1058 3126 semine
1073 3061 1173 3125 David
1228 3065 1369 3130 interra.
1386 3065 1472 3129 Alibi
1491 3083 1618 3148 quoque
1637 3067 1756 3130 dicitur
1772 3087 1779 3134 :
1796 3069 1886 3132 Pater
1903 3059 2061 3158 dillffiiue

427 3162 510 3245 regis
526 3171 682 3226 natusest
698 3181 737 3225 ex
752 3162 880 3244 Virgine
895 3163 1041 3244 gloriosa,
1058 3179 1173 3224 secun·
1188 3162 1211 3225 B
1227 3163 1274 3244 git
1293 3164 1420 3239 Filium,
1441 3171 1473 3227 ot
1491 3165 1599 3229 omnia
1617 3165 1706 3229 dedit
1724 3166 1757 3229 in
1778 3186 1876 3231 manu
1892 3167 1963 3248 ejus.
1977 3183 2002 3222 ²⁵-

291 3285 356 3334 ηοω.
369 3300 383 3342 ι,
392 3291 413 3333 a.
427 3264 505 3326 dum
525 3262 605 3325 illud
624 3263 663 3324 ad
678 3262 836 3325 Romanos
853 3280 859 3325 :
877 3261 989 3324 Factus
1004 3268 1053 3324 est
1067 3281 1106 3324 er
1126 3281 1173 3326 se·
1227 3261 1308 3323 llinc
1331 3260 1457 3325 Gabriel
1480 3261 1561 3324 dixit
1583 3262 1688 3327 Maria
1705 3283 1711 3327 :
1728 3263 1823 3326 Dabit
1844 3264 1891 3328 illi
1914 3266 1965 3327 ne
1987 3289 2019 3331 ne
2034 3291 2058 3331 ,lt

428 3362 516 3425 mine
529 3361 627 3425 David
642 3360 819 3423 secundum
835 3377 973 3424 carnem.
985 3359 1105 3424 Idcirco
1121 3378 1175 3424 vo-
1228 3359 1335 3422 minus
1360 3359 1443 3423 Deus
1467 3361 1576 3424 sedem
1597 3361 1697 3424 David
1720 3363 1822 3444 patris
1846 3363 1924 3444 ejus,
1938 3357 2001 3426 et³²

428 3469 518 3525 catur
530 3461 654 3542 justum
669 3459 852 3541 germemid
867 3466 914 3522 est
929 3467 1056 3522 sanetus
1071 3458 1172 3537 lilius,
1228 3458 1374 3540 regnabit
1397 3458 1430 3520 in
1454 3458 1549 3522 domo
1571 3459 1667 3522 lacob
1693 3460 1727 3522 in
1750 3469 1916 3536 aeternum,
1938 3469 1965 3523 et

428 3561 511 3641 regis
536 3559 643 3622 David.
670 3558 758 3621 Unde
781 3558 821 3620 ad
844 3557 1006 3638 Virginem
1032 3567 1172 3622 sanctam
1229 3556 1318 3638 regni
1338 3556 1409 3637 ejus
1427 3573 1492 3620 non
1512 3557 1573 3620 erit
1587 3556 1673 3621 linis.
1691 3558 1780 3632 Quod
1794 3566 1828 3622 et
1842 3561 1881 3624 ab
1895 3560 1966 3623 lsaia
1982 3585 2057 3629 rma·

293 3659 558 3740 cuc.1,u.angelus
583 3657 664 3720 dixit
689 3677 696 3721 :
722 3655 815 3719 Dabit
839 3655 887 3717 illi
911 3655 1065 3719 Dominus
1088 3658 1173 3720 Deus
1228 3655 1429 3737 apertissime
1446 3661 1495 3718 est
1514 3656 1713 3737 praedictum.
1731 3657 1775 3720 De
1794 3677 1861 3741 quo
1879 3659 1965 3722 etiarn

428 3758 536 3819 sedem
552 3756 650 3819 David
666 3755 765 3837 patris
780 3753 860 3835 ejus.
878 3754 917 3817 Et
930 3761 1015 3817 recte
1031 3755 1173 3819 Christus
1228 3755 1314 3836 apud
1334 3755 1484 3818 eumdem
1508 3755 1623 3836 legitur
1643 3757 1870 3838 prophetatum
1891 3777 1899 3820 :
1918 3759 2061 3827 Durum.

427 3862 557 3918 vocatus
573 3862 621 3916 est
633 3853 756 3934 justum
771 3852 960 3934 germen,de
971 3871 1035 3935 quo
1048 3853 1174 3917 Gabriel
1230 3853 1337 3916 minus
1353 3852 1452 3934 judex
1476 3861 1594 3930 noster,
1612 3853 1767 3918 Dominus
1791 3855 1905 3939 legiler
1921 3851 2002 3919 nol*

293 3975 352 4021 rasa.
366 3977 399 4022 aa.
427 3952 508 4016 dixit
522 3951 736 4026 llariaezouod
753 3969 791 4014 ex
807 3959 839 4014 te
854 3959 1001 4014 nascetur
1015 3960 1172 4029 sanctum,
1229 3959 1304 4026 ster,
1325 3951 1478 4016 Dominus
1503 3971 1557 4015 rex
1582 3959 1700 4028 noster,
1722 3955 1790 4036 ipse
1815 3957 1920 4019 veniet
1939 3963 1965 4017 et

427 4051 594 4114 vocabitur
618 4050 716 4112 Ullius
739 4049 805 4112 Dei.
827 4050 952 4132 Deque
974 4051 1174 4134 etiamapud
1228 4050 1364 4114 salvabit
1389 4067 1456 4126 nos.
1480 4051 1625 4134 Denique
1649 4051 1775 4116 Christo
1797 4056 1964 4118 secundum

300 4150 540 4224 1e.m.r.lsaiam
556 4149 672 4230 legitur
689 4165 696 4210 :
713 4148 916 4230 iniquitatem
933 4167 995 4212 non
1012 4149 1098 4225 lecit,
1115 4169 1174 4213 nec
1228 4157 1397 4232 utramque
1425 4169 1516 4212 snam
1544 4157 1691 4214 naturam
1722 4153 1879 4236 competit
1907 4171 1966 4216 esse

428 4251 577 4313 inventus
595 4254 645 4311 est
663 4247 755 4311 dolus
778 4247 810 4309 in
832 4265 886 4312 ore
905 4247 985 4330 ejus.
1003 4248 1090 4312 Unde
1110 4249 1175 4313 Ste·
1229 4266 1335 4328 regern
1354 4248 1454 4330 :quia
1472 4255 1507 4309 ut
1528 4247 1622 4323 Deus,
1638 4255 1687 4312 est
1705 4267 1761 4312 rex
1779 4269 1838 4332 per
1858 4251 1966 4315 increa-

428 4348 552 4430 phanus
578 4345 782 4430 primicerius
812 4353 987 4430 martyrum
1011 4347 1057 4409 nit
1079 4344 1211 4412 obsti-C
1228 4354 1292 4409 tam
1317 4347 1556 4427 auctoritatem
1577 4355 1608 4410 et
1632 4355 1667 4409 ut
1690 4347 1798 4424 homo,
1821 4369 1880 4432 per
1902 4367 1967 4412 oon-

280 4533 314 4574 ⁵²·
428 4544 614 4608 occiderunt
632 4560 686 4606 eos
706 4543 761 4624 qni
780 4543 1104 4606 annuntiaveruntde
1123 4545 1175 4606 ad·
1228 4545 1292 4604 erit
1308 4563 1319 4603 :
1334 4543 1409 4625 quia
1429 4543 1462 4606 in
1484 4551 1639 4625 quantum
1660 4545 1755 4621 Deus,
1776 4547 1905 4629 sapiens
1926 4553 1966 4609 est

427 4649 525 4706 ventu
548 4641 639 4714 lusti,
664 4640 756 4721 cujus
782 4659 838 4703 vos
857 4641 1042 4723 'proditores
1067 4650 1098 4704 et
1122 4642 1175 4705 ho
1228 4641 1384 4724 sapientia
1408 4641 1549 4705 increata
1568 4649 1600 4704 et
1621 4642 1760 4718 inlinita,
1782 4645 1849 4708 imo
1869 4664 1966 4710 essen·

428 4741 553 4804 mioidae
578 4738 693 4802 fuistis.
721 4740 764 4801 De
788 4739 838 4802 his
863 4739 975 4802 diebus
1000 4740 1111 4804 scribit
1135 4741 1174 4804 ad
1227 4738 1344 4803 tialiter
1363 4747 1412 4803 cst
1430 4741 1500 4825 ipsa
1514 4740 1683 4824 Sapientia.
1702 4743 1790 4806 Unde
1803 4743 1967 4827 Apostolus

281 4861 411 4914 camna.
428 4839 551 4904 Galatas
579 4837 748 4919 Apostolus
775 4855 782 4899 ε
809 4837 867 4901 Ubi
892 4839 980 4901 venit
1009 4839 1174 4920 plenitudo
1228 4837 1389 4902 Christum
1408 4839 1465 4903 Dei
1485 4839 1636 4903 virtutem
1656 4847 1688 4904 et
1708 4841 1765 4904 Dei
1784 4843 1966 4925 sapientiam
1979 4849 2076 4902 lta-rial

427 4937 593 5020 temporis,
611 4935 698 4998 misit
717 4936 800 4999 Deus
820 4935 936 4999 Filium
955 4956 1059 4999 suum.
1077 4937 1115 4998 Ut
1134 4938 1173 5000 de
1227 4936 1380 5000 nominat.
1403 4937 1564 5020 Sapientia
1588 4957 1726 5021 namque
1749 4942 1969 5025 appropriatur

293 5057 325 5104 ιι.
339 5059 398 5111 ma.
427 5037 571 5119 germine
588 5035 649 5097 isto
667 5034 823 5116 scriptum
839 5042 888 5097 est
903 5035 934 5096 in
949 5035 1030 5098 lsaia
1047 5055 1054 5100 :
1070 5036 1105 5098 ln
1121 5036 1172 5098 die
1226 5035 1316 5110 Filio,
1333 5036 1602 5117 quemadmodum
1617 5057 1679 5112 ars,
1695 5039 1813 5102 veritas
1827 5049 1860 5104 et
1874 5060 1970 5104 exem·

426 5136 492 5210 illa,
517 5133 666 5198 videlicet
694 5140 838 5216 tempore
867 5134 1057 5215 evangelican
1081 5134 1170 5216 legis,
1226 5134 1306 5217 pler,
1332 5135 1407 5217 quia
1435 5135 1580 5218 procedit
1606 5155 1626 5198 a
1649 5137 1739 5200 Patre
1769 5157 1827 5222 per
1851 5139 1967 5204 intelle

426 5235 488 5298 erit
510 5251 641 5316 germen
666 5231 793 5294 Domini
819 5232 851 5293 in
877 5232 1116 5314 magnificentia
1140 5241 1172 5296 et
1226 5234 1423 5296 ctum.Porr0
1437 5235 1613 5298 secundnm
1628 5243 1773 5300 naturam
1789 5238 1966 5312 humanam,

425 5332 536 5418 gloria,
552 5339 584 5394 et
604 5331 725 5394 fructus
745 5337 837 5394 terrae
855 5330 1013 5394 sublimis.
1225 5333 1352 5418 sapiens
1381 5340 1429 5395 est
1452 5333 1608 5416 sapientia
1630 5343 1735 5400 creata
1760 5336 1879 5414 inlusa,
1904 5359 1968 5422 qua

279 4467 413 4520 aenaim,
428 4447 510 4509 natis
529 4443 646 4509 Judaeis
667 4464 674 4509 :
696 4445 780 4506 Dure
801 4445 937 4519 cervice,
955 4452 1060 4527 patres
1077 4447 1174 4509 vestri
1229 4462 1350 4507 cessam
1367 4444 1400 4506 in
1417 4451 1561 4527 tempore
1577 4451 1777 4526 potestatem.
1788 4449 1834 4509 m
1849 4451 1968 4525 sopiens
