4206 6258
438 485 498 551 610
764 505 912 553 noumrcr
932 507 1009 553 xxm
1028 506 1103 552 rosr
1121 503 1314 551 mmrrsruu.
1334 522 1375 532 -
1395 503 1493 550 seruo
1514 503 1667 550 succubus

440 676 591 758 derogare
619 676 732 741 honori
757 685 789 741 et
812 677 950 741 libertati
982 677 1092 761 populi
1117 676 1184 739 Dei.
1200 675 1290 739 Ater
1304 693 1340 738 ac
1357 673 1682 758 irreprehensibiliter
1696 671 1899 754 responderet,
1912 670 1958 732 sic-

438 775 665 839 Verumtamen
689 777 837 840 Pharisaei
866 778 965 859 magis
995 777 1147 858 optabant
1169 793 1188 836 a
1242 793 1305 857 que
1320 773 1529 838 contunderet
1543 790 1598 836 cos
1617 791 1653 834 ac
1674 776 1844 854 superaret.
1859 773 1959 832 Dicunt

441 874 565 938 Christo
593 875 704 938 audire
734 893 796 939 non
827 894 897 938 esse
927 875 1126 948 solvendum,
1152 881 1188 936 ut
1242 876 1273 933 ei
1289 895 1300 934 :
1316 876 1465 944 Caesaris,
1481 880 1557 955 puta
1580 870 1709 942 Tiberii,
1727 869 1786 932 sub
1805 887 1865 950 quo
1882 869 1959 931 conti-

440 973 601 1035 tradercnt
621 992 695 1035 eum
716 974 866 1038 Romanis
888 974 927 1036 ad
949 973 1169 1037 occidendum.
1241 973 1288 1053 git
1308 973 1403 1046 istud,
1420 980 1452 1034 et
1471 971 1531 1034 sub
1552 989 1615 1053 quo
1633 988 1747 1053 passus
1767 977 1814 1031 est
1832 967 1958 1031 Christus.

481 1073 617 1149 Coyuita
641 1081 750 1133 autem
773 1075 866 1132 Iesus
890 1073 1052 1151 nequitia,
1078 1070 1111 1132 id
1140 1077 1189 1132 est
1245 1075 1335 1132 Tuuc
1358 1073 1407 1131 ait
1432 1073 1501 1130 iuis
1521 1092 1532 1130 .·
1554 1071 1695 1132 Reddite
1719 1087 1794 1146 erpo
1817 1087 1883 1147 quar
1901 1077 1959 1126 suut

440 1169 645 1233 simulatione
667 1178 698 1232 et
717 1169 920 1232 fraudulenta
942 1169 1187 1243 machinatione,
1244 1172 1393 1241 Caesarie,
1405 1171 1539 1240 Caesari,
1552 1176 1661 1251 utpote
1676 1165 1959 1240 censum,tributum

441 1288 566 1340 eorum,
577 1271 626 1330 ait
637 1291 648 1330 .·
660 1271 748 1338 Quid
762 1289 811 1329 me
828 1271 973 1339 tentatis,
985 1269 1189 1346 hypocritae?
1243 1274 1274 1329 et
1299 1267 1533 1348 subjectionem
1557 1267 1590 1329 in
1613 1264 1841 1343 exterioribus;
1863 1275 1890 1324 et
1906 1285 1960 1344 quo

440 1367 536 1431 Recte
566 1367 691 1430 vocavit
719 1385 772 1429 eos
801 1367 992 1450 hypocritas,
1019 1365 1074 1447 qui
1103 1365 1189 1427 aliud
1243 1377 1320 1427 sunt
1335 1367 1414 1437 Dei,
1429 1369 1508 1438 Deo,
1523 1365 1556 1428 id
1577 1373 1636 1440 est,
1652 1384 1725 1446 quae
1747 1364 1811 1427 Deo
1833 1361 1961 1426 debentur

443 1472 543 1538 crant,
565 1473 597 1528 et
617 1465 705 1527 aliud
728 1465 945 1528 simulabant:
963 1483 1048 1538 nam,
1070 1470 1106 1525 ut
1128 1462 1189 1524 Lu·
1243 1464 1357 1527 solvite
1380 1464 1421 1539 ei,
1445 1463 1595 1527 videlicet
1618 1463 1808 1537 oblationes,
1830 1469 1860 1524 et
1879 1469 1961 1524 cetera

295 1579 429 1633 naaman.
443 1582 495 1626 cas
514 1565 568 1638 ait,
588 1564 690 1644 justos
713 1583 747 1626 se
770 1563 974 1637 simulabant,
994 1581 1095 1644 quum
1119 1581 1189 1644 pes·
1243 1582 1314 1644 quae
1338 1563 1371 1624 in
1396 1560 1465 1643 lege
1488 1561 1597 1624 divina
1624 1561 1792 1642 jubentur,
1815 1561 1961 1642 presertim

443 1663 515 1724 simi
531 1661 661 1724 luerint.
672 1662 767 1725 Porro
782 1670 914 1736 tentare,
926 1669 975 1724 est
989 1660 1189 1743 experimen·
1244 1661 1414 1724 cordialcm
1436 1660 1680 1742 subjectionem.
1697 1659 1771 1722 llaec
1790 1665 1888 1721 autern
1906 1657 1962 1720 sub·

442 1767 511 1822 tum
534 1760 573 1822 dc
593 1760 701 1842 aliquo
722 1779 848 1824 sumere
867 1778 873 1822 :
890 1768 922 1823 et
943 1760 1070 1842 quando
1094 1759 1126 1821 id
1150 1758 1190 1820 iit
1241 1760 1528 1841 jecticiudaeorum
1546 1759 1578 1821 in
1594 1757 1827 1842 temporalibus
1839 1765 1867 1819 ct
1881 1775 1964 1839 corpo

443 1859 619 1922 intentione
644 1858 774 1922 fallendi
800 1860 867 1921 sive
892 1858 1039 1932 nocendi,
1059 1861 1227 1924 vocaturB
1244 1858 1363 1920 ralibus
1377 1858 1437 1920 sub
1450 1857 1681 1932 Romanis‚non
1692 1856 1854 1937 derogavit
1864 1855 1965 1938 spiritu·

442 1957 574 2021 tentatio
599 1956 723 2031 vitiosa,
750 1976 812 2040 qua
842 1957 965 2021 daemon
995 1965 1027 2019 θῖ
1050 1958 1190 2018 mundus
1242 1955 1285 2018 ali
1301 1955 1438 2018 libertati
1454 1963 1486 2018 et
1501 1955 1694 2036 subiectioni
1709 1972 1823 2017 eorum
1840 1953 1962 2016 subileo.

440 2054 543 2136 justos
565 2073 651 2117 nunc
671 2062 803 2117 tentant.
821 2055 936 2137 Sicque
956 2054 1008 2116 isti
1026 2054 1191 2117 tentabant
1283 2058 1327 2117 m
1348 2056 1519 2115 audientes
1542 2053 1787 2136 responsionem
1811 2051 1913 2116 Christi
1934 2053 1965 2115 ir-

442 2153 613 2217 (lhristum.
630 2153 699 2217 Non
720 2154 807 2217 enim
829 2152 1074 2216 sciscitabantur
1094 2161 1129 2214 ut
1147 2153 1191 2215 di·
1243 2152 1540 2235 reprehensibilem,
1556 2155 1676 2212 mirati
1698 2161 1790 2213 suut.
1811 2151 1964 2214 &cundum

442 2258 568 2314 scercnt
591 2253 769 2328 veritatem,
796 2252 851 2314 sed
880 2258 916 2312 ut
944 2251 1190 2332 respondentem
1242 2251 1690 2333 Hieronymummirabantur
1705 2250 1794 2332 quod
1809 2267 1906 2312 eorum
1920 2249 1967 2311 cal

443 2368 482 2412 ex
505 2351 634 2434 propria
658 2351 865 2436 responsione
887 2357 1064 2432 gravarent.
1083 2353 1191 2413 Osteu-
1243 2349 1349 2412 liditas
1373 2367 1438 2412 non
1468 2349 1591 2412 invenit
1614 2348 1791 2410 insidiandi
1820 2348 1922 2420 locum,
1942 2348 1966 2408 id

442 2449 512 2509 dite
531 2451 617 2510 miti
637 2453 802 2510 numisma
824 2469 949 2519 census,
971 2449 1002 2510 id
1028 2455 1074 2511 est
1098 2467 1190 2510 num·
1243 2455 1301 2521 θεῖ,
1318 2447 1402 2530 quod
1424 2464 1487 2509 non
1510 2444 1677 2529 praevaluit
1698 2445 1870 2508 obtinendo
1889 2445 1966 2506 inten-

443 2565 532 2608 mum
548 2548 604 2630 qui
620 2547 753 2612 solvitur
767 2548 931 2610 annuatim
947 2564 1005 2629 pro
1021 2565 1128 2609 censu.
1145 2549 1192 2608 At
1243 2554 1322 2608 tum.
1340 2546 1445 2608 Potius
1467 2553 1574 2608 tamen
1597 2543 1799 2607 mirabantur
1821 2543 1896 2626 quod
1918 2543 1967 2604 Sal·

443 2647 497 2705 itti
518 2649 705 2708 obtuleruut
729 2649 761 2706 ei
781 2648 968 2708 denarium.
986 2649 1030 2708 Et
1052 2648 1100 2706 ait
1123 2647 1192 2705 iltis
1243 2653 1333 2707 vator
1347 2651 1413 2705 tam
1428 2644 1587 2726 sapienter
1603 2641 1967 2724 irreprehensihihterque

441 2745 559 2806 Iesus:
576 2747 678 2824 Cujus
692 2754 738 2806 est
754 2747 861 2822 imago
876 2746 954 2815 hoee,
969 2754 1001 2804 et
1015 2745 1192 2821 superscri-
1245 2741 1416 2825 respondit.
1443 2742 1531 2804 Unde
1559 2740 1637 2803 alibi
1667 2740 1789 2821 legitur
1806 2757 1814 2802 ε
1832 2739 1921 2802 Mirati
1942 2739 2055 2807 inmas

438 2845 522 2918 ptio,
534 2844 566 2905 id
582 2851 638 2918 cst,
650 2862 747 2926 quern
763 2851 969 2926 representat
984 2843 1089 2924 imago
1104 2861 1192 2905 num·
1244 2840 1405 2923 responsis
1421 2841 1686 2920 ejus,tacucrunt.
1700 2841 1746 2901 Ει
1763 2838 1968 2908 redducunt

443 2958 497 3002 mo
520 2941 686 3024 impressa,
703 2949 735 3004 et
757 2941 987 3024 superscriptio
1008 2947 1134 3003 exarata
1158 2940 1191 3004 in
1245 2941 1358 2999 ierunt
1372 2957 1390 3000 a
1405 2936 1529 3002 Christo
1543 2939 1583 3000 ad
1598 2955 1652 3000 eos
1666 2956 1686 2999 a
1700 2935 1823 3019 quibus
1837 2935 1917 2996 missi
1933 2933 1969 2995 lu-

443 3056 480 3101 eo
496 3041 508 3101 t
527 3039 596 3102 Non
618 3059 657 3102 cx
680 3039 857 3121 ignorantia
877 3039 938 3102 hoc
962 3038 1119 3120 quesivit,
1136 3040 1191 3102 sed
1208 3039 1229 3104 G
1245 3045 1345 3112 erant,
1367 3043 1403 3099 ut
1426 3035 1542 3100 Christi
1567 3035 1813 3118 responsionem
1833 3033 1892 3096 illis
1913 3033 1970 3095 insi-

443 3143 479 3200 ut
494 3137 586 3220 juxta
605 3156 717 3202 eorum
734 3137 974 3220 responsionem
990 3137 1036 3199 eis
1055 3136 1192 3218 pruden·
1245 3143 1390 3200 nuarcnt.
1882 3147 1885 3150 ·

954 3562 1145 3649 SERMO
1184 3561 1482 3649 SECUNDUS

673 3831 712 3877 llll
733 3829 862 3877 miratur
882 3830 1032 3878 vautram
1053 3829 1120 3885 QUAE
1142 3829 1211 3874 uum
1231 3827 1264 3875 m
1285 3827 1423 3887 ῦΗΒΙδΤΟ,
1443 3829 1480 3875 B'l'
1501 3829 1650 3885 contiuua
1672 3831 1706 3877 nt
1727 3832 1772 3878 EA

979 3928 1130 3976 cnutum
1151 3927 1271 3973 mltum
1291 3927 1462 3974 DEBEANUS.

436 4235 438 4240 ·
524 4211 732 4280 AGISTER,
747 4210 865 4268 scimus
885 4208 964 4286 quia
984 4225 1086 4265 verde
1106 4225 1149 4274 es,
1164 4214 1195 4265 et
1210 4209 1235 4270 D
1250 4204 1333 4268 sicut
1357 4212 1389 4268 ct
1412 4221 1475 4267 una
1495 4206 1642 4269 essentia.
1666 4206 1760 4272 Unde
1785 4210 1824 4272 ad
1848 4209 1978 4272 Romanos

539 4311 627 4369 uiam
649 4309 713 4370 Dei
734 4309 770 4367 iu
795 4307 932 4366 veritate
957 4308 1058 4374 doces,
1075 4313 1105 4364 et
1129 4323 1196 4364 uon
1250 4303 1294 4365 ait
1308 4302 1477 4386 Apostolus
1495 4322 1502 4366 z
1519 4303 1575 4366 Est
1588 4313 1695 4368 autem
1712 4307 1803 4371 Deus
1818 4325 1916 4381 verax,
1930 4323 2061 4369 omasot

448 4417 494 4468 est
510 4409 571 4468 tibi
583 4427 664 4467 eura
679 4409 719 4466 de
733 4406 854 4484 atiquo.
871 4403 977 4466 llatth.
994 4421 1070 4476 xxiv,
1088 4400 1135 4465 16.
1250 4402 1300 4463 nis
1322 4419 1398 4464 vero
1420 4402 1516 4466 homo
1542 4403 1688 4466 mendax.
1706 4404 1857 4468 Christus
1876 4423 1978 4487 qnoque

490 4506 632 4569 Christus
653 4503 791 4566 salvator
805 4522 841 4564 ac
862 4502 1010 4566 dominus
1030 4508 1137 4563 noster
1152 4507 1197 4562 ῖθ-
1250 4499 1392 4582 loquitur
1406 4500 1487 4562 Patri
1502 4517 1509 4562 :
1522 4501 1634 4565 Sermo
1649 4509 1725 4566 tuus
1741 4504 1862 4568 veritas
1875 4500 2063 4568 estl'birmr·

450 4610 568 4668 statur:
582 4602 647 4683 Ego
662 4621 733 4664 sum
749 4602 811 4674 via,
824 4601 939 4662 veritas
957 4606 988 4662 et
1002 4599 1086 4679 vita3
1101 4615 1197 4660 nemo
1251 4617 1308 4681 per
1327 4616 1508 4662 sermonem
1528 4599 1627 4662 Patris
1649 4600 1792 4684 intelligi
1815 4611 1913 4685 potest
1928 4585 2012 4662 uni¹²

449 4702 537 4766 venit
560 4701 599 4763 ad
624 4700 759 4774 Patrem,
776 4699 837 4760 nisi
859 4717 917 4780 per
941 4717 1001 4761 me.
1019 4699 1053 4759 ln
1078 4696 1196 4779 quibus
1251 4715 1307 4759 cus
1323 4697 1421 4759 Filius
1436 4697 1567 4777 ejusde
1581 4715 1645 4779 quo
1661 4699 1694 4760 in
1707 4700 1835 4764 Ioanne
1850 4700 1980 4764 habetur:

449 4799 555 4865 verbis
575 4797 759 4878 unigenitus
779 4797 877 4859 Filius
895 4797 949 4859 llei
970 4796 1030 4858 tria
1051 4794 1198 4878 perhibet
1250 4795 1285 4856 ln
1301 4794 1460 4877 principio
1475 4803 1543 4858 erat
1556 4795 1706 4859 Verbum.
1725 4797 1769 4860 Et
1783 4800 1825 4862 ad
1838 4799 1982 4862 liebreos:
2001 4810 2060 4856 rao

449 4899 488 4962 de
509 4917 542 4960 sc
563 4897 633 4979 ipsc
650 4913 656 4958 :
674 4895 789 4978 primo,
807 4895 892 4977 quod
913 4896 982 4976 ipse
1001 4895 1042 4957 sit
1057 4894 1197 4974 veritas;
1250 4892 1348 4955 Vivus
1364 4900 1412 4955 est
1427 4911 1531 4957 sermo
1546 4893 1600 4956 bei
1616 4901 1649 4956 et
1663 4893 2065 4978 efficax.P0rro,quodrer2

448 4994 599 5068 secundo,
616 4993 701 5074 quod
717 4992 786 5071 via;
802 4991 906 5065 tertio,
923 4993 1007 5072 quod
1024 4991 1097 5054 vita.
1112 4990 1198 5053 Chri·
1252 4991 1312 5053 hoc
1341 4991 1380 5053 de
1409 4991 1551 5055 increato
1579 4993 1678 5055 Patris
1706 5012 1872 5070 sermone,
1895 5001 1984 5076 utpote

448 5102 516 5158 stus
537 5110 612 5174 ergo
632 5092 664 5153 in
684 5097 840 5173 quantum
860 5097 908 5152 est
924 5107 1019 5152 verus
1039 5090 1132 5163 Deus,
1150 5097 1198 5152 cst
1252 5088 1418 5169 unigenito
1441 5090 1511 5170 ejus
1537 5089 1617 5152 Filio
1640 5091 1746 5155 Verbo
1772 5102 1902 5168 esterno,
1920 5093 1987 5155 dics·

448 5191 701 5256 substantialiter
715 5207 810 5251 verus
826 5195 858 5251 et
872 5188 1005 5250 veritas:
1016 5189 1081 5250 imo
1095 5188 1195 5263 Pater,
1252 5195 1314 5263 tur,
1331 5195 1507 5251 constater
1523 5189 1573 5252 his
1593 5208 1664 5271 qua
1684 5189 1729 5252 ibi
1752 5193 1941 5264 subduntur,
1954 5189 1986 5250 u'-

448 5292 547 5355 silius
562 5298 594 5354 et
608 5287 745 5371 Spiritus
761 5287 894 5350 Sanctus
910 5293 982 5348 sunt
995 5287 1111 5350 veritas
1126 5305 1196 5362 una,
1252 5286 1368 5349 delicet
1384 5303 1392 5350 :
1410 5286 1448 5348 Et
1463 5303 1527 5350 non
1547 5295 1595 5350 est
1614 5287 1679 5350 ulla
1698 5297 1852 5355 creatura
1866 5288 1988 5355 invisihi·
2004 5295 2034 5338 rea
2051 5291 2059 5324 ²
