4164 6258
437 453 498 518 208
780 475 929 522 berlinton
952 475 981 521 lv
1003 475 1076 522 POST
1096 473 1290 522 rnlrtlrtnbll.
1312 491 1353 503 ··-
1373 475 1472 522 SERHO
1493 473 1646 522 sedunens

438 649 543 704 vester
572 643 711 706 ooelestis
741 643 902 727 perfectus
932 651 1000 724 est;
1029 652 1125 727 atque
1154 644 1186 706 in
1202 646 1226 708 Α
1243 645 1357 726 primo,
1374 645 1450 728 qnia
1469 645 1502 707 in
1524 663 1558 708 se
1579 645 1656 727 ipsis
1676 650 1751 705 sunt
1770 639 1977 723 prestantiore

290 755 423 808 naalma.
438 739 605 822 evangelio
624 742 778 806 hodierno
797 760 804 804 :
826 743 933 806 Estote
953 742 1186 816 misericordes,
1242 751 1393 825 tanquam
1416 743 1595 824 spiritualia
1615 741 1708 814 bona,
1724 759 1797 822 que
1819 737 1976 820 corporali-

438 838 522 900 sicut
543 847 575 900 et
599 839 689 902 Pater
712 848 817 902 vester
841 839 981 904 celestis
1007 839 1187 902 misericors
1242 839 1302 902 bus
1332 841 1557 922 preemincnt;
1582 839 1735 912 secundo,
1760 837 1837 919 quia
1866 853 1922 918 per
1945 853 1976 896 ea

438 943 494 997 est.
513 936 593 999 Ecce
615 945 731 1020 quanta
750 944 797 1000 est
817 936 958 1018 dignatio
980 937 1098 1000 summi
1123 954 1188 1000 om·
1242 939 1410 1000 animabus
1425 938 1633 1012 succurritur,
1650 956 1721 1019 que
1736 933 1924 1018 corporibus
1938 933 1976 994 in·

438 1033 675 1117 nipotentisque
695 1037 750 1099 Dei
768 1037 807 1098 ad
828 1035 976 1098 mortales
997 1056 1034 1098 ac
1054 1035 1187 1098 miseros
1242 1036 1501 1119 comparabiliter
1515 1036 1676 1116 digniores
1690 1033 1861 1097 exsistunt.
1878 1031 1979 1094 Omnia

435 1130 594 1207 homines,
612 1135 697 1215 quod
719 1151 781 1196 non
803 1134 907 1196 solum
926 1134 1074 1214 dignatur
1088 1142 1120 1196 et
1134 1153 1187 1197 er·
1243 1135 1339 1216 igitur
1354 1134 1550 1216 preinducta
1565 1131 1793 1196 misericordie
1807 1147 1913 1213 opera,
1924 1137 1978 1190 tam

436 1229 590 1305 bortatur,
612 1232 667 1295 sed
692 1232 825 1315 insuper
847 1232 940 1312 jubet
963 1240 997 1293 ut
1019 1232 1079 1315 ipsi
1102 1251 1135 1294 se
1157 1232 1187 1294 ei
1242 1232 1421 1316 spiritualia
1442 1251 1538 1315 quam
1561 1231 1748 1315 corporalia,
1765 1229 1885 1292 debent
1904 1245 1980 1290 exse·

437 1327 639 1392 conforment
660 1329 692 1390 in
715 1329 889 1392 virtutibus
914 1339 945 1392 et
970 1331 1001 1392 in
1028 1330 1130 1405 factis,
1150 1349 1187 1392 ac
1242 1331 1297 1412 qui
1313 1330 1483 1392 Christiani
1500 1331 1676 1394 secundum
1692 1329 1778 1411 quod
1794 1333 1937 1411 possunt,
1946 1326 1981 1388 lc

435 1445 494 1509 per
515 1427 575 1490 hoc
596 1428 626 1489 ei
647 1427 768 1491 similes
790 1437 1026 1512 nuncupentur.
1045 1429 1134 1492 Certe
1155 1429 1186 1491 in
1242 1447 1280 1492 oo
1301 1436 1333 1491 et
1354 1436 1497 1510 tempore
1519 1436 1710 1511 opportuno,
1727 1426 1806 1487 dum
1828 1444 1924 1488 causa
1941 1441 1982 1486 re·

436 1525 554 1587 seculo
569 1526 630 1588 isto
646 1524 782 1600 nobiles,
799 1526 914 1588 divites
930 1534 962 1588 et
978 1533 1123 1608 potentes
1140 1525 1187 1587 in·
1242 1527 1352 1609 quirit,
1369 1546 1425 1590 seu
1444 1527 1513 1610 ipsa
1532 1525 1709 1607 indigentia
1727 1523 1870 1606 proximi
1883 1521 1981 1602 exigit.
2079 1581 2080 1590 ,

436 1623 604 1704 dignanter
636 1623 799 1706 accipiunt
830 1626 915 1707 quod
950 1624 1118 1687 inferiores
1150 1643 1186 1686 ao
1283 1625 1320 1687 Et
1333 1626 1372 1688 ad
1388 1626 1449 1688 hoc
1465 1625 1565 1688 multa
1580 1625 1713 1688 incitare
1728 1629 1866 1706 possunt
1881 1620 1983 1683 fideles
2079 1639 2080 1648 ³

437 1740 593 1805 pauperes
613 1740 647 1784 se
666 1723 713 1785 eis
734 1723 934 1786 conformare
953 1724 1105 1797 nitantur,
1127 1742 1186 1786 nec
1242 1745 1278 1788 ac
1308 1725 1520 1788 inflammare.
1554 1725 1670 1799 Primo,
1700 1723 1778 1807 quia
1807 1740 1867 1804 per
1897 1739 1984 1802 opera

436 1821 659 1902 equanimiter
678 1820 786 1884 ferunt
801 1823 886 1904 quod
907 1823 952 1884 eis
974 1841 1129 1904 pauperes
1149 1841 1185 1884 ac
1205 1824 1469 1888 Bmisericordie
1490 1825 1555 1887 Deo
1579 1821 1740 1906 precipue
1763 1819 1982 1884 assimilamur.

436 1919 574 2000 subjecti
589 1920 711 1982 similes
726 1928 967 1984 asserantur:et
982 1928 1088 1983 tamen
1104 1921 1186 1983 Deus
1242 1925 1306 1987 Deo
1321 1923 1441 2005 quippe
1457 1922 1623 2005 proprium
1639 1929 1689 1984 est
1702 1919 1851 1982 misereri
1872 1937 1908 1981 ac
1923 1937 1984 2000 par-

436 2019 798 2101 superexaltatus,cujus
813 2020 1008 2084 excellentie
1024 2018 1188 2081 nullusost
1242 2041 1325 2097 cere,
1347 2041 1446 2105 quum
1469 2029 1582 2084 natura
1605 2020 1675 2102 ejus
1701 2021 1744 2082 sit
1764 2019 1905 2092 bouitas,
1925 2016 1985 2078 dul-

436 2116 524 2190 finis,
540 2118 688 2181 homines
710 2119 790 2194 vult,
808 2118 966 2200 dignatur,
983 2119 1127 2182 hortatur
1150 2136 1186 2179 ao
1242 2121 1320 2184 cedo
1340 2128 1371 2183 et
1391 2121 1508 2204 pietas3
1520 2120 1635 2203 punire
1655 2135 1731 2182 vero
1753 2125 1785 2181 et
1804 2117 1985 2181 condemna·

435 2215 582 2298 precipit
603 2216 665 2278 sibi
687 2216 857 2279 assimilari
882 2236 918 2278 ae
940 2218 1062 2280 similes
1084 2216 1186 2279 nomi·
1241 2239 1275 2281 re
1295 2220 1449 2302 competit
1463 2219 1526 2282 sibi
1546 2238 1585 2282 es
1607 2216 1774 2281 demeritis
1794 2216 1984 2298 iniquorum.

437 2314 516 2376 nari.
535 2315 688 2378 Praeterea
708 2315 741 2377 in
761 2315 822 2378 isto
837 2316 932 2379 etiam
948 2317 1187 2379 consideremus
1241 2317 1344 2392 Ouum
1359 2336 1434 2400 ergo
1450 2318 1588 2381 maxima
1602 2317 1741 2398 dignitas
1762 2314 1934 2378 hominum
1952 2313 1986 2374 sit

437 2419 556 2494 quanta
571 2413 612 2475 sit
627 2413 764 2494 dignitas
783 2413 951 2476 bominum
972 2415 1102 2496 proprio
1116 2431 1188 2476 con·
1241 2418 1306 2480 lleo
1324 2416 1506 2490 assimilari,
1527 2415 1646 2479 debent
1665 2413 1792 2477 actibus
1814 2412 1986 2475 misericor-

437 2508 569 2573 formari
594 2511 745 2585 Creatori,
767 2511 832 2574 Deo
857 2511 1186 2594 incircumscriptibili
1241 2515 1301 2578 diae
1325 2515 1568 2598 promptissimo
1593 2512 1688 2574 corde
1713 2529 1786 2574 esse
1811 2509 1939 2582 intenti,
1959 2515 1987 2568 ut

437 2616 469 2670 et
490 2609 632 2671 sublimi.
1241 2614 1372 2696 proprio
1387 2613 1607 2687 Creatori,lleo
1621 2609 1789 2684 altissimo,
1797 2608 1989 2672 conformee
2080 2623 2081 2676 l

478 2708 633 2781 Quoniam
654 2707 761 2791 itaque
776 2727 834 2791 per
854 2708 1106 2771 misericordiam
1122 2709 1186 2772 lieo
1241 2719 1302 2773 tur.
1325 2711 1404 2774 Hinc
1425 2711 1471 2773 ait
1490 2709 1679 2772 Ambrosius
1700 2727 1707 2772 :
1729 2707 1818 2770 Nihil
1844 2707 1890 2769 ita
1911 2723 1987 2768 oom-
2080 2691 2081 2754 i

437 2805 642 2881 conformari,
660 2806 692 2868 in
708 2805 874 2887 evangelio
893 2806 954 2869 isto
969 2807 1185 2889 precipimur,
1241 2810 1371 2873 mendat
1401 2808 1629 2882 Christianum,
1655 2815 1691 2870 ut
1719 2805 1889 2868 miseratio
1917 2803 1989 2866 cari·

436 2905 570 2967 dicenda
594 2913 669 2968 sunt
693 2904 800 2986 aliqua
825 2906 864 2967 de
890 2904 1109 2967 misericordia
1130 2926 1136 2969 :
1156 2913 1188 2967 et
1241 2909 1324 2970 tatis.

437 3003 542 3084 primo
566 3004 643 3087 quid
669 3003 725 3083 sit;
746 3003 862 3066 deinde
884 3023 955 3086 que
980 3002 1045 3065 sint
1065 3004 1227 3069 miseri-C
1281 3007 1437 3080 Secundo,
1459 3005 1535 3087 quia
1559 3023 1617 3087 per
1642 3021 1741 3088 opera
1767 3001 1989 3065 misericordie

437 3103 553 3166 cordie
573 3120 680 3185 opera,
697 3109 728 3164 et
743 3102 881 3184 qualiter
896 3121 932 3164 ea
950 3100 1056 3165 faeere
1075 3102 1188 3164 debea-
1242 3105 1281 3166 fit
1302 3105 1398 3167 homo
1422 3103 1584 3186 precipue
1609 3101 1759 3165 amabilis
1782 3101 1857 3164 Deo.
1881 3098 1990 3164 Simili-

438 3219 519 3262 mus.
537 3201 570 3262 ln
592 3201 706 3282 primis
725 3200 823 3282 igitur
836 3201 1085 3281 agnoscendum,
1102 3201 1188 3283 quod
1243 3203 1320 3266 tudo
1334 3220 1474 3285 namque
1489 3208 1538 3264 est
1553 3219 1649 3264 causa
1668 3199 1798 3263 amoris.
1815 3199 1924 3273 Quum
1941 3196 1990 3278 igi·

438 3298 658 3361 misericordia
685 3306 733 3361 est
763 3299 864 3361 virtus
894 3317 951 3381 per
980 3318 1076 3381 quam
1103 3316 1188 3360 unus
1243 3311 1295 3364 tur
1315 3321 1371 3385 per
1390 3307 1479 3363 actus
1502 3297 1731 3362 misericordie
1750 3299 1815 3360 beo
1834 3295 1991 3379 precipue

439 3397 632 3479 compatitur
656 3397 829 3459 calamitati
853 3397 995 3472 alterius,
1019 3397 1104 3459 etei
1130 3413 1188 3479 pro
1243 3400 1469 3474 assimilemur,
1491 3405 1614 3461 constat
1638 3396 1843 3479 quodetiam
1867 3411 1991 3478 percos

441 3512 534 3577 posse
554 3495 721 3556 succurrit.
739 3495 813 3556 ldeo
834 3495 947 3557 asserit
965 3494 1187 3576 Augustinus:
1243 3499 1308 3561 lieo
1335 3496 1512 3580 presertim
1542 3494 1698 3558 amabiles
1725 3502 1759 3556 et
1782 3493 1848 3556 cari
1874 3491 1991 3555 efficia·

440 3593 654 3656 Misericordia
668 3601 716 3655 est
727 3593 826 3654 animi
842 3594 1037 3656 condolentis
1052 3593 1189 3656 affectus
1243 3615 1325 3657 mur.
1345 3595 1376 3657 Si
1398 3595 1505 3677 itaque
1525 3593 1574 3656 vis
1594 3612 1613 3655 a
1633 3593 1698 3655 Deo
1719 3600 1863 3654 creatore
1884 3610 1923 3653 ac
1939 3588 1992 3651 sal-

442 3710 516 3753 cnm
539 3690 691 3753 beneficii
713 3691 940 3766 additamento,
961 3699 997 3753 nt
1018 3693 1189 3775 compatia-
1243 3702 1351 3757 valore
1371 3701 1425 3755 tuo
1444 3692 1556 3766 amari,
1574 3691 1641 3754 imo
1661 3697 1693 3754 et
1711 3691 1876 3772 precipue
1896 3685 1991 3768 diligi,

443 3807 515 3850 mur
536 3789 682 3871 proximo
701 3796 733 3851 et
754 3788 926 3870 largiamur
944 3790 974 3851 ei
990 3790 1029 3853 de
1048 3790 1187 3873 proprio.
1244 3800 1312 3854 esto
1331 3790 1513 3854 cordialiter
1533 3791 1606 3872 pius
1624 3797 1655 3852 et
1670 3787 1908 3870 compassivns,
1924 3785 1994 3848 libe

442 3888 576 3968 lnsuper
591 3887 735 3968 quedam
757 3895 831 3948 sunt
848 3906 945 3969 opera
964 3888 1189 3954 misericordie
1244 3889 1415 3971 naliterque
1438 3905 1638 3950 succurrens.
1656 3886 1722 3950 Nec
1744 3885 1851 3948 solum
1875 3884 1993 3946 dandus

443 3983 632 4066 spiritualia,
645 3992 677 4046 et
691 3985 836 4066 quedam
852 3985 1028 4068 corporalia
1041 4005 1047 4050 :
1060 3994 1092 4048 et
1107 3995 1190 4049 ntra·
1244 3994 1292 4048 est
1316 3985 1408 4069 panis
1434 3984 1539 4047 siccus
1564 3985 1682 4065 egenti,
1704 3982 1760 4046 sed
1786 3990 1818 4045 et
1842 3988 1940 4064 potus
1962 3997 1993 4041 ac

443 4100 506 4165 que
522 4090 596 4145 sunt
610 4090 743 4166 septem.
761 4083 862 4166 Opera
881 4084 1107 4148 misericordie
1124 4102 1189 4148 cor·
1244 4085 1341 4148 vestis
1370 4092 1465 4166 atque
1494 4082 1683 4165 hospitium,
1709 4088 1741 4144 et
1764 4080 1889 4162 aliquid
1914 4077 1993 4161 quod

443 4181 1189 4265 poraliasuntista:pascereesurientem,potare
1204 4188 1228 4250 D
1244 4183 1340 4245 simul
1364 4201 1437 4244 cum
1459 4199 1541 4263 pane
1564 4181 1685 4243 edatur.
1703 4179 1785 4241 Hinc
1806 4179 1852 4240 ait
1873 4177 1915 4240 de
1935 4177 1993 4240 Deo

443 4280 614 4356 sitientem,
631 4281 748 4344 vestire
769 4281 902 4354 nudum,
920 4280 1080 4362 hospitare
1102 4300 1189 4363 pere·
1243 4281 1410 4345 Psalmista
1426 4298 1433 4343 :
1450 4279 1562 4360 Diligit
1582 4277 1837 4341 misericordiam
1861 4283 1895 4339 et
1914 4273 2079 4357 judi-nm·

443 4379 570 4460 grinum
586 4397 623 4441 ac
639 4379 779 4460 inopem,
797 4378 926 4441 visitare
947 4377 1126 4454 infirmum,
1143 4398 1190 4442 re·
1243 4380 1339 4442 cium.
1358 4378 1506 4441 Salomon
1523 4394 1650 4459 quoque
1666 4377 1699 4438 in
1717 4375 1801 4438 libro
1815 4373 1994 4438 Pmrerbie

443 4477 565 4539 dimere
579 4476 895 4559 captivum,sepelire
911 4483 1080 4539 mortuum.
1089 4477 1190 4559 Opera
1244 4497 1315 4540 rum
1338 4475 1582 4541 :Misericordia
1605 4483 1637 4537 et
1657 4475 1777 4538 veritas
1801 4493 1866 4536 non
1892 4482 1924 4534 te
1947 4471 1994 4534 de
2003 4487 2071 4531 rme

444 4592 521 4637 vero
537 4574 762 4637 misericordie
776 4575 955 4656 spiritualia
970 4575 1029 4637 ista
1044 4577 1191 4639 suntzdc
1245 4584 1362 4650 serant,
1378 4583 1410 4638 et
1429 4574 1574 4639 invenies
1595 4574 1730 4655 gmtiam
1752 4590 1861 4636 coram
1882 4573 1949 4634 Deo
1965 4555 2019 4632 et‘'

446 4691 519 4735 cere
534 4672 921 4752 ignorantem,consulere
936 4672 1106 4748 dubitanti,
1119 4691 1190 4736 con·
1244 4674 1449 4753 bominibus’,
1471 4675 1623 4755 itemque,
1644 4673 1761 4735 Facere
1784 4669 2079 4734 misericordi-nar·

447 4771 541 4834 solari
565 4770 701 4842 tristem,
728 4771 887 4852 corripere
915 4779 1010 4853 atque
1033 4773 1190 4854 corrigere
1245 4792 1296 4835 am
1320 4779 1352 4834 et
1373 4772 1544 4853 judicium,
1570 4771 1644 4853 plus
1669 4771 1777 4854 placet
1801 4771 1878 4844 lleo,
1901 4787 1992 4851 qnam

446 4876 644 4951 peccantem,
661 4867 824 4948 ignoscere
849 4868 1025 4950 injurianti,
1042 4887 1190 4933 onerosos
1245 4871 1393 4934 victime.

446 4974 479 5030 et
492 4984 603 5046 graves
624 4965 780 5047 patienter
795 4974 930 5048 portare,
947 4975 979 5030 et
994 4986 1051 5051 pro
1067 4969 1192 5032 univer·
1286 4969 1484 5051 Tertio,quia
1499 4986 1556 5052 per
1570 4967 1802 5032 misericordie
1817 4986 1916 5051 opera
1930 4985 1995 5030 con·

447 5065 492 5128 sis
511 5081 610 5126 orare.
627 5064 700 5126 Hec
721 5081 848 5146 qnoque
869 5066 1048 5147 spiritualia
1068 5067 1191 5131 miseri·
1246 5068 1391 5151 sequitur
1409 5068 1505 5130 bomo
1520 5086 1539 5129 a
1553 5068 1619 5130 lieo
1634 5068 1778 5131 maxima
1793 5067 1878 5130 dona
1891 5065 1994 5148 gratie

447 5162 563 5226 cordie
581 5180 679 5245 opera
698 5170 772 5224 sunt
790 5163 891 5226 multo
909 5164 1054 5245 digniora
1067 5183 1104 5227 ac
1123 5185 1191 5228 san·
1246 5185 1282 5228 ac
1298 5166 1452 5228 virtutum
1473 5166 1506 5228 in
1521 5166 1588 5229 vita
1606 5165 1679 5242 hac,
1695 5173 1793 5248 atque
1814 5171 1887 5248 post
1901 5163 1994 5226 uitam

448 5263 547 5328 otioru
561 5261 776 5346 corporalibus
790 5262 1015 5326 misericordie
1028 5263 1190 5344 operibus:
1246 5272 1447 5349 presentem,
1462 5264 1652 5329 felicitatem
1676 5273 1709 5328 et
1732 5265 1870 5347 gloriam
1894 5261 1994 5347 copie
