4164 6258
470 488 617 538 nonnum
638 491 657 536 v
678 491 752 538 rosr
771 489 965 538 mrurrarmr.
986 511 1025 522 -
1046 493 1145 541 sunno
1164 493 1289 542 runrrus
1598 474 1660 543 289

114 655 215 738 quiis3
230 655 341 720 divina
362 676 489 742 semper
510 659 717 724 observemus
742 656 897 744 praece-A
913 663 1029 726 stolum
1047 681 1054 726 :
1072 663 1156 727 unde
1182 671 1254 747 post
1273 663 1435 728 modicum
1454 669 1595 744 tempus,
1612 680 1659 723 ro-

114 761 160 835 pta
185 761 217 816 et
241 757 388 819 mandata
408 757 568 822 Ecclesiae.
913 761 969 825 bus
985 763 1049 825 suis
1065 763 1234 846 dispositis,
1243 762 1329 826 venit
1342 782 1361 825 a
1375 763 1468 826 Roma
1482 761 1521 824 ad
1536 761 1661 824 Terram

149 851 278 934 Legitur
300 855 339 918 de
363 855 393 918 S.
412 855 585 931 Clemente,
602 859 657 940 qui
682 857 744 921 luit
766 858 856 922 lilius
912 870 1065 934 sanctam,
1086 869 1118 924 et
1143 862 1172 924 S.
1195 862 1285 925 Petro
1310 861 1450 934 invento,
1473 857 1660 921 fidelissime

114 949 301 1014 nobilissimi
321 953 400 1016 civis
419 954 563 1030 Romani,
580 963 612 1019 et
632 957 670 1020 de
688 957 856 1040 imperato·
912 977 948 1021 ac
962 958 1213 1023 familiarissime
1229 959 1257 1022 ei
1274 959 1417 1022 adhesit.
1434 957 1494 1021 Sed
1512 964 1543 1020 et
1559 956 1588 1019 S.
1606 957 1660 1019 Pe·

114 1048 152 1110 ris
166 1051 319 1131 progenie
335 1051 502 1135 nati,quod
518 1073 618 1136 quum
635 1055 782 1119 Clemens
798 1055 857 1118 iste
912 1063 980 1120 trus
1003 1056 1235 1140 specialissime
1260 1057 1373 1121 dilexit
1396 1056 1604 1129 Clementem,
1621 1073 1659 1117 ex

113 1147 212 1210 adhuc
235 1168 316 1231 puer
339 1158 407 1214 erat
429 1158 525 1234 atque
546 1153 686 1234 gentilis,
712 1153 856 1216 avidissi-
912 1163 1064 1236 quotam
1094 1155 1351 1220 ferventissimus
1380 1153 1442 1219 luit
1469 1170 1660 1236 cognoscere

114 1265 179 1308 mus
204 1245 266 1309 luit
289 1248 329 1310 ad
353 1251 608 1331 cognoscendum
634 1252 800 1316 veritatem
825 1261 856 1315 et
912 1252 1079 1316 veritatem
1097 1271 1104 1316 :
1122 1255 1206 1317 unde
1226 1262 1335 1338 postea
1352 1273 1427 1316 cum
1446 1254 1479 1316 B.
1497 1252 1660 1315 Clemente

113 1344 223 1408 animae
249 1347 411 1410 rationalis
441 1349 712 1414 immortalitatem
738 1369 745 1412 :
772 1349 856 1413 unde
912 1352 1001 1415 venit
1024 1353 1165 1416 Romam.
1187 1353 1356 1435 Quumque
1379 1351 1582 1416 beatissimus
1605 1350 1659 1412 Pe·

113 1443 215 1508 studio
230 1444 440 1528 philosophias
456 1445 616 1510 ferventer
631 1448 772 1512 intentus
786 1447 853 1512 tuit
912 1458 979 1514 trus
995 1469 1034 1514 ex
1049 1451 1158 1514 divina
1173 1451 1365 1514 revelatione
1383 1457 1568 1532 agnosceret
1582 1457 1660 1512 tem·

113 1542 276 1624 Quumque
295 1543 454 1607 Barnabas
473 1546 636 1629 apostolus
653 1548 786 1612 Romam
807 1567 858 1610 ve·
913 1568 973 1632 pus
993 1568 1058 1614 sum
1077 1550 1233 1633 passionis
1252 1569 1289 1613 ac
1310 1549 1421 1612 mortis
1442 1548 1569 1624 instare,
1586 1565 1659 1611 con-

112 1640 220 1715 uisset,
245 1649 277 1704 et
301 1643 474 1724 predicare
499 1645 649 1728 coepisset
673 1646 793 1710 ibidem
818 1646 856 1708 li·
913 1648 1032 1712 vocatis
1053 1648 1217 1724 fidelihus,
1234 1648 1393 1711 ordinavit
1414 1648 1444 1711 S.
1462 1647 1657 1710 Clementem

113 1739 180 1802 dem
208 1739 336 1814 Christi,
356 1741 385 1804 S.
404 1741 552 1806 Clemens
576 1745 700 1828 accepit
723 1765 798 1809 eum
823 1745 855 1808 in
912 1747 1059 1808 suumin
1081 1754 1197 1830 papatu
1217 1763 1443 1810 successorem.
1461 1746 1583 1810 lllortuo
1604 1745 1660 1826 igi-

113 1855 165 1900 suo
181 1836 331 1922 hospitio.
340 1839 379 1902 Et
393 1859 493 1922 quum
509 1841 542 1904 B.
559 1842 718 1906 Barnabas
733 1843 857 1907 retulis-
873 1840 896 1904 Β
913 1852 965 1906 tur
979 1845 1009 1908 S.
1026 1844 1127 1920 Petro,
1144 1845 1290 1908 Clemens
1305 1846 1388 1928 Papa
1408 1843 1659 1908 innumerabiles

112 1944 156 1998 set
170 1936 327 2000 Clementi
344 1938 383 2000 de
399 1939 564 2022 sapientia,
581 1943 747 2004 sanctitate
761 1950 856 2025 atque
912 1945 1069 2008 Romanos
1093 1963 1130 2007 ac
1159 1944 1238 2010 alios
1269 1963 1325 2026 per
1349 1962 1384 2007 se
1408 1944 1514 2028 ipsum
1544 1952 1576 2007 et
1601 1962 1660 2026 per

113 2035 273 2098 miraculis
289 2036 370 2100 Patri
384 2039 531 2120 apostoli,
541 2039 687 2104 Clemens
703 2041 794 2104 valde
809 2061 858 2104 ac·
912 2059 987 2107 suos
1002 2041 1177 2124 discipulos
1191 2043 1230 2105 ad
1246 2041 1344 2104 iidem
1360 2042 1476 2105 Christi
1492 2043 1657 2116 convertit,

112 2134 305 2197 tendebatur
324 2136 432 2199 videre
453 2146 486 2200 et
506 2138 617 2201 audire
639 2139 765 2202 Petrum
785 2158 858 2222 apo
912 2149 944 2203 et
966 2141 1066 2203 multa
1087 2140 1330 2223 praeclarissima
1352 2141 1428 2204 lecit
1449 2140 1611 2204 miracula.

645 2570 837 2657 SERMO
875 2571 1123 2658 TERTIUS

273 2834 407 2892 QUEM!
429 2837 497 2882 Sllss'
517 2833 634 2892 TWBAE,
655 2835 713 2882 PER
734 2837 821 2882 errat
843 2836 1021 2884 davidem
1042 2838 1271 2886 SPlRl'l’UALlTER
1293 2840 1493 2898 INTELLECTAE,

618 2933 697 2990 Quas
720 2934 865 2982 CHRISTUS
886 2936 1022 2982 nourrius
1045 2937 1150 2984 DOCRT.

165 3214 321 3274 EDENS
329 3214 421 3273 Iesus
436 3213 472 3272 in
483 3213 637 3273 navicula
647 3214 777 3274 docebat
788 3221 858 3272 tur·
873 3211 895 3274 C
913 3211 1037 3276 tissimo
1066 3213 1156 3286 mari,
1184 3213 1215 3276 iu
1240 3233 1304 3297 quo
1331 3205 1581 3280 innumerabiles
1604 3219 1658 3282 de-

181 3312 250 3370 das,
266 3309 341 3372 Luc.
359 3328 389 3384 v,
405 3309 434 3372 3.
913 3319 1108 3392 merguntur.
1126 3311 1398 3386 Quemadmodum
1413 3321 1519 3378 autem
1536 3336 1593 3399 per
1608 3338 1660 3381 ua·

144 3410 203 3472 Per
225 3408 405 3471 naviculam
422 3408 517 3482 Petri,
536 3428 633 3491 quam
650 3409 793 3472 Christus
812 3409 857 3472 in·
912 3409 978 3471 vim
993 3410 1198 3472 translretant
1214 3411 1359 3476 homiues
1376 3432 1474 3496 aquas
1494 3415 1602 3490 maris,
1616 3417 1659 3480 ita

106 3509 201 3570 travit
224 3514 258 3570 et
283 3506 315 3568 in
344 3526 407 3588 qua
436 3507 550 3570 sedens
578 3507 686 3570 docuit
716 3507 855 3589 plebem,
912 3525 969 3590 per
984 3507 1158 3570 Ecclesiam
1180 3509 1369 3572 militantem
1386 3511 1588 3576 deducuntur
1603 3515 1658 3577 ho

107 3605 299 3687 intelligitur
323 3604 513 3668 universalis
538 3605 679 3668 Ecclesia
703 3605 855 3680 militans,
912 3606 1015 3668 mines
1036 3607 1075 3668 de
1097 3607 1157 3670 hoc
1181 3608 1297 3672 seculo
1321 3609 1505 3674 turbulento
1525 3613 1564 3674 ad
1589 3632 1659 3696 por·

108 3703 137 3766 id
157 3712 206 3766 est
227 3709 338 3766 eontra
354 3703 460 3766 hostes
480 3721 545 3766 sua
565 3702 676 3766 salutis
699 3722 855 3785 pugnans,
911 3713 979 3766 tum
995 3705 1105 3768 salutis
1121 3713 1257 3780 aeterne,
1274 3707 1334 3770 hoc
1354 3715 1402 3770 cst
1415 3709 1453 3770 ad
1474 3710 1658 3775 societatem

106 3811 202 3884 atque
237 3801 272 3863 in
302 3801 361 3864 hoc
393 3800 510 3864 saeculo
539 3800 756 3883 peregrinans,
786 3821 857 3883 quae
911 3811 943 3866 et
966 3803 1099 3884 gloriam
1123 3804 1351 3886 triumphantis
1376 3805 1535 3872 Ecclesiae.
1557 3811 1656 3886 Unde,

12 3920 91 3972 uim,
107 3900 296 3963 beatissimo
320 3899 409 3962 Petro
432 3899 664 3982 archiapostolo
688 3897 749 3961 luit
773 3917 857 3962 com·
911 3902 1180 3984 quemadmodum
1197 3903 1273 3966 olim
1295 3911 1436 3987 tempore
1456 3906 1570 3970 diluvii
1587 3908 1657 3971 nul·
1686 3937 1802 3988 amp

13 3987 94 4092 ¹213ss
108 4000 216 4060 missa.
243 3997 319 4071 Quae
342 3996 484 4060 Ecclesia
507 3997 653 4080 quamvis
678 3997 720 4059 sit
745 4016 858 4079 magna
912 3999 961 4061 lus
983 4007 1115 4062 mortem
1137 4001 1247 4074 evasit,
1265 4002 1326 4064 nisi
1347 4003 1491 4084 quicum
1511 4005 1576 4068 Noe
1596 3999 1803 4107 luitjgesrlffitw¹

54 4082 59 4099 '
106 4106 135 4162 et
152 4097 247 4159 navis
269 4095 473 4178 pragmudis,
491 4095 592 4158 nihilo
608 4095 716 4158 minus
730 4113 857 4178 compa·
912 4097 943 4159 in
968 4115 1058 4177 arca3
1083 4099 1130 4160 sic
1155 4100 1248 4162 modo
1272 4118 1367 4163 nemo
1390 4103 1496 4164 evadit
1520 4113 1655 4169 mortem

104 4197 230 4258 ratione
257 4192 485 4275 triumphantis
507 4193 656 4256 Ecclesia
678 4193 857 4275 appellatur
911 4195 1076 4258 infernalis
1102 4197 1248 4271 miseriae,
1268 4199 1330 4260 nisi
1354 4200 1409 4282 qui
1435 4220 1508 4264 cum
1532 4202 1656 4268 Christo

103 4291 258 4356 navicula
283 4308 289 4353 :
314 4290 514 4372 triumphans
540 4310 678 4373 namque
702 4290 854 4365 Ecclesia,
910 4293 1007 4356 luerit
1027 4295 1058 4356 in
1075 4294 1217 4357 Ecclesia
1236 4315 1294 4378 per
1313 4295 1411 4359 iidem
1432 4305 1463 4360 et
1479 4301 1652 4366 caritatem.

103 4393 202 4454 idest
218 4388 440 4452 totacoelestis
460 4389 559 4462 curia,
578 4389 793 4463 multitudine,
809 4390 855 4452 di·
871 4394 895 4457 ll
910 4393 942 4454 Si
971 4410 1046 4472 ergo
1074 4393 1223 4456 volumus
1254 4403 1415 4477 perpetuae
1443 4397 1655 4464 damnationis

100 4493 238 4572 gnitate,
257 4486 453 4570 perfectione
475 4494 506 4548 et
527 4487 628 4568 gloria
650 4488 856 4552 richementer
910 4490 1053 4571 pericula
1073 4510 1183 4553 secure
1203 4493 1349 4568 evadere,
1366 4501 1489 4575 oportet
1504 4503 1540 4557 ut
1554 4497 1655 4562 simus

101 4590 232 4652 excedit
269 4587 459 4650 militantem
488 4585 671 4650 Ecclesiam.
698 4587 854 4661 Secundo,
911 4589 1055 4652 membra
1076 4589 1192 4652 Christi
1212 4589 1338 4672 filiique
1360 4591 1520 4670 Ecclesiae,
1537 4603 1573 4656 ut
1592 4615 1653 4661 non

101 4689 251 4752 Ecclesia
276 4687 417 4750 militans
437 4685 499 4746 dici
522 4693 626 4768 potest
646 4685 794 4748 navicula
815 4685 856 4748 oh
910 4686 1013 4749 solum
1043 4705 1099 4768 per
1128 4687 1239 4762 tidem,
1265 4690 1320 4752 sed
1350 4698 1381 4753 et
1405 4711 1462 4774 per
1490 4695 1654 4760 caritatem

99 4807 194 4851 suam
211 4785 443 4858 humilitatem,
460 4783 609 4866 quoniam
626 4783 675 4846 sui
693 4783 793 4866 ipsius
809 4802 855 4846 re·
910 4784 1034 4847 Christo
1056 4785 1240 4867 jungamur,
1263 4796 1358 4870 atque
1382 4790 1531 4856 Ecclesia
1556 4794 1657 4859 incor-

96 4887 274 4969 putationc
295 4891 343 4947 est
365 4901 470 4964 parva.
911 4903 1062 4968 poremur
1079 4903 1085 4948 :
1102 4886 1207 4948 ethos
1223 4905 1293 4950 esse
1309 4907 1372 4951 nou
1389 4899 1501 4972 potest,
1511 4893 1573 4956 nisi
1588 4912 1654 4958 om-

140 4986 204 5048 Sed
227 4983 329 5065 quaeri
352 4988 467 5064 potest,
483 4999 540 5042 cur
562 4980 703 5043 Ecclesia
724 4989 857 5044 vocetur
909 5000 949 5045 ne
973 4984 1104 5046 mortale
1128 4985 1265 5046 vitemus
1287 4995 1465 5067 peccatum,
1482 4991 1654 5058 virtutibus

98 5085 193 5147 navis
225 5082 296 5144 sive
327 5078 483 5142 navicula.
515 5079 554 5140 Et
584 5080 853 5160 respondendum,
909 5082 1656 5174 quoquedecoremur‚quaecontrarianturpec·

97 5182 186 5264 quod
215 5179 358 5242 muudus
387 5179 446 5240 iste
474 5177 606 5240 inlerior
629 5195 686 5239 seu
716 5196 855 5259 praesens
909 5179 997 5242 catis.
1025 5179 1153 5261 Oportet
1179 5198 1254 5262 ergo
1279 5189 1313 5243 ut
1336 5185 1492 5248 veraciter
1515 5187 1654 5253 humiles

95 5280 261 5348 saeculum
291 5295 441 5361 nequam,
467 5282 669 5358 comparatur
692 5274 857 5340 turbulen-
910 5277 1022 5353 simus,
1049 5295 1122 5340 vere
1148 5280 1316 5356 mausueti,
1343 5282 1459 5359 devoti,
1485 5285 1652 5367 patientes,
1709 5268 1712 5274 ¹
1765 5329 1769 5340 ·
