4288 6264
424 464 465 528 32
736 479 884 527 coturnus
903 481 923 526 V
944 479 1017 526 POST
1037 476 1167 524 Pascua.
1187 493 1228 506 ·-
1248 477 1423 524 autumno
1443 477 1474 522 tn
1495 475 1690 522 EVANGELIUH

429 649 519 712 dabit
541 650 634 712 vobis
650 654 663 712 t
688 650 726 713 Et
754 650 824 713 sine
854 649 1027 712 mediatore
1056 646 1181 710 Christo
1195 645 1220 707 Α
1235 645 1267 707 id
1287 655 1345 719 cst,
1362 646 1483 708 aPatrc
1503 644 1694 707 atemaliter
1711 649 1804 705 natus
1823 659 1907 716 sum,
1924 639 1980 702 sic-

430 748 539 810 nullus
554 748 652 811 babet
665 766 829 810 accessum
844 747 883 808 ad
899 747 1033 820 Patrem,
1050 763 1109 807 nec
1124 743 1181 806 ali·
1234 761 1296 824 que
1318 743 1401 804 exivi
1424 741 1465 804 ab
1488 760 1526 804 eo
1549 741 1749 805 emanatione
1775 739 1979 810 immanente,

430 846 508 928 quid
523 865 745 929 promeremur
758 853 813 908 aut
828 845 1028 918 exaudimur,
1042 844 1103 906 nisi
1118 842 1180 904 vir·
1233 840 1315 901 sicut
1330 840 1490 921 egreditur
1505 839 1617 903 notitia
1633 836 1855 901 intellectualis
1869 854 1888 896 a
1902 853 1982 898 men-

430 951 498 1006 tute
520 953 551 1007 et
574 945 688 1008 merito
710 944 837 1018 Christi,
854 961 955 1025 quum
978 944 1047 1024 ipse
1068 942 1176 1004 dicat:
1234 945 1317 1012 te,ct
1330 938 1466 1000 verbum
1484 935 1620 1000 mentale
1635 937 1675 999 ab
1691 935 1900 1016 intelligente.
1914 933 1978 1008 Vel,

340 1076 415 1112 am.
430 1043 530 1106 Nemo
556 1044 645 1106 venit
668 1044 707 1106 ad
732 1043 854 1105 Patrem
881 1041 943 1103 nisi
965 1059 1023 1124 per
1046 1059 1106 1102 me.
1132 1039 1179 1100 Ad
1234 1037 1352 1099 «exivi
1373 1059 1402 1110 s,
1425 1037 1456 1098 id
1479 1043 1538 1109 est,
1556 1036 1589 1097 in
1611 1035 1768 1097 mundum
1790 1033 1929 1096 directus
1950 1039 1980 1093 et

430 1141 491 1204 boe
505 1142 636 1224 quidam
651 1142 856 1224 respondent,
873 1139 957 1222 quod
974 1138 1117 1202 Christus
1133 1155 1180 1199 ro
1236 1136 1352 1198 missus
1368 1154 1450 1208 sum,
1468 1134 1645 1196 secundum
1661 1133 1746 1214 quod
1762 1134 1871 1206 borno,
1886 1149 1905 1192 a
1919 1130 1980 1192 Deo

428 1247 482 1321 gat
501 1247 536 1300 ut
558 1239 666 1313 bomo,
682 1247 713 1301 et
733 1256 797 1302 non
819 1245 907 1319 rogat
928 1245 962 1298 ut
981 1237 1074 1300 Deus.
1091 1235 1178 1309 Quod
1234 1232 1396 1308 Trinitate,
1409 1234 1502 1314 cnjus
1516 1233 1679 1296 voluntate
1695 1240 1727 1295 ct
1740 1231 1925 1315 operatione
1940 1230 1982 1292 in·

430 1336 505 1398 licet
523 1337 565 1399 sit
581 1357 705 1412 verum,
722 1353 784 1400 non
806 1343 914 1399 umen
933 1334 1115 1398 satisfacere
1135 1333 1179 1396 vi·
1235 1341 1381 1396 carnatus
1405 1341 1500 1415 atque
1522 1333 1554 1394 in
1578 1333 1735 1395 mundum
1757 1331 1875 1393 missus
1899 1349 1979 1392 sum.

428 1435 522 1498 detur
550 1436 724 1518 proposito,
750 1435 903 1517 quoniam
930 1433 1073 1496 Christus
1101 1431 1177 1492 assi·
1274 1433 1379 1492 Eoeivi
1397 1453 1416 1491 a
1436 1434 1539 1494 Patre
1553 1453 1565 1492 .·
1581 1431 1757 1493 seeundum
1779 1428 1858 1490 illud
1879 1428 1983 1490 Ecolc·

428 1551 530 1615 gneus
551 1553 679 1597 causam
705 1552 762 1596 cur
786 1551 850 1596 uon
876 1539 999 1614 rogaret
1020 1548 1079 1613 pro
1097 1530 1179 1611 Apo
1234 1529 1366 1604 siastici,
1383 1531 1448 1611 ligo
1466 1549 1505 1592 ex
1524 1547 1579 1592 ore
1593 1528 1748 1592 Altissimi
1766 1527 1904 1611 prodivi,
1921 1527 1982 1610 pri·
1996 1507 2125 1594 acerrimi

430 1633 521 1696 stolis
544 1632 678 1706 Patrem,
700 1632 818 1713 adjecit
844 1651 851 1696 :
878 1632 948 1713 lpse
974 1630 1061 1692 enim
1089 1629 1179 1691 Pater
1234 1628 1395 1709 mogenita
1412 1637 1484 1690 ante
1504 1646 1632 1691 omnem
1652 1635 1846 1706 creaturam3
1862 1635 1892 1686 et
1909 1629 1984 1686 oeni
1998 1613 2018 1652 ⁵·

429 1739 515 1793 amat
534 1749 602 1806 vos,
618 1730 694 1814 quia
713 1748 769 1793 vos
795 1748 847 1792 me
870 1729 1011 1792 amastis.
1033 1728 1176 1808 lnsuper,
1233 1729 1270 1786 in
1292 1729 1453 1787 mundum
1475 1746 1532 1809 per
1552 1727 1699 1789 humanae
1721 1732 1842 1788 natura
1862 1743 1983 1786 assum·
2124 1719 2125 1722 ’

430 1828 527 1910 paulo
545 1837 627 1911 post,
645 1829 677 1890 in
698 1829 757 1891 boc
773 1829 843 1910 ipso
862 1843 1018 1898 sermone,
1035 1824 1178 1889 Christus
1193 1823 1216 1886 B
1233 1826 1387 1907 ptionem,
1413 1827 1468 1908 qui
1493 1833 1527 1887 ut
1551 1827 1634 1888 Deus
1663 1824 1782 1908 impleo
1807 1824 1926 1887 coelum
1951 1830 1982 1886 et
2009 1849 2055 1891 rer.
2070 1861 2109 1892 ru„

324 1955 329 1964 ·
347 1967 414 2006 ,m
431 1944 490 2009 pro
509 1926 668 2009 Apostolis
688 1927 875 2009 deprecatus
895 1933 943 1987 est
961 1925 1084 1986 Patrem
1101 1940 1108 1984 ε
1125 1923 1179 1984 Pa·
1234 1931 1360 1986 terram.
1376 1927 1502 1986 Iterum
1518 1927 1668 2003 relinquo
1682 1927 1856 1994 mundum,
1872 1923 1904 1985 id
1922 1929 1981 1996 est,
1996 1916 2031 1958 ²⁴·

309 2050 316 2065 ·
431 2033 490 2098 ter,
507 2025 667 2106 inquiens,
683 2043 774 2086 serva
789 2041 843 2087 eos
863 2023 896 2084 in
913 2021 1044 2084 nomine
1059 2029 1131 2100 tuo;
1147 2026 1180 2083 et
1235 2031 1389 2105 quantum
1410 2024 1449 2086 ad
1466 2023 1663 2104 corporalem
1683 2029 1778 2104 atque
1796 2020 1982 2084 sensibilem

432 2123 561 2196 iterum,
584 2123 684 2195 Pater,
707 2121 873 2184 sanctifica
897 2140 951 2184 eos
976 2121 1009 2182 in
1034 2120 1177 2182 veritate.
1236 2121 1437 2202 presentiam
1462 2121 1573 2184 desero
1597 2121 1763 2192 mundum,
1784 2119 1985 2183 ascendendo

430 2222 498 2285 Nou
521 2239 597 2302 ergo
616 2221 718 2284 voluit
737 2221 855 2294 dicere,
871 2220 956 2302 quod
976 2237 1177 2300 nequaquam
1236 2220 1269 2281 in
1291 2219 1406 2299 ooelos;
1427 2230 1457 2280 et
1479 2223 1559 2280 vado
1579 2223 1623 2280 ad
1641 2223 1790 2289 Patrem,
1811 2218 1843 2281 id
1865 2225 1924 2292 est,
1941 2236 1986 2280 se-

429 2327 534 2382 oraret
550 2337 608 2402 pro
622 2319 679 2394 eis,
696 2319 751 2381 sed
765 2319 850 2401 quod
866 2324 959 2380 tantae
975 2316 1180 2399 perfectionis
1235 2318 1376 2380 cundum
1390 2325 1588 2399 assumptam
1602 2317 1833 2379 humanitatem
1849 2317 1986 2378 ascendo

430 2425 463 2480 et
476 2418 585 2498 gratiae
600 2424 690 2478 erant
704 2414 804 2478 loturi
825 2422 894 2497 post
911 2415 1097 2478 missionem
1113 2413 1181 2495 Spi-
1234 2417 1273 2478 ad
1294 2417 1411 2480 coelum
1431 2435 1619 2500 empyreum
1637 2436 1644 2480 :
1663 2415 1696 2478 in
1716 2433 1780 2498 quo
1794 2405 1879 2478 Deus
1896 2415 1986 2477 Pater

430 2515 511 2577 ritus
527 2513 733 2596 Sancti,quod
749 2531 812 2575 non
828 2513 1007 2594 indigerent
1020 2512 1061 2574 de
1076 2517 1180 2574 cetero
1235 2515 1416 2596 specialiter
1430 2533 1500 2577 esse
1520 2523 1552 2576 et
1569 2514 1712 2576 babitare
1731 2521 1891 2589 censetur,
1908 2530 1985 2594 quo·

431 2612 497 2676 Deo
517 2611 716 2675 reconciliari
736 2619 771 2673 ut
789 2618 874 2685 ante,
891 2612 946 2674 sed
967 2608 1180 2673 amantissimi
1235 2613 1321 2676 niam
1343 2613 1388 2674 ibi
1404 2601 1618 2676 excellentius
1629 2620 1789 2695 operatur,
1806 2630 1906 2694 seque
1923 2609 1986 2672 ola·

429 2719 525 2793 atque
549 2710 723 2791 gratissimi
748 2710 778 2772 ei
801 2727 875 2772 mox
894 2717 1010 2783 essent,
1028 2726 1087 2770 nee
1108 2714 1180 2789 post
1235 2711 1301 2773 rius
1333 2711 1525 2785 manifestat,
1558 2711 1706 2793 quamvis
1741 2712 1920 2773 secundum
1952 2728 1985 2772 se

430 2808 568 2892 Spiritus
597 2809 704 2870 Sancti
734 2809 972 2890 susceptionem
1004 2806 1179 2869 mortaliter
1235 2809 1356 2872 nullam
1378 2810 1492 2872 babeat
1516 2810 1737 2872 habitudinem
1762 2816 1817 2872 aut
1837 2808 1986 2872 determi-

429 2907 604 2990 peccaturi,
621 2913 732 2989 utpote
748 2906 929 2968 confirmati
944 2905 976 2969 in
991 2905 1102 2987 gratia,
1119 2922 1179 2966 nec
1236 2909 1397 2971 nationem
1419 2909 1457 2971 ad
1481 2908 1596 2982 locum,
1614 2909 1669 2970 sed
1694 2906 1727 2970 in
1750 2925 1784 2969 se
1806 2907 1877 2990 ipso
1899 2908 1987 2968 inva-

430 3005 608 3087 indigenles
630 3004 773 3067 subsidio
797 3003 1057 3067 reconciliatoria)
1082 3003 1216 3070 iuter-C
1236 3006 1389 3069 riabiliter
1404 3007 1653 3088 aeternaliterque
1667 3005 1985 3087 subsistat‚tanquam

430 3104 592 3168 cessionis.
609 3103 682 3166 ldeo
703 3102 747 3165 ait
764 3120 771 3165 :
1235 3125 1292 3168 ens
1307 3124 1382 3167 vere
1404 3105 1731 3186 incircumscriptum,
1746 3111 1841 3185 atque
1861 3103 1985 3185 simpli·

468 3207 541 3280 Ipse
561 3205 649 3263 enim
662 3205 767 3265 Pater
781 3211 870 3262 amat
891 3221 944 3262 vos
962 3218 1070 3263 amore
1089 3206 1178 3262 ater·
1236 3203 1316 3265 citer
1337 3221 1373 3265 ac
1395 3202 1665 3284 perlectionaliter
1686 3201 1862 3263 inlinitum.

429 3319 481 3376 no,
498 3303 590 3380 quia,
607 3301 638 3362 id
658 3308 707 3363 est
725 3299 818 3380 cujus
836 3300 954 3362 amoris
973 3299 1101 3379 siguum
1121 3315 1178 3358 seu
1275 3303 1398 3362 Dicunt
1422 3303 1454 3360 ei
1475 3302 1633 3376 disczputt
1656 3301 1728 3377 ejus
1751 3320 1762 3358 :
1786 3301 1868 3361 Ecce
1898 3319 1985 3359 nunc

429 3419 525 3462 causa
545 3418 564 3460 a
582 3398 762 3481 posteriori,
780 3405 828 3460 est
846 3398 931 3480 quod
951 3418 1004 3457 vos
1021 3417 1072 3456 me
1090 3414 1179 3456 ama·
1231 3403 1344 3475 palam
1369 3400 1524 3478 loqueris,
1545 3396 1681 3460 dicendo
1705 3397 1790 3480 quod
1813 3396 1905 3459 Pater
1928 3415 1985 3460 nos

428 3502 488 3560 stis
502 3506 575 3562 actu
590 3497 730 3560 caritatis
746 3497 869 3560 inlusae.
887 3497 1016 3561 Certum
1031 3494 1179 3577 estquod
1235 3503 1320 3560 amet
1343 3497 1418 3578 quia
1442 3497 1620 3558 amavimus
1643 3503 1684 3570 te,
1709 3503 1783 3570 eto,
1804 3505 1834 3556 et
1851 3513 1986 3572 prover·

429 3598 588 3660 increatus
609 3604 811 3677 aeternusque
834 3613 924 3657 amor
945 3593 1001 3656 llei
1026 3593 1180 3674 prevenit
1236 3599 1325 3657 bium
1341 3599 1472 3656 cattum
1487 3597 1582 3665 dicis,
1599 3594 1758 3677 loquendo
1771 3594 1810 3656 de
1825 3594 1914 3657 exitu
1931 3601 1986 3657 tuo

430 3713 498 3770 nos,
519 3703 551 3758 et
573 3713 669 3758 causa
692 3701 741 3756 est
763 3693 861 3757 totius
884 3693 993 3774 gratiae
1013 3709 1051 3753 ac
1073 3690 1179 3754 meriti
1236 3693 1357 3755 aPatre
1372 3701 1403 3755 et
1418 3694 1556 3755 adventu
1573 3693 1605 3754 in
1623 3690 1859 3766 mundum,sed
1873 3691 1985 3754 verita·

429 3794 540 3868 nostri,
565 3794 736 3875 omnisque
760 3791 836 3855 boni
860 3792 945 3873 quod
970 3790 1125 3860 habemus
1149 3797 1180 3851 et
1236 3801 1301 3854 tem
1324 3791 1488 3854 evidenter
1513 3791 1710 3872 pronuntias.
1732 3789 1876 3853 Christus
1897 3809 1984 3852 uam·

429 3911 551 3968 sumus,
573 3899 609 3954 ut
632 3892 761 3954 divinus
786 3889 955 3971 Dionysius
979 3889 1079 3950 docet.
1106 3888 1180 3950 ldeo
1236 3908 1299 3973 que
1313 3897 1386 3952 ante
1402 3889 1583 3972 passionem
1603 3906 1667 3952 non
1684 3907 1811 3971 semper
1830 3887 1984 3971 paraboli-

429 4009 518 4054 amor
534 3990 787 4055 Christianorum
805 3986 844 4050 ad
866 3987 1027 4050 Christum
1047 3993 1181 4049 nonest
1237 4008 1273 4052 ce
1298 3988 1487 4070 loquebatur
1510 3987 1677 4069 discipulis
1701 4005 1708 4050 :
1734 3997 1766 4051 et
1791 3988 1867 4050 licet
1891 3988 1985 4070 paulo

430 4108 525 4153 causa
543 4108 561 4152 a
582 4088 681 4172 priori
703 4087 788 4169 quod
810 4086 900 4148 Pater
918 4085 1024 4165 diligit
1042 4103 1106 4160 eos,
1124 4085 1180 4147 sed
1235 4096 1308 4150 ante
1326 4088 1392 4168 jam
1413 4087 1539 4161 dixerit,
1557 4109 1573 4145 «
1589 4087 1682 4149 Venit
1699 4087 1777 4149 bora
1798 4104 1900 4168 quum
1919 4086 1984 4167 jam

431 4189 569 4270 signum,
592 4205 692 4269 quum
715 4185 756 4248 sit
777 4183 914 4247 allectus
936 4189 968 4245 et
988 4183 1108 4245 donum
1133 4183 1179 4244 in·
1195 4191 1219 4252 D
1236 4205 1300 4250 non
1315 4187 1348 4248 in
1364 4185 1542 4268 proverbiis
1561 4185 1672 4267 loquar
1688 4185 1777 4248 vobis
1793 4207 1810 4244 u
1825 4185 1926 4267 (quod
1947 4185 1984 4248 ad

430 4287 527 4350 creati
547 4285 666 4348 amoris
687 4283 743 4346 Dei
762 4282 862 4345 Patris
883 4299 940 4344 seu
959 4280 1121 4343 Trinitatis
1140 4282 1180 4343 ad
1236 4294 1363 4367 tempus
1383 4291 1454 4365 post
1469 4285 1736 4346 resurrectionem
1756 4284 1891 4346 relatum
1908 4285 1983 4365 est);

431 4404 496 4450 eos.
512 4386 586 4448 ldeo
602 4385 634 4446 in
650 4381 898 4465 primaloannis
916 4379 1074 4444 Canonica
1087 4380 1181 4443 babe·
1237 4400 1299 4446 non
1322 4390 1428 4444 tamen
1450 4383 1577 4463 negavit
1598 4381 1676 4463 quin
1698 4382 1794 4444 etiam
1819 4390 1892 4445 ante
1916 4401 1985 4465 pas-

286 4513 416 4564 pfflm,
432 4493 484 4547 tur
501 4504 508 4548 :
526 4485 588 4547 Nos
610 4500 686 4563 ergo
706 4481 878 4562 diligamus
901 4479 1013 4553 Deum,
1029 4479 1180 4560 quoniam
1236 4482 1360 4544 sionem
1381 4480 1563 4562 loqueretur
1578 4480 1623 4542 eis
1643 4481 1787 4562 quaedam
1808 4482 1848 4544 dc
1863 4481 1928 4545 Deo
1947 4481 1985 4544 si·

287 4580 319 4622 Ν·
432 4585 502 4667 ipse
531 4582 620 4665 prior
646 4580 759 4642 dilexit
787 4595 854 4642 nos.
883 4579 1002 4659 ltaque,
1029 4578 1180 4659 quoniam
1237 4600 1277 4642 ne
1298 4578 1485 4661 proverbiis.
1503 4581 1601 4642 Nunc
1620 4581 1739 4639 scincus
1758 4599 1816 4663 per
1835 4579 1936 4642 iidem
1956 4585 1986 4641 et

432 4682 522 4744 Pater
542 4679 647 4763 primo
667 4677 786 4740 amavit
804 4694 873 4752 nos,
890 4674 961 4738 ideo
981 4673 1069 4738 dedit
1089 4675 1181 4738 nobis
1237 4677 1466 4761 experientiam
1488 4677 1671 4758 quamdam,
1686 4681 1767 4757 quia
1785 4680 1847 4738 scis
1865 4679 1984 4738 omnia.

431 4780 562 4861 gratiam
577 4777 730 4859 diligendi
746 4776 876 4838 unicum
888 4775 1002 4837 Filium
1013 4774 1182 4855 ejusUnde
1237 4778 1301 4840 Hoc
1321 4776 1481 4851 dixerunt,
1498 4776 1649 4858 quoniam
1670 4776 1812 4840 Christus
1833 4777 1986 4858 praevenit

289 4909 417 4962 mm,
431 4886 464 4942 et
483 4879 546 4942 alio
566 4877 636 4941 loco
654 4874 753 4938 Filius
772 4874 828 4938 nei
849 4873 894 4937 ait
912 4873 1071 4956 Apostolis
1090 4893 1096 4937 :
1114 4873 1181 4936 Non
1238 4874 1517 4955 interrogationem
1536 4891 1658 4950 eorum,
1676 4893 1738 4957 qua
1757 4893 1833 4936 cum
1853 4873 1984 4938 interro

286 4973 320 5016 ¹⁶·
431 4995 489 5042 vos
509 4995 560 5040 me
580 4974 733 5056 elegistis,
750 4974 805 5036 sed
824 4990 883 5054 ego
902 4973 984 5053 elegi
1002 4990 1069 5036 vos.
1086 4971 1183 5036 Amor
1236 4993 1310 5056 gare
1335 4981 1580 5057 proposuerunt,
1596 4981 1627 5035 et
1647 4973 1852 5054 cogitationes
1873 4991 1983 5037 eornm

433 5076 554 5160 quippe
574 5081 623 5137 est
642 5073 783 5156 primum
804 5071 923 5134 donum
945 5071 1131 5152 gratuitum,
1149 5070 1182 5132 in
1237 5092 1272 5136 se
1291 5073 1372 5137 scire
1393 5072 1589 5135 monstravit.
1606 5075 1649 5133 Et
1665 5091 1730 5132 oon
1749 5090 1829 5148 opus
1849 5073 1982 5142 esttibi,

432 5192 497 5258 quo
518 5173 626 5236 omnia
650 5171 733 5235 dona
756 5178 861 5234 cetera
885 5170 1114 5233 condonantur.
1138 5173 1182 5233 Et
1239 5174 1270 5235 id
1286 5180 1344 5247 est,
1360 5171 1398 5234 ad
1418 5171 1477 5233 boc
1495 5170 1580 5252 quod
1599 5171 1790 5252 respondeas
1810 5188 1874 5234 non
1894 5188 1983 5253 opor

431 5274 621 5338 credidistis
635 5273 726 5354 quia,
742 5271 775 5334 id
789 5276 838 5334 est
852 5270 949 5354 quod,
965 5290 986 5330 a
998 5273 1064 5334 neo
1079 5271 1182 5342 ewini,
1237 5280 1283 5336 tet
1297 5288 1356 5333 nec
1371 5270 1505 5352 indiges,
1516 5280 1553 5332 ut
1569 5271 1642 5350 quis
1657 5279 1687 5331 te
1700 5271 1894 5349 interi-oper,
1908 5271 1983 5357 quia
