4288 6264
262 785 676 910 DOMINICA
726 785 1069 928 QUARTA
1117 784 1328 908 POST
1376 781 1712 907 PASGHA

633 1456 936 1543 ENARRATIO
964 1455 1019 1541 IN
1048 1454 1339 1542 EPISTOLAM

289 1725 373 1772 cunc
394 1724 496 1770 nurus
517 1723 652 1770 orrruurr
674 1723 710 1768 nr
731 1722 814 1769 orrnn
835 1722 939 1768 neuun
961 1721 1136 1767 runrncruu
1158 1721 1316 1768 nssunsurr
1338 1722 1402 1766 nsr.
1422 1703 1527 1766 Jacob.
1545 1723 1566 1778 r,
1584 1701 1686 1766 l7-2l.

255 2002 281 2065 N
300 2001 435 2083 epistola
453 2000 606 2064 hodierna
624 2001 722 2062 sacris
742 1998 895 2061 doctrinis
916 2017 962 2060 re·
977 1997 1002 2061 l
1019 2017 1059 2060 na
1073 1997 1224 2080 perlecta,
1242 2016 1305 2061 non
1320 1997 1474 2072 absolute,
1489 2017 1588 2080 quum
1604 1999 1686 2060 dona
1700 1999 1766 2080 glo·

268 2100 359 2174 ferta,
377 2099 482 2181 primo
496 2099 588 2162 docet
603 2115 660 2160 nos
676 2098 786 2160 beatus
801 2096 963 2179 apostolus
1019 2097 1073 2160 riae
1089 2098 1153 2160 sint
1168 2097 1277 2180 utique
1293 2098 1447 2179 digniora,
1461 2097 1516 2160 sed
1531 2098 1563 2159 in
1579 2114 1636 2160 sno
1651 2116 1767 2178 genere

216 2197 360 2270 Jacobus,
380 2198 412 2260 in
433 2215 507 2259 vera
526 2195 705 2258 bumilitate
728 2213 821 2258 omne
843 2195 964 2257 bonum
1020 2204 1051 2258 et
1065 2194 1258 2258 naturalium
1274 2196 1429 2259 donorum
1446 2196 1770 2278 comparatione,quiu

218 2295 282 2358 Deo
296 2294 487 2368 adscribere,
503 2294 618 2374 gratias
637 2312 740 2374 agere,
759 2301 897 2355 mentem
913 2311 965 2354 cu·
1021 2294 1203 2356 immediate
1225 2294 1425 2376 conjungunt
1447 2312 1503 2356 nos
1527 2295 1590 2357 Deo
1611 2303 1643 2358 et
1664 2302 1768 2376 gratos

217 2394 346 2468 stodire,
365 2393 397 2455 in
418 2392 511 2454 bonis
533 2391 699 2474 prolicere.
719 2393 826 2473 ltaque
846 2392 890 2453 ait
908 2410 914 2454 :
1020 2392 1049 2453 ei
1065 2390 1224 2466 elliciuut,
1241 2400 1335 2474 atque
1352 2411 1408 2474 per
1423 2411 1460 2454 ea
1475 2392 1557 2454 dona
1573 2392 1682 2474 gloria)
1699 2411 1768 2476 pro-

259 2496 357 2556 Omoe
372 2495 487 2553 datum
505 2493 663 2568 optimum
683 2500 714 2550 ct
733 2511 825 2551 omne
843 2493 965 2550 donum
1022 2509 1190 2552 meremur.

214 2591 397 2667 perfectum
412 2593 584 2651 desursum
599 2599 654 2649 est.
667 2589 800 2663 Quidam
816 2607 873 2670 per
889 2609 905 2646 u
917 2588 966 2649 da·
1060 2588 1159 2651 Omne
1179 2606 1254 2670 ergo
1278 2587 1463 2668 hujusmodi
1485 2589 1605 2652 donum
1626 2611 1643 2648 <r
1659 2589 1769 2652 desur-

217 2695 285 2749 tum
304 2687 464 2769 optimum
480 2709 508 2760 n,
526 2685 709 2766 intelligunt
728 2703 823 2749 omne
845 2685 964 2748 donum
1020 2706 1091 2750 sum
1115 2694 1211 2760 est»,
1240 2687 1271 2748 id
1296 2693 1344 2748 est
1368 2685 1550 2748 efficienter
1575 2689 1769 2746 descendens

218 2793 355 2864 naturae3
374 2792 469 2867 atque
489 2803 546 2867 per
567 2784 719 2846 «donum
739 2782 917 2865 perlectum
934 2805 963 2856 n,
1020 2806 1039 2844 a
1063 2787 1166 2847 Patre
1191 2785 1364 2844 torniacum.
1392 2783 1450 2858 Qui
1481 2784 1555 2846 licet
1584 2783 1704 2866 ubique
1727 2784 1769 2846 sit

218 2901 312 2946 omne
342 2901 460 2946 munus
489 2881 607 2963 gratim.
636 2882 698 2944 Alii
728 2900 785 2963 per
814 2881 965 2942 «datum
1020 2890 1171 2964 tanquam
1201 2881 1548 2976 incircumscriptibilis
1571 2899 1608 2944 ac
1634 2881 1768 2944 immen-

219 2981 377 3064 optimum
402 3003 431 3056 u,
461 2980 625 3063 accipiunt
654 2977 819 3061 quodlibet
847 2999 964 3041 munus
1020 2999 1073 3042 sus
1092 2981 1191 3060 (unde
1215 2998 1272 3061 per
1290 2979 1459 3042 Jcremiam
1480 2987 1623 3054 testatur,
1644 2979 1766 3043 coelum
1795 2999 1842 3044 rer.
1857 3011 1914 3051 ιιιιι,

218 3080 341 3160 gratiro3
358 3087 389 3142 et
408 3098 466 3160 per
485 3079 636 3142 «donum
658 3077 835 3158 perlectum
852 3099 880 3153 τ),
898 3097 966 3139 mu·
1020 3085 1052 3139 et
1075 3085 1191 3140 terram
1217 3094 1275 3158 ego
1300 3076 1449 3158 impleo);
1476 3077 1577 3140 nihilo
1602 3078 1709 3140 minus
1735 3079 1768 3141 in
1782 3066 1816 3108 ²⁴·

219 3196 279 3240 nus
308 3176 474 3259 quodlibet
496 3175 613 3257 gloriae.
639 3175 703 3238 Nec
727 3174 862 3238 dubium
886 3176 964 3257 quin
979 3178 1002 3239 B
1020 3174 1101 3238 coelo
1120 3192 1272 3258 empyreo
1292 3172 1472 3256 specialiter
1487 3193 1557 3237 esse
1576 3183 1609 3238 et
1624 3175 1767 3239 habitare

218 3273 323 3338 littera
344 3275 444 3357 possit
467 3273 569 3356 aptari
592 3273 632 3336 ad
653 3273 730 3338 bec.
753 3273 852 3336 Omne
876 3274 964 3355 equi·
1019 3274 1181 3348 asseritur,
1198 3273 1350 3355 quoniam
1371 3271 1416 3334 ibi
1433 3272 1550 3334 clarius
1568 3274 1719 3348 cernitur,
1736 3283 1768 3338 et

217 3373 290 3436 dem
310 3372 441 3448 bouum,
458 3379 567 3454 utpote
582 3389 677 3434 omne
692 3372 812 3442 donum
833 3379 963 3447 naturae,
1019 3372 1197 3434 evidentius
1216 3389 1253 3432 ae
1272 3369 1443 3432 sublimius
1463 3380 1620 3452 operatur.
1637 3372 1768 3455 Propter

216 3489 310 3535 omne
326 3472 445 3534 donum
461 3471 581 3552 gratim,
598 3488 692 3534 omne
707 3472 827 3534 donum
843 3469 962 3552 gloriae,
1019 3471 1103 3552 quod
1124 3469 1156 3532 in
1177 3469 1421 3532 Deuteronomio
1440 3468 1591 3531 scribitur
1608 3487 1615 3531 ι
1632 3470 1700 3533 Νοττ
1719 3479 1767 3534 est
1781 3493 1917 3546 marma,

216 3578 249 3632 et
261 3569 419 3652 quidquid
439 3568 519 3632 citra
533 3569 634 3631 Deum
653 3577 711 3643 est,
727 3589 746 3631 a
762 3569 825 3631 Deo
845 3567 964 3650 prollu·
1018 3569 1100 3632 alius
1130 3577 1165 3630 ut
1192 3569 1275 3631 Deus
1304 3567 1524 3648 rectissimus;
1549 3567 1766 3634 babitaculum
1782 3557 1858 3607 Μ·

214 3667 319 3730 sitsi
338 3684 413 3748 ergo
434 3689 451 3728 u
467 3667 576 3730 datum
596 3666 754 3749 optimum
772 3689 788 3726 a
810 3666 964 3728 referatur
1018 3667 1087 3748 ejus
1103 3673 1281 3742 sursum‚et
1295 3664 1404 3728 subter
1418 3664 1548 3728 brachia
1563 3667 1765 3749 sempiterna.

215 3766 253 3828 ad
273 3766 356 3828 dona
374 3773 535 3840 naturae«
551 3765 660 3826 datum
680 3766 871 3846 optimum»
891 3780 964 3826 con·
1018 3765 1161 3847 Denique
1186 3783 1243 3846 per
1268 3765 1422 3828 «Patrem
1449 3761 1609 3826 luminum
1624 3787 1653 3839 n,
1677 3764 1769 3828 intel·

216 3862 382 3925 venienter
404 3861 593 3944 intelligitur
618 3862 807 3936 intellectus,
828 3869 860 3922 et
881 3880 964 3943 quae-
1020 3863 1073 3944 ligi
1095 3869 1199 3945 potest
1215 3862 1266 3926 vel
1285 3863 1367 3924 Deus
1388 3861 1570 3936 Trinitas‚a
1593 3881 1656 3944 quo
1675 3880 1769 3926 omne

217 3981 355 4044 cumque
378 3961 448 4042 ejus
478 3961 633 4043 perfectio
662 3961 824 4024 naturalis.
851 3959 963 4023 Omnia
1019 3962 1127 4025 lumen
1146 3963 1225 4042 (tam
1248 3960 1390 4023 naturale
1410 3978 1507 4042 quam
1529 3959 1711 4040 gratificum
1732 3979 1769 4025 ac
1887 3973 1893 3986 '

216 4061 365 4142 equidem
388 4059 543 4122 naturalia
566 4066 640 4120 sunt
657 4078 677 4121 a
697 4059 760 4122 Deo
781 4058 962 4120 immediate
1019 4059 1219 4140 beatificum)
1233 4065 1292 4131 est,
1309 4059 1360 4121 vel
1380 4075 1516 4140 persona
1530 4058 1630 4121 Patris
1645 4059 1766 4135 aeterni,

215 4159 267 4222 vel
282 4159 431 4233 mediate,
443 4157 475 4220 id
490 4165 538 4219 est
553 4177 610 4239 per
625 4159 828 4232 creationem,
841 4157 891 4218 vel
906 4175 964 4238 per
1017 4178 1036 4221 a
1051 4176 1114 4241 quo
1134 4158 1311 4220 increatum
1330 4164 1379 4220 est
1393 4156 1513 4232 lumen,
1531 4158 1616 4239 quod
1635 4166 1683 4221 est
1698 4157 1768 4220 uni·

216 4276 384 4321 causarum
404 4257 615 4319 secundarum
631 4256 885 4338 cooperationem
906 4274 963 4318 seu
1018 4257 1144 4340 genitus
1165 4257 1264 4319 Filius
1285 4256 1367 4337 ejus,
1384 4256 1439 4337 qui
1463 4264 1510 4318 est
1529 4256 1640 4319 lumen
1661 4257 1700 4319 de
1723 4256 1768 4320 lu·

216 4355 554 4420 subministrationem.
574 4355 661 4418 Unde
676 4362 707 4417 ct
721 4355 905 4418 Aristoteles
920 4354 1000 4421 ‹li-c
1020 4356 1105 4420 mine
1118 4377 1125 4422 ;
1138 4356 1177 4419 de
1193 4373 1258 4438 quo
1272 4355 1428 4436 scriptum
1444 4362 1503 4429 est,
1515 4353 1588 4416 Erat
1606 4353 1660 4416 lux
1675 4374 1750 4418 vera
1756 4372 1765 4437 3
1781 4376 1863 4421 somn.
1872 4391 1886 4429 ι,
1894 4377 1915 4422 r.

216 4457 273 4532 xit,
290 4456 374 4542 quod
394 4455 434 4519 ab
453 4456 514 4518 boc
533 4461 606 4518 ente
626 4455 783 4538 dependet
797 4454 914 4518 coelum
933 4462 965 4517 et
1018 4457 1057 4520 de
1077 4475 1141 4539 quo
1158 4463 1189 4518 et
1207 4455 1335 4518 Simeon
1353 4453 1459 4534 justus
1480 4453 1570 4529 dixit,
1587 4453 1709 4516 Lumen
1727 4453 1767 4516 ad
1790 4474 1915 4528 terior.

217 4563 310 4630 terra,
327 4562 359 4618 et
378 4561 442 4618 totu
462 4554 603 4617 universi
623 4560 742 4616 natura.
762 4553 799 4615 Et
821 4554 936 4616 iterum
955 4571 962 4614 :
1019 4554 1244 4618 revelationem
1259 4552 1414 4634 gentium.
1423 4551 1485 4615 Sed
1500 4559 1532 4614 et
1545 4551 1682 4635 Spiritus
1697 4553 1769 4616 San-

217 4653 265 4718 Ab
288 4655 358 4736 ipso
373 4653 507 4736 (inquit)
523 4652 672 4716 omnibus
693 4652 963 4715 communicatum
1019 4660 1089 4716 ctus
1110 4659 1159 4715 est
1181 4652 1290 4714 lumen
1314 4659 1468 4714 aeternum
1492 4657 1523 4712 et
1545 4650 1768 4726 increatum,a

218 4761 266 4816 est
287 4771 356 4816 esse
378 4760 410 4816 et
431 4753 549 4816 vivere.
571 4752 658 4815 Dona
679 4769 755 4814 vero
778 4759 898 4815 naturae
918 4751 964 4814 di·
1019 4753 1107 4815 Patre
1128 4750 1314 4833 procedens,
1331 4749 1396 4812 imo
1410 4769 1429 4811 a
1442 4750 1531 4813 Patre
1549 4756 1581 4812 et
1596 4749 1686 4824 Filio,
1702 4757 1769 4812 tan—

218 4861 334 4915 cuntur
363 4852 493 4936 optima,
525 4871 588 4915 nou
617 4851 708 4933 quasi
738 4851 829 4914 donis
858 4851 965 4933 gratiae
1020 4869 1116 4933 quam
1135 4868 1153 4911 a
1173 4849 1333 4932 principio
1349 4856 1381 4910 et
1402 4848 1523 4911 lumine
1543 4866 1617 4911 uno.
1634 4848 1714 4911 Hine
1734 4849 1767 4910 in

218 4952 446 5034 praestantiora,
463 4952 518 5014 sed
540 4951 669 5035 optima,
688 4950 719 5012 id
736 4957 784 5013 est
801 4950 892 5013 valde
911 4949 965 5012 bo·
1019 4952 1137 5014 Joaune
1162 4949 1318 5031 scriptum
1344 4955 1392 5011 est
1417 4967 1424 5012 :
1452 4948 1520 5011 Nou
1545 4956 1649 5032 potest
1672 4948 1768 5012 bomo
1793 4975 1916 5030 eom,

219 5068 270 5126 na,
291 5049 343 5113 vel
361 5050 483 5132 optima
507 5050 539 5112 iu
560 5067 618 5112 suo
641 5067 757 5130 genere
781 5067 817 5110 ac
841 5048 962 5112 ordine.
1020 5049 1164 5131 accipere
1188 5049 1375 5131 quidquam,
1401 5047 1462 5110 nisi
1486 5049 1595 5110 datum
1619 5045 1715 5110 luerit
1739 5043 1816 5109 01²⁷·

169 5148 314 5308 fferre
335 5149 418 5212 dona
438 5148 556 5230 gratim,
573 5155 609 5211 ut
627 5148 761 5211 virtutes
783 5147 967 5228 theologica
1022 5149 1061 5211 de
1082 5147 1172 5210 coelo.

222 5257 254 5311 et
272 5248 355 5312 dona
373 5248 510 5332 Spiritus
529 5248 646 5326 Sancti,
662 5255 735 5324 etc,
751 5248 902 5312 dicuntur
917 5248 969 5311 do
1062 5249 1164 5324 Apud
1178 5266 1284 5326 quem,
1293 5245 1325 5307 id
1340 5251 1388 5307 est
1404 5245 1436 5308 in
1451 5261 1598 5328 quecun
1611 5253 1656 5304 est
1669 5253 1772 5305 trans-
