4164 6258
189 878 606 1066 DQMINICA
654 880 743 1004 Vl
792 879 1002 1006 POST
1050 882 1574 1009 TRINITATEM

529 1552 832 1640 ENARRATIO
864 1553 920 1640 IN
953 1552 1244 1641 EPISTOLAM

196 1818 370 1875 oureuuona
390 1819 551 1866 aamrzsrr
573 1818 670 1865 surius
693 1817 724 1865 m
745 1817 875 1864 aanrsro
894 1818 976 1876 rasu,
998 1819 1030 1865 nr
1051 1819 1151 1866 rroara
1173 1821 1269 1868 rrsrus
1290 1821 1449 1869 arrrrzrrr
1471 1824 1577 1870 surius.

759 1899 848 1963 Rom.
865 1917 907 1974 rr,
924 1898 1006 1962 etl.

187 2169 364 2234 ORTATUR
383 2186 441 2232 nos
457 2175 585 2232 sanetus
600 2168 762 2252 apostolus
782 2167 858 2230 Pan·
873 2170 899 2233 A
914 2187 1041 2252 semper
1066 2170 1212 2234 vivamus
1234 2172 1376 2253 justitiae.
1402 2173 1497 2236 Trina
1521 2192 1660 2254 namque

202 2269 251 2331 lus
272 2269 304 2330 in
326 2267 473 2350 praesenti
494 2267 629 2350 epistola
648 2267 687 2328 ad
706 2265 858 2328 vitiorum
914 2267 1078 2331 immersio
1100 2268 1249 2351 baptizati
1272 2270 1305 2332 in
1326 2289 1419 2352 aqna,
1441 2271 1585 2352 designat
1606 2271 1660 2333 tri-

110 2367 351 2441 devitationem,
383 2364 647 2450 spiritualemque
682 2364 859 2427 innovatio·
914 2365 1013 2428 duum
1036 2367 1208 2448 sepulturae
1229 2387 1285 2431 sen
1308 2371 1419 2432 mortis
1443 2369 1579 2448 Christi;
1600 2369 1661 2432 ele·

110 2473 301 2548 nem,atque
316 2465 532 2528 virtuosorum
547 2481 681 2547 operum
696 2463 859 2524 continua·
916 2463 998 2526 vatio
1013 2472 1119 2526 autern
1135 2483 1173 2526 ex
1188 2483 1281 2547 aqua,
1294 2467 1559 2529 resurrectionem
1575 2467 1661 2530 Chri-

110 2565 232 2628 tionem
249 2563 404 2645 usquein
426 2562 536 2626 linem.
555 2561 593 2624 Et
606 2561 645 2623 ad
661 2561 721 2624 hoo
737 2559 860 2622 inducit
914 2562 955 2624 sti
983 2561 1153 2642 signifieat.
1185 2562 1264 2625 Hine
1293 2565 1440 2628 seeundo
1469 2564 1659 2648 expositioni

110 2661 217 2744 primo
238 2661 320 2724 hane
340 2662 507 2734 rationem,
528 2659 680 2742 quoniam
703 2659 736 2720 in
755 2658 859 2740 Bapti-
915 2667 1067 2722 consonat
1088 2660 1192 2724 littera
1212 2680 1359 2745 sequens.
1383 2662 1552 2725 Declarans
1573 2673 1668 2724 nam-¹

109 2779 180 2823 srno
196 2761 322 2843 purgati
344 2779 454 2822 sumus
474 2759 514 2822 ah
534 2759 622 2822 omni
643 2765 774 2841 peccato
790 2775 797 2819 ε
814 2775 861 2819 er·
915 2774 977 2839 que
992 2757 1128 2838 qualiter
1148 2759 1179 2820 in
1201 2766 1302 2822 morte
1318 2758 1433 2823 Christi
1450 2759 1599 2842 baptizati
1615 2761 1662 2822 di-

109 2877 149 2940 go
169 2859 209 2920 de
233 2867 339 2920 cetero
357 2858 449 2921 deret
468 2875 525 2920 nos
544 2877 563 2920 a
581 2857 669 2920 vitiis
687 2855 857 2918 abstinere.
915 2872 1037 2930 camur,
1057 2855 1198 2937 adjecit:

110 2957 220 3039 ltaque
243 2956 289 3018 ait
309 2974 316 3018 :
339 2958 540 3034 Quicumque
559 2956 719 3031 baptizati
735 2973 859 3024 sumus,
955 2956 1142 3030 Consepulti
1154 2955 1242 3014 enim
1257 2975 1369 3015 sumus
1383 2975 1457 3015 eum
1473 2957 1543 3025 illo,
1555 2955 1585 3018 id
1601 2964 1659 3030 est,

114 3054 145 3117 id
170 3063 220 3118 est
240 3074 259 3117 a
280 3054 368 3117 vitiis
391 3053 555 3117 emundati
579 3071 616 3116 ae
640 3053 695 3115 loti
718 3053 751 3115 in
773 3052 860 3115 lonte
916 3051 1040 3114 Christo
1055 3052 1180 3136 sepulto
1194 3053 1362 3116 assimilati
1381 3073 1503 3128 sumus,
1520 3073 1583 3132 per
1596 3057 1661 3116 Ba-

111 3153 279 3235 Baptismi‚
296 3155 334 3212 in
350 3153 478 3213 Christo
494 3155 583 3222 lesu,
600 3151 632 3214 in
649 3150 859 3224 institutione,
913 3151 1082 3226 primum,
1095 3151 1126 3212 id
1141 3158 1189 3214 est
1205 3151 1237 3212 in
1252 3151 1435 3234 Baptism0:
1453 3171 1527 3214 narn
1545 3153 1661 3215 mersio

111 3251 178 3314 lide
200 3259 233 3314 et
251 3249 436 3333 operatione
456 3249 584 3324 Christi,
601 3250 661 3314 hoe
681 3257 730 3312 est
749 3267 861 3312 seeun-
917 3246 1065 3329 baptizati
1087 3248 1119 3310 in
1140 3267 1234 3330 aqua,
1256 3248 1418 3330 signifieat
1439 3250 1661 3332 sepelitionem

113 3350 188 3412 dum
215 3349 299 3432 qnod
324 3348 393 3430 ipse
415 3347 554 3412 instituit
574 3367 610 3411 aa
632 3346 794 3430 praeoepit,
815 3346 861 3408 di·
878 3349 901 3411 B
917 3345 1032 3408 Christi
1053 3344 1112 3408 suh
1133 3354 1233 3426 terra;
1253 3349 1291 3408 in
1310 3358 1446 3408 mortem
1462 3348 1584 3431 peceati
1604 3367 1660 3411 seu

114 3449 328 3511 cens:[loeete
343 3465 455 3510 omnes
469 3445 792 3529 genteshaptizantes
807 3462 861 3507 eos
917 3443 989 3506 virs
1014 3443 1140 3524 prioris,
1168 3464 1238 3527 quae
1266 3445 1327 3508 luit
1353 3446 1472 3528 iniqua,
1496 3447 1527 3509 id
1551 3454 1599 3509 est
1621 3447 1661 3509 ad

8 3548 35 3583 '¹¹'
72 3566 78 3577 ·
114 3549 147 3610 in
166 3546 296 3610 nomine
317 3545 416 3609 Patris
436 3553 468 3608 et
484 3545 555 3607 Filii
578 3553 610 3606 et
630 3543 767 3626 Spiritus
788 3543 862 3606 San·
916 3540 976 3603 hoe
1003 3549 1037 3602 ut
1066 3543 1241 3606 moriamur
1268 3553 1408 3627 peceato.
1440 3549 1480 3608 Ut
1505 3549 1661 3624 quornodo

114 3645 167 3706 eti.
185 3644 328 3708 Christus
343 3661 471 3726 quoque
489 3641 589 3705 iidem
605 3641 768 3704 Trinitatis
787 3641 860 3704 edo·
917 3640 1065 3700 Christus
1080 3645 1229 3704 surrexit
1248 3663 1268 3704 α
1287 3646 1438 3714 mortuis,
1455 3645 1487 3708 id
1508 3651 1556 3706 est
1577 3662 1596 3706 a
1618 3644 1661 3706 lo-

114 3743 181 3803 cuit
201 3749 232 3805 et
252 3741 338 3804 intus
359 3741 488 3804 inludit.
506 3740 576 3824 lpse
595 3757 723 3822 quoque
743 3737 860 3820 prinei·
916 3753 953 3799 co
976 3745 1071 3819 atque
1096 3740 1256 3803 consortio
1280 3749 1490 3816 mortuorum,
1511 3761 1575 3820 per
1594 3745 1661 3820 pto·
1733 3799 1738 3806 .

114 3841 227 3922 paliter
242 3839 391 3923 baptizet,
407 3839 483 3922 quia
499 3848 533 3902 ut
547 3839 630 3902 lleus
646 3837 732 3900 intus
748 3845 861 3920 purgat
917 3837 1015 3906 riam,
1046 3836 1077 3899 id
1106 3845 1155 3900 est
1183 3838 1353 3919 gloriosam
1383 3841 1660 3922 omnipotentiam,

112 3959 133 4002 a
147 3939 239 4022 eulpa
252 3938 452 4020 gratiamque
467 3937 609 4018 largitur,
625 3945 720 4019 atque
735 3936 774 3999 ah
790 3937 859 4017 ejus
914 3935 1031 3994 Patris
1047 3955 1058 3994 .·
1072 3935 1148 4016 quia
1162 3936 1281 4012 divina,
1298 3953 1362 3999 non
1378 3936 1518 4000 humana
1533 3939 1660 4013 virtute,

112 4038 259 4120 passione
274 4037 456 4118 Baptismus
470 4053 507 4098 ao
526 4035 589 4097 alia
604 4042 802 4098 sacramenta
816 4035 860 4098 el·
914 4031 1061 4094 surrexit.
1083 4033 1150 4107 Vel,
1178 4053 1271 4116 sper
1295 4035 1430 4116 gloriam
1455 4036 1554 4099 Patris
1576 4057 1604 4110 s,
1629 4037 1659 4100 id

114 4135 258 4199 iioaeiam
277 4154 368 4198 suam
389 4134 500 4197 sortita
518 4141 601 4197 sunt.
619 4134 740 4196 ldeirro
759 4133 798 4196 ad
811 4133 859 4196 lo
914 4134 962 4190 est
985 4148 1042 4210 per
1065 4131 1205 4194 Verbum
1229 4141 1384 4196 eternum
1409 4134 1496 4197 oarni
1522 4135 1658 4208 unitum,

9 4269 46 4297 m..
59 4259 96 4300 aa.
111 4253 227 4298 aunem
241 4233 416 4316 Baptistam
432 4234 514 4296 [leus
528 4233 573 4295 ait
587 4233 626 4296 de
642 4231 787 4297 Christo:
803 4231 859 4296 Su·
913 4229 997 4310 quod
1013 4237 1061 4292 est
1075 4230 1175 4311 gloria
1188 4233 1571 4314 Patris,quernadmodum
1587 4234 1660 4295 sori·

112 4352 171 4416 per
185 4351 280 4417 quern
298 4332 417 4396 rideris
437 4332 590 4415 Spiritum
611 4333 857 4396 descendentem
913 4339 1004 4414 ptum
1028 4340 1077 4395 est
1104 4349 1110 4394 :
1137 4332 1242 4396 Gloria
1268 4333 1378 4416 patris,
1404 4334 1493 4397 lilius
1519 4333 1655 4416 sapiens.
1673 4355 1736 4400 rrae.
1752 4362 1804 4409 aa.

110 4439 146 4494 et
166 4437 346 4495 manentem
366 4449 463 4513 super
481 4449 567 4505 eum,
584 4430 636 4494 hie
658 4431 782 4514 estqui
804 4430 858 4493 ha·
911 4431 1008 4494 isaias
1031 4449 1159 4513 quoque
1178 4433 1217 4494 de
1237 4431 1296 4494 hae
1315 4433 1416 4513 gloria
1434 4451 1490 4494 seu
1511 4433 1590 4496 Filio
1605 4434 1658 4496 Pa·

110 4529 208 4612 ptizat
223 4529 256 4593 in
270 4529 392 4612 Spiritu
407 4529 530 4592 Saneto.
544 4529 696 4592 Sacerdos
710 4546 787 4594 varo
802 4528 858 4591 mi·
873 4522 896 4587 C
912 4529 970 4592 tris
998 4531 1042 4592 ait
1067 4546 1074 4590 :
1100 4529 1303 4592 Revelahitur
1330 4530 1431 4612 gloria
1458 4531 1596 4607 Domini,
1627 4541 1657 4595 et
1684 4547 1785 4597 rans.

109 4625 855 4710 nisterialiterestbaptinans.Inmorteipsius,
911 4629 1034 4692 videbit
1061 4628 1167 4692 omnis
1197 4645 1269 4692 earo
1298 4629 1440 4693 Salutare
1465 4631 1520 4694 Dei
1545 4633 1655 4696 nostri.

108 4727 146 4789 id
166 4733 211 4789 est
227 4726 346 4789 virtute
365 4743 403 4788 ae
425 4725 539 4788 merito
560 4745 626 4790 suae
648 4727 804 4809 passionis
824 4735 856 4790 et
911 4727 988 4792 Nam
1016 4727 1159 4791 Christus
1183 4728 1359 4790 secundum
1384 4729 1469 4810 quod
1493 4731 1587 4806 Deus,
1608 4752 1658 4794 sn-

108 4825 231 4899 mortis,
252 4825 414 4902 baptizati
431 4843 554 4886 sumus.
575 4825 643 4899 Vel,
669 4825 735 4888 rin
755 4833 855 4890 morte
912 4825 1037 4890 scitavit
1061 4844 1177 4908 eorpus
1199 4845 1306 4899 suum,
1332 4825 1397 4890 imo
1420 4845 1454 4890 se
1479 4827 1585 4911 ipsum
1610 4849 1658 4893 se-

107 4923 211 5007 ipsius
229 4945 258 4999 a,
283 4923 344 4987 hoe
369 4929 418 4988 est
445 4923 479 4986 in
507 4924 718 4988 similitudine
744 4925 855 4988 mortis
912 4927 1053 4990 eundum
1070 4927 1155 5008 quod
1174 4926 1270 4990 homo
1290 4934 1348 4988 est.
1366 4931 1419 4988 Ita
1434 4938 1464 4990 et
1480 4949 1537 4990 nos
1556 4932 1590 4992 in
1606 4953 1660 4992 no·

106 5021 422 5105 Christi,shaptizati
439 5023 857 5105 sumus»,qnatenns,sieut
912 5029 1014 5086 nitate
1034 5028 1111 5086 vitoe
1130 5027 1338 5096 ambutemus,
1355 5025 1414 5089 hoe
1435 5036 1494 5102 est,
1515 5029 1659 5110 pristinis

106 5119 252 5184 Christus
267 5119 366 5184 semel
381 5128 527 5184 mortuns
542 5129 591 5184 est
604 5139 710 5196 cerna,
727 5129 759 5184 et
772 5140 854 5185 sem·
912 5124 999 5186 vitiis
1015 5123 1207 5206 exstirpatis,
1217 5123 1357 5188 virtuose
1371 5125 1516 5188 vivemus
1531 5135 1564 5189 et
1579 5128 1659 5190 ehri-

103 5235 171 5302 per
186 5217 263 5282 virit
280 5219 408 5302 spiritu,
431 5219 478 5282 sio
498 5236 557 5283 nos
578 5239 636 5302 per
654 5219 853 5302 Baptismum
912 5221 1100 5285 stilormiter
1114 5239 1351 5296 conversemur,
1369 5223 1478 5306 sieque
1490 5234 1659 5288 renovetur
1686 5248 1798 5298 rasas.

102 5316 209 5380 semel
236 5317 352 5383 mortui
380 5317 467 5382 omni
497 5317 670 5402 iniquitati,
700 5319 852 5404 dainoeps
912 5328 948 5384 ut
971 5320 1086 5404 aquilae
1111 5319 1264 5402 juventus
1290 5329 1408 5398 nostra,
1435 5330 1466 5385 et
1493 5323 1524 5384 in
1555 5323 1658 5406 splen-
