4164 6258
442 421 503 490 234
716 431 886 493 lnorttrttcn
906 446 925 489 V
946 445 1019 492 POST
1039 443 1233 492 ratrrtaalttt.
1253 461 1294 474 ··
1314 443 1489 491 anamma
1510 444 1542 491 IN
1563 443 1758 493 artabantur!

443 615 539 680 Porro
555 615 689 700 mystice
702 637 759 701 per
770 618 895 682 Petrum
909 617 1115 699 designantur
1127 635 1194 700 per·
1208 611 1234 678 Α
1248 623 1322 678 ante
1345 615 1390 678 nil
1411 615 1625 698 profecerunt.
1634 605 1812 698 'Propterea
1832 614 1978 680 Timotheo

443 714 605 790 lectiores,
631 717 669 778 ad
699 734 778 799 quos
808 717 969 799 praecipue
998 715 1136 798 pertinet
1161 715 1193 778 in
1248 714 1378 796 scripsit
1399 714 1596 796 Apostolus:
1617 716 1702 777 lnsta
1725 715 2071 796 opportuneim-nru,

445 812 545 876 altum
561 815 689 889 ducere,
699 813 731 877 id
746 823 793 878 est
809 813 967 898 profunda
981 813 1115 876 scrutari
1132 834 1195 896 my·
1248 819 1394 895 portuno.
1411 814 1636 890 Rumpebatnr
1656 823 1766 874 antem
1787 823 1855 873 rete
1872 799 2004 884 eoram}

446 913 552 987 steria,
569 919 600 975 et
620 912 805 976 difficiliora
824 931 1025 995 cognoscere,
1041 920 1136 994 atque
1155 913 1194 974 de
1249 911 1309 975 hoc
1329 919 1387 985 est,
1408 911 1524 994 partim
1546 912 1653 994 rumpi
1673 911 1780 994 coepit.
1802 911 1871 974 Non
1892 919 1979 974 nmen

447 1010 565 1073 talibus
582 1010 748 1074 inferiores
766 1011 933 1084 iustruere,
951 1017 986 1072 ut
1005 1011 1037 1072 iu
1058 1009 1140 1072 libro
1155 1010 1194 1072 de
1249 1010 1366 1094 aliquis
1389 1011 1508 1072 excidit
1526 1010 1625 1093 piscis
1647 1028 1655 1073 ε
1675 1011 1760 1093 quod
1784 1009 1881 1072 etiam
1903 1011 1981 1072 mira·

326 1131 356 1175 oe
377 1131 433 1176 aar.
447 1107 670 1172 Ecclesiastico
685 1109 865 1172 hierarchia
881 1108 1010 1171 divinus
1025 1108 1195 1191 Dionysius
1250 1108 1358 1171 culum
1381 1109 1452 1172 fuit.

301 1193 355 1237 '¹¹⁰¹'
368 1207 420 1238 Μ’
448 1207 586 1289 scripsit.
608 1208 666 1270 Per
689 1207 851 1288 adjutores
874 1225 949 1270 vero
968 1207 1050 1269 Petri
1071 1206 1196 1288 signan·
1288 1211 1332 1270 Et
1352 1217 1544 1268 annuerunt
1566 1207 1661 1267 sociis
1680 1209 1740 1286 qni
1759 1217 1857 1268 erant
1877 1210 1910 1268 in
1927 1211 1982 1268 alio

447 1313 499 1368 tur
514 1305 693 1380 inferiores,
709 1307 749 1368 ad
770 1323 850 1389 quos
865 1307 1004 1388 pertinet
1019 1305 1098 1368 retia
1114 1305 1195 1366 laxa·
1249 1307 1340 1376 nani,
1355 1305 1505 1368 videlicet
1523 1304 1640 1368 Jacobo
1660 1311 1692 1368 et
1711 1305 1838 1379 loanni,
1855 1317 1892 1366 nt
1910 1309 1982 1366 oeni·

447 1405 563 1478 re,hoc
578 1410 626 1468 est
640 1403 736 1466 verba
751 1404 894 1467 ordinate
910 1421 1052 1466 connexa
1066 1404 1104 1465 ad
1120 1403 1195 1466 alio
1250 1413 1323 1463 rent
1338 1403 1377 1464 ad
1393 1420 1447 1466 eos
1463 1402 1600 1484 navigio,
1609 1412 1640 1463 et
1655 1405 1858 1481 adjuvarent
1873 1407 1983 1466 coalu-

446 1522 518 1566 rum
539 1502 780 1567 conversionem
802 1503 990 1584 exprimere.
1249 1509 1388 1563 nuerunt
1401 1508 1520 1575 autem,
1532 1501 1563 1563 id
1580 1507 1638 1575 est,
1653 1507 1734 1563 nutu
1750 1520 1807 1564 seu
1823 1500 1982 1583 signo,uon

484 1606 529 1665 Et
546 1605 742 1680 respondens
760 1603 888 1672 Simon,
903 1603 994 1661 dimit
1009 1603 1064 1660 itti
1078 1621 1089 1660 :
1103 1604 1192 1662 Proe-
1249 1598 1366 1672 verbis,
1391 1598 1646 1672 insinuaverunt,
1673 1598 1749 1681 quia
1773 1616 1842 1680 praa
1865 1600 1983 1662 admira-

444 1711 565 1779 ceptor,
582 1700 613 1762 id
629 1708 677 1762 est
690 1708 737 1776 tu,
753 1701 837 1772 lesu,
855 1701 911 1782 qui
927 1707 1022 1762 tantae
1037 1718 1071 1762 es
1084 1707 1192 1762 aucto·
1248 1697 1344 1759 tionis
1367 1696 1586 1777 magnitudine
1612 1696 1698 1778 loqui
1718 1697 1772 1758 vir
1796 1704 1945 1779 poterant,
1959 1706 1983 1760 ct

444 1800 547 1863 ritatis
572 1807 608 1860 ut
637 1799 696 1861 rite
721 1799 844 1862 voceris
871 1799 1056 1880 Praeceptor,
1083 1799 1135 1860 cui
1162 1806 1193 1860 et
1211 1797 1234 1858 B
1250 1814 1314 1876 prae
1330 1795 1507 1857 reverentia
1523 1794 1639 1857 Christi
1655 1795 1709 1857 vix
1725 1794 1813 1876 loqui
1829 1794 1981 1857 audebant.

443 1898 593 1981 protinus
615 1897 746 1962 obedire
770 1897 964 1978 condignum
989 1904 1048 1971 cst,
1064 1915 1127 1973 per
1151 1907 1193 1956 to·
1248 1895 1300 1958 Sic
1316 1901 1347 1956 et
1362 1894 1543 1976 spirituales
1560 1894 1745 1976 piscatores,
1758 1894 1908 1957 videlicet
1921 1915 1984 1977 pra

445 2007 512 2058 tom
532 2007 655 2058 noctem
675 1999 858 2057 laborantes
877 1997 915 2057 ad
936 1995 1126 2077 capiendum
1147 1996 1193 2078 pi·
1249 1993 1303 2054 lati
1319 2000 1350 2054 et
1365 1991 1597 2074 praedicatores,
1615 2011 1716 2074 quum
1731 2011 1766 2054 se
1781 1991 1919 2054 viderint
1932 2011 1982 2056 non

446 2115 527 2168 scca,
544 2097 643 2164 nihil,
666 2094 726 2156 hoc
748 2101 796 2156 est
817 2094 943 2155 nullum
965 2093 1099 2175 piscem,
1115 2097 1195 2170 ecpi-
1249 2091 1399 2172 possead
1420 2098 1547 2172 portum
1569 2090 1681 2152 salutis
1702 2091 1873 2154 universos
1889 2093 1985 2173 perdu-

446 2214 528 2254 mns.
556 2193 643 2266 Quod
670 2191 816 2273 quamvis
841 2191 1027 2254 naturaliter
1050 2192 1193 2254 accidere
1249 2209 1331 2263 cere,
1348 2208 1428 2272 quos
1443 2190 1482 2252 de
1502 2190 1619 2253 sarculo
1641 2191 1702 2253 isto
1718 2191 1808 2254 velut
1825 2210 1865 2254 ex
1881 2191 1985 2273 procel·

448 2297 605 2374 potuerat,
621 2291 706 2352 sicut
724 2289 865 2370 quotidie
881 2289 1009 2364 accidit,
1026 2290 1134 2353 divina
1149 2299 1193 2354 ta-
1249 2289 1408 2350 losissimo
1439 2289 1518 2350 mari
1550 2289 1733 2371 aliqualiter
1764 2288 1983 2361 abstraxerunt,

448 2407 522 2451 men
543 2387 780 2470 dispensatione
801 2394 877 2450 tunc
897 2389 943 2450 sic
963 2388 1107 2450 evenisse
1127 2390 1194 2471 opi·
1248 2395 1342 2468 atque
1372 2387 1411 2448 ad
1436 2387 1657 2468 poenitentiam
1689 2387 1898 2460 induxerunt,
1920 2387 1984 2448 alios

447 2505 517 2561 nor,
535 2494 570 2547 ut
589 2485 704 2549 Christi
723 2493 861 2567 potestas
881 2484 913 2547 in
933 2487 1079 2568 sequenti
1101 2488 1193 2549 mira·
1248 2485 1333 2548 viros
1354 2485 1484 2547 idoneos
1507 2484 1625 2546 debent
1644 2484 1676 2547 in
1699 2484 1864 2566 adjutores
1885 2503 1986 2567 quare·

446 2585 521 2648 culo
542 2584 660 2646 clarius
682 2583 848 2656 reluceret,
869 2591 964 2665 atque
983 2603 1041 2667 per
1060 2584 1119 2647 hoc
1138 2586 1193 2647 alii
1248 2603 1293 2657 re,
1320 2582 1465 2658 invitare,
1496 2601 1671 2658 assumere,
1697 2591 1732 2645 ut
1762 2601 1933 2646 conversos
1956 2601 1985 2644 ac

447 2684 520 2766 plus
542 2682 767 2746 roborarentur
788 2681 820 2743 in
843 2680 919 2756 fide,
943 2683 1109 2764 Deumque
1130 2703 1194 2746 am·
1248 2681 1438 2764 poenitentes
1453 2681 1642 2755 custodiant,
1654 2681 1803 2762 dirigant,
1816 2681 1984 2754 accendant,

447 2781 534 2864 plius
556 2779 783 2862 glorificarent.
810 2783 853 2842 In
878 2782 972 2840 verbo
996 2791 1104 2841 nutem
1126 2792 1193 2853 tuo,
1248 2787 1278 2842 et
1302 2780 1340 2841 ad
1366 2779 1467 2842 finem
1488 2777 1616 2841 beatum
1641 2779 1830 2862 perducant.
1848 2781 1908 2844 Sed
1930 2781 1986 2861 qui-

445 2881 506 2944 hoc
522 2887 570 2942 est
585 2886 715 2962 propter
730 2879 812 2941 hauc
831 2885 919 2940 tuam
940 2879 1145 2954 locutionem,
1163 2889 1194 2944 et
1249 2879 1321 2941 dam
1337 2878 1467 2961 superbi
1484 2886 1516 2940 et
1530 2880 1777 2961 praesumptuosi
1800 2887 1879 2940 sunt
1892 2879 1985 2948 nimis,

445 2999 483 3044 ex
500 2999 556 3062 spe
572 2978 718 3061 capiendi
735 2977 839 3060 pisces
857 2977 971 3040 merito
989 2977 1191 3055 obeditionis,
1212 2977 1304 3060 uni
1320 2977 1359 3038 de
1375 2976 1513 3058 propriis
1530 2975 1653 3039 viribus
1669 2996 1705 3039 ac
1721 2976 1901 3039 virtutibus
1914 2975 1986 3038 fatue

445 3098 509 3160 qua
537 3079 601 3140 tuis
631 3076 737 3140 verbis
760 3076 827 3158 jam
853 3076 1051 3150 obediemus,
1078 3080 1193 3139 tanobo
1249 3073 1458 3146 confidentes,
1475 3073 1609 3136 aliorum
1629 3074 1787 3136 auxilium
1809 3074 1873 3137 sibi
1894 3093 1987 3138 neccs-

446 3177 565 3238 retcad
582 3175 770 3258 piscandum
787 3193 860 3236 cum
878 3192 1021 3236 meorum
1037 3174 1194 3254 adjutorio
1249 3173 1368 3234 sarium
1393 3189 1455 3234 non
1482 3171 1686 3246 arbitrantur,
1706 3192 1810 3255 quum
1836 3181 1988 3235 tamense

446 3274 616 3336 sociorum.
634 3273 672 3334 Et
687 3273 719 3334 in
735 3273 796 3334 hoc
812 3272 1030 3354 promptitudo
1045 3272 1193 3335 obedien·
1249 3271 1335 3354 ipsos
1359 3288 1467 3351 regere
1492 3269 1728 3332 insufficientes
1750 3271 1938 3352 probentur.

445 3373 497 3437 tiae
513 3373 541 3435 S.
561 3372 641 3434 Petri
658 3371 910 3445 commendatur,
927 3371 1001 3453 quia
1016 3372 1191 3434 secuudum
1288 3372 1330 3430 Et
1341 3377 1502 3428 venerunt
1516 3385 1555 3429 er
1570 3367 1632 3430 alia
1646 3368 1769 3442 navi‚ct
1780 3370 1989 3446 impleverunt

446 3476 592 3532 naturam
612 3469 781 3532 videbatur
799 3476 877 3529 tunc
897 3466 1131 3530 infructuosum
1151 3469 1193 3531 la·
1248 3485 1359 3530 omnes
1376 3466 1472 3528 simul
1488 3467 1599 3526 ambos
1614 3469 1858 3538 naviculas,a'tn
1874 3477 1910 3528 nt
1921 3485 1990 3544 pene

447 3587 521 3630 rare
542 3567 633 3642 retia,
651 3587 750 3649 quum
771 3566 958 3629 naturaliter
979 3585 1041 3629 non
1064 3586 1194 3649 appare·
1249 3574 1487 3642 mergerentur.
1519 3564 1586 3637 Quo
1618 3569 1714 3646 patet,
1746 3566 1833 3647 quod
1865 3567 1990 3628 maxima

446 3673 494 3729 ret
515 3685 588 3748 spes
610 3665 755 3748 capiendi
777 3665 891 3747 pisces.
1249 3664 1387 3746 piscium
1418 3663 1589 3726 multitudo
1618 3664 1739 3725 exstitit
1769 3672 1875 3747 capta.
1900 3666 1942 3728 lta
1965 3673 1990 3725 ct

486 3767 529 3826 Et
560 3784 659 3842 quum
690 3765 747 3823 boc
774 3765 939 3840 fecissent,
965 3766 1193 3822 concluserunt
1249 3761 1468 3845 spiritualiter,
1490 3761 1638 3844 pluribus
1662 3761 1799 3824 verbum
1826 3763 1884 3826 Dei
1908 3762 1990 3842 digne

446 3862 555 3925 Simon
577 3862 684 3924 Petrus
705 3880 740 3924 ac
762 3861 839 3923 socii
860 3861 941 3940 ejus,
953 3862 1095 3936 piscium
1111 3864 1195 3920 mnt—
1248 3880 1285 3923 ac
1301 3860 1477 3923 efficaciter
1497 3859 1757 3942 predicantibus,
1774 3860 1911 3942 plurimi
1929 3878 1990 3922 cou-

447 3961 623 4020 titndincm
634 3961 799 4036 copiosem.
807 3959 840 4020 ln
857 3976 920 4040 quo
935 3959 1194 4041 docemur,quam
1248 3968 1425 4022 vertuntur.
1443 3959 1548 4032 Perre,
1566 3977 1624 4040 per
1645 3958 1811 4021 naviculas
1835 3960 1989 4040 designau-

447 4058 646 4121 fructuosum
663 4058 704 4120 sit
718 4056 858 4120 obedire.
876 4056 1030 4139 Denique,
1045 4055 1135 4136 juxta
1150 4057 1195 4118 in·
1249 4065 1301 4120 tur
1316 4056 1524 4139 particulares
1544 4055 1693 4120 Ecclesia
1709 4075 1765 4119 seu
1784 4057 1990 4139 congregatio·

446 4157 654 4239 telligentiam
684 4155 896 4238 spiritualem,
923 4155 1191 4236 quemadmodum
1208 4157 1232 4220 n
1251 4175 1306 4218 nes
1336 4156 1468 4229 devotas,
1492 4173 1563 4236 quae
1588 4172 1670 4236 pene
1694 4163 1899 4236 merguntur,
1924 4156 1990 4216 dum

446 4257 555 4319 Petrus
570 4256 695 4319 Christo
714 4254 848 4335 jubente
868 4252 985 4315 laxavit
1000 4252 1077 4314 retia
1092 4253 1130 4314 ad
1147 4253 1193 4335 pi·
1251 4253 1344 4317 multi
1373 4260 1517 4315 recenter
1541 4252 1685 4315 conversi
1717 4253 1749 4314 in
1779 4253 1829 4316 eis
1860 4261 1942 4326 sunt,
1965 4253 1991 4313 in

447 4357 611 4428 scandum,
634 4353 782 4436 quamvis
801 4360 873 4414 ante
893 4358 981 4413 tanto
1000 4359 1143 4433 tempore
1163 4359 1194 4413 et
1250 4352 1368 4435 quibus
1383 4351 1534 4415 vitiorum
1555 4351 1699 4433 reliquiae
1720 4358 1752 4413 et
1766 4353 1943 4433 pronitates
1959 4350 1991 4412 ad

446 4461 560 4516 conatu
577 4453 657 4515 nihil
674 4452 829 4533 cepisset;
846 4450 888 4511 ita
905 4449 1075 4532 praelati,et
1090 4450 1195 4512 docto·
1249 4451 1328 4514 vitia
1353 4457 1483 4512 manent
1500 4468 1507 4511 ε
1525 4451 1556 4512 in
1582 4449 1700 4532 quibus
1724 4457 1789 4512 tam
1818 4451 1882 4535 ipsi
1907 4469 1991 4533 quam

446 4571 496 4614 res
510 4571 546 4614 ac
562 4549 794 4632 praedicatores,
805 4549 895 4630 juxta
913 4566 1008 4610 sacrae
1024 4547 1194 4630 Scripturas
1249 4549 1303 4611 alii
1327 4568 1410 4631 saepe
1432 4548 1665 4631 periclitantur,
1682 4549 1759 4611 dum
1778 4549 1836 4612 alii
1861 4550 1990 4612 nondum

446 4656 641 4731 preceptum
667 4667 722 4709 seu
745 4646 996 4709 exhortationem
1024 4647 1193 4708 extendere
1250 4647 1293 4709 ita
1314 4645 1448 4729 perfecti
1468 4653 1543 4709 sunt
1562 4653 1597 4708 ut
1613 4646 1740 4708 illorum
1761 4646 1991 4710 imbecillitates

446 4746 564 4810 debent
587 4745 752 4829 spirituale
777 4752 854 4818 rete,
880 4746 910 4806 id
941 4752 989 4808 est
1013 4744 1195 4808 coordinata
1249 4745 1376 4807 valeant
1397 4744 1619 4826 aequanimiter
1639 4744 1785 4806 tolerare.

446 4864 503 4908 seu
519 4852 591 4927 apte
606 4861 749 4907 connexa
763 4851 795 4906 et
810 4843 1083 4925 condependentia
1099 4843 1193 4905 docu·
1291 4847 1383 4913 Quod
1396 4863 1498 4922 quum
1514 4845 1638 4903 videret
1654 4845 1770 4905 Simon
1784 4847 1993 4920 Petrus,pro

449 4951 566 5017 menta,
586 4943 624 5004 ad
646 4943 781 5005 aliorum
802 4942 1055 5014 conversionem,
1079 4941 1195 5002 instru-
1249 4943 1332 5002 cidit
1353 4944 1398 5001 od
1412 4961 1521 5018 genem
1541 4945 1629 5012 Jesn,
1645 4944 1767 5002 dicens.
1784 4941 1896 5006 Honor
1916 4941 1990 5005 enim

449 5042 599 5114 ctionem,
617 5040 806 5123 profectum,
824 5059 897 5102 cum
919 5040 1039 5102 fidncia
1058 5039 1194 5102 subven-
1249 5039 1392 5101 virtuoso
1407 5037 1542 5101 debetur
1556 5026 1651 5121 atque
1669 5039 1809 5121 praelatis
1829 5059 1837 5102 :
1857 5041 1929 5104 ideo
1941 5041 1991 5101 sic-

449 5140 545 5204 tiouis
576 5139 718 5218 divinae3
745 5138 855 5220 sicque
886 5139 1028 5200 vicissim
1061 5138 1195 5200 Domino
1251 5145 1285 5199 ut
1314 5136 1423 5198 Petrus
1453 5135 1589 5197 credidit
1614 5137 1722 5200 lesum
1753 5155 1825 5199 esse
1856 5139 1992 5201 maxime

448 5239 622 5303 auxiliante
652 5237 788 5300 multum
813 5235 995 5320 proficient,
1021 5236 1055 5298 in
1079 5234 1196 5318 quibus
1251 5233 1427 5297 sanctitatis
1448 5240 1481 5296 et
1502 5234 1712 5309 auctoritatis,
1729 5235 1772 5297 ita
1795 5244 1831 5298 et
1855 5253 1991 5318 magnam
