<?xml version="1.0" encoding="UTF-8"?>
<!DOCTYPE html PUBLIC "-//W3C//DTD XHTML 1.0 Transitional//EN"
    "http://www.w3.org/TR/xhtml1/DTD/xhtml1-transitional.dtd">
<html xmlns="http://www.w3.org/1999/xhtml" xml:lang="en" lang="en">
 <head>
  <title>
</title>
<meta http-equiv="Content-Type" content="text/html;charset=utf-8" />
  <meta name='ocr-system' content='tesseract 3.04.00' />
  <meta name='ocr-capabilities' content='ocr_page ocr_carea ocr_par ocr_line ocrx_word'/>
</head>
<body>
  <div class='ocr_page' id='page_1' title='image "./doctorisecstati01unkngoog/doctorisecstati01unkngoog_0663.png"; bbox 0 0 4206 6258; ppageno 0'>
   <div class='ocr_carea' id='block_1_1' title="bbox 457 477 1684 549">
    <p class='ocr_par' dir='ltr' id='par_1_1' title="bbox 457 69 2051 566">
     <span class='ocr_line' id='line_1_1' title="bbox 457 477 1684 549; baseline 0.006 -6"><span class='ocrx_word' id='word_1_1' title='bbox 457 477 518 543; x_wconf 80' lang='lat'><strong>632</strong></span> <span class='ocrx_word' id='word_1_2' title='bbox 776 498 925 546; x_wconf 80' lang='lat' dir='ltr'><strong>noumrca</strong></span> <span class='ocrx_word' id='word_1_3' title='bbox 945 501 1019 546; x_wconf 82' lang='lat' dir='ltr'><strong>xxrv</strong></span> <span class='ocrx_word' id='word_1_4' title='bbox 1040 500 1114 546; x_wconf 85' lang='lat' dir='ltr'><strong>rosr</strong></span> <span class='ocrx_word' id='word_1_5' title='bbox 1133 499 1329 546; x_wconf 77' lang='lat' dir='ltr'><strong>ratumenna.</strong></span> <span class='ocrx_word' id='word_1_6' title='bbox 1349 517 1390 530; x_wconf 89' lang='lat'>—</span> <span class='ocrx_word' id='word_1_7' title='bbox 1410 499 1510 548; x_wconf 79' lang='lat' dir='ltr'><strong>sanan</strong></span> <span class='ocrx_word' id='word_1_8' title='bbox 1532 500 1684 549; x_wconf 85' lang='lat' dir='ltr'><strong>sncnnnus</strong></span> 
     </span>
    </p>
   </div>
   <div class='ocr_carea' id='block_1_2' title="bbox 309 747 1951 856">
    <p class='ocr_par' dir='ltr' id='par_1_2' title="bbox 309 747 1951 856">
     <span class='ocr_line' id='line_1_2' title="bbox 309 747 1951 856; baseline 0.01 -32"><span class='ocrx_word' id='word_1_9' title='bbox 309 747 425 856; x_wconf 44' lang='lat' dir='ltr'><strong>{iffi</strong></span> <span class='ocrx_word' id='word_1_10' title='bbox 458 775 530 849; x_wconf 94' lang='lat' dir='ltr'><strong>post</strong></span> <span class='ocrx_word' id='word_1_11' title='bbox 550 786 640 832; x_wconf 90' lang='lat' dir='ltr'><strong>suam</strong></span> <span class='ocrx_word' id='word_1_12' title='bbox 662 769 702 832; x_wconf 94' lang='lat' dir='ltr'><strong>ah</strong></span> <span class='ocrx_word' id='word_1_13' title='bbox 724 787 763 834; x_wconf 94' lang='lat' dir='ltr'><strong>eo</strong></span> <span class='ocrx_word' id='word_1_14' title='bbox 785 771 982 834; x_wconf 89' lang='lat' dir='ltr'><strong>curationem</strong></span> <span class='ocrx_word' id='word_1_15' title='bbox 1003 771 1095 834; x_wconf 89' lang='lat' dir='ltr'><strong>valde</strong></span> <span class='ocrx_word' id='word_1_16' title='bbox 1115 778 1203 852; x_wconf 90' lang='lat' dir='ltr'><strong>grata</strong></span> <span class='ocrx_word' id='word_1_17' title='bbox 1258 788 1321 851; x_wconf 91' lang='lat' dir='ltr'><strong>que</strong></span> <span class='ocrx_word' id='word_1_18' title='bbox 1343 769 1635 834; x_wconf 75' lang='lat' dir='ltr'><strong>innumerabilibus</strong></span> <span class='ocrx_word' id='word_1_19' title='bbox 1655 772 1827 854; x_wconf 77' lang='lat' dir='ltr'><strong>passionum</strong></span> <span class='ocrx_word' id='word_1_20' title='bbox 1847 777 1951 841; x_wconf 88' lang='lat' dir='ltr'><strong>motibus</strong></span> 
     </span>
    </p>
   </div>
   <div class='ocr_carea' id='block_1_3' title="bbox 366 863 2056 5378">
    <p class='ocr_par' dir='ltr' id='par_1_3' title="bbox 366 863 2056 5378">
     <span class='ocr_line' id='line_1_3' title="bbox 457 863 1953 956; baseline 0.007 -29"><span class='ocrx_word' id='word_1_21' title='bbox 457 863 575 940; x_wconf 90' lang='lat' dir='ltr'><strong>fuitei,</strong></span> <span class='ocrx_word' id='word_1_22' title='bbox 592 868 668 948; x_wconf 91' lang='lat' dir='ltr'><strong>quia</strong></span> <span class='ocrx_word' id='word_1_23' title='bbox 688 875 862 932; x_wconf 83' lang='lat' dir='ltr'><strong>attactum</strong></span> <span class='ocrx_word' id='word_1_24' title='bbox 881 877 940 945; x_wconf 94' lang='lat' dir='ltr'><strong>est,</strong></span> <span class='ocrx_word' id='word_1_25' title='bbox 955 870 994 932; x_wconf 89' lang='lat' dir='ltr'><strong>ad</strong></span> <span class='ocrx_word' id='word_1_26' title='bbox 1015 877 1201 952; x_wconf 90' lang='lat' dir='ltr'><strong>perpetuam</strong></span> <span class='ocrx_word' id='word_1_27' title='bbox 1257 868 1404 949; x_wconf 75' lang='lat' dir='ltr'><strong>agitatur,</strong></span> <span class='ocrx_word' id='word_1_28' title='bbox 1421 875 1453 932; x_wconf 88' lang='lat' dir='ltr'><strong>et</strong></span> <span class='ocrx_word' id='word_1_29' title='bbox 1474 868 1508 931; x_wconf 94' lang='lat' dir='ltr'><strong>in</strong></span> <span class='ocrx_word' id='word_1_30' title='bbox 1530 868 1757 933; x_wconf 75' lang='lat' dir='ltr'><strong>desideriorum</strong></span> <span class='ocrx_word' id='word_1_31' title='bbox 1778 889 1889 935; x_wconf 89' lang='lat' dir='ltr'><strong>suorum</strong></span> <span class='ocrx_word' id='word_1_32' title='bbox 1904 894 1953 956; x_wconf 86' lang='lat' dir='ltr'><strong>pro</strong></span> 
     </span>
     <span class='ocr_line' id='line_1_4' title="bbox 456 962 1953 1049; baseline 0.006 -24"><span class='ocrx_word' id='word_1_33' title='bbox 456 962 607 1026; x_wconf 88' lang='lat' dir='ltr'><strong>beneficii</strong></span> <span class='ocrx_word' id='word_1_34' title='bbox 624 965 686 1028; x_wconf 90' lang='lat' dir='ltr'><strong>sibi</strong></span> <span class='ocrx_word' id='word_1_35' title='bbox 702 966 808 1030; x_wconf 90' lang='lat' dir='ltr'><strong>collati</strong></span> <span class='ocrx_word' id='word_1_36' title='bbox 824 967 1022 1042; x_wconf 91' lang='lat' dir='ltr'><strong>memoriam,</strong></span> <span class='ocrx_word' id='word_1_37' title='bbox 1039 967 1111 1030; x_wconf 88' lang='lat' dir='ltr'><strong>fieri</strong></span> <span class='ocrx_word' id='word_1_38' title='bbox 1125 966 1202 1030; x_wconf 91' lang='lat' dir='ltr'><strong>fecit</strong></span> <span class='ocrx_word' id='word_1_39' title='bbox 1257 964 1368 1028; x_wconf 90' lang='lat' dir='ltr'><strong>fluviis</strong></span> <span class='ocrx_word' id='word_1_40' title='bbox 1390 965 1483 1049; x_wconf 90' lang='lat' dir='ltr'><strong>perit,</strong></span> <span class='ocrx_word' id='word_1_41' title='bbox 1501 966 1535 1028; x_wconf 93' lang='lat' dir='ltr'><strong>in</strong></span> <span class='ocrx_word' id='word_1_42' title='bbox 1557 967 1778 1049; x_wconf 90' lang='lat' dir='ltr'><strong>cogitationum</strong></span> <span class='ocrx_word' id='word_1_43' title='bbox 1799 988 1905 1033; x_wconf 89' lang='lat' dir='ltr'><strong>suarum</strong></span> <span class='ocrx_word' id='word_1_44' title='bbox 1922 981 1953 1034; x_wconf 91' lang='lat' dir='ltr'><strong>tn·</strong></span> 
     </span>
     <span class='ocr_line' id='line_1_5' title="bbox 456 1061 2052 1149; baseline 0.009 -26"><span class='ocrx_word' id='word_1_45' title='bbox 456 1061 488 1125; x_wconf 95' lang='lat' dir='ltr'><strong>in</strong></span> <span class='ocrx_word' id='word_1_46' title='bbox 504 1062 596 1127; x_wconf 91' lang='lat' dir='ltr'><strong>horto</strong></span> <span class='ocrx_word' id='word_1_47' title='bbox 610 1081 669 1126; x_wconf 88' lang='lat' dir='ltr'><strong>suo</strong></span> <span class='ocrx_word' id='word_1_48' title='bbox 683 1064 855 1146; x_wconf 82' lang='lat' dir='ltr'><strong>imaginem</strong></span> <span class='ocrx_word' id='word_1_49' title='bbox 876 1065 1046 1129; x_wconf 91' lang='lat' dir='ltr'><strong>Salvatoris</strong></span> <span class='ocrx_word' id='word_1_50' title='bbox 1065 1073 1201 1128; x_wconf 88' lang='lat' dir='ltr'><strong>stantem</strong></span> <span class='ocrx_word' id='word_1_51' title='bbox 1258 1064 1413 1127; x_wconf 89' lang='lat' dir='ltr'><strong>multibus</strong></span> <span class='ocrx_word' id='word_1_52' title='bbox 1435 1071 1555 1149; x_wconf 88' lang='lat' dir='ltr'><strong>peccat.</strong></span> <span class='ocrx_word' id='word_1_53' title='bbox 1580 1065 1641 1128; x_wconf 88' lang='lat' dir='ltr'><strong>Sed</strong></span> <span class='ocrx_word' id='word_1_54' title='bbox 1664 1066 1757 1129; x_wconf 93' lang='lat' dir='ltr'><strong>homo</strong></span> <span class='ocrx_word' id='word_1_55' title='bbox 1779 1067 1912 1132; x_wconf 83' lang='lat' dir='ltr'><strong>virtuosus</strong></span> <span class='ocrx_word' id='word_1_56' title='bbox 1927 1091 1952 1134; x_wconf 84' lang='lat' dir='ltr'><strong>ae</strong></span> <span class='ocrx_word' id='word_1_57' title='bbox 2051 1063 2052 1138; x_wconf 79' lang='lat' dir='ltr'><strong>i</strong></span> 
     </span>
     <span class='ocr_line' id='line_1_6' title="bbox 454 1162 1952 1246; baseline 0.005 -24"><span class='ocrx_word' id='word_1_58' title='bbox 454 1169 559 1224; x_wconf 92' lang='lat' dir='ltr'><strong>erecte</strong></span> <span class='ocrx_word' id='word_1_59' title='bbox 582 1181 657 1224; x_wconf 92' lang='lat' dir='ltr'><strong>cum</strong></span> <span class='ocrx_word' id='word_1_60' title='bbox 680 1162 821 1226; x_wconf 82' lang='lat' dir='ltr'><strong>fimbriis</strong></span> <span class='ocrx_word' id='word_1_61' title='bbox 843 1164 1037 1238; x_wconf 87' lang='lat' dir='ltr'><strong>vestimenti,</strong></span> <span class='ocrx_word' id='word_1_62' title='bbox 1053 1171 1148 1246; x_wconf 89' lang='lat' dir='ltr'><strong>atque</strong></span> <span class='ocrx_word' id='word_1_63' title='bbox 1167 1164 1200 1225; x_wconf 92' lang='lat' dir='ltr'><strong>in</strong></span> <span class='ocrx_word' id='word_1_64' title='bbox 1257 1162 1384 1243; x_wconf 90' lang='lat' dir='ltr'><strong>sapiens</strong></span> <span class='ocrx_word' id='word_1_65' title='bbox 1406 1162 1570 1244; x_wconf 74' lang='lat' dir='ltr'><strong>passiones</strong></span> <span class='ocrx_word' id='word_1_66' title='bbox 1595 1181 1668 1226; x_wconf 88' lang='lat' dir='ltr'><strong>suas</strong></span> <span class='ocrx_word' id='word_1_67' title='bbox 1692 1162 1830 1238; x_wconf 89' lang='lat' dir='ltr'><strong>refrenat,</strong></span> <span class='ocrx_word' id='word_1_68' title='bbox 1847 1165 1952 1230; x_wconf 88' lang='lat' dir='ltr'><strong>affectio</strong></span> 
     </span>
     <span class='ocr_line' id='line_1_7' title="bbox 452 1259 1952 1336; baseline 0.004 -14"><span class='ocrx_word' id='word_1_69' title='bbox 452 1277 490 1322; x_wconf 88' lang='lat' dir='ltr'><strong>ea</strong></span> <span class='ocrx_word' id='word_1_70' title='bbox 513 1260 673 1323; x_wconf 84' lang='lat' dir='ltr'><strong>Christum</strong></span> <span class='ocrx_word' id='word_1_71' title='bbox 704 1261 908 1326; x_wconf 87' lang='lat' dir='ltr'><strong>devotissime</strong></span> <span class='ocrx_word' id='word_1_72' title='bbox 936 1263 1087 1325; x_wconf 90' lang='lat' dir='ltr'><strong>adoravit.</strong></span> <span class='ocrx_word' id='word_1_73' title='bbox 1115 1261 1201 1324; x_wconf 81' lang='lat' dir='ltr'><strong>Fecit</strong></span> <span class='ocrx_word' id='word_1_74' title='bbox 1256 1277 1313 1321; x_wconf 91' lang='lat' dir='ltr'><strong>nes</strong></span> <span class='ocrx_word' id='word_1_75' title='bbox 1337 1259 1371 1321; x_wconf 92' lang='lat' dir='ltr'><strong>in</strong></span> <span class='ocrx_word' id='word_1_76' title='bbox 1395 1259 1547 1323; x_wconf 94' lang='lat' dir='ltr'><strong>ultimum</strong></span> <span class='ocrx_word' id='word_1_77' title='bbox 1571 1261 1697 1324; x_wconf 88' lang='lat' dir='ltr'><strong>ordinat</strong></span> <span class='ocrx_word' id='word_1_78' title='bbox 1724 1261 1826 1336; x_wconf 92' lang='lat' dir='ltr'><strong>finem,</strong></span> <span class='ocrx_word' id='word_1_79' title='bbox 1847 1273 1952 1328; x_wconf 83' lang='lat' dir='ltr'><strong>menlen</strong></span> 
     </span>
     <span class='ocr_line' id='line_1_8' title="bbox 452 1357 1952 1441; baseline 0.003 -21"><span class='ocrx_word' id='word_1_80' title='bbox 452 1374 580 1440; x_wconf 89' lang='lat' dir='ltr'><strong>quoque</strong></span> <span class='ocrx_word' id='word_1_81' title='bbox 603 1359 653 1421; x_wconf 92' lang='lat' dir='ltr'><strong>sui</strong></span> <span class='ocrx_word' id='word_1_82' title='bbox 678 1358 779 1441; x_wconf 92' lang='lat' dir='ltr'><strong>ipsius</strong></span> <span class='ocrx_word' id='word_1_83' title='bbox 801 1359 974 1441; x_wconf 76' lang='lat' dir='ltr'><strong>imaginem</strong></span> <span class='ocrx_word' id='word_1_84' title='bbox 994 1378 1100 1424; x_wconf 91' lang='lat' dir='ltr'><strong>coram</strong></span> <span class='ocrx_word' id='word_1_85' title='bbox 1123 1361 1199 1423; x_wconf 91' lang='lat' dir='ltr'><strong>ima·</strong></span> <span class='ocrx_word' id='word_1_86' title='bbox 1256 1376 1346 1419; x_wconf 88' lang='lat' dir='ltr'><strong>suam</strong></span> <span class='ocrx_word' id='word_1_87' title='bbox 1372 1357 1405 1420; x_wconf 92' lang='lat' dir='ltr'><strong>in</strong></span> <span class='ocrx_word' id='word_1_88' title='bbox 1428 1358 1528 1421; x_wconf 88' lang='lat' dir='ltr'><strong>Deum</strong></span> <span class='ocrx_word' id='word_1_89' title='bbox 1551 1358 1719 1440; x_wconf 88' lang='lat' dir='ltr'><strong>recolligit,</strong></span> <span class='ocrx_word' id='word_1_90' title='bbox 1734 1359 1884 1422; x_wconf 89' lang='lat' dir='ltr'><strong>virtutibus</strong></span> <span class='ocrx_word' id='word_1_91' title='bbox 1900 1363 1952 1424; x_wconf 88' lang='lat' dir='ltr'><strong>soli-</strong></span> 
     </span>
     <span class='ocr_line' id='line_1_9' title="bbox 452 1455 1950 1538; baseline 0.005 -22"><span class='ocrx_word' id='word_1_92' title='bbox 452 1456 526 1536; x_wconf 92' lang='lat' dir='ltr'><strong>gine</strong></span> <span class='ocrx_word' id='word_1_93' title='bbox 555 1455 671 1520; x_wconf 82' lang='lat' dir='ltr'><strong>Christi</strong></span> <span class='ocrx_word' id='word_1_94' title='bbox 703 1458 840 1538; x_wconf 88' lang='lat' dir='ltr'><strong>genibus</strong></span> <span class='ocrx_word' id='word_1_95' title='bbox 868 1458 963 1522; x_wconf 82' lang='lat' dir='ltr'><strong>flexis</strong></span> <span class='ocrx_word' id='word_1_96' title='bbox 990 1466 1023 1520; x_wconf 90' lang='lat' dir='ltr'><strong>et</strong></span> <span class='ocrx_word' id='word_1_97' title='bbox 1051 1459 1200 1521; x_wconf 89' lang='lat' dir='ltr'><strong>manibus</strong></span> <span class='ocrx_word' id='word_1_98' title='bbox 1255 1455 1348 1517; x_wconf 88' lang='lat' dir='ltr'><strong>datur</strong></span> <span class='ocrx_word' id='word_1_99' title='bbox 1373 1474 1381 1518; x_wconf 91' lang='lat'>:</span> <span class='ocrx_word' id='word_1_100' title='bbox 1407 1455 1527 1519; x_wconf 90' lang='lat' dir='ltr'><strong>idcirco</strong></span> <span class='ocrx_word' id='word_1_101' title='bbox 1556 1465 1704 1520; x_wconf 86' lang='lat' dir='ltr'><strong>constans</strong></span> <span class='ocrx_word' id='word_1_102' title='bbox 1727 1475 1762 1520; x_wconf 88' lang='lat' dir='ltr'><strong>ac</strong></span> <span class='ocrx_word' id='word_1_103' title='bbox 1787 1458 1950 1524; x_wconf 66' lang='lat' dir='ltr'><strong>stabilisset</strong></span> 
     </span>
     <span class='ocr_line' id='line_1_10' title="bbox 452 1553 2031 1640; baseline 0.006 -26"><span class='ocrx_word' id='word_1_104' title='bbox 452 1554 644 1617; x_wconf 89' lang='lat' dir='ltr'><strong>cancellatis.</strong></span> <span class='ocrx_word' id='word_1_105' title='bbox 672 1555 710 1617; x_wconf 84' lang='lat' dir='ltr'><strong>Et</strong></span> <span class='ocrx_word' id='word_1_106' title='bbox 734 1556 818 1618; x_wconf 91' lang='lat' dir='ltr'><strong>sicut</strong></span> <span class='ocrx_word' id='word_1_107' title='bbox 842 1556 875 1618; x_wconf 95' lang='lat' dir='ltr'><strong>in</strong></span> <span class='ocrx_word' id='word_1_108' title='bbox 905 1556 1126 1619; x_wconf 82' lang='lat' dir='ltr'><strong>Ecclesiastica</strong></span> <span class='ocrx_word' id='word_1_109' title='bbox 1154 1555 1201 1617; x_wconf 95' lang='lat' dir='ltr'><strong>hi·</strong></span> <span class='ocrx_word' id='word_1_110' title='bbox 1255 1553 1342 1618; x_wconf 92' lang='lat' dir='ltr'><strong>Unde</strong></span> <span class='ocrx_word' id='word_1_111' title='bbox 1357 1554 1389 1616; x_wconf 92' lang='lat' dir='ltr'><strong>in</strong></span> <span class='ocrx_word' id='word_1_112' title='bbox 1405 1553 1585 1618; x_wconf 88' lang='lat' dir='ltr'><strong>Proverbiis</strong></span> <span class='ocrx_word' id='word_1_113' title='bbox 1599 1555 2031 1640; x_wconf 61' lang='lat' dir='ltr'><strong>sor-ibiturmustusqmiaaa</strong></span> 
     </span>
     <span class='ocr_line' id='line_1_11' title="bbox 451 1650 1951 1738; baseline 0.003 -23"><span class='ocrx_word' id='word_1_114' title='bbox 451 1651 549 1715; x_wconf 88' lang='lat' dir='ltr'><strong>storia</strong></span> <span class='ocrx_word' id='word_1_115' title='bbox 576 1652 688 1715; x_wconf 89' lang='lat' dir='ltr'><strong>scribit</strong></span> <span class='ocrx_word' id='word_1_116' title='bbox 717 1653 884 1728; x_wconf 86' lang='lat' dir='ltr'><strong>Eusebius,</strong></span> <span class='ocrx_word' id='word_1_117' title='bbox 907 1653 998 1734; x_wconf 85' lang='lat' dir='ltr'><strong>juxta</strong></span> <span class='ocrx_word' id='word_1_118' title='bbox 1027 1654 1199 1735; x_wconf 79' lang='lat' dir='ltr'><strong>imaginem</strong></span> <span class='ocrx_word' id='word_1_119' title='bbox 1254 1650 1497 1714; x_wconf 88' lang='lat' dir='ltr'><strong>fundamentum</strong></span> <span class='ocrx_word' id='word_1_120' title='bbox 1520 1661 1694 1733; x_wconf 82' lang='lat' dir='ltr'><strong>aeternum3</strong></span> <span class='ocrx_word' id='word_1_121' title='bbox 1717 1654 1802 1736; x_wconf 88' lang='lat' dir='ltr'><strong>qnasi</strong></span> <span class='ocrx_word' id='word_1_122' title='bbox 1821 1661 1951 1738; x_wconf 84' lang='lat' dir='ltr'><strong>tempestas</strong></span> 
     </span>
     <span class='ocr_line' id='line_1_12' title="bbox 452 1749 2053 1834; baseline 0.002 -21"><span class='ocrx_word' id='word_1_123' title='bbox 452 1749 622 1814; x_wconf 87' lang='lat' dir='ltr'><strong>Salvatoris</strong></span> <span class='ocrx_word' id='word_1_124' title='bbox 638 1752 784 1833; x_wconf 84' lang='lat' dir='ltr'><strong>quaedam</strong></span> <span class='ocrx_word' id='word_1_125' title='bbox 798 1752 905 1816; x_wconf 73' lang='lat' dir='ltr'><strong>herbae</strong></span> <span class='ocrx_word' id='word_1_126' title='bbox 921 1752 1115 1826; x_wconf 90' lang='lat' dir='ltr'><strong>crescebant,</strong></span> <span class='ocrx_word' id='word_1_127' title='bbox 1128 1771 1199 1834; x_wconf 83' lang='lat' dir='ltr'><strong>quae</strong></span> <span class='ocrx_word' id='word_1_128' title='bbox 1253 1750 1421 1824; x_wconf 87' lang='lat' dir='ltr'><strong>transiens,</strong></span> <span class='ocrx_word' id='word_1_129' title='bbox 1434 1751 1553 1833; x_wconf 91' lang='lat' dir='ltr'><strong>impius</strong></span> <span class='ocrx_word' id='word_1_130' title='bbox 1568 1769 1631 1815; x_wconf 93' lang='lat' dir='ltr'><strong>non</strong></span> <span class='ocrx_word' id='word_1_131' title='bbox 1648 1753 1721 1814; x_wconf 91' lang='lat' dir='ltr'><strong>erit.</strong></span> <span class='ocrx_word' id='word_1_132' title='bbox 1731 1753 1763 1814; x_wconf 92' lang='lat' dir='ltr'><strong>ln</strong></span> <span class='ocrx_word' id='word_1_133' title='bbox 1778 1753 1951 1816; x_wconf 85' lang='lat' dir='ltr'><strong>Ecclesiastico</strong></span> <span class='ocrx_word' id='word_1_134' title='bbox 2052 1809 2053 1826; x_wconf 56' lang='lat'><strong>,</strong></span> 
     </span>
     <span class='ocr_line' id='line_1_13' title="bbox 452 1848 2033 1934; baseline 0.003 -25"><span class='ocrx_word' id='word_1_135' title='bbox 452 1867 552 1930; x_wconf 93' lang='lat' dir='ltr'><strong>quum</strong></span> <span class='ocrx_word' id='word_1_136' title='bbox 575 1849 663 1931; x_wconf 93' lang='lat' dir='ltr'><strong>prius</strong></span> <span class='ocrx_word' id='word_1_137' title='bbox 688 1850 808 1912; x_wconf 90' lang='lat' dir='ltr'><strong>nullius</strong></span> <span class='ocrx_word' id='word_1_138' title='bbox 833 1858 940 1913; x_wconf 90' lang='lat' dir='ltr'><strong>essent</strong></span> <span class='ocrx_word' id='word_1_139' title='bbox 959 1851 1097 1924; x_wconf 89' lang='lat' dir='ltr'><strong>virtutis,</strong></span> <span class='ocrx_word' id='word_1_140' title='bbox 1114 1858 1198 1932; x_wconf 91' lang='lat' dir='ltr'><strong>post·</strong></span> <span class='ocrx_word' id='word_1_141' title='bbox 1217 1848 1382 1930; x_wconf 88' lang='lat' dir='ltr'><strong>Bquoque</strong></span> <span class='ocrx_word' id='word_1_142' title='bbox 1402 1849 1518 1930; x_wconf 88' lang='lat' dir='ltr'><strong>legitur</strong></span> <span class='ocrx_word' id='word_1_143' title='bbox 1535 1867 1542 1911; x_wconf 93' lang='lat'>:</span> <span class='ocrx_word' id='word_1_144' title='bbox 1559 1850 1659 1913; x_wconf 86' lang='lat' dir='ltr'><strong>Homo</strong></span> <span class='ocrx_word' id='word_1_145' title='bbox 1680 1858 1801 1914; x_wconf 88' lang='lat' dir='ltr'><strong>sanctus</strong></span> <span class='ocrx_word' id='word_1_146' title='bbox 1819 1851 1847 1913; x_wconf 93' lang='lat' dir='ltr'><strong>in</strong></span> <span class='ocrx_word' id='word_1_147' title='bbox 1862 1854 2033 1934; x_wconf 72' lang='lat' dir='ltr'><strong>sapien-raam</strong></span> 
     </span>
     <span class='ocr_line' id='line_1_14' title="bbox 453 1938 1982 2029; baseline 0.001 -20"><span class='ocrx_word' id='word_1_148' title='bbox 453 1965 549 2027; x_wconf 94' lang='lat' dir='ltr'><strong>quam</strong></span> <span class='ocrx_word' id='word_1_149' title='bbox 576 1946 691 2010; x_wconf 92' lang='lat' dir='ltr'><strong>Christi</strong></span> <span class='ocrx_word' id='word_1_150' title='bbox 714 1947 878 2022; x_wconf 88' lang='lat' dir='ltr'><strong>fimbriam</strong></span> <span class='ocrx_word' id='word_1_151' title='bbox 899 1947 1081 2029; x_wconf 89' lang='lat' dir='ltr'><strong>tetigerunt,</strong></span> <span class='ocrx_word' id='word_1_152' title='bbox 1104 1955 1199 2011; x_wconf 78' lang='lat' dir='ltr'><strong>tantae</strong></span> <span class='ocrx_word' id='word_1_153' title='bbox 1254 1946 1298 2009; x_wconf 92' lang='lat' dir='ltr'><strong>tia</strong></span> <span class='ocrx_word' id='word_1_154' title='bbox 1313 1954 1419 2009; x_wconf 90' lang='lat' dir='ltr'><strong>manet</strong></span> <span class='ocrx_word' id='word_1_155' title='bbox 1433 1947 1517 2010; x_wconf 91' lang='lat' dir='ltr'><strong>sicut</strong></span> <span class='ocrx_word' id='word_1_156' title='bbox 1531 1947 1594 2028; x_wconf 90' lang='lat' dir='ltr'><strong>scl;</strong></span> <span class='ocrx_word' id='word_1_157' title='bbox 1607 1967 1682 2010; x_wconf 92' lang='lat' dir='ltr'><strong>nam</strong></span> <span class='ocrx_word' id='word_1_158' title='bbox 1699 1948 1809 2012; x_wconf 90' lang='lat' dir='ltr'><strong>stultus</strong></span> <span class='ocrx_word' id='word_1_159' title='bbox 1822 1949 1888 2011; x_wconf 90' lang='lat' dir='ltr'><strong>siout</strong></span> <span class='ocrx_word' id='word_1_160' title='bbox 1900 1938 1982 2011; x_wconf 72' lang='lat' dir='ltr'><strong>lma¹²</strong></span> 
     </span>
     <span class='ocr_line' id='line_1_15' title="bbox 452 2044 1954 2128; baseline 0.003 -22"><span class='ocrx_word' id='word_1_161' title='bbox 452 2044 582 2108; x_wconf 85' lang='lat' dir='ltr'><strong>virtutis</strong></span> <span class='ocrx_word' id='word_1_162' title='bbox 598 2045 722 2110; x_wconf 84' lang='lat' dir='ltr'><strong>effectae</strong></span> <span class='ocrx_word' id='word_1_163' title='bbox 737 2054 822 2120; x_wconf 92' lang='lat' dir='ltr'><strong>sunt,</strong></span> <span class='ocrx_word' id='word_1_164' title='bbox 838 2046 923 2128; x_wconf 90' lang='lat' dir='ltr'><strong>quod</strong></span> <span class='ocrx_word' id='word_1_165' title='bbox 938 2063 1048 2109; x_wconf 91' lang='lat' dir='ltr'><strong>omnes</strong></span> <span class='ocrx_word' id='word_1_166' title='bbox 1065 2045 1200 2108; x_wconf 91' lang='lat' dir='ltr'><strong>infirmi·</strong></span> <span class='ocrx_word' id='word_1_167' title='bbox 1255 2051 1401 2107; x_wconf 92' lang='lat' dir='ltr'><strong>mutatur.</strong></span> <span class='ocrx_word' id='word_1_168' title='bbox 1427 2044 1704 2118; x_wconf 81' lang='lat' dir='ltr'><strong>Quemadmodum</strong></span> <span class='ocrx_word' id='word_1_169' title='bbox 1728 2047 1810 2109; x_wconf 92' lang='lat' dir='ltr'><strong>enim</strong></span> <span class='ocrx_word' id='word_1_170' title='bbox 1830 2066 1889 2110; x_wconf 87' lang='lat' dir='ltr'><strong>caro</strong></span> <span class='ocrx_word' id='word_1_171' title='bbox 1906 2068 1954 2110; x_wconf 90' lang='lat' dir='ltr'><strong>sus·</strong></span> 
     </span>
     <span class='ocr_line' id='line_1_16' title="bbox 452 2143 1954 2226; baseline 0.001 -22"><span class='ocrx_word' id='word_1_172' title='bbox 452 2149 532 2206; x_wconf 89' lang='lat' dir='ltr'><strong>tates</strong></span> <span class='ocrx_word' id='word_1_173' title='bbox 556 2143 718 2205; x_wconf 89' lang='lat' dir='ltr'><strong>curabant.</strong></span> <span class='ocrx_word' id='word_1_174' title='bbox 742 2144 946 2208; x_wconf 75' lang='lat' dir='ltr'><strong>Cassiodorus</strong></span> <span class='ocrx_word' id='word_1_175' title='bbox 966 2145 1095 2207; x_wconf 92' lang='lat' dir='ltr'><strong>demum</strong></span> <span class='ocrx_word' id='word_1_176' title='bbox 1118 2163 1200 2206; x_wconf 91' lang='lat' dir='ltr'><strong>asse·</strong></span> <span class='ocrx_word' id='word_1_177' title='bbox 1254 2149 1393 2204; x_wconf 89' lang='lat' dir='ltr'><strong>tentatur</strong></span> <span class='ocrx_word' id='word_1_178' title='bbox 1408 2161 1466 2224; x_wconf 92' lang='lat' dir='ltr'><strong>per</strong></span> <span class='ocrx_word' id='word_1_179' title='bbox 1479 2160 1562 2217; x_wconf 90' lang='lat' dir='ltr'><strong>ossa,</strong></span> <span class='ocrx_word' id='word_1_180' title='bbox 1578 2152 1609 2206; x_wconf 91' lang='lat' dir='ltr'><strong>et</strong></span> <span class='ocrx_word' id='word_1_181' title='bbox 1623 2143 1796 2208; x_wconf 79' lang='lat' dir='ltr'><strong>aedificium</strong></span> <span class='ocrx_word' id='word_1_182' title='bbox 1810 2145 1903 2208; x_wconf 90' lang='lat' dir='ltr'><strong>domus</strong></span> <span class='ocrx_word' id='word_1_183' title='bbox 1914 2163 1954 2226; x_wconf 85' lang='lat' dir='ltr'><strong>per</strong></span> 
     </span>
     <span class='ocr_line' id='line_1_17' title="bbox 452 2240 1955 2324; baseline 0.001 -22"><span class='ocrx_word' id='word_1_184' title='bbox 452 2240 495 2302; x_wconf 89' lang='lat' dir='ltr'><strong>rit</strong></span> <span class='ocrx_word' id='word_1_185' title='bbox 521 2240 554 2304; x_wconf 94' lang='lat' dir='ltr'><strong>in</strong></span> <span class='ocrx_word' id='word_1_186' title='bbox 585 2241 720 2304; x_wconf 82' lang='lat' dir='ltr'><strong>Historia</strong></span> <span class='ocrx_word' id='word_1_187' title='bbox 749 2242 917 2324; x_wconf 87' lang='lat' dir='ltr'><strong>tripartita,</strong></span> <span class='ocrx_word' id='word_1_188' title='bbox 943 2242 1027 2324; x_wconf 93' lang='lat' dir='ltr'><strong>quod</strong></span> <span class='ocrx_word' id='word_1_189' title='bbox 1054 2242 1199 2305; x_wconf 86' lang='lat' dir='ltr'><strong>Julianus</strong></span> <span class='ocrx_word' id='word_1_190' title='bbox 1255 2259 1329 2303; x_wconf 86' lang='lat' dir='ltr'><strong>saxa</strong></span> <span class='ocrx_word' id='word_1_191' title='bbox 1344 2248 1376 2302; x_wconf 91' lang='lat' dir='ltr'><strong>et</strong></span> <span class='ocrx_word' id='word_1_192' title='bbox 1391 2241 1485 2322; x_wconf 91' lang='lat' dir='ltr'><strong>ligna,</strong></span> <span class='ocrx_word' id='word_1_193' title='bbox 1502 2241 1549 2303; x_wconf 93' lang='lat' dir='ltr'><strong>sio</strong></span> <span class='ocrx_word' id='word_1_194' title='bbox 1568 2241 1665 2306; x_wconf 94' lang='lat' dir='ltr'><strong>homo</strong></span> <span class='ocrx_word' id='word_1_195' title='bbox 1685 2262 1743 2324; x_wconf 92' lang='lat' dir='ltr'><strong>per</strong></span> <span class='ocrx_word' id='word_1_196' title='bbox 1761 2243 1920 2324; x_wconf 89' lang='lat' dir='ltr'><strong>sapientiam</strong></span> <span class='ocrx_word' id='word_1_197' title='bbox 1933 2251 1955 2304; x_wconf 83' lang='lat' dir='ltr'><strong>et</strong></span> 
     </span>
     <span class='ocr_line' id='line_1_18' title="bbox 451 2338 1954 2422; baseline 0.001 -22"><span class='ocrx_word' id='word_1_198' title='bbox 451 2346 593 2420; x_wconf 90' lang='lat' dir='ltr'><strong>apostata</strong></span> <span class='ocrx_word' id='word_1_199' title='bbox 618 2338 692 2402; x_wconf 93' lang='lat' dir='ltr'><strong>inde</strong></span> <span class='ocrx_word' id='word_1_200' title='bbox 717 2341 853 2404; x_wconf 91' lang='lat' dir='ltr'><strong>removit</strong></span> <span class='ocrx_word' id='word_1_201' title='bbox 877 2341 1049 2422; x_wconf 89' lang='lat' dir='ltr'><strong>imaginem</strong></span> <span class='ocrx_word' id='word_1_202' title='bbox 1069 2340 1197 2414; x_wconf 91' lang='lat' dir='ltr'><strong>Christi,</strong></span> <span class='ocrx_word' id='word_1_203' title='bbox 1254 2339 1389 2402; x_wconf 88' lang='lat' dir='ltr'><strong>virtutes</strong></span> <span class='ocrx_word' id='word_1_204' title='bbox 1412 2339 1621 2421; x_wconf 86' lang='lat' dir='ltr'><strong>spiritualiter</strong></span> <span class='ocrx_word' id='word_1_205' title='bbox 1643 2339 1954 2414; x_wconf 86' lang='lat' dir='ltr'><strong>consolidator,fortili·</strong></span> 
     </span>
     <span class='ocr_line' id='line_1_19' title="bbox 452 2437 1955 2522; baseline 0 -22"><span class='ocrx_word' id='word_1_206' title='bbox 452 2454 574 2519; x_wconf 90' lang='lat' dir='ltr'><strong>ponens</strong></span> <span class='ocrx_word' id='word_1_207' title='bbox 589 2437 710 2500; x_wconf 90' lang='lat' dir='ltr'><strong>ibidem</strong></span> <span class='ocrx_word' id='word_1_208' title='bbox 726 2438 898 2520; x_wconf 86' lang='lat' dir='ltr'><strong>imaginem</strong></span> <span class='ocrx_word' id='word_1_209' title='bbox 914 2457 1099 2522; x_wconf 72' lang='lat' dir='ltr'><strong>suamque</strong></span> <span class='ocrx_word' id='word_1_210' title='bbox 1114 2445 1198 2521; x_wconf 93' lang='lat' dir='ltr'><strong>post·</strong></span> <span class='ocrx_word' id='word_1_211' title='bbox 1255 2443 1344 2499; x_wconf 91' lang='lat' dir='ltr'><strong>catur</strong></span> <span class='ocrx_word' id='word_1_212' title='bbox 1364 2455 1401 2500; x_wconf 92' lang='lat' dir='ltr'><strong>ac</strong></span> <span class='ocrx_word' id='word_1_213' title='bbox 1423 2437 1593 2500; x_wconf 89' lang='lat' dir='ltr'><strong>stabilitur.</strong></span> <span class='ocrx_word' id='word_1_214' title='bbox 1610 2437 1776 2520; x_wconf 89' lang='lat' dir='ltr'><strong>Siquidem</strong></span> <span class='ocrx_word' id='word_1_215' title='bbox 1794 2457 1845 2522; x_wconf 91' lang='lat' dir='ltr'><strong>per</strong></span> <span class='ocrx_word' id='word_1_216' title='bbox 1860 2439 1955 2500; x_wconf 92' lang='lat' dir='ltr'><strong>humili·</strong></span> 
     </span>
     <span class='ocr_line' id='line_1_20' title="bbox 451 2535 1956 2620; baseline 0 -22"><span class='ocrx_word' id='word_1_217' title='bbox 451 2554 489 2598; x_wconf 92' lang='lat' dir='ltr'><strong>ea</strong></span> <span class='ocrx_word' id='word_1_218' title='bbox 509 2535 573 2598; x_wconf 89' lang='lat' dir='ltr'><strong>ictu</strong></span> <span class='ocrx_word' id='word_1_219' title='bbox 594 2535 739 2598; x_wconf 79' lang='lat' dir='ltr'><strong>fulminis</strong></span> <span class='ocrx_word' id='word_1_220' title='bbox 764 2544 812 2599; x_wconf 90' lang='lat' dir='ltr'><strong>est</strong></span> <span class='ocrx_word' id='word_1_221' title='bbox 832 2537 1000 2600; x_wconf 89' lang='lat' dir='ltr'><strong>destructa.</strong></span> <span class='ocrx_word' id='word_1_222' title='bbox 1253 2543 1351 2597; x_wconf 90' lang='lat' dir='ltr'><strong>tatem</strong></span> <span class='ocrx_word' id='word_1_223' title='bbox 1376 2535 1591 2598; x_wconf 88' lang='lat' dir='ltr'><strong>consolidatur</strong></span> <span class='ocrx_word' id='word_1_224' title='bbox 1614 2545 1726 2600; x_wconf 89' lang='lat' dir='ltr'><strong>contra</strong></span> <span class='ocrx_word' id='word_1_225' title='bbox 1749 2536 1887 2620; x_wconf 82' lang='lat' dir='ltr'><strong>superbie</strong></span> <span class='ocrx_word' id='word_1_226' title='bbox 1904 2555 1956 2598; x_wconf 90' lang='lat' dir='ltr'><strong>ven-</strong></span> 
     </span>
     <span class='ocr_line' id='line_1_21' title="bbox 491 2633 1956 2718; baseline -0.001 -21"><span class='ocrx_word' id='word_1_227' title='bbox 491 2633 654 2708; x_wconf 78' lang='lat' dir='ltr'><strong>Praeterea,</strong></span> <span class='ocrx_word' id='word_1_228' title='bbox 671 2635 756 2696; x_wconf 90' lang='lat' dir='ltr'><strong>circa</strong></span> <span class='ocrx_word' id='word_1_229' title='bbox 777 2635 976 2698; x_wconf 89' lang='lat' dir='ltr'><strong>intellectum</strong></span> <span class='ocrx_word' id='word_1_230' title='bbox 996 2635 1094 2716; x_wconf 82' lang='lat' dir='ltr'><strong>hujus</strong></span> <span class='ocrx_word' id='word_1_231' title='bbox 1114 2636 1198 2718; x_wconf 90' lang='lat' dir='ltr'><strong>quod</strong></span> <span class='ocrx_word' id='word_1_232' title='bbox 1253 2640 1399 2715; x_wconf 91' lang='lat' dir='ltr'><strong>tum,per</strong></span> <span class='ocrx_word' id='word_1_233' title='bbox 1414 2634 1693 2697; x_wconf 91' lang='lat' dir='ltr'><strong>mansuetudinem</strong></span> <span class='ocrx_word' id='word_1_234' title='bbox 1710 2643 1814 2697; x_wconf 88' lang='lat' dir='ltr'><strong>contra</strong></span> <span class='ocrx_word' id='word_1_235' title='bbox 1827 2636 1956 2696; x_wconf 84' lang='lat' dir='ltr'><strong>iracundia</strong></span> 
     </span>
     <span class='ocr_line' id='line_1_22' title="bbox 452 2731 1956 2814; baseline -0.001 -18"><span class='ocrx_word' id='word_1_236' title='bbox 452 2731 596 2796; x_wconf 89' lang='lat' dir='ltr'><strong>Christus</strong></span> <span class='ocrx_word' id='word_1_237' title='bbox 616 2732 762 2795; x_wconf 80' lang='lat' dir='ltr'><strong>fimbrias</strong></span> <span class='ocrx_word' id='word_1_238' title='bbox 777 2733 852 2795; x_wconf 92' lang='lat' dir='ltr'><strong>tulit</strong></span> <span class='ocrx_word' id='word_1_239' title='bbox 867 2733 899 2795; x_wconf 94' lang='lat' dir='ltr'><strong>in</strong></span> <span class='ocrx_word' id='word_1_240' title='bbox 915 2741 1013 2807; x_wconf 90' lang='lat' dir='ltr'><strong>veste,</strong></span> <span class='ocrx_word' id='word_1_241' title='bbox 1032 2733 1198 2796; x_wconf 92' lang='lat' dir='ltr'><strong>sciendum</strong></span> <span class='ocrx_word' id='word_1_242' title='bbox 1255 2732 1423 2813; x_wconf 87' lang='lat' dir='ltr'><strong>impetum,</strong></span> <span class='ocrx_word' id='word_1_243' title='bbox 1440 2750 1498 2814; x_wconf 92' lang='lat' dir='ltr'><strong>per</strong></span> <span class='ocrx_word' id='word_1_244' title='bbox 1520 2733 1710 2814; x_wconf 90' lang='lat' dir='ltr'><strong>patientiam</strong></span> <span class='ocrx_word' id='word_1_245' title='bbox 1735 2741 1836 2796; x_wconf 88' lang='lat' dir='ltr'><strong>contra</strong></span> <span class='ocrx_word' id='word_1_246' title='bbox 1855 2732 1956 2794; x_wconf 85' lang='lat' dir='ltr'><strong>tristitia</strong></span> 
     </span>
     <span class='ocr_line' id='line_1_23' title="bbox 452 2830 1958 2914; baseline -0.001 -22"><span class='ocrx_word' id='word_1_247' title='bbox 452 2831 584 2912; x_wconf 88' lang='lat' dir='ltr'><strong>quia(ot</strong></span> <span class='ocrx_word' id='word_1_248' title='bbox 597 2831 811 2894; x_wconf 90' lang='lat' dir='ltr'><strong>communiter</strong></span> <span class='ocrx_word' id='word_1_249' title='bbox 823 2831 1018 2914; x_wconf 82' lang='lat' dir='ltr'><strong>expositores</strong></span> <span class='ocrx_word' id='word_1_250' title='bbox 1031 2835 1201 2912; x_wconf 81' lang='lat' dir='ltr'><strong>testantur)</strong></span> <span class='ocrx_word' id='word_1_251' title='bbox 1255 2830 1477 2910; x_wconf 86' lang='lat' dir='ltr'><strong>dejectionem,</strong></span> <span class='ocrx_word' id='word_1_252' title='bbox 1494 2849 1551 2912; x_wconf 91' lang='lat' dir='ltr'><strong>per</strong></span> <span class='ocrx_word' id='word_1_253' title='bbox 1566 2830 1789 2895; x_wconf 89' lang='lat' dir='ltr'><strong>liberalitatem</strong></span> <span class='ocrx_word' id='word_1_254' title='bbox 1804 2839 1895 2894; x_wconf 87' lang='lat' dir='ltr'><strong>contra</strong></span> <span class='ocrx_word' id='word_1_255' title='bbox 1908 2849 1958 2891; x_wconf 87' lang='lat' dir='ltr'><strong>ava·</strong></span> 
     </span>
     <span class='ocr_line' id='line_1_24' title="bbox 454 2927 1958 3011; baseline -0.002 -20"><span class='ocrx_word' id='word_1_256' title='bbox 454 2927 597 2991; x_wconf 89' lang='lat' dir='ltr'><strong>Christus</strong></span> <span class='ocrx_word' id='word_1_257' title='bbox 619 2927 709 3008; x_wconf 82' lang='lat' dir='ltr'><strong>juxta</strong></span> <span class='ocrx_word' id='word_1_258' title='bbox 733 2929 997 2992; x_wconf 86' lang='lat' dir='ltr'><strong>consuetudinem</strong></span> <span class='ocrx_word' id='word_1_259' title='bbox 1019 2931 1200 2993; x_wconf 83' lang='lat' dir='ltr'><strong>Judaaorum</strong></span> <span class='ocrx_word' id='word_1_260' title='bbox 1254 2927 1335 2990; x_wconf 79' lang='lat' dir='ltr'><strong>ritiae</strong></span> <span class='ocrx_word' id='word_1_261' title='bbox 1350 2927 1621 3010; x_wconf 90' lang='lat' dir='ltr'><strong>inquietationem,</strong></span> <span class='ocrx_word' id='word_1_262' title='bbox 1629 2947 1688 3011; x_wconf 90' lang='lat' dir='ltr'><strong>per</strong></span> <span class='ocrx_word' id='word_1_263' title='bbox 1702 2929 1865 2992; x_wconf 82' lang='lat' dir='ltr'><strong>castitatem</strong></span> <span class='ocrx_word' id='word_1_264' title='bbox 1878 2935 1958 2991; x_wconf 89' lang='lat' dir='ltr'><strong>contra</strong></span> 
     </span>
     <span class='ocr_line' id='line_1_25' title="bbox 455 3026 1959 3109; baseline -0.002 -20"><span class='ocrx_word' id='word_1_265' title='bbox 455 3027 592 3108; x_wconf 85' lang='lat' dir='ltr'><strong>portavit</strong></span> <span class='ocrx_word' id='word_1_266' title='bbox 614 3026 842 3090; x_wconf 90' lang='lat' dir='ltr'><strong>vestimentum</strong></span> <span class='ocrx_word' id='word_1_267' title='bbox 866 3046 939 3089; x_wconf 89' lang='lat' dir='ltr'><strong>cum</strong></span> <span class='ocrx_word' id='word_1_268' title='bbox 969 3037 1105 3109; x_wconf 87' lang='lat' dir='ltr'><strong>quatuor</strong></span> <span class='ocrx_word' id='word_1_269' title='bbox 1128 3028 1201 3092; x_wconf 93' lang='lat' dir='ltr'><strong>fim·</strong></span> <span class='ocrx_word' id='word_1_270' title='bbox 1218 3028 1240 3092; x_wconf 93' lang='lat' dir='ltr'><strong>C</strong></span> <span class='ocrx_word' id='word_1_271' title='bbox 1256 3026 1588 3108; x_wconf 85' lang='lat' dir='ltr'><strong>concupiscentiarum</strong></span> <span class='ocrx_word' id='word_1_272' title='bbox 1604 3026 1791 3108; x_wconf 90' lang='lat' dir='ltr'><strong>impulsum,</strong></span> <span class='ocrx_word' id='word_1_273' title='bbox 1807 3027 1959 3109; x_wconf 88' lang='lat' dir='ltr'><strong>persapien-</strong></span> 
     </span>
     <span class='ocr_line' id='line_1_26' title="bbox 404 3123 1959 3211; baseline -0.003 -24"><span class='ocrx_word' id='word_1_274' title='bbox 404 3148 439 3188; x_wconf 73' lang='grc' dir='ltr'><strong>ιν,</strong></span> <span class='ocrx_word' id='word_1_275' title='bbox 456 3125 545 3187; x_wconf 89' lang='lat' dir='ltr'><strong>briis.</strong></span> <span class='ocrx_word' id='word_1_276' title='bbox 565 3123 644 3188; x_wconf 90' lang='lat' dir='ltr'><strong>Nam</strong></span> <span class='ocrx_word' id='word_1_277' title='bbox 664 3132 696 3187; x_wconf 89' lang='lat' dir='ltr'><strong>et</strong></span> <span class='ocrx_word' id='word_1_278' title='bbox 716 3126 799 3187; x_wconf 87' lang='lat' dir='ltr'><strong>Deus</strong></span> <span class='ocrx_word' id='word_1_279' title='bbox 823 3126 974 3208; x_wconf 85' lang='lat' dir='ltr'><strong>praecepit</strong></span> <span class='ocrx_word' id='word_1_280' title='bbox 998 3145 1056 3209; x_wconf 93' lang='lat' dir='ltr'><strong>per</strong></span> <span class='ocrx_word' id='word_1_281' title='bbox 1075 3128 1202 3211; x_wconf 83' lang='lat' dir='ltr'><strong>hfoysen</strong></span> <span class='ocrx_word' id='word_1_282' title='bbox 1256 3124 1332 3186; x_wconf 87' lang='lat' dir='ltr'><strong>tiam</strong></span> <span class='ocrx_word' id='word_1_283' title='bbox 1358 3131 1467 3186; x_wconf 91' lang='lat' dir='ltr'><strong>contra</strong></span> <span class='ocrx_word' id='word_1_284' title='bbox 1491 3125 1721 3206; x_wconf 91' lang='lat' dir='ltr'><strong>cogitationum</strong></span> <span class='ocrx_word' id='word_1_285' title='bbox 1743 3125 1906 3197; x_wconf 88' lang='lat' dir='ltr'><strong>tumultum,</strong></span> <span class='ocrx_word' id='word_1_286' title='bbox 1919 3141 1959 3205; x_wconf 85' lang='lat' dir='ltr'><strong>per</strong></span> 
     </span>
     <span class='ocr_line' id='line_1_27' title="bbox 456 3222 1958 3308; baseline -0.002 -22"><span class='ocrx_word' id='word_1_287' title='bbox 456 3231 492 3286; x_wconf 89' lang='lat' dir='ltr'><strong>ut</strong></span> <span class='ocrx_word' id='word_1_288' title='bbox 511 3223 572 3285; x_wconf 93' lang='lat' dir='ltr'><strong>filii</strong></span> <span class='ocrx_word' id='word_1_289' title='bbox 592 3224 687 3287; x_wconf 91' lang='lat' dir='ltr'><strong>lsrael</strong></span> <span class='ocrx_word' id='word_1_290' title='bbox 710 3223 853 3288; x_wconf 89' lang='lat' dir='ltr'><strong>facerent</strong></span> <span class='ocrx_word' id='word_1_291' title='bbox 874 3225 935 3287; x_wconf 92' lang='lat' dir='ltr'><strong>sihi</strong></span> <span class='ocrx_word' id='word_1_292' title='bbox 960 3225 1106 3288; x_wconf 91' lang='lat' dir='ltr'><strong>fimbrias</strong></span> <span class='ocrx_word' id='word_1_293' title='bbox 1126 3245 1201 3308; x_wconf 90' lang='lat' dir='ltr'><strong>qua·</strong></span> <span class='ocrx_word' id='word_1_294' title='bbox 1256 3222 1484 3285; x_wconf 83' lang='lat' dir='ltr'><strong>confidentiam</strong></span> <span class='ocrx_word' id='word_1_295' title='bbox 1501 3223 1556 3285; x_wconf 88' lang='lat' dir='ltr'><strong>Dei</strong></span> <span class='ocrx_word' id='word_1_296' title='bbox 1576 3231 1687 3286; x_wconf 90' lang='lat' dir='ltr'><strong>contra</strong></span> <span class='ocrx_word' id='word_1_297' title='bbox 1705 3225 1854 3297; x_wconf 91' lang='lat' dir='ltr'><strong>timorem,</strong></span> <span class='ocrx_word' id='word_1_298' title='bbox 1869 3241 1958 3304; x_wconf 88' lang='lat' dir='ltr'><strong>perca-</strong></span> 
     </span>
     <span class='ocr_line' id='line_1_28' title="bbox 456 3320 1959 3406; baseline -0.001 -23"><span class='ocrx_word' id='word_1_299' title='bbox 456 3329 538 3396; x_wconf 92' lang='lat' dir='ltr'><strong>tuor,</strong></span> <span class='ocrx_word' id='word_1_300' title='bbox 557 3339 613 3403; x_wconf 90' lang='lat' dir='ltr'><strong>per</strong></span> <span class='ocrx_word' id='word_1_301' title='bbox 635 3329 770 3404; x_wconf 88' lang='lat' dir='ltr'><strong>quatuor</strong></span> <span class='ocrx_word' id='word_1_302' title='bbox 789 3322 921 3403; x_wconf 89' lang='lat' dir='ltr'><strong>angulos</strong></span> <span class='ocrx_word' id='word_1_303' title='bbox 946 3323 1127 3405; x_wconf 90' lang='lat' dir='ltr'><strong>palliorum,</strong></span> <span class='ocrx_word' id='word_1_304' title='bbox 1149 3342 1202 3406; x_wconf 83' lang='lat' dir='ltr'><strong>po</strong></span> <span class='ocrx_word' id='word_1_305' title='bbox 1256 3321 1381 3383; x_wconf 87' lang='lat' dir='ltr'><strong>ritatem</strong></span> <span class='ocrx_word' id='word_1_306' title='bbox 1397 3322 1452 3384; x_wconf 87' lang='lat' dir='ltr'><strong>Dei</strong></span> <span class='ocrx_word' id='word_1_307' title='bbox 1473 3329 1505 3384; x_wconf 91' lang='lat' dir='ltr'><strong>et</strong></span> <span class='ocrx_word' id='word_1_308' title='bbox 1520 3322 1656 3404; x_wconf 82' lang='lat' dir='ltr'><strong>proximi</strong></span> <span class='ocrx_word' id='word_1_309' title='bbox 1678 3331 1788 3386; x_wconf 90' lang='lat' dir='ltr'><strong>contra</strong></span> <span class='ocrx_word' id='word_1_310' title='bbox 1804 3340 1912 3385; x_wconf 92' lang='lat' dir='ltr'><strong>omnen</strong></span> <span class='ocrx_word' id='word_1_311' title='bbox 1926 3320 1959 3381; x_wconf 93' lang='lat' dir='ltr'><strong>in-</strong></span> 
     </span>
     <span class='ocr_line' id='line_1_29' title="bbox 455 3419 1960 3504; baseline -0.003 -21"><span class='ocrx_word' id='word_1_312' title='bbox 455 3427 567 3483; x_wconf 91' lang='lat' dir='ltr'><strong>nentes</strong></span> <span class='ocrx_word' id='word_1_313' title='bbox 598 3420 630 3482; x_wconf 92' lang='lat' dir='ltr'><strong>in</strong></span> <span class='ocrx_word' id='word_1_314' title='bbox 660 3420 707 3482; x_wconf 91' lang='lat' dir='ltr'><strong>eis</strong></span> <span class='ocrx_word' id='word_1_315' title='bbox 736 3421 830 3483; x_wconf 90' lang='lat' dir='ltr'><strong>vittas</strong></span> <span class='ocrx_word' id='word_1_316' title='bbox 860 3420 1092 3502; x_wconf 87' lang='lat' dir='ltr'><strong>hyacinthinas,</strong></span> <span class='ocrx_word' id='word_1_317' title='bbox 1123 3441 1201 3504; x_wconf 91' lang='lat' dir='ltr'><strong>quas</strong></span> <span class='ocrx_word' id='word_1_318' title='bbox 1256 3419 1375 3482; x_wconf 90' lang='lat' dir='ltr'><strong>vidiam</strong></span> <span class='ocrx_word' id='word_1_319' title='bbox 1403 3428 1435 3482; x_wconf 91' lang='lat' dir='ltr'><strong>et</strong></span> <span class='ocrx_word' id='word_1_320' title='bbox 1459 3437 1633 3484; x_wconf 89' lang='lat' dir='ltr'><strong>rancorem.</strong></span> <span class='ocrx_word' id='word_1_321' title='bbox 1659 3421 1716 3484; x_wconf 86' lang='lat' dir='ltr'><strong>llis</strong></span> <span class='ocrx_word' id='word_1_322' title='bbox 1745 3439 1816 3503; x_wconf 92' lang='lat' dir='ltr'><strong>ergo</strong></span> <span class='ocrx_word' id='word_1_323' title='bbox 1841 3421 1960 3484; x_wconf 85' lang='lat' dir='ltr'><strong>virtutum</strong></span> 
     </span>
     <span class='ocr_line' id='line_1_30' title="bbox 455 3517 1961 3601; baseline -0.001 -21"><span class='ocrx_word' id='word_1_324' title='bbox 455 3537 555 3600; x_wconf 90' lang='lat' dir='ltr'><strong>quum</strong></span> <span class='ocrx_word' id='word_1_325' title='bbox 591 3517 747 3591; x_wconf 88' lang='lat' dir='ltr'><strong>viderent,</strong></span> <span class='ocrx_word' id='word_1_326' title='bbox 782 3519 1023 3581; x_wconf 90' lang='lat' dir='ltr'><strong>recordarentur</strong></span> <span class='ocrx_word' id='word_1_327' title='bbox 1057 3519 1201 3582; x_wconf 91' lang='lat' dir='ltr'><strong>omnium</strong></span> <span class='ocrx_word' id='word_1_328' title='bbox 1257 3519 1414 3581; x_wconf 93' lang='lat' dir='ltr'><strong>machinis</strong></span> <span class='ocrx_word' id='word_1_329' title='bbox 1437 3525 1469 3582; x_wconf 91' lang='lat' dir='ltr'><strong>et</strong></span> <span class='ocrx_word' id='word_1_330' title='bbox 1490 3519 1660 3594; x_wconf 87' lang='lat' dir='ltr'><strong>columnis,</strong></span> <span class='ocrx_word' id='word_1_331' title='bbox 1676 3539 1715 3583; x_wconf 86' lang='lat' dir='ltr'><strong>aa</strong></span> <span class='ocrx_word' id='word_1_332' title='bbox 1736 3539 1816 3584; x_wconf 81' lang='lat' dir='ltr'><strong>vera</strong></span> <span class='ocrx_word' id='word_1_333' title='bbox 1834 3517 1961 3601; x_wconf 89' lang='lat' dir='ltr'><strong>sapientia</strong></span> 
     </span>
     <span class='ocr_line' id='line_1_31' title="bbox 455 3615 1961 3699; baseline -0.002 -20"><span class='ocrx_word' id='word_1_334' title='bbox 455 3623 688 3699; x_wconf 85' lang='lat' dir='ltr'><strong>praeceptorum</strong></span> <span class='ocrx_word' id='word_1_335' title='bbox 717 3615 855 3678; x_wconf 87' lang='lat' dir='ltr'><strong>Domini.</strong></span> <span class='ocrx_word' id='word_1_336' title='bbox 880 3616 966 3678; x_wconf 90' lang='lat' dir='ltr'><strong>istud</strong></span> <span class='ocrx_word' id='word_1_337' title='bbox 995 3617 1033 3679; x_wconf 94' lang='lat' dir='ltr'><strong>ad</strong></span> <span class='ocrx_word' id='word_1_338' title='bbox 1062 3617 1202 3681; x_wconf 79' lang='lat' dir='ltr'><strong>caarimo</strong></span> <span class='ocrx_word' id='word_1_339' title='bbox 1256 3616 1364 3690; x_wconf 91' lang='lat' dir='ltr'><strong>radiis,</strong></span> <span class='ocrx_word' id='word_1_340' title='bbox 1381 3617 1565 3680; x_wconf 89' lang='lat' dir='ltr'><strong>studeamus</strong></span> <span class='ocrx_word' id='word_1_341' title='bbox 1579 3618 1725 3699; x_wconf 90' lang='lat' dir='ltr'><strong>quotidie</strong></span> <span class='ocrx_word' id='word_1_342' title='bbox 1739 3619 1853 3682; x_wconf 88' lang='lat' dir='ltr'><strong>animas</strong></span> <span class='ocrx_word' id='word_1_343' title='bbox 1869 3623 1961 3680; x_wconf 86' lang='lat' dir='ltr'><strong>nostras</strong></span> 
     </span>
     <span class='ocr_line' id='line_1_32' title="bbox 455 3713 1961 3798; baseline -0.002 -21"><span class='ocrx_word' id='word_1_344' title='bbox 455 3715 552 3777; x_wconf 90' lang='lat' dir='ltr'><strong>nialia</strong></span> <span class='ocrx_word' id='word_1_345' title='bbox 571 3713 752 3798; x_wconf 88' lang='lat' dir='ltr'><strong>pertinebat</strong></span> <span class='ocrx_word' id='word_1_346' title='bbox 771 3722 930 3796; x_wconf 74' lang='lat' dir='ltr'><strong>praecepta</strong></span> <span class='ocrx_word' id='word_1_347' title='bbox 946 3734 953 3779; x_wconf 94' lang='lat'>:</span> <span class='ocrx_word' id='word_1_348' title='bbox 971 3716 1043 3778; x_wconf 89' lang='lat' dir='ltr'><strong>ideo</strong></span> <span class='ocrx_word' id='word_1_349' title='bbox 1057 3715 1201 3779; x_wconf 90' lang='lat' dir='ltr'><strong>Christus</strong></span> <span class='ocrx_word' id='word_1_350' title='bbox 1256 3713 1446 3790; x_wconf 86' lang='lat' dir='ltr'><strong>confortare,</strong></span> <span class='ocrx_word' id='word_1_351' title='bbox 1472 3715 1633 3779; x_wconf 81' lang='lat' dir='ltr'><strong>aedificare</strong></span> <span class='ocrx_word' id='word_1_352' title='bbox 1662 3724 1695 3781; x_wconf 91' lang='lat' dir='ltr'><strong>et</strong></span> <span class='ocrx_word' id='word_1_353' title='bbox 1723 3718 1930 3790; x_wconf 77' lang='lat' dir='ltr'><strong>custodirem</strong></span> <span class='ocrx_word' id='word_1_354' title='bbox 1949 3732 1961 3774; x_wconf 87' lang='lat' dir='ltr'><strong>a</strong></span> 
     </span>
     <span class='ocr_line' id='line_1_33' title="bbox 455 3811 1961 3893; baseline -0.002 -18"><span class='ocrx_word' id='word_1_355' title='bbox 455 3811 558 3875; x_wconf 89' lang='lat' dir='ltr'><strong>factus</strong></span> <span class='ocrx_word' id='word_1_356' title='bbox 574 3811 634 3876; x_wconf 87' lang='lat' dir='ltr'><strong>sub</strong></span> <span class='ocrx_word' id='word_1_357' title='bbox 651 3813 731 3893; x_wconf 90' lang='lat' dir='ltr'><strong>lege,</strong></span> <span class='ocrx_word' id='word_1_358' title='bbox 743 3813 774 3875; x_wconf 93' lang='lat' dir='ltr'><strong>id</strong></span> <span class='ocrx_word' id='word_1_359' title='bbox 788 3812 980 3886; x_wconf 86' lang='lat' dir='ltr'><strong>observavit,</strong></span> <span class='ocrx_word' id='word_1_360' title='bbox 997 3814 1080 3876; x_wconf 90' lang='lat' dir='ltr'><strong>sicut</strong></span> <span class='ocrx_word' id='word_1_361' title='bbox 1094 3821 1126 3876; x_wconf 89' lang='lat' dir='ltr'><strong>ct</strong></span> <span class='ocrx_word' id='word_1_362' title='bbox 1140 3814 1202 3876; x_wconf 87' lang='lat' dir='ltr'><strong>alia</strong></span> <span class='ocrx_word' id='word_1_363' title='bbox 1256 3814 1438 3877; x_wconf 77' lang='lat' dir='ltr'><strong>damonum</strong></span> <span class='ocrx_word' id='word_1_364' title='bbox 1467 3815 1686 3890; x_wconf 90' lang='lat' dir='ltr'><strong>tentamentis,</strong></span> <span class='ocrx_word' id='word_1_365' title='bbox 1716 3836 1735 3879; x_wconf 92' lang='lat' dir='ltr'><strong>a</strong></span> <span class='ocrx_word' id='word_1_366' title='bbox 1763 3816 1859 3879; x_wconf 87' lang='lat' dir='ltr'><strong>camis</strong></span> <span class='ocrx_word' id='word_1_367' title='bbox 1883 3813 1961 3875; x_wconf 85' lang='lat' dir='ltr'><strong>illaec·</strong></span> 
     </span>
     <span class='ocr_line' id='line_1_34' title="bbox 455 3910 1895 3994; baseline 0.002 -22"><span class='ocrx_word' id='word_1_368' title='bbox 455 3911 601 3993; x_wconf 80' lang='lat' dir='ltr'><strong>quaedam</strong></span> <span class='ocrx_word' id='word_1_369' title='bbox 621 3910 745 3991; x_wconf 89' lang='lat' dir='ltr'><strong>legalia,</strong></span> <span class='ocrx_word' id='word_1_370' title='bbox 763 3929 864 3993; x_wconf 91' lang='lat' dir='ltr'><strong>usque</strong></span> <span class='ocrx_word' id='word_1_371' title='bbox 882 3911 921 3973; x_wconf 97' lang='lat' dir='ltr'><strong>ad</strong></span> <span class='ocrx_word' id='word_1_372' title='bbox 936 3918 1063 3992; x_wconf 90' lang='lat' dir='ltr'><strong>tempus</strong></span> <span class='ocrx_word' id='word_1_373' title='bbox 1083 3912 1202 3994; x_wconf 93' lang='lat' dir='ltr'><strong>passio·</strong></span> <span class='ocrx_word' id='word_1_374' title='bbox 1256 3911 1334 3986; x_wconf 92' lang='lat' dir='ltr'><strong>bris,</strong></span> <span class='ocrx_word' id='word_1_375' title='bbox 1350 3930 1369 3975; x_wconf 88' lang='lat' dir='ltr'><strong>a</strong></span> <span class='ocrx_word' id='word_1_376' title='bbox 1387 3912 1582 3975; x_wconf 90' lang='lat' dir='ltr'><strong>vanitatibus</strong></span> <span class='ocrx_word' id='word_1_377' title='bbox 1601 3915 1715 3977; x_wconf 92' lang='lat' dir='ltr'><strong>mundi</strong></span> <span class='ocrx_word' id='word_1_378' title='bbox 1735 3915 1895 3978; x_wconf 91' lang='lat' dir='ltr'><strong>vincamur.</strong></span> 
     </span>
     <span class='ocr_line' id='line_1_35' title="bbox 456 4008 2056 4095; baseline 0 -25"><span class='ocrx_word' id='word_1_379' title='bbox 456 4009 518 4083; x_wconf 91' lang='lat' dir='ltr'><strong>nis,</strong></span> <span class='ocrx_word' id='word_1_380' title='bbox 544 4008 577 4070; x_wconf 93' lang='lat' dir='ltr'><strong>in</strong></span> <span class='ocrx_word' id='word_1_381' title='bbox 601 4026 665 4090; x_wconf 92' lang='lat' dir='ltr'><strong>quo</strong></span> <span class='ocrx_word' id='word_1_382' title='bbox 689 4008 953 4072; x_wconf 77' lang='lat' dir='ltr'><strong>cerimonialium</strong></span> <span class='ocrx_word' id='word_1_383' title='bbox 982 4009 1061 4091; x_wconf 88' lang='lat' dir='ltr'><strong>legis</strong></span> <span class='ocrx_word' id='word_1_384' title='bbox 1086 4029 1202 4092; x_wconf 78' lang='lat' dir='ltr'><strong>prece·</strong></span> <span class='ocrx_word' id='word_1_385' title='bbox 1289 4010 1385 4072; x_wconf 92' lang='lat' dir='ltr'><strong>Porro</strong></span> <span class='ocrx_word' id='word_1_386' title='bbox 1399 4010 1455 4092; x_wconf 90' lang='lat' dir='ltr'><strong>qui</strong></span> <span class='ocrx_word' id='word_1_387' title='bbox 1470 4011 1573 4074; x_wconf 92' lang='lat' dir='ltr'><strong>adhuc</strong></span> <span class='ocrx_word' id='word_1_388' title='bbox 1586 4012 1674 4075; x_wconf 91' lang='lat' dir='ltr'><strong>vitiis</strong></span> <span class='ocrx_word' id='word_1_389' title='bbox 1689 4013 1829 4095; x_wconf 83' lang='lat' dir='ltr'><strong>subjacet</strong></span> <span class='ocrx_word' id='word_1_390' title='bbox 1842 4019 1870 4075; x_wconf 89' lang='lat' dir='ltr'><strong>et</strong></span> <span class='ocrx_word' id='word_1_391' title='bbox 1879 4027 1962 4073; x_wconf 80' lang='lat' dir='ltr'><strong>conco</strong></span> <span class='ocrx_word' id='word_1_392' title='bbox 2055 4009 2056 4058; x_wconf 69' lang='lat' dir='ltr'><strong>t</strong></span> 
     </span>
     <span class='ocr_line' id='line_1_36' title="bbox 456 4101 2056 4194; baseline 0 -24"><span class='ocrx_word' id='word_1_393' title='bbox 456 4113 584 4189; x_wconf 86' lang='lat' dir='ltr'><strong>ptcrum</strong></span> <span class='ocrx_word' id='word_1_394' title='bbox 607 4106 759 4188; x_wconf 93' lang='lat' dir='ltr'><strong>obligatio</strong></span> <span class='ocrx_word' id='word_1_395' title='bbox 780 4124 910 4189; x_wconf 90' lang='lat' dir='ltr'><strong>prorsus</strong></span> <span class='ocrx_word' id='word_1_396' title='bbox 930 4108 1075 4172; x_wconf 91' lang='lat' dir='ltr'><strong>cessavit.</strong></span> <span class='ocrx_word' id='word_1_397' title='bbox 1257 4107 1422 4191; x_wconf 91' lang='lat' dir='ltr'><strong>piscentiis</strong></span> <span class='ocrx_word' id='word_1_398' title='bbox 1437 4107 1511 4170; x_wconf 88' lang='lat' dir='ltr'><strong>fluit</strong></span> <span class='ocrx_word' id='word_1_399' title='bbox 1524 4126 1561 4171; x_wconf 89' lang='lat' dir='ltr'><strong>ao</strong></span> <span class='ocrx_word' id='word_1_400' title='bbox 1576 4108 1701 4184; x_wconf 91' lang='lat' dir='ltr'><strong>defluit,</strong></span> <span class='ocrx_word' id='word_1_401' title='bbox 1712 4111 1855 4194; x_wconf 87' lang='lat' dir='ltr'><strong>exemplo</strong></span> <span class='ocrx_word' id='word_1_402' title='bbox 1867 4107 1963 4172; x_wconf 89' lang='lat' dir='ltr'><strong>femine</strong></span> <span class='ocrx_word' id='word_1_403' title='bbox 2055 4101 2056 4170; x_wconf 67' lang='lat' dir='ltr'><strong>i</strong></span> 
     </span>
     <span class='ocr_line' id='line_1_37' title="bbox 495 4205 2056 4304; baseline -0.003 -35"><span class='ocrx_word' id='word_1_404' title='bbox 495 4207 635 4281; x_wconf 78' lang='lat' dir='ltr'><strong>atvero,</strong></span> <span class='ocrx_word' id='word_1_405' title='bbox 651 4205 799 4288; x_wconf 91' lang='lat' dir='ltr'><strong>quamvis</strong></span> <span class='ocrx_word' id='word_1_406' title='bbox 815 4206 848 4268; x_wconf 93' lang='lat' dir='ltr'><strong>in</strong></span> <span class='ocrx_word' id='word_1_407' title='bbox 864 4207 923 4269; x_wconf 93' lang='lat' dir='ltr'><strong>hac</strong></span> <span class='ocrx_word' id='word_1_408' title='bbox 942 4207 1078 4270; x_wconf 89' lang='lat' dir='ltr'><strong>muliere</strong></span> <span class='ocrx_word' id='word_1_409' title='bbox 1099 4209 1200 4272; x_wconf 92' lang='lat' dir='ltr'><strong>consi·</strong></span> <span class='ocrx_word' id='word_1_410' title='bbox 1217 4208 1241 4271; x_wconf 88' lang='lat' dir='ltr'>D</span> <span class='ocrx_word' id='word_1_411' title='bbox 1256 4207 1354 4287; x_wconf 84' lang='lat' dir='ltr'><strong>hujus</strong></span> <span class='ocrx_word' id='word_1_412' title='bbox 1383 4206 1543 4270; x_wconf 89' lang='lat' dir='ltr'><strong>Christum</strong></span> <span class='ocrx_word' id='word_1_413' title='bbox 1566 4210 1747 4272; x_wconf 90' lang='lat' dir='ltr'><strong>verecunde</strong></span> <span class='ocrx_word' id='word_1_414' title='bbox 1775 4209 1962 4286; x_wconf 83' lang='lat' dir='ltr'><strong>humiliterque</strong></span> <span class='ocrx_word' id='word_1_415' title='bbox 2054 4233 2056 4304; x_wconf 69' lang='lat' dir='ltr'>j</span> 
     </span>
     <span class='ocr_line' id='line_1_38' title="bbox 454 4303 1964 4390; baseline -0.003 -22"><span class='ocrx_word' id='word_1_416' title='bbox 454 4306 605 4369; x_wconf 89' lang='lat' dir='ltr'><strong>derentur</strong></span> <span class='ocrx_word' id='word_1_417' title='bbox 634 4306 768 4368; x_wconf 84' lang='lat' dir='ltr'><strong>virtutes</strong></span> <span class='ocrx_word' id='word_1_418' title='bbox 796 4306 945 4387; x_wconf 74' lang='lat' dir='ltr'><strong>praefate,</strong></span> <span class='ocrx_word' id='word_1_419' title='bbox 970 4306 1072 4369; x_wconf 93' lang='lat' dir='ltr'><strong>nihilo</strong></span> <span class='ocrx_word' id='word_1_420' title='bbox 1095 4308 1202 4370; x_wconf 90' lang='lat' dir='ltr'><strong>minus</strong></span> <span class='ocrx_word' id='word_1_421' title='bbox 1257 4305 1397 4381; x_wconf 90' lang='lat' dir='ltr'><strong>accedat,</strong></span> <span class='ocrx_word' id='word_1_422' title='bbox 1413 4306 1541 4388; x_wconf 91' lang='lat' dir='ltr'><strong>propria</strong></span> <span class='ocrx_word' id='word_1_423' title='bbox 1555 4307 1762 4388; x_wconf 89' lang='lat' dir='ltr'><strong>ponderando</strong></span> <span class='ocrx_word' id='word_1_424' title='bbox 1775 4307 1893 4390; x_wconf 89' lang='lat' dir='ltr'><strong>flagitia,</strong></span> <span class='ocrx_word' id='word_1_425' title='bbox 1902 4313 1927 4368; x_wconf 90' lang='lat' dir='ltr'><strong>et</strong></span> <span class='ocrx_word' id='word_1_426' title='bbox 1936 4303 1964 4365; x_wconf 89' lang='lat' dir='ltr'><strong>de</strong></span> 
     </span>
     <span class='ocr_line' id='line_1_39' title="bbox 455 4401 1963 4488; baseline -0.004 -22"><span class='ocrx_word' id='word_1_427' title='bbox 455 4422 514 4488; x_wconf 90' lang='lat' dir='ltr'><strong>per</strong></span> <span class='ocrx_word' id='word_1_428' title='bbox 533 4405 678 4467; x_wconf 90' lang='lat' dir='ltr'><strong>eamdem</strong></span> <span class='ocrx_word' id='word_1_429' title='bbox 698 4411 734 4465; x_wconf 94' lang='lat' dir='ltr'><strong>ut</strong></span> <span class='ocrx_word' id='word_1_430' title='bbox 753 4403 907 4485; x_wconf 90' lang='lat' dir='ltr'><strong>sanguine</strong></span> <span class='ocrx_word' id='word_1_431' title='bbox 925 4404 1093 4479; x_wconf 86' lang='lat' dir='ltr'><strong>fluentem,</strong></span> <span class='ocrx_word' id='word_1_432' title='bbox 1110 4406 1202 4469; x_wconf 92' lang='lat' dir='ltr'><strong>intel·</strong></span> <span class='ocrx_word' id='word_1_433' title='bbox 1257 4421 1367 4468; x_wconf 84' lang='lat' dir='ltr'><strong>corum</strong></span> <span class='ocrx_word' id='word_1_434' title='bbox 1387 4405 1587 4486; x_wconf 91' lang='lat' dir='ltr'><strong>turpitudine</strong></span> <span class='ocrx_word' id='word_1_435' title='bbox 1607 4422 1714 4469; x_wconf 89' lang='lat' dir='ltr'><strong>coram</strong></span> <span class='ocrx_word' id='word_1_436' title='bbox 1729 4406 1882 4470; x_wconf 72' lang='lat' dir='ltr'><strong>ditissimo</strong></span> <span class='ocrx_word' id='word_1_437' title='bbox 1897 4401 1963 4466; x_wconf 89' lang='lat' dir='ltr'><strong>valde</strong></span> 
     </span>
     <span class='ocr_line' id='line_1_40' title="bbox 455 4499 2056 4584; baseline -0.002 -20"><span class='ocrx_word' id='word_1_438' title='bbox 455 4502 510 4583; x_wconf 88' lang='lat' dir='ltr'><strong>ligi</strong></span> <span class='ocrx_word' id='word_1_439' title='bbox 536 4509 640 4584; x_wconf 88' lang='lat' dir='ltr'><strong>potest</strong></span> <span class='ocrx_word' id='word_1_440' title='bbox 663 4501 768 4565; x_wconf 93' lang='lat' dir='ltr'><strong>omnis</strong></span> <span class='ocrx_word' id='word_1_441' title='bbox 791 4501 952 4584; x_wconf 84' lang='lat' dir='ltr'><strong>peccatrix</strong></span> <span class='ocrx_word' id='word_1_442' title='bbox 975 4502 1091 4577; x_wconf 88' lang='lat' dir='ltr'><strong>anima,</strong></span> <span class='ocrx_word' id='word_1_443' title='bbox 1115 4504 1201 4568; x_wconf 92' lang='lat' dir='ltr'><strong>vitiis</strong></span> <span class='ocrx_word' id='word_1_444' title='bbox 1256 4503 1519 4583; x_wconf 84' lang='lat' dir='ltr'><strong>verecundand03</strong></span> <span class='ocrx_word' id='word_1_445' title='bbox 1539 4511 1571 4566; x_wconf 87' lang='lat' dir='ltr'><strong>et</strong></span> <span class='ocrx_word' id='word_1_446' title='bbox 1592 4504 1677 4566; x_wconf 92' lang='lat' dir='ltr'><strong>dicat</strong></span> <span class='ocrx_word' id='word_1_447' title='bbox 1700 4505 1734 4568; x_wconf 94' lang='lat' dir='ltr'><strong>in</strong></span> <span class='ocrx_word' id='word_1_448' title='bbox 1757 4506 1846 4570; x_wconf 87' lang='lat' dir='ltr'><strong>eorde</strong></span> <span class='ocrx_word' id='word_1_449' title='bbox 1864 4499 1966 4566; x_wconf 86' lang='lat' dir='ltr'><strong>suo:Si</strong></span> <span class='ocrx_word' id='word_1_450' title='bbox 2055 4563 2056 4580; x_wconf 46' lang='lat'><strong>,</strong></span> 
     </span>
     <span class='ocr_line' id='line_1_41' title="bbox 455 4599 1966 4686; baseline 0.001 -24"><span class='ocrx_word' id='word_1_451' title='bbox 455 4599 790 4682; x_wconf 86' lang='lat' dir='ltr'><strong>concupiscentiisque</strong></span> <span class='ocrx_word' id='word_1_452' title='bbox 810 4599 963 4679; x_wconf 86' lang='lat' dir='ltr'><strong>subjecta.</strong></span> <span class='ocrx_word' id='word_1_453' title='bbox 981 4600 1064 4663; x_wconf 84' lang='lat' dir='ltr'><strong>Talis</strong></span> <span class='ocrx_word' id='word_1_454' title='bbox 1082 4601 1201 4665; x_wconf 88' lang='lat' dir='ltr'><strong>etenim</strong></span> <span class='ocrx_word' id='word_1_455' title='bbox 1256 4602 1390 4683; x_wconf 89' lang='lat' dir='ltr'><strong>tetigero</strong></span> <span class='ocrx_word' id='word_1_456' title='bbox 1403 4600 1567 4665; x_wconf 91' lang='lat' dir='ltr'><strong>fimbriam</strong></span> <span class='ocrx_word' id='word_1_457' title='bbox 1581 4604 1766 4668; x_wconf 89' lang='lat' dir='ltr'><strong>vestimenti</strong></span> <span class='ocrx_word' id='word_1_458' title='bbox 1780 4599 1966 4686; x_wconf 80' lang='lat' dir='ltr'><strong>ejuscurahor</strong></span> 
     </span>
     <span class='ocr_line' id='line_1_42' title="bbox 454 4697 2056 4786; baseline -0.001 -25"><span class='ocrx_word' id='word_1_459' title='bbox 454 4697 562 4762; x_wconf 93' lang='lat' dir='ltr'><strong>anima</strong></span> <span class='ocrx_word' id='word_1_460' title='bbox 581 4715 746 4778; x_wconf 90' lang='lat' dir='ltr'><strong>nunquam</strong></span> <span class='ocrx_word' id='word_1_461' title='bbox 766 4697 800 4760; x_wconf 95' lang='lat' dir='ltr'><strong>in</strong></span> <span class='ocrx_word' id='word_1_462' title='bbox 821 4704 915 4760; x_wconf 75' lang='lat' dir='ltr'><strong>rectae</strong></span> <span class='ocrx_word' id='word_1_463' title='bbox 934 4697 1064 4761; x_wconf 89' lang='lat' dir='ltr'><strong>rationis</strong></span> <span class='ocrx_word' id='word_1_464' title='bbox 1079 4698 1201 4780; x_wconf 84' lang='lat' dir='ltr'><strong>judicio</strong></span> <span class='ocrx_word' id='word_1_465' title='bbox 1254 4699 1396 4774; x_wconf 88' lang='lat' dir='ltr'><strong>avitiis,</strong></span> <span class='ocrx_word' id='word_1_466' title='bbox 1422 4699 1482 4764; x_wconf 90' lang='lat' dir='ltr'><strong>hoc</strong></span> <span class='ocrx_word' id='word_1_467' title='bbox 1505 4709 1564 4776; x_wconf 92' lang='lat' dir='ltr'><strong>est,</strong></span> <span class='ocrx_word' id='word_1_468' title='bbox 1590 4702 1617 4764; x_wconf 92' lang='lat' dir='ltr'><strong>si</strong></span> <span class='ocrx_word' id='word_1_469' title='bbox 1642 4701 1760 4766; x_wconf 92' lang='lat' dir='ltr'><strong>Christi</strong></span> <span class='ocrx_word' id='word_1_470' title='bbox 1790 4701 1967 4765; x_wconf 87' lang='lat' dir='ltr'><strong>humilitatem</strong></span> <span class='ocrx_word' id='word_1_471' title='bbox 2055 4761 2056 4786; x_wconf 68' lang='lat'><strong>,</strong></span> 
     </span>
     <span class='ocr_line' id='line_1_43' title="bbox 456 4794 1966 4882; baseline -0.001 -23"><span class='ocrx_word' id='word_1_472' title='bbox 456 4801 623 4880; x_wconf 89' lang='lat' dir='ltr'><strong>permanet</strong></span> <span class='ocrx_word' id='word_1_473' title='bbox 650 4794 785 4870; x_wconf 87' lang='lat' dir='ltr'><strong>stabilis,</strong></span> <span class='ocrx_word' id='word_1_474' title='bbox 815 4813 875 4859; x_wconf 90' lang='lat' dir='ltr'><strong>neo</strong></span> <span class='ocrx_word' id='word_1_475' title='bbox 904 4795 1059 4860; x_wconf 90' lang='lat' dir='ltr'><strong>virtutum</strong></span> <span class='ocrx_word' id='word_1_476' title='bbox 1089 4797 1201 4862; x_wconf 90' lang='lat' dir='ltr'><strong>robore</strong></span> <span class='ocrx_word' id='word_1_477' title='bbox 1256 4797 1347 4862; x_wconf 88' lang='lat' dir='ltr'><strong>fuero</strong></span> <span class='ocrx_word' id='word_1_478' title='bbox 1367 4799 1480 4862; x_wconf 91' lang='lat' dir='ltr'><strong>saltem</strong></span> <span class='ocrx_word' id='word_1_479' title='bbox 1499 4799 1681 4882; x_wconf 90' lang='lat' dir='ltr'><strong>aliqualiter</strong></span> <span class='ocrx_word' id='word_1_480' title='bbox 1698 4801 1847 4875; x_wconf 92' lang='lat' dir='ltr'><strong>imitatus,</strong></span> <span class='ocrx_word' id='word_1_481' title='bbox 1861 4799 1966 4882; x_wconf 85' lang='lat' dir='ltr'><strong>gratiose</strong></span> 
     </span>
     <span class='ocr_line' id='line_1_44' title="bbox 366 4893 2056 4980; baseline -0.005 -17"><span class='ocrx_word' id='word_1_482' title='bbox 366 4933 397 4972; x_wconf 85' lang='lat' dir='ltr'><strong>.t,</strong></span> <span class='ocrx_word' id='word_1_483' title='bbox 420 4951 425 4964; x_wconf 93' lang='lat'>.</span> <span class='ocrx_word' id='word_1_484' title='bbox 455 4895 619 4968; x_wconf 89' lang='lat' dir='ltr'><strong>solidatur,</strong></span> <span class='ocrx_word' id='word_1_485' title='bbox 640 4894 696 4957; x_wconf 91' lang='lat' dir='ltr'><strong>sed</strong></span> <span class='ocrx_word' id='word_1_486' title='bbox 718 4894 810 4975; x_wconf 82' lang='lat' dir='ltr'><strong>juxta</strong></span> <span class='ocrx_word' id='word_1_487' title='bbox 834 4894 1043 4970; x_wconf 87' lang='lat' dir='ltr'><strong>Psalmistam,</strong></span> <span class='ocrx_word' id='word_1_488' title='bbox 1064 4903 1113 4958; x_wconf 93' lang='lat' dir='ltr'><strong>est</strong></span> <span class='ocrx_word' id='word_1_489' title='bbox 1135 4903 1202 4958; x_wconf 91' lang='lat' dir='ltr'><strong>tan-</strong></span> <span class='ocrx_word' id='word_1_490' title='bbox 1256 4896 1296 4960; x_wconf 91' lang='lat' dir='ltr'><strong>ab</strong></span> <span class='ocrx_word' id='word_1_491' title='bbox 1309 4914 1346 4960; x_wconf 90' lang='lat' dir='ltr'><strong>eo</strong></span> <span class='ocrx_word' id='word_1_492' title='bbox 1361 4897 1519 4980; x_wconf 90' lang='lat' dir='ltr'><strong>adspiciar</strong></span> <span class='ocrx_word' id='word_1_493' title='bbox 1534 4907 1566 4962; x_wconf 93' lang='lat' dir='ltr'><strong>et</strong></span> <span class='ocrx_word' id='word_1_494' title='bbox 1581 4899 1769 4963; x_wconf 92' lang='lat' dir='ltr'><strong>mundabor.</strong></span> <span class='ocrx_word' id='word_1_495' title='bbox 1786 4901 1842 4963; x_wconf 88' lang='lat' dir='ltr'><strong>Per</strong></span> <span class='ocrx_word' id='word_1_496' title='bbox 1853 4896 1968 4962; x_wconf 83' lang='lat' dir='ltr'><strong>fimbrias</strong></span> <span class='ocrx_word' id='word_1_497' title='bbox 2055 4893 2056 4940; x_wconf 55' lang='grc' dir='ltr'>ἐ</span> 
     </span>
     <span class='ocr_line' id='line_1_45' title="bbox 455 4992 1968 5078; baseline -0.002 -21"><span class='ocrx_word' id='word_1_498' title='bbox 455 5013 552 5078; x_wconf 88' lang='lat' dir='ltr'><strong>quam</strong></span> <span class='ocrx_word' id='word_1_499' title='bbox 572 4992 679 5075; x_wconf 91' lang='lat' dir='ltr'><strong>pulvis</strong></span> <span class='ocrx_word' id='word_1_500' title='bbox 695 5011 791 5075; x_wconf 90' lang='lat' dir='ltr'><strong>quem</strong></span> <span class='ocrx_word' id='word_1_501' title='bbox 813 4993 942 5074; x_wconf 87' lang='lat' dir='ltr'><strong>projicit</strong></span> <span class='ocrx_word' id='word_1_502' title='bbox 957 5001 1071 5057; x_wconf 91' lang='lat' dir='ltr'><strong>ventus</strong></span> <span class='ocrx_word' id='word_1_503' title='bbox 1086 5014 1104 5056; x_wconf 91' lang='lat' dir='ltr'><strong>a</strong></span> <span class='ocrx_word' id='word_1_504' title='bbox 1119 4994 1203 5058; x_wconf 87' lang='lat' dir='ltr'><strong>faeie</strong></span> <span class='ocrx_word' id='word_1_505' title='bbox 1256 5013 1384 5078; x_wconf 90' lang='lat' dir='ltr'><strong>quoque</strong></span> <span class='ocrx_word' id='word_1_506' title='bbox 1398 4997 1497 5059; x_wconf 88' lang='lat' dir='ltr'><strong>vestis</strong></span> <span class='ocrx_word' id='word_1_507' title='bbox 1513 4997 1641 5072; x_wconf 92' lang='lat' dir='ltr'><strong>Christi,</strong></span> <span class='ocrx_word' id='word_1_508' title='bbox 1657 5007 1852 5062; x_wconf 89' lang='lat' dir='ltr'><strong>sacramenta</strong></span> <span class='ocrx_word' id='word_1_509' title='bbox 1864 4997 1923 5077; x_wconf 88' lang='lat' dir='ltr'><strong>ejus</strong></span> <span class='ocrx_word' id='word_1_510' title='bbox 1934 4994 1968 5054; x_wconf 92' lang='lat' dir='ltr'><strong>in·</strong></span> 
     </span>
     <span class='ocr_line' id='line_1_46' title="bbox 454 5091 2056 5182; baseline 0.001 -28"><span class='ocrx_word' id='word_1_511' title='bbox 454 5099 555 5156; x_wconf 76' lang='lat' dir='ltr'><strong>terrae.</strong></span> <span class='ocrx_word' id='word_1_512' title='bbox 573 5092 625 5155; x_wconf 88' lang='lat' dir='ltr'><strong>Sic</strong></span> <span class='ocrx_word' id='word_1_513' title='bbox 641 5091 749 5154; x_wconf 92' lang='lat' dir='ltr'><strong>anima</strong></span> <span class='ocrx_word' id='word_1_514' title='bbox 767 5091 840 5154; x_wconf 86' lang='lat' dir='ltr'><strong>talis</strong></span> <span class='ocrx_word' id='word_1_515' title='bbox 856 5091 895 5154; x_wconf 94' lang='lat' dir='ltr'><strong>de</strong></span> <span class='ocrx_word' id='word_1_516' title='bbox 913 5108 975 5153; x_wconf 93' lang='lat' dir='ltr'><strong>uno</strong></span> <span class='ocrx_word' id='word_1_517' title='bbox 989 5091 1069 5155; x_wconf 90' lang='lat' dir='ltr'><strong>vitio</strong></span> <span class='ocrx_word' id='word_1_518' title='bbox 1088 5093 1153 5154; x_wconf 89' lang='lat' dir='ltr'><strong>ruit</strong></span> <span class='ocrx_word' id='word_1_519' title='bbox 1167 5093 1199 5156; x_wconf 94' lang='lat' dir='ltr'><strong>in</strong></span> <span class='ocrx_word' id='word_1_520' title='bbox 1256 5093 1454 5175; x_wconf 88' lang='lat' dir='ltr'><strong>teiliguntur,</strong></span> <span class='ocrx_word' id='word_1_521' title='bbox 1475 5095 1535 5158; x_wconf 91' lang='lat' dir='ltr'><strong>sub</strong></span> <span class='ocrx_word' id='word_1_522' title='bbox 1559 5097 1676 5178; x_wconf 92' lang='lat' dir='ltr'><strong>quihus</strong></span> <span class='ocrx_word' id='word_1_523' title='bbox 1700 5097 1842 5161; x_wconf 90' lang='lat' dir='ltr'><strong>Christus</strong></span> <span class='ocrx_word' id='word_1_524' title='bbox 1863 5095 1968 5176; x_wconf 86' lang='lat' dir='ltr'><strong>ejusque</strong></span> <span class='ocrx_word' id='word_1_525' title='bbox 2055 5173 2056 5182; x_wconf 8' lang='grc' dir='ltr'>ἵ</span> 
     </span>
     <span class='ocr_line' id='line_1_47' title="bbox 452 5183 2056 5278; baseline 0.001 -25"><span class='ocrx_word' id='word_1_526' title='bbox 452 5191 551 5266; x_wconf 91' lang='lat' dir='ltr'><strong>aliud,</strong></span> <span class='ocrx_word' id='word_1_527' title='bbox 581 5191 621 5254; x_wconf 91' lang='lat' dir='ltr'><strong>de</strong></span> <span class='ocrx_word' id='word_1_528' title='bbox 649 5189 909 5271; x_wconf 91' lang='lat' dir='ltr'><strong>concupiscentia</strong></span> <span class='ocrx_word' id='word_1_529' title='bbox 937 5209 1000 5253; x_wconf 85' lang='lat' dir='ltr'><strong>una</strong></span> <span class='ocrx_word' id='word_1_530' title='bbox 1029 5191 1062 5252; x_wconf 92' lang='lat' dir='ltr'><strong>in</strong></span> <span class='ocrx_word' id='word_1_531' title='bbox 1093 5191 1197 5254; x_wconf 91' lang='lat' dir='ltr'><strong>aliam.</strong></span> <span class='ocrx_word' id='word_1_532' title='bbox 1254 5192 1354 5272; x_wconf 89' lang='lat' dir='ltr'><strong>gratia</strong></span> <span class='ocrx_word' id='word_1_533' title='bbox 1377 5193 1495 5274; x_wconf 87' lang='lat' dir='ltr'><strong>tegitur</strong></span> <span class='ocrx_word' id='word_1_534' title='bbox 1522 5213 1559 5256; x_wconf 90' lang='lat' dir='ltr'><strong>ac</strong></span> <span class='ocrx_word' id='word_1_535' title='bbox 1589 5196 1742 5258; x_wconf 89' lang='lat' dir='ltr'><strong>consistit.</strong></span> <span class='ocrx_word' id='word_1_536' title='bbox 1769 5197 1889 5278; x_wconf 85' lang='lat' dir='ltr'><strong>Oportet</strong></span> <span class='ocrx_word' id='word_1_537' title='bbox 1912 5205 1969 5270; x_wconf 82' lang='lat' dir='ltr'><strong>ergo</strong></span> <span class='ocrx_word' id='word_1_538' title='bbox 2055 5183 2056 5206; x_wconf 29' lang='lat' dir='ltr'><strong>i</strong></span> 
     </span>
     <span class='ocr_line' id='line_1_48' title="bbox 452 5285 2056 5378; baseline 0 -27"><span class='ocrx_word' id='word_1_539' title='bbox 452 5288 542 5351; x_wconf 84' lang='lat' dir='ltr'><strong>Nunc</strong></span> <span class='ocrx_word' id='word_1_540' title='bbox 568 5287 659 5364; x_wconf 90' lang='lat' dir='ltr'><strong>ridet,</strong></span> <span class='ocrx_word' id='word_1_541' title='bbox 681 5306 766 5350; x_wconf 90' lang='lat' dir='ltr'><strong>nunc</strong></span> <span class='ocrx_word' id='word_1_542' title='bbox 792 5295 915 5363; x_wconf 88' lang='lat' dir='ltr'><strong>moeret,</strong></span> <span class='ocrx_word' id='word_1_543' title='bbox 935 5307 1021 5349; x_wconf 91' lang='lat' dir='ltr'><strong>nunc</strong></span> <span class='ocrx_word' id='word_1_544' title='bbox 1046 5297 1199 5370; x_wconf 90' lang='lat' dir='ltr'><strong>perterre·</strong></span> <span class='ocrx_word' id='word_1_545' title='bbox 1255 5299 1452 5354; x_wconf 90' lang='lat' dir='ltr'><strong>sacramenta</strong></span> <span class='ocrx_word' id='word_1_546' title='bbox 1480 5293 1547 5358; x_wconf 79' lang='lat' dir='ltr'><strong>hec</strong></span> <span class='ocrx_word' id='word_1_547' title='bbox 1577 5301 1715 5376; x_wconf 85' lang='lat' dir='ltr'><strong>tangere,</strong></span> <span class='ocrx_word' id='word_1_548' title='bbox 1741 5303 1773 5359; x_wconf 92' lang='lat' dir='ltr'><strong>ct</strong></span> <span class='ocrx_word' id='word_1_549' title='bbox 1797 5313 1834 5358; x_wconf 81' lang='lat' dir='ltr'><strong>ea</strong></span> <span class='ocrx_word' id='word_1_550' title='bbox 1860 5293 1901 5356; x_wconf 92' lang='lat' dir='ltr'><strong>eis</strong></span> <span class='ocrx_word' id='word_1_551' title='bbox 1921 5299 1969 5351; x_wconf 82' lang='lat' dir='ltr'><strong>tan</strong></span> <span class='ocrx_word' id='word_1_552' title='bbox 2054 5285 2056 5378; x_wconf 64' lang='lat' dir='ltr'><strong>l</strong></span> 
     </span>
    </p>
   </div>
   <div class='ocr_carea' id='block_1_4' title="bbox 317 667 1951 758">
    <p class='ocr_par' dir='ltr' id='par_1_4' title="bbox 317 667 2052 1062">
     <span class='ocr_line' id='line_1_49' title="bbox 317 667 1951 758; baseline 0.006 -26"><span class='ocrx_word' id='word_1_553' title='bbox 317 683 443 744; x_wconf 63' lang='lat' dir='ltr'><strong>watra,</strong></span> <span class='ocrx_word' id='word_1_554' title='bbox 458 667 660 732; x_wconf 85' lang='lat' dir='ltr'><strong>ctuosissime</strong></span> <span class='ocrx_word' id='word_1_555' title='bbox 684 670 846 735; x_wconf 89' lang='lat' dir='ltr'><strong>Christum</strong></span> <span class='ocrx_word' id='word_1_556' title='bbox 871 671 1055 736; x_wconf 87' lang='lat' dir='ltr'><strong>imitabatur</strong></span> <span class='ocrx_word' id='word_1_557' title='bbox 1067 671 1091 746; x_wconf 89' lang='lat'><strong>*,</strong></span> <span class='ocrx_word' id='word_1_558' title='bbox 1107 679 1203 753; x_wconf 87' lang='lat' dir='ltr'><strong>atque</strong></span> <span class='ocrx_word' id='word_1_559' title='bbox 1216 668 1242 733; x_wconf 82' lang='lat' dir='ltr'><strong>A</strong></span> <span class='ocrx_word' id='word_1_560' title='bbox 1257 677 1319 744; x_wconf 92' lang='lat' dir='ltr'><strong>tur,</strong></span> <span class='ocrx_word' id='word_1_561' title='bbox 1334 669 1401 753; x_wconf 81' lang='lat' dir='ltr'><strong>jam</strong></span> <span class='ocrx_word' id='word_1_562' title='bbox 1421 673 1512 754; x_wconf 87' lang='lat' dir='ltr'><strong>quasi</strong></span> <span class='ocrx_word' id='word_1_563' title='bbox 1535 689 1679 736; x_wconf 89' lang='lat' dir='ltr'><strong>securam</strong></span> <span class='ocrx_word' id='word_1_564' title='bbox 1698 693 1730 737; x_wconf 94' lang='lat' dir='ltr'><strong>se</strong></span> <span class='ocrx_word' id='word_1_565' title='bbox 1750 674 1951 758; x_wconf 84' lang='lat' dir='ltr'><strong>arbitratur3at·</strong></span> 
     </span>
    </p>
   </div>
   <div class='ocr_carea' id='block_1_5' title="bbox 0 0 2115 6258">
    <p class='ocr_par' dir='ltr' id='par_1_5' title="bbox 0 0 2115 6258">
     <span class='ocr_line' id='line_1_50' title="bbox 0 0 2115 6258; baseline 0 0"><span class='ocrx_word' id='word_1_566' title='bbox 0 0 2115 6258; x_wconf 95' lang='lat' dir='ltr'><strong> </strong></span> 
     </span>
    </p>
   </div>
  </div>
 </body>
</html>
