4154 6258
356 523 505 571 DDllelflA
525 522 582 568 Xlll
603 521 676 568 POST
695 517 889 567 l’lllllll'A'fElf.
910 536 950 549 -
971 517 1145 569 annuatim
1166 521 1198 568 trt
1219 520 1413 570 ttvtttttatttttt
1599 503 1657 574 llll

119 696 222 780 quirit,
238 701 334 777 atque
356 695 395 758 ad
420 693 560 756 caritatis
586 691 766 774 profectum
788 693 1012 756 con-tacete
1037 696 1257 768 respondisti;
1281 696 1339 754 boc
1360 696 1428 771 suc,
1454 694 1484 756 td
1508 702 1566 769 est,
1592 695 1659 759 haec

118 793 423 874 summationemque
439 789 861 872 pertinetquemadmodum
914 790 977 853 duo
1000 789 1141 853 caritatis
1163 799 1322 873 praecepta
1345 791 1496 874 adimple,
1520 803 1549 854 et
1573 795 1660 854 vices

12 911 17 928 ³
45 912 48 920 ¹
118 890 352 954 Ecclesiasticus
368 889 495 970 sapiens
510 895 579 951 orat
590 905 597 949 :
610 887 753 960 Domine,
770 895 860 969 pater
914 908 971 970 per
990 889 1124 970 gratiam
1142 896 1174 952 ct
1189 889 1323 952 virtutes
1344 890 1377 952 in
1394 890 1456 964 via,
1473 898 1505 954 et
1519 911 1578 974 per
1596 891 1660 973 glo·

25 1005 30 1015 ·
117 997 145 1052 ct
159 988 336 1051 dominator
351 986 424 1049 vite
441 1004 529 1060 meae,
546 984 764 1048 extollentiam
784 1002 858 1047 ocu·
913 987 992 1048 riam
1017 987 1179 1049 felicitatis
1201 995 1325 1050 aetemae
1348 988 1379 1050 in
1402 990 1512 1071 patria.

116 1087 213 1150 lorum
236 1103 381 1148 meorum
401 1102 441 1147 ne
462 1083 587 1146 dederis
609 1083 698 1156 mitri,
716 1091 747 1145 et
763 1100 857 1145 omne
951 1088 1016 1146 Ille
1030 1095 1139 1146 autem
1159 1091 1265 1146 colena
1277 1087 1467 1164 justificare
1486 1109 1518 1149 se
1537 1090 1657 1165 ipsum,

115 1185 304 1249 desiderium
325 1201 459 1266 pravum
480 1190 587 1244 averte
607 1200 625 1243 a
645 1199 711 1260 me;
728 1180 818 1243 aufer
839 1199 857 1244 a
913 1183 944 1244 id
966 1191 1015 1245 est
1035 1183 1158 1265 justum
1185 1191 1371 1260 monstrare,
1389 1192 1421 1247 et
1442 1205 1533 1248 suam
1555 1186 1658 1250 excel·

115 1301 162 1346 me
176 1283 296 1346 ventris
317 1279 604 1362 concupiscentias,
621 1287 653 1341 et
667 1278 856 1342 concubitus
912 1281 1042 1344 lentiam
1063 1290 1231 1356 ostentare,
1247 1302 1346 1365 quum
1369 1290 1475 1346 tamen
1498 1284 1532 1346 in
1551 1283 1656 1348 Eccle-

116 1379 377 1464 concupisccntiae
402 1397 442 1440 ne
467 1376 707 1460 apprehendant
729 1395 790 1438 me.
811 1381 855 1439 Et
911 1380 1039 1443 siastico
1054 1381 1209 1462 scriptum
1225 1381 1352 1454 sit‚Non
1367 1389 1398 1444 te
1411 1381 1570 1462 justifices
1585 1391 1657 1447 ante
1671 1402 1803 1456 accessus.

115 1500 152 1539 ec
174 1481 264 1540 omni
287 1485 393 1538 mente
418 1485 487 1546 tua,
512 1475 543 1536 id
569 1482 617 1536 est
641 1480 707 1537 toto
732 1473 855 1536 intelle·
911 1478 1010 1541 Deum
1018 1497 1027 1558 ;
1047 1481 1137 1539 dicit
1152 1482 1197 1539 ud
1209 1482 1319 1542 lesum
1334 1501 1345 1538 .·
1360 1483 1404 1542 Et
1419 1483 1494 1560 quis
1508 1490 1554 1542 est
1569 1501 1658 1542 meus

114 1584 173 1652 ctu,
196 1595 238 1640 ne
263 1577 296 1638 in
320 1593 359 1639 eo
383 1575 425 1638 sit
448 1592 537 1637 error
560 1581 616 1635 aut
639 1572 778 1646 haeresis,
801 1579 856 1634 aut
906 1580 1107 1654 promimus?
1122 1578 1153 1640 id
1170 1586 1227 1653 est,
1245 1596 1341 1660 quem
1363 1579 1541 1660 intelligere
1557 1581 1658 1646 debeo

114 1676 230 1758 aliquid
255 1674 381 1738 veritati
411 1673 489 1736 fidei
519 1673 686 1754 derogans,
712 1671 766 1734 sed
790 1678 855 1734 tota
910 1677 1041 1738 nomine
1061 1677 1221 1758 proximif
1237 1677 1301 1739 lloc
1320 1697 1430 1741 rursus
1448 1680 1605 1761 quesivit,
1623 1687 1672 1757 ut,

113 1773 329 1846 consideratio,
357 1771 584 1854 contemplatio
609 1771 778 1852 omnisque
805 1789 855 1832 ac·
912 1781 1039 1856 caperet
1056 1775 1216 1838 Christum
1235 1775 1268 1837 in
1288 1794 1346 1838 suc
1366 1778 1580 1858 responsione.
1598 1777 1658 1840 Ad-

113 1873 153 1936 tio
172 1873 353 1935 intellectus
376 1871 543 1934 ordinetur
562 1878 594 1932 et
614 1870 721 1932 tendat
741 1869 780 1931 ad
798 1869 853 1930 Dei
872 1875 896 1937 B
912 1873 1007 1935 vertit
1035 1875 1132 1948 enim,
1164 1881 1199 1936 ut
1226 1882 1368 1956 apparet,
1400 1876 1483 1957 quod
1514 1876 1657 1939 Christus

113 1971 271 2044 honorem,
294 1971 332 2032 ad
354 1969 454 2032 divini
482 1968 599 2030 amoris
624 1966 793 2040 fervorem,
816 1967 854 2029 ad
911 1972 1020 2035 docuit
1048 1972 1143 2035 ctiam
1173 1973 1321 2037 inimicos
1351 1992 1421 2035 esse
1445 1973 1622 2055 diligendos
1649 1994 1656 2040 :

112 2070 283 2152 perfectam
313 2068 430 2131 mentis
461 2086 535 2130 cum
565 2067 629 2129 Deo
657 2065 856 2146 conjunctio·
910 2071 994 2152 quod
1025 2071 1083 2134 iste
1113 2072 1237 2154 putavit
1262 2079 1371 2135 contra
1400 2072 1514 2154 Moysis
1543 2073 1657 2153 legem,

113 2185 190 2230 nem.
213 2167 359 2248 Cognitio
383 2166 471 2228 enim
495 2165 638 2227 veritatis
657 2165 696 2226 ad
713 2181 854 2226 amorem
910 2169 985 2251 quia
998 2168 1096 2232 Judaei
1112 2170 1315 2251 quamplures
1330 2188 1386 2252 per
1401 2171 1580 2251 proximum
1596 2190 1659 2234 uon

112 2266 289 2329 Divinitatis
308 2272 403 2348 atque
428 2265 585 2327 virtutum
609 2263 706 2325 debet
729 2263 852 2325 referri.
912 2267 1133 2348 intelligebant
1152 2267 1214 2330 nisi
1229 2267 1365 2342 Judcaos,
1382 2276 1414 2330 et
1428 2276 1549 2332 ceteros
1569 2288 1661 2351 repu-

12 2389 99 2428 ocuu.
113 2365 195 2428 Unde
209 2366 255 2428 ait
269 2365 412 2428 Salvator
428 2383 435 2428 :
452 2364 543 2427 Pater
556 2363 653 2444 juste,
666 2369 777 2425 notum
793 2360 855 2423 feci
910 2365 1020 2428 tabant
1040 2365 1172 2440 alienos,
1190 2383 1253 2428 non
1276 2367 1448 2448 proximos.
1467 2367 1546 2429 ilinc
1565 2367 1660 2430 inter-

13 2444 50 2490 '²⁶'
113 2465 155 2526 eis
175 2482 293 2527 nomen
307 2471 411 2536 tuum,
428 2469 464 2524 ut
479 2461 609 2524 dilectio
624 2469 678 2524 tua
693 2461 726 2523 in
741 2461 787 2522 eis
803 2461 853 2521 sit.
911 2464 1043 2544 rogavit,
1062 2464 1166 2538 «Quis
1181 2470 1229 2526 est
1246 2483 1336 2527 meus
1352 2465 1567 2546 proximasti>
1584 2472 1619 2528 ut
1634 2468 1661 2529 si

149 2564 292 2645 Denique
307 2569 504 2645 preceptum
526 2561 610 2622 istud
631 2560 788 2642 scriptum
808 2565 857 2620 est
912 2561 1055 2625 Christus
1075 2563 1206 2637 diceret,
1223 2561 1363 2635 Quilibet
1383 2563 1479 2626 bomo
1493 2565 1566 2627 vitae
1582 2583 1660 2646 prae-

12 2661 143 2734 necin
163 2661 421 2734 Deuteronomio,
438 2661 471 2722 in
494 2677 558 2742 quo
580 2659 697 2740 legitur
714 2678 721 2722 :
738 2658 856 2738 Diliges
912 2661 1022 2735 sentis,
1047 2660 1196 2742 probaret
1220 2679 1294 2723 cum
1320 2661 1398 2742 legis
1423 2663 1659 2742 adversarium3

111 2759 280 2822 Dominum
300 2760 401 2822 Deum
422 2767 513 2821 tuum
533 2777 572 2820 ex
591 2765 656 2820 toto
675 2757 769 2820 corde
788 2764 855 2830 tuo,
912 2760 938 2820 si
958 2766 1065 2821 antem
1085 2759 1215 2832 diceret,
1232 2759 1373 2832 Quilibet
1391 2759 1529 2834 Judaeus,
1547 2761 1659 2842 proba·

110 2864 195 2920 etex
215 2864 282 2922 tota
301 2859 408 2920 anima
428 2865 492 2932 tna,
510 2863 595 2926 etex
614 2863 680 2918 tota
699 2855 856 2918 fortitudi·
911 2865 958 2920 ret
980 2877 1014 2920 se
1035 2857 1169 2938 justum,
1190 2857 1337 2931 dicendo,
1358 2858 1491 2920 Omnem
1514 2877 1587 2921 amo
1606 2860 1659 2923 Ju-

110 2975 147 3018 ne
162 2965 225 3020 tua.
245 2955 283 3018 Et
297 2954 445 3039 quamvis
461 2955 581 3037 lfoyses
602 2952 646 3016 ibi
668 2971 730 3017 non
751 2952 855 3035 expri-
911 2956 1025 3019 dacum.
1044 2956 1115 3030 Sed,
1133 2963 1168 3017 ut
1190 2955 1337 3018 Salomon
1363 2955 1514 3039 loquitur,
1532 2958 1659 3020 Frustra
1673 2976 1805 3028 creatu.

109 3062 171 3116 mat
193 3053 257 3116 nisi
282 3053 354 3128 tria,
380 3059 487 3115 tamen
514 3053 546 3114 iu
572 3052 635 3114 illis
660 3051 763 3114 tribus
787 3052 854 3113 haec
873 3054 1026 3134 Djacitur
1042 3062 1107 3116 rete
1122 3060 1195 3116 ante
1210 3052 1319 3116 oculos
1335 3061 1555 3135 pennatorum.
1571 3055 1659 3118 Unde

109 3159 243 3232 quatuor
262 3151 480 3216 includuntur.
498 3151 619 3233 Nempe
634 3151 719 3232 quod
739 3150 791 3212 bic
808 3150 855 3212 di·
910 3159 942 3214 et
963 3152 1107 3216 Christus
1129 3151 1274 3214 omnium
1298 3151 1554 3233 sapientissimus
1577 3154 1660 3235 sapi-

107 3250 197 3324 citur,
215 3272 234 3310 u
249 3269 289 3312 ex
303 3249 455 3314 omnibus
470 3249 593 3311 viribus
608 3249 673 3311 tuis
688 3271 717 3323 n,
733 3249 855 3331 bfoyses
910 3251 1045 3324 entium,
1067 3250 1110 3312 ita
1132 3250 1313 3332 respondet,
1335 3251 1419 3332 quod
1439 3250 1657 3315 insidiatorem

107 3347 191 3422 dicit,
213 3349 260 3411 Ex
286 3355 351 3412 tcta
374 3347 572 3411 fortitudine.
595 3348 653 3410 Per
677 3354 779 3410 totum
801 3366 855 3409 au·
910 3350 1039 3433 propria
1061 3350 1269 3431 responsione
1291 3349 1377 3431 capit
1396 3350 1571 3432 vincitque,
1589 3369 1659 3434 pro

106 3453 168 3509 tem
192 3466 247 3510 cor
278 3447 430 3528 intelligit
453 3447 651 3510 voluntatem
677 3453 709 3507 et
734 3445 855 3508 intelle·
909 3465 1032 3528 ponens
1054 3445 1249 3528 parabolam,
1266 3445 1350 3508 sicut
1371 3446 1586 3528 subjungitur.

106 3551 202 3620 otum,
220 3546 493 3630 quemadmodum
514 3551 546 3608 et
562 3544 728 3607 Psalmlsta
746 3544 854 3606 dicen·
948 3547 1138 3622 suspiciens
1157 3553 1267 3604 autem
1280 3547 1385 3614 lesus,
1402 3545 1433 3606 id
1453 3552 1512 3620 est,
1529 3564 1657 3608 sursum

12 3683 23 3712 ,,
33 3685 58 3718 11,
69 3676 91 3724 2,
105 3644 144 3706 do
160 3662 167 3706 :
184 3643 371 3708 Confitebor
385 3643 455 3718 tibi,
473 3643 617 3717 Domine,
630 3644 662 3705 in
678 3651 743 3706 toto
759 3644 853 3706 corde
908 3643 1100 3726 adspiciens,
1127 3661 1183 3706 seu
1209 3642 1301 3723 longe
1326 3650 1358 3705 et
1382 3643 1443 3706 late
1468 3644 1573 3706 visum
1598 3644 1658 3706 cir·

12 3747 41 3782 ¹¹¹
57 3737 90 3789 ¹²÷
105 3761 183 3806 mco.
203 3744 248 3806 De
269 3743 481 3824 intelligentia
503 3743 634 3805 demum
656 3741 753 3822 hujus
775 3761 853 3823 prae-
909 3741 1117 3814 cumducens,
1134 3741 1172 3802 ad
1196 3740 1425 3802 insinuandum
1451 3742 1536 3823 quod
1562 3743 1601 3804 de
1623 3762 1657 3806 re

12 3803 80 3846 'w'
104 3842 185 3924 cepti
210 3842 244 3904 in
267 3841 472 3904 sermonibus
495 3840 595 3922 magis
616 3841 750 3903 dicetur.
909 3857 1023 3921 magna
1044 3847 1129 3902 esset
1152 3838 1327 3913 locuturus,
1345 3846 1439 3920 atque
1459 3842 1656 3923 compatiens

143 3943 188 4002 Et
213 3942 412 4016 proximum
443 3947 537 4000 tuum
566 3938 680 4019 diliges
709 3941 793 3999 sicut
823 3949 853 4000 tc
908 3937 1071 4000 communi
1096 3937 1228 3999 hnmani
1254 3937 1381 4017 generis
1407 3937 1589 4013 calamitati,
1606 3941 1655 4000 di-

101 4041 221 4114 ipsum,
244 4039 276 4102 id
299 4046 348 4102 est
369 4056 444 4102 vere
467 4046 499 4100 et
524 4037 734 4120 spiritualiter
757 4045 852 4120 atque
906 4039 958 4097 cic
974 4058 986 4097 :
1001 4040 1104 4099 Homo
1123 4038 1260 4116 quidam
1279 4039 1489 4097 descendebat
1508 4039 1548 4097 ab
1561 4041 1657 4101 Jeru-

98 4136 259 4200 stabiliter
283 4137 316 4199 in
338 4137 474 4200 Domino
495 4137 570 4210 Deo,
586 4136 726 4218 optando
746 4137 776 4199 ei
798 4137 852 4200 bo
907 4139 1006 4195 sotem
1029 4137 1066 4194 ic
1086 4136 1228 4204 Jericlto,
1244 4143 1274 4194 ct
1297 4135 1418 4194 incidit
1440 4137 1476 4193 in
1501 4139 1653 4200 tatrones.

99 4253 138 4296 na
160 4235 275 4316 gratita
296 4235 329 4299 in
351 4235 513 4319 prasenti,
530 4243 562 4297 et
584 4234 666 4298 bona
688 4234 796 4316 gloria
818 4235 850 4298 in
867 4236 891 4298 D
907 4233 1025 4296 Sensus
1047 4231 1103 4314 qui
1127 4231 1376 4314 superficialiter
1400 4231 1546 4295 litteralis
1568 4233 1654 4297 vida·

96 4331 404 4408 futuro,consilium
419 4340 451 4396 et
464 4331 620 4395 auxilium
636 4332 666 4394 ei
680 4331 852 4414 prebendo
906 4339 969 4407 tur,
985 4330 1212 4394 difficultatem
1232 4347 1296 4393 non
1316 4328 1420 4392 babet.
1439 4328 1477 4392 Et
1496 4331 1581 4412 quod
1602 4332 1654 4396 bic

97 4439 246 4515 tempore
268 4439 461 4514 opportuno,
483 4439 515 4494 ct
537 4431 570 4493 in
595 4431 783 4494 necessariis
804 4432 851 4494 vi·
906 4431 1024 4494 dicitur
1047 4429 1137 4512 quasi
1163 4427 1323 4511 parabola,
1344 4429 1449 4510 potuit
1472 4447 1556 4512 sape
1580 4449 1654 4494 con·

97 4538 145 4605 te,
163 4531 246 4594 dum
267 4548 349 4614 opus
368 4538 426 4606 est,
447 4515 671 4594 succurrendo.
689 4529 753 4593 Hoc
773 4549 850 4613 prae-
906 4531 1028 4611 tingere
1047 4537 1079 4591 et
1098 4546 1167 4590 esse
1188 4547 1239 4591 res
1259 4536 1370 4610 gesta:
1387 4527 1463 4610 quia
1483 4531 1581 4592 nteit
1600 4530 1654 4594 Ba-

96 4638 230 4711 ceptnm
248 4637 414 4712 sumptum
429 4637 478 4693 est
492 4648 532 4692 ex
546 4629 762 4704 Levitico‚ubi
777 4630 851 4692 scri·
906 4631 1008 4703 silice,
1024 4627 1199 4691 Jerusalem
1227 4628 1260 4689 in
1284 4627 1349 4690 alto
1372 4627 1431 4690 sita
1454 4636 1512 4702 est,
1529 4628 1655 4694 Jericbo

12 4755 81 4804 msa
95 4736 189 4810 ptum
211 4737 275 4802 est,
297 4729 415 4810 Diliges
439 4729 581 4792 amicum
606 4737 697 4791 tuum
717 4729 850 4794 sicutte
905 4737 1012 4792 autem
1037 4728 1197 4800 deorsum,
1223 4733 1255 4788 et
1278 4727 1361 4789 inter
1390 4727 1446 4790 bas
1473 4727 1569 4791 urbes
1593 4729 1655 4792 fuit

96 4827 205 4909 ipsum
235 4848 242 4892 :
271 4827 328 4890 ubi
352 4827 558 4910 Septuaginta
580 4829 781 4891 transtulisse
806 4829 851 4892 di·
906 4829 1067 4891 desertum
1090 4827 1123 4888 in
1145 4843 1209 4909 quo
1233 4826 1371 4889 latrones
1395 4829 1551 4910 quosdam
1573 4829 1655 4892 occi·

95 4935 227 5002 cuntur,
251 4925 435 4990 Proximum
459 4934 561 4990 tuum.
586 4927 645 4990 Per
668 4927 849 5009 proximum
905 4929 980 4990 dere
1001 4933 1244 4990 consueverunt.

93 5031 204 5088 autem
227 5023 457 5105 intelligendus
476 5032 526 5088 est
544 5025 649 5089 omnis
670 5025 766 5089 bomo
783 5045 851 5108 gra·
946 5025 1176 5109 Spiritualiter,
1187 5043 1244 5106 per
1260 5024 1424 5087 bominem
1444 5024 1540 5088 istum
1561 5027 1653 5089 intel·

94 5123 146 5187 tice
167 5142 274 5206 capax
294 5130 326 5186 et
339 5123 458 5204 gloria,
475 5123 531 5205 qui
550 5124 777 5188 communione
797 5144 850 5187 na·
906 5125 1016 5206 ligitur
1040 5126 1165 5207 primus
1195 5124 1301 5198 bomo,
1327 5141 1384 5186 seu
1411 5142 1512 5205 genus
1542 5125 1652 5187 buma-

92 5227 175 5285 turas
197 5229 253 5284 est
273 5221 448 5303 proximus.
906 5241 1003 5303 num;
1020 5241 1077 5305 per
1091 5222 1276 5297 Jerusalem,
1293 5221 1458 5304 paradisus
1477 5223 1634 5285 terrestris
1641 5239 1651 5303 ;
1674 5277 1790 5326 troam

133 5323 305 5401 Dicitque
319 5323 383 5393 itti,
395 5320 519 5384 scilicet
534 5320 728 5404 legisperito,
739 5323 848 5386 lesus:
906 5341 964 5406 per
982 5321 1118 5397 iericho,
1136 5321 1274 5384 mundus
1296 5321 1355 5383 iste
1376 5320 1408 5382 in
1434 5320 1573 5404 maligno
1596 5339 1651 5404 po·
1667 5343 1702 5386 rs.
1765 5312 1771 5326 '
1792 5312 1799 5335 ’

224 5455 262 5509 Τ.
281 5455 320 5508 30.
1492 5454 1525 5507 26
