4140 6258
504 530 654 578 notaturus
673 529 705 576 ιιι
726 529 799 578 rosr
819 528 1013 576 ιιιιιιιιτιιι.
1033 545 1074 558 -
1094 529 1194 578 ssauo
1214 529 1324 578 ramus
1626 508 1689 576 att

137 702 218 786 quid
242 702 331 766 scitt
355 700 413 776 Oui
438 717 502 764 non
525 707 576 764 est
599 705 761 782 expertus,
786 716 887 781 pauca
901 697 925 762 A
940 699 1066 772 dorum,
1081 717 1123 761 ne
1142 705 1298 781 quantum
1313 697 1425 761 volunt
1439 704 1471 760 et
1485 703 1615 780 possent
1634 697 1689 760 bo·

5 821 124 870 urruns.
139 801 350 882 recognoscit.
377 799 522 882 Denique
544 817 607 862 non
631 804 801 863 coronatur
825 797 887 860 nisi
943 797 1045 860 mines
1071 803 1202 860 tentent.
1229 797 1345 860 Perse
1370 797 1476 878 ipsum
1505 812 1634 877 quoque
1658 801 1690 856 et

137 899 194 983 qui
225 898 367 981 legitime
397 897 574 962 certaverit.
605 897 685 960 ilinc
712 894 847 959 lacobus
878 913 885 956 :
942 914 1000 978 per
1019 893 1159 975 angelos,
1177 912 1233 978 per
1253 913 1364 977 preces
1381 901 1412 957 et
1427 893 1542 956 merita
1561 893 1689 956 Sancto·

8 1017 123 1068 muna.
138 998 240 1064 Omne
267 997 403 1082 (inquit)
430 996 582 1078 gaudium
610 995 801 1070 existimate,
826 994 887 1057 fra·
943 1012 1014 1056 rum
1031 1011 1068 1056 ac
1082 993 1281 1068 devotorum,
1298 992 1454 1056 confortat
1475 992 1570 1056 corda
1588 990 1690 1054 homi-

138 1105 216 1170 tres,
241 1115 344 1180 quum
373 1095 406 1158 in
429 1095 572 1158 diversas
595 1094 785 1158 tentationes
808 1093 887 1156 inci·
942 1111 1020 1156 num
1040 1092 1080 1154 ad
1097 1091 1321 1155 sustinendum
1337 1109 1375 1154 ac
1390 1089 1607 1172 superandum
1623 1097 1690 1152 ten·

137 1195 261 1259 deritis.
290 1195 374 1258 Deus
403 1193 490 1257 enim
519 1211 577 1276 per
604 1193 734 1275 angelos
763 1200 888 1255 sanctos
942 1191 1088 1264 tationes,
1107 1189 1199 1272 juxta
1223 1189 1302 1251 illud
1329 1189 1361 1251 in
1385 1188 1510 1252 Psalmo
1531 1207 1538 1252 :
1559 1187 1688 1269 Angelis
1716 1201 1837 1252 rancus.

137 1293 288 1376 reprimit
307 1291 540 1374 malignitatem
558 1289 730 1374 spirituum
752 1290 889 1353 immun·
942 1289 1009 1352 suis
1031 1288 1195 1354 mandavit
1214 1288 1253 1350 de
1274 1294 1316 1362 te,
1332 1295 1392 1350 etc.

692 1721 883 1810 saruc
922 1719 1142 1809 PRIMUS

316 1990 356 2037 DE
376 1987 590 2037 numattArtnts
613 1987 725 2044 tutuuts
747 1987 944 2034 PECGATORU!
965 1984 1238 2043 uoucurrsuurtrttS,
1258 1985 1359 2041 DEQUE
1380 1984 1517 2033 SlNCElllS

723 2085 818 2132 Siliffl
840 2085 891 2132 out
913 2083 1104 2132 ottramnus,

219 2371 269 2430 Ul
279 2376 357 2436 stat,
373 2368 482 2426 uideat
499 2385 540 2426 ne
555 2368 660 2426 cadat.
678 2365 690 2427 l
707 2364 775 2428 Cor.
793 2383 824 2439 x,
841 2362 889 2428 tr.
906 2365 930 2428 B
946 2380 1064 2426 suram.
1091 2359 1244 2445 lienique,
1271 2361 1297 2424 si
1322 2361 1394 2444 quis
1418 2361 1630 2425 delectaretur
1659 2361 1692 2424 in

144 2365 211 2627 Q
270 2466 443 2529 Docetuos
463 2463 667 2528 beatissimus
686 2462 801 2526 Paulus
820 2481 892 2544 apo
947 2461 1187 2536 Creatore,nou
1211 2461 1419 2542 inquantum
1441 2460 1473 2522 in
1495 2459 1693 2541 seipsobo-

14 2573 244 2635 cor.1,e.stous
267 2565 299 2626 in
323 2562 472 2646 presenti
493 2561 637 2644 epistola,
655 2562 759 2644 primo
778 2579 819 2624 ue
841 2561 892 2622 de
946 2579 1007 2622 nus
1032 2567 1090 2630 est,
1117 2559 1172 2621 sed
1201 2557 1305 2621 solum
1334 2564 1388 2621 aut
1412 2557 1633 2640 principaliter
1661 2557 1691 2620 in

140 2663 321 2726 sideremus
351 2661 472 2734 illicita,
498 2659 558 2722 boc
588 2667 637 2722 est
663 2677 721 2740 per
748 2659 891 2722 divinam
946 2664 1102 2738 quantum
1122 2655 1225 2720 bonus
1244 2664 1293 2719 est
1311 2655 1385 2730 sibi,
1401 2656 1551 2718 videlicet
1570 2656 1692 2718 homini

141 2762 247 2842 legem
281 2759 451 2842 prohibita.
488 2758 569 2832 Quid
602 2766 709 2820 autem
744 2756 892 2840 prohibet
946 2754 1190 2818 delectationem
1215 2755 1248 2817 in
1274 2755 1343 2836 ipso
1366 2754 1508 2829 habenti,
1529 2755 1589 2816 hoc
1611 2762 1695 2816 esset

8 2881 123 2930 ranas,
140 2861 238 2934 Deus,
261 2857 324 2922 nisi
348 2859 505 2940 pcccatal
527 2857 637 2921 Omnis
662 2855 781 2918 etenim
806 2874 891 2919 crea·
948 2852 1125 2915 inordinate
1148 2851 1298 2914 delectari
1319 2852 1350 2914 iu
1372 2852 1446 2926 fleo,
1464 2859 1610 2934 essetque
1631 2852 1694 2915 fleo

139 2967 214 3022 tura
235 2957 292 3020 llci
315 2956 399 3019 bona
420 2962 479 3028 est,
500 2963 532 3018 ct
550 2973 608 3018 suo
632 2955 725 3017 modo
746 2955 889 3017 amanda.
947 2952 1006 3024 uti,
1023 2968 1085 3013 non
1108 2950 1182 3024 frui,
1202 2951 1232 3012 id
1253 2958 1312 3023 est,
1329 2951 1429 3012 ileum
1452 2951 1490 3012 ad
1512 2969 1546 3012 se
1565 2968 1602 3012 ac
1625 2969 1694 3032 pro·

138 3056 206 3120 Nec
227 3053 375 3137 probibet
390 3053 473 3116 Deus
493 3059 642 3134 appetere
659 3051 794 3115 aliorum
811 3051 891 3113 divi·
947 3049 1018 3132 pria
1041 3049 1207 3111 commoda
1232 3047 1361 3122 referre,
1378 3067 1441 3110 non
1468 3067 1500 3110 se
1524 3049 1563 3110 ad
1589 3047 1693 3111 Domi-

139 3154 274 3228 tias,aut
288 3151 422 3234 proximi
438 3149 712 3232 conjugem,quasi
727 3149 846 3211 divitia
859 3149 891 3212 in
947 3165 1025 3209 num
1049 3146 1160 3208 Deum.
1178 3145 1266 3208 Unde
1288 3145 1360 3207 talis
1385 3163 1419 3208 se
1441 3145 1548 3227 ipsum
1572 3163 1693 3228 praepo-

140 3271 177 3316 se
193 3250 283 3314 malea
297 3249 372 3324 sint,
389 3257 443 3312 aut
457 3249 572 3330 conjux
592 3247 723 3311 alterius
737 3247 890 3325 odienda;
948 3251 1038 3307 neret
1053 3243 1127 3317 ileo,
1144 3250 1175 3329 et
1191 3244 1309 3306 faceret
1322 3261 1356 3306 se
1372 3243 1478 3325 ipsum
1499 3242 1599 3306 finem
1619 3243 1692 3317 sibi,

140 3351 199 3414 scd
217 3349 291 3431 quia
312 3347 367 3410 illa
386 3353 547 3429 appetere,
565 3346 684 3410 malum
700 3353 749 3408 est
763 3353 795 3407 et
809 3345 890 3425 inju-
947 3343 1048 3404 lleum
1068 3348 1175 3404 autem
1196 3342 1339 3404 medium
1356 3341 1394 3404 ad
1411 3360 1445 3404 sc
1461 3341 1567 3423 ipsum
1585 3359 1592 3402 :
1609 3343 1694 3423 quod

140 3458 240 3512 stum.
268 3446 340 3510 Sola
368 3463 444 3528 ergo
473 3451 603 3527 peccata
632 3443 780 3527 prohibet
808 3444 891 3506 Deus
947 3449 996 3504 est
1019 3441 1151 3503 omnino
1175 3445 1416 3522 praeposterum,
1437 3439 1605 3521 injustum,
1625 3459 1694 3522 per-

140 3547 273 3610 directe.
295 3545 404 3627 ltaque
428 3561 491 3606 non
515 3550 646 3625 appetas
672 3542 785 3606 vitiose
809 3542 892 3604 dele·
907 3539 928 3604 C
946 3557 1085 3602 versum.

140 3644 235 3716 ctari,
261 3651 293 3706 et
318 3641 418 3704 multa
443 3659 516 3704 mox
541 3639 707 3723 superabis
732 3646 889 3723 peccata:
987 3638 1106 3719 ltaque,
1128 3637 1219 3718 juxta
1243 3637 1420 3700 doctrinam
1443 3637 1597 3720 Apostoli,
1623 3655 1695 3702 con·

141 3743 221 3825 quia
243 3750 278 3804 ut
299 3741 412 3804 asserit
431 3739 639 3820 Augustinus,
656 3756 789 3820 peccare
810 3738 892 3800 dele·
948 3735 1152 3818 cupiscamus
1177 3734 1270 3808 bona,
1297 3752 1360 3799 non
1391 3736 1482 3798 mala.
1509 3736 1639 3800 Summe
1664 3745 1695 3800 ct

141 3849 229 3920 ctat3
255 3859 328 3902 nam
354 3839 381 3900 si
407 3855 471 3901 non
494 3837 675 3910 delectaret,
702 3854 765 3900 nou
787 3835 890 3898 fieret.
948 3833 1245 3917 pracordialissime
1265 3832 1454 3896 affectemus
1474 3835 1538 3897 fleo
1558 3835 1693 3917 plaeere,

141 3941 372 4002 Verumtamen
395 3935 540 4018 quadarn
563 3943 637 3998 sunt
657 3942 786 4017 peccata
806 3935 838 3997 in
859 3955 892 3998 se
948 3934 1048 3996 Deum
1078 3939 1144 3996 toto
1172 3933 1266 3996 corde
1295 3933 1439 4014 diligere,
1470 3933 1570 3996 Deum
1599 3953 1696 4016 super

142 4037 223 4120 ipsis
239 4035 377 4118 poenalia
391 4041 423 4097 et
437 4040 597 4108 amarant
613 4033 894 4114 invidia,indigna·
948 4031 1057 4096 omnia
1077 4031 1295 4094 sincerissime
1314 4031 1487 4094 formidare
1506 4051 1542 4096 ac
1562 4033 1695 4096 honora-

141 4136 199 4210 tio,
218 4135 275 4208 ira,
293 4133 501 4215 impatientia,
517 4133 707 4214 desperatio,
728 4131 893 4194 turbuleu·
949 4133 1226 4196 rellcsideremus
1242 4131 1384 4214 quotidie
1400 4131 1433 4192 in
1448 4133 1577 4195 caritate
1594 4132 1649 4194 Dei
1665 4141 1696 4194 et

140 4235 198 4307 tia,
206 4233 302 4296 timor
317 4230 632 4312 inordinatusfgitur
646 4248 710 4293 non
725 4230 893 4313 cupiamus
949 4233 1096 4294 omnium
1116 4231 1295 4306 bominum,
1314 4231 1449 4294 inomni
1468 4233 1561 4306 dono,
1578 4234 1696 4297 virtuto

142 4332 324 4396 inordinate
339 4329 501 4402 delectari,
513 4336 544 4392 et
559 4329 704 4412 protinus
720 4329 797 4392 vitia
811 4330 893 4410 gula
949 4339 980 4394 ct
994 4330 1095 4412 gratia
1108 4331 1243 4414 Spiritus
1256 4330 1362 4394 Sancti
1378 4331 1585 4413 proficerent
1598 4332 1696 4396 simus

141 4438 240 4513 atque
260 4429 406 4502 luxuriae,
421 4427 510 4509 jocos
536 4427 824 4510 immoderatosque
846 4427 892 4489 lu·
948 4431 1088 4512 quotidie
1104 4431 1300 4503 humiliores,
1309 4431 1522 4512 patientiores,
1531 4431 1698 4495 ferventio-

141 4531 213 4602 dos,
239 4527 475 4601 dissolutiones,
507 4525 723 4608 loquacitates,
750 4525 891 4609 aliasque
949 4547 1010 4603 res,
1032 4530 1187 4611 puriores,
1211 4537 1306 4612 atque
1332 4529 1364 4591 in
1387 4530 1501 4593 ceteris
1522 4530 1696 4594 virtutibus

142 4625 396 4691 innumerabiles
412 4623 567 4688 vanitates
586 4632 617 4686 ct
632 4625 812 4708 impietates
827 4627 893 4688 vin·
949 4627 1162 4710 perfectiores.
1170 4629 1357 4691 Studeamus
1373 4629 1512 4710 quotidie
1526 4631 1624 4711 magis
1639 4630 1697 4694 sol-

142 4745 267 4799 eamus,
292 4722 477 4796 vitabimus,
503 4722 703 4805 abjiciemus.
730 4724 790 4788 Sed
814 4725 891 4806 quid
908 4727 932 4790 D
948 4726 1038 4800 liciti,
1055 4727 1215 4800 custoditi,
1232 4726 1372 4789 timorati
1393 4745 1462 4789 esse
1481 4746 1586 4790 coram
1603 4729 1695 4791 Altis-

141 4833 192 4890 est
208 4823 386 4888 inordinate
406 4822 580 4885 delectarit
595 4823 659 4886 Hoc
680 4831 727 4886 est
743 4825 775 4886 in
796 4823 891 4886 rebus
948 4826 1040 4899 simo,
1058 4832 1093 4886 ut
1112 4843 1186 4886 cum
1206 4824 1362 4906 Propheta
1380 4825 1486 4888 dicere
1507 4825 1692 4891 valeamus:

141 4925 259 4989 creatis
278 4922 442 4995 delectari,
458 4939 522 4984 nou
545 4940 603 5003 per
624 4921 810 4985 relationem
834 4941 890 4985 seu
947 4923 1037 4988 Oculi
1054 4924 1117 4986 mei
1133 4941 1260 5003 semper
1275 4923 1313 4985 ad
1329 4923 1500 4986 Dominum
1507 4941 1516 5002 ;
1527 4933 1559 4987 et
1574 4944 1691 4995 rursus,
1721 4947 1760 4989 m.
1777 4959 1834 4994 ιω,
1856 4939 1860 4948 ’

140 5021 377 5088 ordinationem
396 5039 505 5082 aarum
525 5019 564 5082 ad
583 5019 682 5082 Deum
703 5028 889 5093 creatorem,
948 5020 1155 5082 Providebam
1178 5020 1348 5083 Dominum
1370 5021 1402 5082 in
1428 5031 1600 5103 conspectu
1623 5041 1694 5086 meo
1711 5013 1754 5116 ξε
1773 5073 1827 5114 Μ

141 5119 349 5186 adultimum
365 5118 477 5192 finem,
490 5118 529 5180 ad
545 5136 653 5181 veram
669 5117 814 5182 salutern.
828 5119 891 5182 ffoc
947 5137 1082 5202 semper.
1101 5120 1217 5201 Sicque
1237 5119 1292 5182 Dei
1314 5115 1432 5182 intuitu
1450 5128 1482 5183 et
1498 5138 1605 5183 amore
1627 5123 1694 5183 uni·
1757 5105 1761 5115 ¹
1803 5101 1837 5120 '⁶

141 5221 231 5285 enim
247 5226 296 5283 est
311 5225 419 5282 eontra
437 5217 606 5300 justitiam,
623 5225 732 5280 contra
747 5217 891 5282 ordinem
947 5236 1038 5280 versa
1063 5217 1279 5281 indesinenter
1303 5218 1448 5281 odiamus
1472 5238 1508 5281 ac
1533 5218 1694 5300 fugiamus

142 5319 288 5394 rationis,
305 5325 415 5382 contra
429 5317 594 5400 sapientiae
609 5317 751 5398 regulam
766 5336 802 5380 ac
819 5336 891 5380 cen·
946 5324 1086 5400 peccata.
