<?xml version="1.0" encoding="UTF-8"?>
<!DOCTYPE html PUBLIC "-//W3C//DTD XHTML 1.0 Transitional//EN"
    "http://www.w3.org/TR/xhtml1/DTD/xhtml1-transitional.dtd">
<html xmlns="http://www.w3.org/1999/xhtml" xml:lang="en" lang="en">
 <head>
  <title>
</title>
<meta http-equiv="Content-Type" content="text/html;charset=utf-8" />
  <meta name='ocr-system' content='tesseract 3.04.00' />
  <meta name='ocr-capabilities' content='ocr_page ocr_carea ocr_par ocr_line ocrx_word'/>
</head>
<body>
  <div class='ocr_page' id='page_1' title='image "./doctorisecstati01unkngoog/doctorisecstati01unkngoog_0354.png"; bbox 0 0 4140 6258; ppageno 0'>
   <div class='ocr_carea' id='block_1_1' title="bbox 441 499 1649 568">
    <p class='ocr_par' dir='ltr' id='par_1_1' title="bbox 441 499 1649 568">
     <span class='ocr_line' id='line_1_1' title="bbox 441 499 1649 568; baseline -0.002 -4"><span class='ocrx_word' id='word_1_1' title='bbox 441 517 589 565; x_wconf 67' lang='lat' dir='ltr'>oculatus</span> <span class='ocrx_word' id='word_1_2' title='bbox 610 519 641 564; x_wconf 70' lang='lat' dir='ltr'>ix</span> <span class='ocrx_word' id='word_1_3' title='bbox 662 519 735 564; x_wconf 71' lang='lat' dir='ltr'>rost*</span> <span class='ocrx_word' id='word_1_4' title='bbox 755 517 949 565; x_wconf 75' lang='lat' dir='ltr'>Tililii’i‘h&#39;i&#39;iill.</span> <span class='ocrx_word' id='word_1_5' title='bbox 971 537 1011 548; x_wconf 91' lang='lat'>-</span> <span class='ocrx_word' id='word_1_6' title='bbox 1032 520 1130 566; x_wconf 76' lang='lat' dir='ltr'>salillo</span> <span class='ocrx_word' id='word_1_7' title='bbox 1151 519 1304 568; x_wconf 77' lang='lat' dir='ltr'>SECUNDUS</span> <span class='ocrx_word' id='word_1_8' title='bbox 1588 499 1649 564; x_wconf 69' lang='lat'>323</span> 
     </span>
    </p>
   </div>
   <div class='ocr_carea' id='block_1_2' title="bbox 1 683 1805 5398">
    <p class='ocr_par' dir='ltr' id='par_1_2' title="bbox 1 683 1805 5398">
     <span class='ocr_line' id='line_1_2' title="bbox 103 683 1650 770; baseline 0.002 -25"><span class='ocrx_word' id='word_1_9' title='bbox 103 683 160 745; x_wconf 89' lang='lat' dir='ltr'>nisi</span> <span class='ocrx_word' id='word_1_10' title='bbox 191 685 370 748; x_wconf 90' lang='lat' dir='ltr'>secundum</span> <span class='ocrx_word' id='word_1_11' title='bbox 399 695 493 752; x_wconf 81' lang='lat' dir='ltr'>rectae</span> <span class='ocrx_word' id='word_1_12' title='bbox 523 688 653 750; x_wconf 89' lang='lat' dir='ltr'>rationis</span> <span class='ocrx_word' id='word_1_13' title='bbox 675 688 973 770; x_wconf 77' lang='lat' dir='ltr'>judiciumhcjus</span> <span class='ocrx_word' id='word_1_14' title='bbox 997 688 1036 752; x_wconf 94' lang='lat' dir='ltr'>ad</span> <span class='ocrx_word' id='word_1_15' title='bbox 1060 688 1153 763; x_wconf 91' lang='lat' dir='ltr'>intra,</span> <span class='ocrx_word' id='word_1_16' title='bbox 1178 697 1329 753; x_wconf 77' lang='lat' dir='ltr'>aternam</span> <span class='ocrx_word' id='word_1_17' title='bbox 1354 695 1385 750; x_wconf 92' lang='lat' dir='ltr'>et</span> <span class='ocrx_word' id='word_1_18' title='bbox 1409 685 1650 769; x_wconf 88' lang='lat' dir='ltr'>superbeatissi-</span> 
     </span>
     <span class='ocr_line' id='line_1_3' title="bbox 103 783 1649 868; baseline 0.002 -26"><span class='ocrx_word' id='word_1_19' title='bbox 103 789 258 862; x_wconf 90' lang='lat' dir='ltr'>quatenus</span> <span class='ocrx_word' id='word_1_20' title='bbox 273 783 312 845; x_wconf 89' lang='lat' dir='ltr'>de</span> <span class='ocrx_word' id='word_1_21' title='bbox 333 783 421 846; x_wconf 92' lang='lat' dir='ltr'>nulla</span> <span class='ocrx_word' id='word_1_22' title='bbox 437 803 471 846; x_wconf 91' lang='lat' dir='ltr'>re</span> <span class='ocrx_word' id='word_1_23' title='bbox 490 785 651 859; x_wconf 79' lang='lat' dir='ltr'>exteriori,</span> <span class='ocrx_word' id='word_1_24' title='bbox 667 785 847 868; x_wconf 92' lang='lat' dir='ltr'>temporali,</span> <span class='ocrx_word' id='word_1_25' title='bbox 903 805 988 848; x_wconf 92' lang='lat' dir='ltr'>mam</span> <span class='ocrx_word' id='word_1_26' title='bbox 1008 787 1249 851; x_wconf 81' lang='lat' dir='ltr'><strong>consistentiam</strong></span> <span class='ocrx_word' id='word_1_27' title='bbox 1272 786 1352 868; x_wconf 87' lang='lat' dir='ltr'>ejus.</span> <span class='ocrx_word' id='word_1_28' title='bbox 1370 785 1489 848; x_wconf 86' lang='lat' dir='ltr'>ilerum</span> <span class='ocrx_word' id='word_1_29' title='bbox 1509 792 1649 848; x_wconf 92' lang='lat' dir='ltr'>contem·</span> 
     </span>
     <span class='ocr_line' id='line_1_4' title="bbox 102 879 1650 967; baseline 0.003 -28"><span class='ocrx_word' id='word_1_30' title='bbox 102 879 245 942; x_wconf 84' lang='lat' dir='ltr'><strong>sensibili</strong></span> <span class='ocrx_word' id='word_1_31' title='bbox 261 879 357 943; x_wconf 93' lang='lat' dir='ltr'>homo</span> <span class='ocrx_word' id='word_1_32' title='bbox 372 881 547 944; x_wconf 78' lang='lat' dir='ltr'>delectetur</span> <span class='ocrx_word' id='word_1_33' title='bbox 560 889 615 945; x_wconf 92' lang='lat' dir='ltr'>aut</span> <span class='ocrx_word' id='word_1_34' title='bbox 632 884 847 956; x_wconf 79' lang='lat' dir='ltr'>contristetur,</span> <span class='ocrx_word' id='word_1_35' title='bbox 903 885 1011 966; x_wconf 86' lang='lat' dir='ltr'>piatio,</span> <span class='ocrx_word' id='word_1_36' title='bbox 1033 903 1146 967; x_wconf 90' lang='lat' dir='ltr'>magna</span> <span class='ocrx_word' id='word_1_37' title='bbox 1170 893 1218 948; x_wconf 91' lang='lat' dir='ltr'>cst</span> <span class='ocrx_word' id='word_1_38' title='bbox 1240 885 1388 948; x_wconf 83' lang='lat' dir='ltr'>humanae</span> <span class='ocrx_word' id='word_1_39' title='bbox 1411 883 1527 947; x_wconf 90' lang='lat' dir='ltr'>mentis</span> <span class='ocrx_word' id='word_1_40' title='bbox 1549 881 1650 964; x_wconf 91' lang='lat' dir='ltr'>perle-</span> 
     </span>
     <span class='ocr_line' id='line_1_5' title="bbox 103 975 1651 1066; baseline 0.003 -29"><span class='ocrx_word' id='word_1_41' title='bbox 103 975 163 1038; x_wconf 90' lang='lat' dir='ltr'>nisi</span> <span class='ocrx_word' id='word_1_42' title='bbox 185 985 281 1059; x_wconf 94' lang='lat' dir='ltr'>prout</span> <span class='ocrx_word' id='word_1_43' title='bbox 301 979 381 1041; x_wconf 88' lang='lat' dir='ltr'>ratio</span> <span class='ocrx_word' id='word_1_44' title='bbox 401 979 499 1041; x_wconf 89' lang='lat' dir='ltr'>dictat</span> <span class='ocrx_word' id='word_1_45' title='bbox 515 996 523 1041; x_wconf 91' lang='lat'><strong>:</strong></span> <span class='ocrx_word' id='word_1_46' title='bbox 540 999 599 1043; x_wconf 92' lang='lat' dir='ltr'>nec</span> <span class='ocrx_word' id='word_1_47' title='bbox 619 981 760 1062; x_wconf 92' lang='lat' dir='ltr'>aliquam</span> <span class='ocrx_word' id='word_1_48' title='bbox 779 999 847 1042; x_wconf 89' lang='lat' dir='ltr'>rem</span> <span class='ocrx_word' id='word_1_49' title='bbox 902 983 976 1058; x_wconf 89' lang='lat' dir='ltr'>ctio,</span> <span class='ocrx_word' id='word_1_50' title='bbox 1002 984 1041 1046; x_wconf 88' lang='lat' dir='ltr'>ad</span> <span class='ocrx_word' id='word_1_51' title='bbox 1065 1002 1161 1066; x_wconf 90' lang='lat' dir='ltr'>quam</span> <span class='ocrx_word' id='word_1_52' title='bbox 1191 983 1372 1066; x_wconf 89' lang='lat' dir='ltr'>pertingere</span> <span class='ocrx_word' id='word_1_53' title='bbox 1397 981 1520 1063; x_wconf 89' lang='lat' dir='ltr'>nequit,</span> <span class='ocrx_word' id='word_1_54' title='bbox 1545 980 1609 1042; x_wconf 93' lang='lat' dir='ltr'>nisi</span> <span class='ocrx_word' id='word_1_55' title='bbox 1632 999 1651 1042; x_wconf 92' lang='lat' dir='ltr'>a</span> 
     </span>
     <span class='ocr_line' id='line_1_6' title="bbox 102 1073 1651 1162; baseline 0.003 -27"><span class='ocrx_word' id='word_1_56' title='bbox 102 1073 283 1138; x_wconf 84' lang='lat' dir='ltr'>sensibilem</span> <span class='ocrx_word' id='word_1_57' title='bbox 300 1095 356 1138; x_wconf 89' lang='lat' dir='ltr'>seu</span> <span class='ocrx_word' id='word_1_58' title='bbox 371 1078 529 1140; x_wconf 91' lang='lat' dir='ltr'>carnalem</span> <span class='ocrx_word' id='word_1_59' title='bbox 544 1078 850 1154; x_wconf 73' lang='lat' dir='ltr'>desideremusame·</span> <span class='ocrx_word' id='word_1_60' title='bbox 903 1080 1149 1162; x_wconf 82' lang='lat' dir='ltr'>cogitationibus</span> <span class='ocrx_word' id='word_1_61' title='bbox 1166 1081 1257 1144; x_wconf 87' lang='lat' dir='ltr'>vanis</span> <span class='ocrx_word' id='word_1_62' title='bbox 1276 1089 1308 1142; x_wconf 91' lang='lat' dir='ltr'>et</span> <span class='ocrx_word' id='word_1_63' title='bbox 1327 1079 1462 1152; x_wconf 89' lang='lat' dir='ltr'>frivolis,</span> <span class='ocrx_word' id='word_1_64' title='bbox 1478 1078 1518 1140; x_wconf 89' lang='lat' dir='ltr'>ah</span> <span class='ocrx_word' id='word_1_65' title='bbox 1533 1077 1651 1140; x_wconf 90' lang='lat' dir='ltr'>inordi-</span> 
     </span>
     <span class='ocr_line' id='line_1_7' title="bbox 103 1175 1648 1260; baseline 0.003 -27"><span class='ocrx_word' id='word_1_66' title='bbox 103 1191 182 1247; x_wconf 92' lang='lat' dir='ltr'>mus,</span> <span class='ocrx_word' id='word_1_67' title='bbox 195 1175 608 1258; x_wconf 68' lang='lat' dir='ltr'>exspectemusfugiamua</span> <span class='ocrx_word' id='word_1_68' title='bbox 621 1177 765 1239; x_wconf 91' lang='lat' dir='ltr'>odiamus</span> <span class='ocrx_word' id='word_1_69' title='bbox 781 1177 848 1238; x_wconf 89' lang='lat' dir='ltr'>sive</span> <span class='ocrx_word' id='word_1_70' title='bbox 904 1179 986 1241; x_wconf 91' lang='lat' dir='ltr'>natis</span> <span class='ocrx_word' id='word_1_71' title='bbox 1016 1187 1047 1242; x_wconf 88' lang='lat' dir='ltr'>et</span> <span class='ocrx_word' id='word_1_72' title='bbox 1078 1178 1285 1242; x_wconf 82' lang='lat' dir='ltr'>infructuosis</span> <span class='ocrx_word' id='word_1_73' title='bbox 1319 1176 1583 1260; x_wconf 80' lang='lat' dir='ltr'>occupationibus</span> <span class='ocrx_word' id='word_1_74' title='bbox 1612 1194 1648 1238; x_wconf 92' lang='lat' dir='ltr'>ac</span> 
     </span>
     <span class='ocr_line' id='line_1_8' title="bbox 101 1269 1649 1360; baseline 0.004 -28"><span class='ocrx_word' id='word_1_75' title='bbox 101 1269 339 1348; x_wconf 87' lang='lat' dir='ltr'>abhorreamus,</span> <span class='ocrx_word' id='word_1_76' title='bbox 355 1273 418 1335; x_wconf 93' lang='lat' dir='ltr'>nisi</span> <span class='ocrx_word' id='word_1_77' title='bbox 441 1282 535 1356; x_wconf 93' lang='lat' dir='ltr'>prout</span> <span class='ocrx_word' id='word_1_78' title='bbox 554 1282 639 1337; x_wconf 90' lang='lat' dir='ltr'>recta</span> <span class='ocrx_word' id='word_1_79' title='bbox 657 1282 688 1337; x_wconf 92' lang='lat' dir='ltr'>et</span> <span class='ocrx_word' id='word_1_80' title='bbox 708 1275 848 1356; x_wconf 90' lang='lat' dir='ltr'>prudens</span> <span class='ocrx_word' id='word_1_81' title='bbox 904 1279 1018 1340; x_wconf 88' lang='lat' dir='ltr'>studiis</span> <span class='ocrx_word' id='word_1_82' title='bbox 1038 1297 1072 1342; x_wconf 92' lang='lat' dir='ltr'>so</span> <span class='ocrx_word' id='word_1_83' title='bbox 1091 1286 1257 1360; x_wconf 79' lang='lat' dir='ltr'>expurget,</span> <span class='ocrx_word' id='word_1_84' title='bbox 1278 1278 1362 1340; x_wconf 90' lang='lat' dir='ltr'>sicut</span> <span class='ocrx_word' id='word_1_85' title='bbox 1380 1295 1438 1359; x_wconf 93' lang='lat' dir='ltr'>pcr</span> <span class='ocrx_word' id='word_1_86' title='bbox 1455 1276 1568 1339; x_wconf 85' lang='lat' dir='ltr'>isaiam</span> <span class='ocrx_word' id='word_1_87' title='bbox 1590 1275 1649 1338; x_wconf 79' lang='lat' dir='ltr'>lio·</span> 
     </span>
     <span class='ocr_line' id='line_1_9' title="bbox 103 1369 1776 1455; baseline 0.003 -24"><span class='ocrx_word' id='word_1_88' title='bbox 103 1369 180 1432; x_wconf 88' lang='lat' dir='ltr'>ratio</span> <span class='ocrx_word' id='word_1_89' title='bbox 203 1370 336 1451; x_wconf 83' lang='lat' dir='ltr'>judicat.</span> <span class='ocrx_word' id='word_1_90' title='bbox 354 1372 580 1435; x_wconf 84' lang='lat' dir='ltr'>Verumtamen</span> <span class='ocrx_word' id='word_1_91' title='bbox 604 1373 701 1454; x_wconf 87' lang='lat' dir='ltr'>hujus</span> <span class='ocrx_word' id='word_1_92' title='bbox 726 1380 849 1437; x_wconf 91' lang='lat' dir='ltr'>contra·</span> <span class='ocrx_word' id='word_1_93' title='bbox 905 1375 1012 1438; x_wconf 88' lang='lat' dir='ltr'>minus</span> <span class='ocrx_word' id='word_1_94' title='bbox 1034 1377 1217 1440; x_wconf 90' lang='lat' dir='ltr'>cohortatur</span> <span class='ocrx_word' id='word_1_95' title='bbox 1240 1393 1247 1438; x_wconf 93' lang='lat'>:</span> <span class='ocrx_word' id='word_1_96' title='bbox 1271 1375 1401 1438; x_wconf 83' lang='lat' dir='ltr'>Auferte</span> <span class='ocrx_word' id='word_1_97' title='bbox 1424 1374 1543 1436; x_wconf 89' lang='lat' dir='ltr'>malum</span> <span class='ocrx_word' id='word_1_98' title='bbox 1566 1372 1649 1455; x_wconf 90' lang='lat' dir='ltr'>cogi·</span> <span class='ocrx_word' id='word_1_99' title='bbox 1677 1395 1776 1445; x_wconf 64' lang='lat' dir='ltr'>ransc.</span> 
     </span>
     <span class='ocr_line' id='line_1_10' title="bbox 103 1468 1650 1549; baseline 0.004 -21"><span class='ocrx_word' id='word_1_100' title='bbox 103 1468 184 1530; x_wconf 91' lang='lat' dir='ltr'>rium</span> <span class='ocrx_word' id='word_1_101' title='bbox 209 1478 309 1549; x_wconf 88' lang='lat' dir='ltr'>agunt</span> <span class='ocrx_word' id='word_1_102' title='bbox 332 1470 478 1533; x_wconf 88' lang='lat' dir='ltr'>homines</span> <span class='ocrx_word' id='word_1_103' title='bbox 503 1471 655 1545; x_wconf 89' lang='lat' dir='ltr'>carnales,</span> <span class='ocrx_word' id='word_1_104' title='bbox 674 1471 848 1534; x_wconf 92' lang='lat' dir='ltr'>intimorati</span> <span class='ocrx_word' id='word_1_105' title='bbox 904 1474 1061 1536; x_wconf 87' lang='lat' dir='ltr'>tatianum</span> <span class='ocrx_word' id='word_1_106' title='bbox 1076 1481 1253 1538; x_wconf 87' lang='lat' dir='ltr'>vestrarum</span> <span class='ocrx_word' id='word_1_107' title='bbox 1273 1472 1314 1535; x_wconf 92' lang='lat' dir='ltr'>ab</span> <span class='ocrx_word' id='word_1_108' title='bbox 1333 1473 1435 1536; x_wconf 91' lang='lat' dir='ltr'>oculis</span> <span class='ocrx_word' id='word_1_109' title='bbox 1456 1471 1545 1534; x_wconf 92' lang='lat' dir='ltr'>meis.</span> <span class='ocrx_word' id='word_1_110' title='bbox 1563 1470 1650 1534; x_wconf 81' lang='lat' dir='ltr'>Unde</span> 
     </span>
     <span class='ocr_line' id='line_1_11' title="bbox 102 1567 1652 1655; baseline 0.003 -28"><span class='ocrx_word' id='word_1_111' title='bbox 102 1575 131 1628; x_wconf 91' lang='lat' dir='ltr'>et</span> <span class='ocrx_word' id='word_1_112' title='bbox 147 1567 410 1652; x_wconf 92' lang='lat' dir='ltr'>insipientes,qui</span> <span class='ocrx_word' id='word_1_113' title='bbox 427 1569 526 1632; x_wconf 88' lang='lat' dir='ltr'>instar</span> <span class='ocrx_word' id='word_1_114' title='bbox 542 1568 708 1632; x_wconf 91' lang='lat' dir='ltr'>brutorum</span> <span class='ocrx_word' id='word_1_115' title='bbox 725 1589 851 1634; x_wconf 88' lang='lat' dir='ltr'>sensua·</span> <span class='ocrx_word' id='word_1_116' title='bbox 905 1580 936 1634; x_wconf 92' lang='lat' dir='ltr'>ct</span> <span class='ocrx_word' id='word_1_117' title='bbox 961 1573 1134 1655; x_wconf 79' lang='lat' dir='ltr'>negligenti</span> <span class='ocrx_word' id='word_1_118' title='bbox 1161 1591 1218 1655; x_wconf 95' lang='lat' dir='ltr'>per</span> <span class='ocrx_word' id='word_1_119' title='bbox 1245 1571 1415 1634; x_wconf 89' lang='lat' dir='ltr'>ieremiam</span> <span class='ocrx_word' id='word_1_120' title='bbox 1440 1570 1652 1652; x_wconf 89' lang='lat' dir='ltr'>increpatorie</span> 
     </span>
     <span class='ocr_line' id='line_1_12' title="bbox 101 1665 1798 1753; baseline 0.005 -27"><span class='ocrx_word' id='word_1_121' title='bbox 101 1665 223 1728; x_wconf 85' lang='lat' dir='ltr'>litatem</span> <span class='ocrx_word' id='word_1_122' title='bbox 239 1685 329 1728; x_wconf 90' lang='lat' dir='ltr'>suam</span> <span class='ocrx_word' id='word_1_123' title='bbox 346 1676 574 1750; x_wconf 89' lang='lat' dir='ltr'>sequuntur,et</span> <span class='ocrx_word' id='word_1_124' title='bbox 588 1668 656 1730; x_wconf 88' lang='lat' dir='ltr'>visa</span> <span class='ocrx_word' id='word_1_125' title='bbox 670 1676 725 1731; x_wconf 92' lang='lat' dir='ltr'>aut</span> <span class='ocrx_word' id='word_1_126' title='bbox 739 1687 850 1751; x_wconf 91' lang='lat' dir='ltr'>appre-</span> <span class='ocrx_word' id='word_1_127' title='bbox 906 1671 1047 1752; x_wconf 92' lang='lat' dir='ltr'>loquitur</span> <span class='ocrx_word' id='word_1_128' title='bbox 1064 1689 1070 1732; x_wconf 94' lang='lat'><strong>:</strong></span> <span class='ocrx_word' id='word_1_129' title='bbox 1089 1671 1258 1753; x_wconf 89' lang='lat' dir='ltr'>Usquequo</span> <span class='ocrx_word' id='word_1_130' title='bbox 1274 1669 1483 1732; x_wconf 92' lang='lat' dir='ltr'>morabuntur</span> <span class='ocrx_word' id='word_1_131' title='bbox 1498 1668 1530 1730; x_wconf 92' lang='lat' dir='ltr'>in</span> <span class='ocrx_word' id='word_1_132' title='bbox 1550 1675 1582 1730; x_wconf 88' lang='lat' dir='ltr'>te</span> <span class='ocrx_word' id='word_1_133' title='bbox 1602 1686 1652 1732; x_wconf 89' lang='lat' dir='ltr'>co·</span> <span class='ocrx_word' id='word_1_134' title='bbox 1672 1691 1798 1743; x_wconf 62' lang='lat' dir='ltr'>aminsi.</span> 
     </span>
     <span class='ocr_line' id='line_1_13' title="bbox 103 1763 1653 1851; baseline 0.003 -27"><span class='ocrx_word' id='word_1_135' title='bbox 103 1763 201 1826; x_wconf 92' lang='lat' dir='ltr'>hensa</span> <span class='ocrx_word' id='word_1_136' title='bbox 215 1784 419 1849; x_wconf 92' lang='lat' dir='ltr'>quacumque</span> <span class='ocrx_word' id='word_1_137' title='bbox 435 1785 468 1828; x_wconf 91' lang='lat' dir='ltr'>re</span> <span class='ocrx_word' id='word_1_138' title='bbox 488 1767 606 1829; x_wconf 90' lang='lat' dir='ltr'>carnali</span> <span class='ocrx_word' id='word_1_139' title='bbox 622 1774 677 1829; x_wconf 92' lang='lat' dir='ltr'>aut</span> <span class='ocrx_word' id='word_1_140' title='bbox 693 1768 849 1849; x_wconf 90' lang='lat' dir='ltr'>corporali</span> <span class='ocrx_word' id='word_1_141' title='bbox 905 1769 1073 1849; x_wconf 89' lang='lat' dir='ltr'>gitationes</span> <span class='ocrx_word' id='word_1_142' title='bbox 1099 1770 1223 1832; x_wconf 87' lang='lat' dir='ltr'>noriael</span> <span class='ocrx_word' id='word_1_143' title='bbox 1248 1769 1314 1831; x_wconf 91' lang='lat' dir='ltr'>imo</span> <span class='ocrx_word' id='word_1_144' title='bbox 1339 1787 1396 1851; x_wconf 88' lang='lat' dir='ltr'>per</span> <span class='ocrx_word' id='word_1_145' title='bbox 1419 1766 1581 1830; x_wconf 69' lang='lat' dir='ltr'>Michaeam</span> <span class='ocrx_word' id='word_1_146' title='bbox 1609 1767 1653 1829; x_wconf 93' lang='lat' dir='ltr'>ait</span> 
     </span>
     <span class='ocr_line' id='line_1_14' title="bbox 102 1862 1798 1950; baseline 0.001 -27"><span class='ocrx_word' id='word_1_147' title='bbox 102 1862 284 1925; x_wconf 86' lang='lat' dir='ltr'>delectabili</span> <span class='ocrx_word' id='word_1_148' title='bbox 299 1872 354 1926; x_wconf 93' lang='lat' dir='ltr'>aut</span> <span class='ocrx_word' id='word_1_149' title='bbox 373 1865 456 1938; x_wconf 95' lang='lat' dir='ltr'>utili,</span> <span class='ocrx_word' id='word_1_150' title='bbox 473 1866 580 1928; x_wconf 90' lang='lat' dir='ltr'>statim</span> <span class='ocrx_word' id='word_1_151' title='bbox 599 1865 720 1947; x_wconf 89' lang='lat' dir='ltr'>absque</span> <span class='ocrx_word' id='word_1_152' title='bbox 736 1866 850 1930; x_wconf 89' lang='lat' dir='ltr'>timore</span> <span class='ocrx_word' id='word_1_153' title='bbox 868 1869 890 1932; x_wconf 91' lang='lat' dir='ltr'>B</span> <span class='ocrx_word' id='word_1_154' title='bbox 907 1868 1094 1950; x_wconf 89' lang='lat' dir='ltr'>prophetam</span> <span class='ocrx_word' id='word_1_155' title='bbox 1113 1885 1120 1928; x_wconf 92' lang='lat'>:</span> <span class='ocrx_word' id='word_1_156' title='bbox 1137 1868 1189 1931; x_wconf 81' lang='lat' dir='ltr'>Vae</span> <span class='ocrx_word' id='word_1_157' title='bbox 1204 1868 1259 1949; x_wconf 94' lang='lat' dir='ltr'>qui</span> <span class='ocrx_word' id='word_1_158' title='bbox 1276 1867 1421 1948; x_wconf 90' lang='lat' dir='ltr'>cogitatis</span> <span class='ocrx_word' id='word_1_159' title='bbox 1437 1867 1558 1928; x_wconf 91' lang='lat' dir='ltr'>inutile.</span> <span class='ocrx_word' id='word_1_160' title='bbox 1572 1867 1653 1929; x_wconf 88' lang='lat' dir='ltr'>Ecce</span> <span class='ocrx_word' id='word_1_161' title='bbox 1667 1884 1798 1934; x_wconf 68' lang='lat' dir='ltr'>areana</span> 
     </span>
     <span class='ocr_line' id='line_1_15' title="bbox 103 1961 1653 2047; baseline 0.003 -25"><span class='ocrx_word' id='word_1_162' title='bbox 103 1961 168 2035; x_wconf 84' lang='lat' dir='ltr'>oei,</span> <span class='ocrx_word' id='word_1_163' title='bbox 186 1970 219 2024; x_wconf 89' lang='lat' dir='ltr'>et</span> <span class='ocrx_word' id='word_1_164' title='bbox 239 1963 360 2025; x_wconf 87' lang='lat' dir='ltr'>ratione</span> <span class='ocrx_word' id='word_1_165' title='bbox 383 1971 575 2046; x_wconf 86' lang='lat' dir='ltr'>contempta,</span> <span class='ocrx_word' id='word_1_166' title='bbox 591 1972 745 2045; x_wconf 87' lang='lat' dir='ltr'>appetunt</span> <span class='ocrx_word' id='word_1_167' title='bbox 768 1983 849 2038; x_wconf 93' lang='lat' dir='ltr'>eam,</span> <span class='ocrx_word' id='word_1_168' title='bbox 907 1984 1001 2047; x_wconf 90' lang='lat' dir='ltr'>quam</span> <span class='ocrx_word' id='word_1_169' title='bbox 1017 1965 1195 2028; x_wconf 88' lang='lat' dir='ltr'>necessaria</span> <span class='ocrx_word' id='word_1_170' title='bbox 1209 1973 1257 2027; x_wconf 89' lang='lat' dir='ltr'>est</span> <span class='ocrx_word' id='word_1_171' title='bbox 1272 1965 1414 2028; x_wconf 90' lang='lat' dir='ltr'>custodia</span> <span class='ocrx_word' id='word_1_172' title='bbox 1430 1966 1544 2028; x_wconf 92' lang='lat' dir='ltr'>mentis</span> <span class='ocrx_word' id='word_1_173' title='bbox 1558 1972 1653 2047; x_wconf 89' lang='lat' dir='ltr'>atque</span> 
     </span>
     <span class='ocr_line' id='line_1_16' title="bbox 103 2060 1654 2147; baseline 0.003 -26"><span class='ocrx_word' id='word_1_174' title='bbox 103 2060 234 2142; x_wconf 90' lang='lat' dir='ltr'>soloque</span> <span class='ocrx_word' id='word_1_175' title='bbox 264 2061 401 2142; x_wconf 87' lang='lat' dir='ltr'>cogitatu</span> <span class='ocrx_word' id='word_1_176' title='bbox 426 2069 457 2124; x_wconf 91' lang='lat' dir='ltr'>et</span> <span class='ocrx_word' id='word_1_177' title='bbox 480 2060 598 2124; x_wconf 81' lang='lat' dir='ltr'>affectu</span> <span class='ocrx_word' id='word_1_178' title='bbox 626 2061 793 2125; x_wconf 88' lang='lat' dir='ltr'>involvunt</span> <span class='ocrx_word' id='word_1_179' title='bbox 817 2082 851 2124; x_wconf 92' lang='lat' dir='ltr'>se</span> <span class='ocrx_word' id='word_1_180' title='bbox 907 2065 1052 2145; x_wconf 88' lang='lat' dir='ltr'>purgatio</span> <span class='ocrx_word' id='word_1_181' title='bbox 1076 2064 1257 2127; x_wconf 88' lang='lat' dir='ltr'>intellectus</span> <span class='ocrx_word' id='word_1_182' title='bbox 1285 2064 1325 2126; x_wconf 93' lang='lat' dir='ltr'>ab</span> <span class='ocrx_word' id='word_1_183' title='bbox 1352 2065 1439 2127; x_wconf 94' lang='lat' dir='ltr'>omni</span> <span class='ocrx_word' id='word_1_184' title='bbox 1464 2063 1654 2147; x_wconf 87' lang='lat' dir='ltr'>cogitatione</span> 
     </span>
     <span class='ocr_line' id='line_1_17' title="bbox 104 2161 1417 2245; baseline 0.003 -25"><span class='ocrx_word' id='word_1_185' title='bbox 104 2161 243 2240; x_wconf 88' lang='lat' dir='ltr'>peccatis</span> <span class='ocrx_word' id='word_1_186' title='bbox 258 2161 455 2241; x_wconf 89' lang='lat' dir='ltr'>gravissimis</span> <span class='ocrx_word' id='word_1_187' title='bbox 469 2161 620 2234; x_wconf 77' lang='lat' dir='ltr'>avaritiae,</span> <span class='ocrx_word' id='word_1_188' title='bbox 633 2161 777 2236; x_wconf 73' lang='lat' dir='ltr'>luxuriae,</span> <span class='ocrx_word' id='word_1_189' title='bbox 788 2161 852 2224; x_wconf 90' lang='lat' dir='ltr'>imo</span> <span class='ocrx_word' id='word_1_190' title='bbox 907 2163 1005 2245; x_wconf 92' lang='lat' dir='ltr'>turpi,</span> <span class='ocrx_word' id='word_1_191' title='bbox 1027 2162 1236 2238; x_wconf 89' lang='lat' dir='ltr'>infructuosa,</span> <span class='ocrx_word' id='word_1_192' title='bbox 1259 2181 1417 2245; x_wconf 89' lang='lat' dir='ltr'>perversa.</span> 
     </span>
     <span class='ocr_line' id='line_1_18' title="bbox 104 2258 1655 2341; baseline 0.003 -22"><span class='ocrx_word' id='word_1_193' title='bbox 104 2266 135 2319; x_wconf 89' lang='lat' dir='ltr'>et</span> <span class='ocrx_word' id='word_1_194' title='bbox 157 2258 308 2320; x_wconf 91' lang='lat' dir='ltr'>adulterii</span> <span class='ocrx_word' id='word_1_195' title='bbox 338 2278 375 2322; x_wconf 90' lang='lat' dir='ltr'>ac</span> <span class='ocrx_word' id='word_1_196' title='bbox 400 2259 574 2341; x_wconf 58' lang='lat' dir='ltr'>sacrilegii,</span> <span class='ocrx_word' id='word_1_197' title='bbox 595 2261 638 2322; x_wconf 89' lang='lat' dir='ltr'>De</span> <span class='ocrx_word' id='word_1_198' title='bbox 664 2259 782 2341; x_wconf 90' lang='lat' dir='ltr'>quibus</span> <span class='ocrx_word' id='word_1_199' title='bbox 808 2259 853 2322; x_wconf 91' lang='lat' dir='ltr'>ait</span> <span class='ocrx_word' id='word_1_200' title='bbox 948 2263 1099 2326; x_wconf 86' lang='lat' dir='ltr'>Praetcrea</span> <span class='ocrx_word' id='word_1_201' title='bbox 1115 2262 1261 2326; x_wconf 89' lang='lat' dir='ltr'>voluntas</span> <span class='ocrx_word' id='word_1_202' title='bbox 1276 2263 1340 2324; x_wconf 90' lang='lat' dir='ltr'>lieo</span> <span class='ocrx_word' id='word_1_203' title='bbox 1359 2261 1525 2326; x_wconf 87' lang='lat' dir='ltr'>subdenda</span> <span class='ocrx_word' id='word_1_204' title='bbox 1539 2270 1597 2336; x_wconf 89' lang='lat' dir='ltr'>est,</span> <span class='ocrx_word' id='word_1_205' title='bbox 1614 2279 1655 2323; x_wconf 90' lang='lat' dir='ltr'>ne</span> 
     </span>
     <span class='ocr_line' id='line_1_19' title="bbox 6 2356 1655 2441; baseline 0.001 -23"><span class='ocrx_word' id='word_1_206' title='bbox 6 2356 369 2438; x_wconf 69' lang='lat' dir='ltr'>‚nl.r.Propheta:Non</span> <span class='ocrx_word' id='word_1_207' title='bbox 392 2366 439 2420; x_wconf 89' lang='lat' dir='ltr'>est</span> <span class='ocrx_word' id='word_1_208' title='bbox 462 2358 557 2420; x_wconf 92' lang='lat' dir='ltr'>timor</span> <span class='ocrx_word' id='word_1_209' title='bbox 577 2357 632 2420; x_wconf 85' lang='lat' dir='ltr'>lici</span> <span class='ocrx_word' id='word_1_210' title='bbox 652 2366 724 2420; x_wconf 89' lang='lat' dir='ltr'>ante</span> <span class='ocrx_word' id='word_1_211' title='bbox 744 2358 853 2421; x_wconf 89' lang='lat' dir='ltr'>oculos</span> <span class='ocrx_word' id='word_1_212' title='bbox 908 2361 1110 2423; x_wconf 89' lang='lat' dir='ltr'>sensualibus</span> <span class='ocrx_word' id='word_1_213' title='bbox 1142 2359 1370 2423; x_wconf 89' lang='lat' dir='ltr'>allectionibus</span> <span class='ocrx_word' id='word_1_214' title='bbox 1404 2359 1655 2441; x_wconf 89' lang='lat' dir='ltr'>inordinatisque</span> 
     </span>
     <span class='ocr_line' id='line_1_20' title="bbox 1 2456 1657 2542; baseline 0.002 -26"><span class='ocrx_word' id='word_1_215' title='bbox 1 2489 18 2526; x_wconf 75' lang='lat' dir='ltr'>a.</span> <span class='ocrx_word' id='word_1_216' title='bbox 30 2497 59 2532; x_wconf 59' lang='lat' dir='ltr'>u„</span> <span class='ocrx_word' id='word_1_217' title='bbox 72 2486 90 2524; x_wconf 58' lang='grc' dir='ltr'>ς,</span> <span class='ocrx_word' id='word_1_218' title='bbox 105 2473 237 2535; x_wconf 90' lang='lat' dir='ltr'>eorum;</span> <span class='ocrx_word' id='word_1_219' title='bbox 254 2457 406 2539; x_wconf 88' lang='lat' dir='ltr'>itemque,</span> <span class='ocrx_word' id='word_1_220' title='bbox 425 2457 571 2539; x_wconf 86' lang='lat' dir='ltr'>Corrupti</span> <span class='ocrx_word' id='word_1_221' title='bbox 587 2464 671 2530; x_wconf 91' lang='lat' dir='ltr'>sunt,</span> <span class='ocrx_word' id='word_1_222' title='bbox 689 2465 721 2518; x_wconf 90' lang='lat' dir='ltr'>ct</span> <span class='ocrx_word' id='word_1_223' title='bbox 734 2456 854 2519; x_wconf 92' lang='lat' dir='ltr'>abomi-</span> <span class='ocrx_word' id='word_1_224' title='bbox 910 2458 1049 2522; x_wconf 91' lang='lat' dir='ltr'>motibus</span> <span class='ocrx_word' id='word_1_225' title='bbox 1062 2459 1251 2542; x_wconf 76' lang='lat' dir='ltr'>acquiescat,</span> <span class='ocrx_word' id='word_1_226' title='bbox 1263 2459 1318 2520; x_wconf 89' lang='lat' dir='ltr'>sed</span> <span class='ocrx_word' id='word_1_227' title='bbox 1334 2458 1477 2521; x_wconf 89' lang='lat' dir='ltr'>ordinale</span> <span class='ocrx_word' id='word_1_228' title='bbox 1493 2477 1527 2521; x_wconf 94' lang='lat' dir='ltr'>se</span> <span class='ocrx_word' id='word_1_229' title='bbox 1541 2457 1657 2520; x_wconf 88' lang='lat' dir='ltr'>habeat</span> 
     </span>
     <span class='ocr_line' id='line_1_21' title="bbox 105 2554 1805 2638; baseline 0.002 -23"><span class='ocrx_word' id='word_1_230' title='bbox 105 2554 230 2617; x_wconf 89' lang='lat' dir='ltr'>nabiles</span> <span class='ocrx_word' id='word_1_231' title='bbox 252 2554 328 2618; x_wconf 90' lang='lat' dir='ltr'>lacti</span> <span class='ocrx_word' id='word_1_232' title='bbox 352 2555 480 2618; x_wconf 93' lang='lat' dir='ltr'>suntin</span> <span class='ocrx_word' id='word_1_233' title='bbox 506 2556 737 2637; x_wconf 82' lang='lat' dir='ltr'>iniquitatibus.</span> <span class='ocrx_word' id='word_1_234' title='bbox 911 2559 942 2620; x_wconf 92' lang='lat' dir='ltr'>in</span> <span class='ocrx_word' id='word_1_235' title='bbox 968 2558 1103 2620; x_wconf 90' lang='lat' dir='ltr'>amando</span> <span class='ocrx_word' id='word_1_236' title='bbox 1127 2575 1134 2618; x_wconf 91' lang='lat'>:</span> <span class='ocrx_word' id='word_1_237' title='bbox 1158 2557 1201 2619; x_wconf 90' lang='lat' dir='ltr'>ita</span> <span class='ocrx_word' id='word_1_238' title='bbox 1226 2565 1260 2618; x_wconf 92' lang='lat' dir='ltr'>ut</span> <span class='ocrx_word' id='word_1_239' title='bbox 1281 2557 1377 2619; x_wconf 91' lang='lat' dir='ltr'>bomo</span> <span class='ocrx_word' id='word_1_240' title='bbox 1399 2556 1431 2618; x_wconf 93' lang='lat' dir='ltr'>in</span> <span class='ocrx_word' id='word_1_241' title='bbox 1454 2555 1569 2638; x_wconf 92' lang='lat' dir='ltr'>primis</span> <span class='ocrx_word' id='word_1_242' title='bbox 1590 2563 1656 2618; x_wconf 91' lang='lat' dir='ltr'>toto</span> <span class='ocrx_word' id='word_1_243' title='bbox 1669 2578 1748 2622; x_wconf 75' lang='lat' dir='ltr'>nara</span> <span class='ocrx_word' id='word_1_244' title='bbox 1749 2591 1805 2630; x_wconf 72' lang='grc'>......</span> 
     </span>
     <span class='ocr_line' id='line_1_22' title="bbox 143 2645 1739 2737; baseline 0.001 -22"><span class='ocrx_word' id='word_1_245' title='bbox 143 2654 298 2717; x_wconf 86' lang='lat' dir='ltr'>Praeterea</span> <span class='ocrx_word' id='word_1_246' title='bbox 312 2655 438 2718; x_wconf 88' lang='lat' dir='ltr'>ratioet</span> <span class='ocrx_word' id='word_1_247' title='bbox 453 2654 609 2728; x_wconf 83' lang='lat' dir='ltr'>voluntas,</span> <span class='ocrx_word' id='word_1_248' title='bbox 627 2674 698 2737; x_wconf 76' lang='lat' dir='ltr'>quaa</span> <span class='ocrx_word' id='word_1_249' title='bbox 713 2663 787 2718; x_wconf 90' lang='lat' dir='ltr'>sunt</span> <span class='ocrx_word' id='word_1_250' title='bbox 803 2675 854 2717; x_wconf 90' lang='lat' dir='ltr'>su·</span> <span class='ocrx_word' id='word_1_251' title='bbox 910 2657 1004 2719; x_wconf 89' lang='lat' dir='ltr'>corde</span> <span class='ocrx_word' id='word_1_252' title='bbox 1024 2674 1121 2737; x_wconf 88' lang='lat' dir='ltr'>super</span> <span class='ocrx_word' id='word_1_253' title='bbox 1140 2655 1247 2718; x_wconf 93' lang='lat' dir='ltr'>omnia</span> <span class='ocrx_word' id='word_1_254' title='bbox 1263 2653 1557 2736; x_wconf 87' lang='lat' dir='ltr'>incomparabiliter</span> <span class='ocrx_word' id='word_1_255' title='bbox 1572 2661 1657 2716; x_wconf 90' lang='lat' dir='ltr'>amet</span> <span class='ocrx_word' id='word_1_256' title='bbox 1671 2645 1739 2686; x_wconf 57' lang='grc' dir='ltr'>Μ·</span> 
     </span>
     <span class='ocr_line' id='line_1_23' title="bbox 104 2753 1657 2836; baseline 0.001 -24"><span class='ocrx_word' id='word_1_257' title='bbox 104 2769 224 2832; x_wconf 75' lang='lat' dir='ltr'>preme</span> <span class='ocrx_word' id='word_1_258' title='bbox 246 2753 397 2834; x_wconf 77' lang='lat' dir='ltr'>potentiae</span> <span class='ocrx_word' id='word_1_259' title='bbox 419 2753 544 2826; x_wconf 84' lang='lat' dir='ltr'>animae,</span> <span class='ocrx_word' id='word_1_260' title='bbox 568 2754 631 2816; x_wconf 89' lang='lat' dir='ltr'>Deo</span> <span class='ocrx_word' id='word_1_261' title='bbox 656 2761 730 2816; x_wconf 92' lang='lat' dir='ltr'>sunt</span> <span class='ocrx_word' id='word_1_262' title='bbox 754 2753 854 2833; x_wconf 85' lang='lat' dir='ltr'>subji-</span> <span class='ocrx_word' id='word_1_263' title='bbox 909 2762 1005 2836; x_wconf 90' lang='lat' dir='ltr'>atque</span> <span class='ocrx_word' id='word_1_264' title='bbox 1029 2753 1186 2816; x_wconf 89' lang='lat' dir='ltr'>desideret</span> <span class='ocrx_word' id='word_1_265' title='bbox 1210 2753 1381 2815; x_wconf 85' lang='lat' dir='ltr'>Dominum</span> <span class='ocrx_word' id='word_1_266' title='bbox 1404 2754 1517 2826; x_wconf 86' lang='lat' dir='ltr'>Deum,</span> <span class='ocrx_word' id='word_1_267' title='bbox 1541 2753 1657 2814; x_wconf 92' lang='lat' dir='ltr'>deinde</span> 
     </span>
     <span class='ocr_line' id='line_1_24' title="bbox 104 2849 1657 2934; baseline 0.002 -24"><span class='ocrx_word' id='word_1_268' title='bbox 104 2849 238 2925; x_wconf 75' lang='lat' dir='ltr'>cienda,</span> <span class='ocrx_word' id='word_1_269' title='bbox 261 2851 413 2933; x_wconf 85' lang='lat' dir='ltr'>angelicis</span> <span class='ocrx_word' id='word_1_270' title='bbox 438 2869 566 2934; x_wconf 92' lang='lat' dir='ltr'>quoque</span> <span class='ocrx_word' id='word_1_271' title='bbox 590 2851 854 2933; x_wconf 90' lang='lat' dir='ltr'>inspirationibus</span> <span class='ocrx_word' id='word_1_272' title='bbox 910 2872 944 2915; x_wconf 92' lang='lat' dir='ltr'>se</span> <span class='ocrx_word' id='word_1_273' title='bbox 961 2853 1067 2934; x_wconf 89' lang='lat' dir='ltr'>ipsum</span> <span class='ocrx_word' id='word_1_274' title='bbox 1083 2852 1116 2914; x_wconf 94' lang='lat' dir='ltr'>in</span> <span class='ocrx_word' id='word_1_275' title='bbox 1132 2852 1206 2926; x_wconf 88' lang='lat' dir='ltr'>Deo,</span> <span class='ocrx_word' id='word_1_276' title='bbox 1223 2851 1316 2914; x_wconf 92' lang='lat' dir='ltr'>tertio</span> <span class='ocrx_word' id='word_1_277' title='bbox 1333 2851 1527 2933; x_wconf 85' lang='lat' dir='ltr'>proximum,</span> <span class='ocrx_word' id='word_1_278' title='bbox 1545 2857 1657 2933; x_wconf 89' lang='lat' dir='ltr'>quarto</span> 
     </span>
     <span class='ocr_line' id='line_1_25' title="bbox 104 2949 1656 3034; baseline 0.001 -25"><span class='ocrx_word' id='word_1_279' title='bbox 104 2949 396 3032; x_wconf 87' lang='lat' dir='ltr'>ecclesiasticisque</span> <span class='ocrx_word' id='word_1_280' title='bbox 416 2951 596 3032; x_wconf 81' lang='lat' dir='ltr'>praeceptis,</span> <span class='ocrx_word' id='word_1_281' title='bbox 613 2957 645 3012; x_wconf 90' lang='lat' dir='ltr'>et</span> <span class='ocrx_word' id='word_1_282' title='bbox 664 2951 753 3014; x_wconf 94' lang='lat' dir='ltr'>omni</span> <span class='ocrx_word' id='word_1_283' title='bbox 773 2951 855 3013; x_wconf 90' lang='lat' dir='ltr'>salu·</span> <span class='ocrx_word' id='word_1_284' title='bbox 910 2970 1026 3034; x_wconf 90' lang='lat' dir='ltr'>corpus</span> <span class='ocrx_word' id='word_1_285' title='bbox 1057 2951 1248 3032; x_wconf 89' lang='lat' dir='ltr'>proprium;</span> <span class='ocrx_word' id='word_1_286' title='bbox 1276 2949 1429 3012; x_wconf 89' lang='lat' dir='ltr'>inferiora</span> <span class='ocrx_word' id='word_1_287' title='bbox 1457 2955 1564 3011; x_wconf 91' lang='lat' dir='ltr'>autem</span> <span class='ocrx_word' id='word_1_288' title='bbox 1593 2967 1656 3012; x_wconf 93' lang='lat' dir='ltr'>non</span> 
     </span>
     <span class='ocr_line' id='line_1_26' title="bbox 103 3047 1657 3130; baseline 0.001 -23"><span class='ocrx_word' id='word_1_289' title='bbox 103 3047 152 3108; x_wconf 90' lang='lat' dir='ltr'>bri</span> <span class='ocrx_word' id='word_1_290' title='bbox 168 3048 383 3111; x_wconf 85' lang='lat' dir='ltr'>exhortationi</span> <span class='ocrx_word' id='word_1_291' title='bbox 399 3067 435 3110; x_wconf 90' lang='lat' dir='ltr'>ac</span> <span class='ocrx_word' id='word_1_292' title='bbox 452 3049 682 3122; x_wconf 74' lang='lat' dir='ltr'>informationi,</span> <span class='ocrx_word' id='word_1_293' title='bbox 703 3049 854 3130; x_wconf 90' lang='lat' dir='ltr'>correpti·</span> <span class='ocrx_word' id='word_1_294' title='bbox 870 3048 892 3112; x_wconf 81' lang='lat' dir='ltr'>u</span> <span class='ocrx_word' id='word_1_295' title='bbox 910 3059 995 3114; x_wconf 89' lang='lat' dir='ltr'>amet</span> <span class='ocrx_word' id='word_1_296' title='bbox 1014 3068 1073 3112; x_wconf 91' lang='lat' dir='ltr'>nec</span> <span class='ocrx_word' id='word_1_297' title='bbox 1094 3049 1203 3130; x_wconf 92' lang='lat' dir='ltr'>cupiat</span> <span class='ocrx_word' id='word_1_298' title='bbox 1222 3049 1413 3122; x_wconf 89' lang='lat' dir='ltr'>inordinate,</span> <span class='ocrx_word' id='word_1_299' title='bbox 1431 3047 1485 3110; x_wconf 90' lang='lat' dir='ltr'>sed</span> <span class='ocrx_word' id='word_1_300' title='bbox 1503 3047 1607 3110; x_wconf 91' lang='lat' dir='ltr'>solum</span> <span class='ocrx_word' id='word_1_301' title='bbox 1624 3047 1657 3108; x_wconf 95' lang='lat' dir='ltr'>in</span> 
     </span>
     <span class='ocr_line' id='line_1_27' title="bbox 103 3145 1657 3233; baseline 0.001 -27"><span class='ocrx_word' id='word_1_302' title='bbox 103 3146 156 3207; x_wconf 93' lang='lat' dir='ltr'>oni</span> <span class='ocrx_word' id='word_1_303' title='bbox 177 3153 212 3208; x_wconf 92' lang='lat' dir='ltr'>et</span> <span class='ocrx_word' id='word_1_304' title='bbox 231 3146 430 3209; x_wconf 92' lang='lat' dir='ltr'>correctioni.</span> <span class='ocrx_word' id='word_1_305' title='bbox 448 3147 535 3209; x_wconf 87' lang='lat' dir='ltr'>Tunc</span> <span class='ocrx_word' id='word_1_306' title='bbox 555 3154 663 3210; x_wconf 91' lang='lat' dir='ltr'>autem</span> <span class='ocrx_word' id='word_1_307' title='bbox 682 3148 762 3210; x_wconf 90' lang='lat' dir='ltr'>ratio</span> <span class='ocrx_word' id='word_1_308' title='bbox 780 3147 854 3210; x_wconf 91' lang='lat' dir='ltr'>suh·</span> <span class='ocrx_word' id='word_1_309' title='bbox 910 3157 1065 3233; x_wconf 91' lang='lat' dir='ltr'>quantum</span> <span class='ocrx_word' id='word_1_310' title='bbox 1095 3156 1169 3210; x_wconf 91' lang='lat' dir='ltr'>sunt</span> <span class='ocrx_word' id='word_1_311' title='bbox 1198 3147 1377 3210; x_wconf 89' lang='lat' dir='ltr'>necessaria</span> <span class='ocrx_word' id='word_1_312' title='bbox 1406 3147 1473 3209; x_wconf 90' lang='lat' dir='ltr'>sive</span> <span class='ocrx_word' id='word_1_313' title='bbox 1498 3145 1590 3208; x_wconf 93' lang='lat' dir='ltr'>utilia</span> <span class='ocrx_word' id='word_1_314' title='bbox 1617 3145 1657 3207; x_wconf 87' lang='lat' dir='ltr'>ad</span> 
     </span>
     <span class='ocr_line' id='line_1_28' title="bbox 101 3243 1658 3327; baseline 0.003 -24"><span class='ocrx_word' id='word_1_315' title='bbox 101 3243 191 3305; x_wconf 87' lang='lat' dir='ltr'>ditur</span> <span class='ocrx_word' id='word_1_316' title='bbox 213 3244 288 3320; x_wconf 89' lang='lat' dir='ltr'>Deo,</span> <span class='ocrx_word' id='word_1_317' title='bbox 305 3244 432 3326; x_wconf 91' lang='lat' dir='ltr'>quando</span> <span class='ocrx_word' id='word_1_318' title='bbox 450 3245 541 3326; x_wconf 83' lang='lat' dir='ltr'>juxta</span> <span class='ocrx_word' id='word_1_319' title='bbox 562 3246 753 3327; x_wconf 76' lang='lat' dir='ltr'>evangelica</span> <span class='ocrx_word' id='word_1_320' title='bbox 776 3244 854 3326; x_wconf 88' lang='lat' dir='ltr'>legis</span> <span class='ocrx_word' id='word_1_321' title='bbox 910 3249 1051 3311; x_wconf 89' lang='lat' dir='ltr'>virtuose</span> <span class='ocrx_word' id='word_1_322' title='bbox 1071 3246 1254 3310; x_wconf 88' lang='lat' dir='ltr'>vivendum.</span> <span class='ocrx_word' id='word_1_323' title='bbox 1271 3245 1435 3326; x_wconf 88' lang='lat' dir='ltr'>Purganda</span> <span class='ocrx_word' id='word_1_324' title='bbox 1452 3262 1527 3325; x_wconf 89' lang='lat' dir='ltr'>ergo</span> <span class='ocrx_word' id='word_1_325' title='bbox 1542 3251 1590 3307; x_wconf 92' lang='lat' dir='ltr'>cst</span> <span class='ocrx_word' id='word_1_326' title='bbox 1603 3261 1658 3308; x_wconf 87' lang='lat' dir='ltr'>vo·</span> 
     </span>
     <span class='ocr_line' id='line_1_29' title="bbox 104 3342 1657 3418; baseline 0.001 -15"><span class='ocrx_word' id='word_1_327' title='bbox 104 3343 254 3405; x_wconf 90' lang='lat' dir='ltr'>mandatu</span> <span class='ocrx_word' id='word_1_328' title='bbox 278 3350 310 3404; x_wconf 88' lang='lat' dir='ltr'>et</span> <span class='ocrx_word' id='word_1_329' title='bbox 334 3344 526 3406; x_wconf 90' lang='lat' dir='ltr'>documenta</span> <span class='ocrx_word' id='word_1_330' title='bbox 545 3363 579 3406; x_wconf 91' lang='lat' dir='ltr'>se</span> <span class='ocrx_word' id='word_1_331' title='bbox 599 3343 705 3418; x_wconf 89' lang='lat' dir='ltr'>habet,</span> <span class='ocrx_word' id='word_1_332' title='bbox 726 3344 855 3406; x_wconf 89' lang='lat' dir='ltr'>creden·</span> <span class='ocrx_word' id='word_1_333' title='bbox 911 3347 1015 3409; x_wconf 88' lang='lat' dir='ltr'>luntas</span> <span class='ocrx_word' id='word_1_334' title='bbox 1030 3344 1070 3408; x_wconf 91' lang='lat' dir='ltr'>ab</span> <span class='ocrx_word' id='word_1_335' title='bbox 1085 3345 1172 3407; x_wconf 89' lang='lat' dir='ltr'>omni</span> <span class='ocrx_word' id='word_1_336' title='bbox 1189 3343 1320 3416; x_wconf 90' lang='lat' dir='ltr'>malitia,</span> <span class='ocrx_word' id='word_1_337' title='bbox 1329 3342 1369 3406; x_wconf 93' lang='lat' dir='ltr'>ab</span> <span class='ocrx_word' id='word_1_338' title='bbox 1384 3343 1472 3405; x_wconf 94' lang='lat' dir='ltr'>omni</span> <span class='ocrx_word' id='word_1_339' title='bbox 1486 3342 1657 3406; x_wconf 88' lang='lat' dir='ltr'>affectione</span> 
     </span>
     <span class='ocr_line' id='line_1_30' title="bbox 103 3439 1658 3525; baseline 0.001 -24"><span class='ocrx_word' id='word_1_340' title='bbox 103 3441 144 3504; x_wconf 93' lang='lat' dir='ltr'>do</span> <span class='ocrx_word' id='word_1_341' title='bbox 164 3441 335 3504; x_wconf 91' lang='lat' dir='ltr'>credendis</span> <span class='ocrx_word' id='word_1_342' title='bbox 356 3450 387 3504; x_wconf 90' lang='lat' dir='ltr'>et</span> <span class='ocrx_word' id='word_1_343' title='bbox 401 3442 590 3505; x_wconf 89' lang='lat' dir='ltr'>veritatibus</span> <span class='ocrx_word' id='word_1_344' title='bbox 609 3443 852 3525; x_wconf 89' lang='lat' dir='ltr'>acquiescendo,</span> <span class='ocrx_word' id='word_1_345' title='bbox 910 3462 974 3507; x_wconf 94' lang='lat' dir='ltr'>non</span> <span class='ocrx_word' id='word_1_346' title='bbox 996 3443 1091 3518; x_wconf 87' lang='lat' dir='ltr'>bona,</span> <span class='ocrx_word' id='word_1_347' title='bbox 1107 3451 1143 3506; x_wconf 92' lang='lat' dir='ltr'>ut</span> <span class='ocrx_word' id='word_1_348' title='bbox 1163 3441 1281 3523; x_wconf 86' lang='lat' dir='ltr'>jugiter</span> <span class='ocrx_word' id='word_1_349' title='bbox 1300 3441 1408 3522; x_wconf 89' lang='lat' dir='ltr'>cupiat</span> <span class='ocrx_word' id='word_1_350' title='bbox 1426 3457 1554 3503; x_wconf 91' lang='lat' dir='ltr'>summo</span> <span class='ocrx_word' id='word_1_351' title='bbox 1573 3439 1658 3504; x_wconf 93' lang='lat' dir='ltr'>hono</span> 
     </span>
     <span class='ocr_line' id='line_1_31' title="bbox 101 3537 1658 3623; baseline 0 -23"><span class='ocrx_word' id='word_1_352' title='bbox 101 3537 299 3602; x_wconf 82' lang='lat' dir='ltr'>falsitatibus</span> <span class='ocrx_word' id='word_1_353' title='bbox 318 3547 412 3623; x_wconf 91' lang='lat' dir='ltr'>atquc</span> <span class='ocrx_word' id='word_1_354' title='bbox 432 3540 594 3604; x_wconf 91' lang='lat' dir='ltr'>erroribus</span> <span class='ocrx_word' id='word_1_355' title='bbox 610 3541 786 3604; x_wconf 91' lang='lat' dir='ltr'>resistendo</span> <span class='ocrx_word' id='word_1_356' title='bbox 799 3549 854 3605; x_wconf 91' lang='lat' dir='ltr'>aut</span> <span class='ocrx_word' id='word_1_357' title='bbox 911 3543 996 3606; x_wconf 92' lang='lat' dir='ltr'>uniri</span> <span class='ocrx_word' id='word_1_358' title='bbox 1020 3551 1052 3605; x_wconf 93' lang='lat' dir='ltr'>et</span> <span class='ocrx_word' id='word_1_359' title='bbox 1076 3541 1286 3623; x_wconf 91' lang='lat' dir='ltr'>complacere,</span> <span class='ocrx_word' id='word_1_360' title='bbox 1313 3540 1346 3602; x_wconf 92' lang='lat' dir='ltr'>in</span> <span class='ocrx_word' id='word_1_361' title='bbox 1373 3540 1461 3602; x_wconf 91' lang='lat' dir='ltr'>omni</span> <span class='ocrx_word' id='word_1_362' title='bbox 1485 3540 1602 3603; x_wconf 87' lang='lat' dir='ltr'>virtute</span> <span class='ocrx_word' id='word_1_363' title='bbox 1626 3546 1658 3602; x_wconf 90' lang='lat' dir='ltr'>et</span> 
     </span>
     <span class='ocr_line' id='line_1_32' title="bbox 100 3637 1657 3722; baseline 0 -24"><span class='ocrx_word' id='word_1_364' title='bbox 100 3654 165 3700; x_wconf 93' lang='lat' dir='ltr'>non</span> <span class='ocrx_word' id='word_1_365' title='bbox 193 3639 434 3714; x_wconf 82' lang='lat' dir='ltr'>consentiendo,</span> <span class='ocrx_word' id='word_1_366' title='bbox 461 3639 603 3702; x_wconf 91' lang='lat' dir='ltr'>carnales</span> <span class='ocrx_word' id='word_1_367' title='bbox 627 3640 855 3722; x_wconf 87' lang='lat' dir='ltr'>concupiscen-</span> <span class='ocrx_word' id='word_1_368' title='bbox 909 3641 1009 3721; x_wconf 90' lang='lat' dir='ltr'>gratia</span> <span class='ocrx_word' id='word_1_369' title='bbox 1023 3658 1177 3713; x_wconf 87' lang='lat' dir='ltr'>crescere,</span> <span class='ocrx_word' id='word_1_370' title='bbox 1195 3647 1325 3721; x_wconf 90' lang='lat' dir='ltr'>peccata</span> <span class='ocrx_word' id='word_1_371' title='bbox 1344 3656 1471 3720; x_wconf 90' lang='lat' dir='ltr'>sempor</span> <span class='ocrx_word' id='word_1_372' title='bbox 1487 3637 1657 3701; x_wconf 91' lang='lat' dir='ltr'>cordialius</span> 
     </span>
     <span class='ocr_line' id='line_1_33' title="bbox 102 3735 1658 3820; baseline 0.001 -24"><span class='ocrx_word' id='word_1_373' title='bbox 102 3737 163 3799; x_wconf 91' lang='lat' dir='ltr'>tias</span> <span class='ocrx_word' id='word_1_374' title='bbox 182 3744 218 3798; x_wconf 92' lang='lat' dir='ltr'>et</span> <span class='ocrx_word' id='word_1_375' title='bbox 239 3744 361 3799; x_wconf 88' lang='lat' dir='ltr'>ceteras</span> <span class='ocrx_word' id='word_1_376' title='bbox 380 3738 495 3802; x_wconf 77' lang='lat' dir='ltr'>animae</span> <span class='ocrx_word' id='word_1_377' title='bbox 515 3738 689 3820; x_wconf 91' lang='lat' dir='ltr'>passiones,</span> <span class='ocrx_word' id='word_1_378' title='bbox 705 3737 854 3801; x_wconf 89' lang='lat' dir='ltr'>videlicet</span> <span class='ocrx_word' id='word_1_379' title='bbox 910 3739 1069 3812; x_wconf 88' lang='lat' dir='ltr'>detestari,</span> <span class='ocrx_word' id='word_1_380' title='bbox 1091 3739 1179 3801; x_wconf 90' lang='lat' dir='ltr'>odire</span> <span class='ocrx_word' id='word_1_381' title='bbox 1199 3755 1236 3800; x_wconf 93' lang='lat' dir='ltr'>ac</span> <span class='ocrx_word' id='word_1_382' title='bbox 1260 3735 1381 3818; x_wconf 87' lang='lat' dir='ltr'>fugere.</span> <span class='ocrx_word' id='word_1_383' title='bbox 1403 3736 1462 3810; x_wconf 83' lang='lat' dir='ltr'>Qui</span> <span class='ocrx_word' id='word_1_384' title='bbox 1486 3736 1529 3798; x_wconf 94' lang='lat' dir='ltr'>ita</span> <span class='ocrx_word' id='word_1_385' title='bbox 1551 3755 1584 3799; x_wconf 89' lang='lat' dir='ltr'>sc</span> <span class='ocrx_word' id='word_1_386' title='bbox 1605 3736 1658 3798; x_wconf 91' lang='lat' dir='ltr'>ha-</span> 
     </span>
     <span class='ocr_line' id='line_1_34' title="bbox 100 3834 1658 3920; baseline -0.001 -23"><span class='ocrx_word' id='word_1_387' title='bbox 100 3837 197 3911; x_wconf 91' lang='lat' dir='ltr'>iram,</span> <span class='ocrx_word' id='word_1_388' title='bbox 216 3835 393 3910; x_wconf 89' lang='lat' dir='ltr'>tristitiam,</span> <span class='ocrx_word' id='word_1_389' title='bbox 419 3836 572 3910; x_wconf 87' lang='lat' dir='ltr'>dolorem,</span> <span class='ocrx_word' id='word_1_390' title='bbox 598 3837 852 3912; x_wconf 88' lang='lat' dir='ltr'>delectationem,</span> <span class='ocrx_word' id='word_1_391' title='bbox 910 3837 974 3911; x_wconf 87' lang='lat' dir='ltr'>het,</span> <span class='ocrx_word' id='word_1_392' title='bbox 1000 3836 1265 3920; x_wconf 90' lang='lat' dir='ltr'>pretiosissimam</span> <span class='ocrx_word' id='word_1_393' title='bbox 1290 3835 1417 3898; x_wconf 90' lang='lat' dir='ltr'>Domini</span> <span class='ocrx_word' id='word_1_394' title='bbox 1443 3835 1492 3897; x_wconf 91' lang='lat' dir='ltr'>sui</span> <span class='ocrx_word' id='word_1_395' title='bbox 1514 3834 1658 3897; x_wconf 91' lang='lat' dir='ltr'>substan·</span> 
     </span>
     <span class='ocr_line' id='line_1_35' title="bbox 100 3931 1658 4018; baseline -0.001 -22"><span class='ocrx_word' id='word_1_396' title='bbox 100 3935 329 4016; x_wconf 90' lang='lat' dir='ltr'>cupiditatem,</span> <span class='ocrx_word' id='word_1_397' title='bbox 352 3941 425 4010; x_wconf 81' lang='lat' dir='ltr'>etc,</span> <span class='ocrx_word' id='word_1_398' title='bbox 449 3935 617 4009; x_wconf 89' lang='lat' dir='ltr'>vincendo,</span> <span class='ocrx_word' id='word_1_399' title='bbox 641 3936 854 4018; x_wconf 89' lang='lat' dir='ltr'>universaque</span> <span class='ocrx_word' id='word_1_400' title='bbox 911 3937 999 4010; x_wconf 91' lang='lat' dir='ltr'>tiam,</span> <span class='ocrx_word' id='word_1_401' title='bbox 1016 3942 1125 4017; x_wconf 90' lang='lat' dir='ltr'>utpote</span> <span class='ocrx_word' id='word_1_402' title='bbox 1143 3933 1305 4016; x_wconf 92' lang='lat' dir='ltr'>propriam</span> <span class='ocrx_word' id='word_1_403' title='bbox 1325 3933 1466 3996; x_wconf 90' lang='lat' dir='ltr'>animam</span> <span class='ocrx_word' id='word_1_404' title='bbox 1481 3940 1513 3995; x_wconf 92' lang='lat' dir='ltr'>et</span> <span class='ocrx_word' id='word_1_405' title='bbox 1528 3931 1658 3996; x_wconf 91' lang='lat' dir='ltr'>nobilis·</span> 
     </span>
     <span class='ocr_line' id='line_1_36' title="bbox 100 4031 1657 4116; baseline -0.001 -22"><span class='ocrx_word' id='word_1_406' title='bbox 100 4032 260 4095; x_wconf 88' lang='lat' dir='ltr'>inferiora</span> <span class='ocrx_word' id='word_1_407' title='bbox 279 4033 456 4108; x_wconf 87' lang='lat' dir='ltr'>sensibilia,</span> <span class='ocrx_word' id='word_1_408' title='bbox 477 4034 542 4096; x_wconf 92' lang='lat' dir='ltr'>imo</span> <span class='ocrx_word' id='word_1_409' title='bbox 564 4053 598 4096; x_wconf 88' lang='lat' dir='ltr'>se</span> <span class='ocrx_word' id='word_1_410' title='bbox 622 4035 724 4116; x_wconf 92' lang='lat' dir='ltr'>ipsam</span> <span class='ocrx_word' id='word_1_411' title='bbox 747 4041 779 4096; x_wconf 90' lang='lat' dir='ltr'>ct</span> <span class='ocrx_word' id='word_1_412' title='bbox 799 4033 854 4096; x_wconf 83' lang='lat' dir='ltr'>ho</span> <span class='ocrx_word' id='word_1_413' title='bbox 910 4035 1006 4097; x_wconf 91' lang='lat' dir='ltr'>simas</span> <span class='ocrx_word' id='word_1_414' title='bbox 1021 4033 1092 4114; x_wconf 88' lang='lat' dir='ltr'>ejus</span> <span class='ocrx_word' id='word_1_415' title='bbox 1106 4034 1202 4106; x_wconf 89' lang='lat' dir='ltr'>vires,</span> <span class='ocrx_word' id='word_1_416' title='bbox 1214 4031 1295 4094; x_wconf 90' lang='lat' dir='ltr'>hene</span> <span class='ocrx_word' id='word_1_417' title='bbox 1310 4032 1483 4114; x_wconf 90' lang='lat' dir='ltr'>dispensat,</span> <span class='ocrx_word' id='word_1_418' title='bbox 1495 4031 1657 4094; x_wconf 88' lang='lat' dir='ltr'>fructuose</span> 
     </span>
     <span class='ocr_line' id='line_1_37' title="bbox 98 4128 1657 4214; baseline -0.001 -22"><span class='ocrx_word' id='word_1_419' title='bbox 98 4131 227 4193; x_wconf 90' lang='lat' dir='ltr'>minem</span> <span class='ocrx_word' id='word_1_420' title='bbox 251 4138 353 4194; x_wconf 92' lang='lat' dir='ltr'>totum</span> <span class='ocrx_word' id='word_1_421' title='bbox 375 4133 413 4193; x_wconf 93' lang='lat' dir='ltr'>ad</span> <span class='ocrx_word' id='word_1_422' title='bbox 433 4133 545 4206; x_wconf 85' lang='lat' dir='ltr'>licum,</span> <span class='ocrx_word' id='word_1_423' title='bbox 561 4133 600 4195; x_wconf 92' lang='lat' dir='ltr'>ad</span> <span class='ocrx_word' id='word_1_424' title='bbox 623 4133 678 4194; x_wconf 88' lang='lat' dir='ltr'>liei</span> <span class='ocrx_word' id='word_1_425' title='bbox 702 4133 854 4196; x_wconf 91' lang='lat' dir='ltr'>honorem</span> <span class='ocrx_word' id='word_1_426' title='bbox 910 4132 1072 4214; x_wconf 85' lang='lat' dir='ltr'>expendit,</span> <span class='ocrx_word' id='word_1_427' title='bbox 1094 4129 1264 4192; x_wconf 88' lang='lat' dir='ltr'>salubriter</span> <span class='ocrx_word' id='word_1_428' title='bbox 1286 4130 1375 4211; x_wconf 87' lang='lat' dir='ltr'>regit.</span> <span class='ocrx_word' id='word_1_429' title='bbox 1397 4129 1491 4192; x_wconf 93' lang='lat' dir='ltr'>Porro</span> <span class='ocrx_word' id='word_1_430' title='bbox 1513 4128 1569 4212; x_wconf 92' lang='lat' dir='ltr'>qui</span> <span class='ocrx_word' id='word_1_431' title='bbox 1591 4147 1657 4194; x_wconf 89' lang='lat' dir='ltr'>car-</span> 
     </span>
     <span class='ocr_line' id='line_1_38' title="bbox 98 4215 1657 4314; baseline -0.002 -22"><span class='ocrx_word' id='word_1_432' title='bbox 98 4237 131 4292; x_wconf 91' lang='lat' dir='ltr'>et</span> <span class='ocrx_word' id='word_1_433' title='bbox 146 4230 288 4310; x_wconf 89' lang='lat' dir='ltr'>gloriam</span> <span class='ocrx_word' id='word_1_434' title='bbox 301 4229 421 4312; x_wconf 89' lang='lat' dir='ltr'>jugiter</span> <span class='ocrx_word' id='word_1_435' title='bbox 434 4230 619 4293; x_wconf 91' lang='lat' dir='ltr'>ordinando.</span> <span class='ocrx_word' id='word_1_436' title='bbox 634 4231 766 4314; x_wconf 87' lang='lat' dir='ltr'>insuper</span> <span class='ocrx_word' id='word_1_437' title='bbox 780 4230 855 4293; x_wconf 92' lang='lat' dir='ltr'>suh·</span> <span class='ocrx_word' id='word_1_438' title='bbox 870 4238 894 4299; x_wconf 87' lang='lat' dir='ltr'>D</span> <span class='ocrx_word' id='word_1_439' title='bbox 910 4230 1037 4293; x_wconf 89' lang='lat' dir='ltr'>nalihus</span> <span class='ocrx_word' id='word_1_440' title='bbox 1063 4215 1241 4292; x_wconf 85' lang='lat' dir='ltr'>desideriis</span> <span class='ocrx_word' id='word_1_441' title='bbox 1259 4227 1445 4309; x_wconf 90' lang='lat' dir='ltr'>acquiescit,</span> <span class='ocrx_word' id='word_1_442' title='bbox 1471 4227 1527 4309; x_wconf 93' lang='lat' dir='ltr'>qui</span> <span class='ocrx_word' id='word_1_443' title='bbox 1551 4226 1657 4309; x_wconf 88' lang='lat' dir='ltr'>pravis</span> 
     </span>
     <span class='ocr_line' id='line_1_39' title="bbox 98 4324 1656 4411; baseline -0.003 -22"><span class='ocrx_word' id='word_1_444' title='bbox 98 4329 209 4390; x_wconf 89' lang='lat' dir='ltr'>denda</span> <span class='ocrx_word' id='word_1_445' title='bbox 234 4335 284 4390; x_wconf 90' lang='lat' dir='ltr'>est</span> <span class='ocrx_word' id='word_1_446' title='bbox 307 4328 387 4391; x_wconf 91' lang='lat' dir='ltr'>ratio</span> <span class='ocrx_word' id='word_1_447' title='bbox 410 4329 485 4403; x_wconf 86' lang='lat' dir='ltr'>lieo,</span> <span class='ocrx_word' id='word_1_448' title='bbox 508 4336 544 4390; x_wconf 94' lang='lat' dir='ltr'>ut</span> <span class='ocrx_word' id='word_1_449' title='bbox 569 4329 745 4392; x_wconf 91' lang='lat' dir='ltr'>secundum</span> <span class='ocrx_word' id='word_1_450' title='bbox 770 4330 854 4411; x_wconf 91' lang='lat' dir='ltr'>quod</span> <span class='ocrx_word' id='word_1_451' title='bbox 911 4338 942 4392; x_wconf 91' lang='lat' dir='ltr'>et</span> <span class='ocrx_word' id='word_1_452' title='bbox 961 4329 1098 4393; x_wconf 91' lang='lat' dir='ltr'>sordidis</span> <span class='ocrx_word' id='word_1_453' title='bbox 1117 4325 1362 4408; x_wconf 87' lang='lat' dir='ltr'>cogitationibus</span> <span class='ocrx_word' id='word_1_454' title='bbox 1385 4327 1583 4399; x_wconf 90' lang='lat' dir='ltr'>immoratur,</span> <span class='ocrx_word' id='word_1_455' title='bbox 1600 4324 1656 4406; x_wconf 92' lang='lat' dir='ltr'>qui</span> 
     </span>
     <span class='ocr_line' id='line_1_40' title="bbox 97 4424 1656 4512; baseline -0.003 -23"><span class='ocrx_word' id='word_1_456' title='bbox 97 4425 261 4508; x_wconf 90' lang='lat' dir='ltr'>possibile</span> <span class='ocrx_word' id='word_1_457' title='bbox 276 4424 338 4488; x_wconf 92' lang='lat' dir='ltr'>sibi</span> <span class='ocrx_word' id='word_1_458' title='bbox 353 4433 410 4502; x_wconf 86' lang='lat' dir='ltr'>est,</span> <span class='ocrx_word' id='word_1_459' title='bbox 419 4435 594 4509; x_wconf 89' lang='lat' dir='ltr'>occupetur</span> <span class='ocrx_word' id='word_1_460' title='bbox 608 4435 639 4489; x_wconf 90' lang='lat' dir='ltr'>et</span> <span class='ocrx_word' id='word_1_461' title='bbox 653 4428 856 4510; x_wconf 91' lang='lat' dir='ltr'>conquiescat</span> <span class='ocrx_word' id='word_1_462' title='bbox 911 4429 1053 4512; x_wconf 88' lang='lat' dir='ltr'>quotidie</span> <span class='ocrx_word' id='word_1_463' title='bbox 1073 4428 1160 4490; x_wconf 89' lang='lat' dir='ltr'>addit</span> <span class='ocrx_word' id='word_1_464' title='bbox 1181 4432 1312 4509; x_wconf 87' lang='lat' dir='ltr'>peccata</span> <span class='ocrx_word' id='word_1_465' title='bbox 1335 4425 1485 4509; x_wconf 89' lang='lat' dir='ltr'>peccatis,</span> <span class='ocrx_word' id='word_1_466' title='bbox 1507 4424 1565 4486; x_wconf 92' lang='lat' dir='ltr'>iste</span> <span class='ocrx_word' id='word_1_467' title='bbox 1587 4431 1656 4485; x_wconf 92' lang='lat' dir='ltr'>tan·</span> 
     </span>
     <span class='ocr_line' id='line_1_41' title="bbox 97 4522 1657 4610; baseline -0.001 -22"><span class='ocrx_word' id='word_1_468' title='bbox 97 4525 293 4588; x_wconf 90' lang='lat' dir='ltr'>immediate</span> <span class='ocrx_word' id='word_1_469' title='bbox 312 4525 347 4586; x_wconf 93' lang='lat' dir='ltr'>in</span> <span class='ocrx_word' id='word_1_470' title='bbox 366 4543 415 4600; x_wconf 89' lang='lat' dir='ltr'>eo,</span> <span class='ocrx_word' id='word_1_471' title='bbox 432 4527 677 4608; x_wconf 89' lang='lat' dir='ltr'>contemplando</span> <span class='ocrx_word' id='word_1_472' title='bbox 694 4527 855 4589; x_wconf 90' lang='lat' dir='ltr'>infinitam</span> <span class='ocrx_word' id='word_1_473' title='bbox 911 4547 1007 4610; x_wconf 90' lang='lat' dir='ltr'>quam</span> <span class='ocrx_word' id='word_1_474' title='bbox 1024 4526 1165 4589; x_wconf 82' lang='lat' dir='ltr'>infidelis</span> <span class='ocrx_word' id='word_1_475' title='bbox 1185 4533 1216 4587; x_wconf 91' lang='lat' dir='ltr'>et</span> <span class='ocrx_word' id='word_1_476' title='bbox 1236 4525 1399 4606; x_wconf 90' lang='lat' dir='ltr'>negligens</span> <span class='ocrx_word' id='word_1_477' title='bbox 1419 4522 1546 4586; x_wconf 86' lang='lat' dir='ltr'>villicus</span> <span class='ocrx_word' id='word_1_478' title='bbox 1566 4523 1657 4586; x_wconf 91' lang='lat' dir='ltr'>dissi·</span> 
     </span>
     <span class='ocr_line' id='line_1_42' title="bbox 101 4621 1657 4711; baseline -0.001 -24"><span class='ocrx_word' id='word_1_479' title='bbox 101 4623 499 4698; x_wconf 86' lang='lat' dir='ltr'>honitatem,immensam</span> <span class='ocrx_word' id='word_1_480' title='bbox 515 4626 798 4708; x_wconf 92' lang='lat' dir='ltr'>pulchritudinem,</span> <span class='ocrx_word' id='word_1_481' title='bbox 811 4646 856 4689; x_wconf 89' lang='lat' dir='ltr'>sa·</span> <span class='ocrx_word' id='word_1_482' title='bbox 912 4634 965 4711; x_wconf 94' lang='lat' dir='ltr'>pat</span> <span class='ocrx_word' id='word_1_483' title='bbox 987 4626 1113 4689; x_wconf 90' lang='lat' dir='ltr'>Domini</span> <span class='ocrx_word' id='word_1_484' title='bbox 1136 4625 1184 4687; x_wconf 93' lang='lat' dir='ltr'>sui</span> <span class='ocrx_word' id='word_1_485' title='bbox 1207 4623 1428 4697; x_wconf 91' lang='lat' dir='ltr'>substantiam,</span> <span class='ocrx_word' id='word_1_486' title='bbox 1450 4621 1573 4685; x_wconf 90' lang='lat' dir='ltr'>scilicet</span> <span class='ocrx_word' id='word_1_487' title='bbox 1592 4624 1657 4686; x_wconf 93' lang='lat' dir='ltr'>ani·</span> 
     </span>
     <span class='ocr_line' id='line_1_43' title="bbox 96 4721 1656 4808; baseline -0.001 -22"><span class='ocrx_word' id='word_1_488' title='bbox 96 4724 275 4806; x_wconf 90' lang='lat' dir='ltr'>pientiam,</span> <span class='ocrx_word' id='word_1_489' title='bbox 304 4723 580 4806; x_wconf 87' lang='lat' dir='ltr'>omnipotentiam,</span> <span class='ocrx_word' id='word_1_490' title='bbox 609 4725 853 4800; x_wconf 89' lang='lat' dir='ltr'>beatitudiuem,</span> <span class='ocrx_word' id='word_1_491' title='bbox 912 4745 996 4788; x_wconf 93' lang='lat' dir='ltr'>mam</span> <span class='ocrx_word' id='word_1_492' title='bbox 1013 4724 1175 4808; x_wconf 87' lang='lat' dir='ltr'>propriam</span> <span class='ocrx_word' id='word_1_493' title='bbox 1191 4741 1324 4786; x_wconf 86' lang='lat' dir='ltr'>summae</span> <span class='ocrx_word' id='word_1_494' title='bbox 1339 4721 1501 4785; x_wconf 88' lang='lat' dir='ltr'>Trinitatis</span> <span class='ocrx_word' id='word_1_495' title='bbox 1518 4722 1656 4804; x_wconf 87' lang='lat' dir='ltr'>imagine</span> 
     </span>
     <span class='ocr_line' id='line_1_44' title="bbox 95 4821 1656 4904; baseline -0.001 -18"><span class='ocrx_word' id='word_1_496' title='bbox 95 4840 303 4904; x_wconf 90' lang='lat' dir='ltr'>omnemque</span> <span class='ocrx_word' id='word_1_497' title='bbox 320 4821 562 4904; x_wconf 89' lang='lat' dir='ltr'>perfectionem,</span> <span class='ocrx_word' id='word_1_498' title='bbox 580 4825 779 4898; x_wconf 88' lang='lat' dir='ltr'>suavitatem,</span> <span class='ocrx_word' id='word_1_499' title='bbox 799 4825 856 4886; x_wconf 93' lang='lat' dir='ltr'>mi·</span> <span class='ocrx_word' id='word_1_500' title='bbox 911 4825 1091 4888; x_wconf 91' lang='lat' dir='ltr'>decoratam</span> <span class='ocrx_word' id='word_1_501' title='bbox 1106 4830 1138 4886; x_wconf 91' lang='lat' dir='ltr'>et</span> <span class='ocrx_word' id='word_1_502' title='bbox 1152 4822 1305 4904; x_wconf 87' lang='lat' dir='ltr'>sanguine</span> <span class='ocrx_word' id='word_1_503' title='bbox 1321 4821 1436 4885; x_wconf 83' lang='lat' dir='ltr'>Christi</span> <span class='ocrx_word' id='word_1_504' title='bbox 1451 4822 1656 4904; x_wconf 90' lang='lat' dir='ltr'>redemptam,</span> 
     </span>
     <span class='ocr_line' id='line_1_45' title="bbox 95 4920 1657 5007; baseline 0 -23"><span class='ocrx_word' id='word_1_505' title='bbox 95 4922 327 4998; x_wconf 88' lang='lat' dir='ltr'>sericordiem‚</span> <span class='ocrx_word' id='word_1_506' title='bbox 351 4923 507 5004; x_wconf 84' lang='lat' dir='ltr'>justitiam</span> <span class='ocrx_word' id='word_1_507' title='bbox 538 4942 575 4986; x_wconf 92' lang='lat' dir='ltr'>ac</span> <span class='ocrx_word' id='word_1_508' title='bbox 600 4923 856 4986; x_wconf 89' lang='lat' dir='ltr'>munificentiam</span> <span class='ocrx_word' id='word_1_509' title='bbox 912 4944 1009 5007; x_wconf 92' lang='lat' dir='ltr'>quam</span> <span class='ocrx_word' id='word_1_510' title='bbox 1037 4922 1134 4985; x_wconf 89' lang='lat' dir='ltr'>tradit</span> <span class='ocrx_word' id='word_1_511' title='bbox 1162 4920 1360 4985; x_wconf 86' lang='lat' dir='ltr'>daemonihus</span> <span class='ocrx_word' id='word_1_512' title='bbox 1389 4922 1657 5004; x_wconf 91' lang='lat' dir='ltr'>constuprandam</span> 
     </span>
     <span class='ocr_line' id='line_1_46' title="bbox 95 5018 1659 5105; baseline -0.001 -21"><span class='ocrx_word' id='word_1_513' title='bbox 95 5022 156 5084; x_wconf 86' lang='lat' dir='ltr'>Dei</span> <span class='ocrx_word' id='word_1_514' title='bbox 182 5021 348 5096; x_wconf 89' lang='lat' dir='ltr'>altissimi,</span> <span class='ocrx_word' id='word_1_515' title='bbox 371 5022 705 5104; x_wconf 82' lang='lat' dir='ltr'>supergloriosissimae</span> <span class='ocrx_word' id='word_1_516' title='bbox 729 5040 856 5105; x_wconf 88' lang='lat' dir='ltr'>quoque</span> <span class='ocrx_word' id='word_1_517' title='bbox 911 5031 1007 5104; x_wconf 89' lang='lat' dir='ltr'>atque</span> <span class='ocrx_word' id='word_1_518' title='bbox 1027 5021 1067 5084; x_wconf 92' lang='lat' dir='ltr'>ab</span> <span class='ocrx_word' id='word_1_519' title='bbox 1087 5020 1200 5084; x_wconf 88' lang='lat' dir='ltr'>inferis</span> <span class='ocrx_word' id='word_1_520' title='bbox 1214 5018 1421 5100; x_wconf 88' lang='lat' dir='ltr'>glutiendam.</span> <span class='ocrx_word' id='word_1_521' title='bbox 1439 5019 1462 5083; x_wconf 90' lang='grc' dir='ltr'><strong>Ο</strong></span> <span class='ocrx_word' id='word_1_522' title='bbox 1477 5027 1596 5103; x_wconf 86' lang='lat' dir='ltr'>quanta</span> <span class='ocrx_word' id='word_1_523' title='bbox 1611 5027 1659 5082; x_wconf 87' lang='lat' dir='ltr'>est</span> 
     </span>
     <span class='ocr_line' id='line_1_47' title="bbox 96 5119 1658 5202; baseline -0.002 -19"><span class='ocrx_word' id='word_1_524' title='bbox 96 5119 273 5183; x_wconf 89' lang='lat' dir='ltr'>Trinitatis</span> <span class='ocrx_word' id='word_1_525' title='bbox 298 5128 443 5184; x_wconf 91' lang='lat' dir='ltr'>mutuam</span> <span class='ocrx_word' id='word_1_526' title='bbox 470 5121 685 5196; x_wconf 90' lang='lat' dir='ltr'>intuitionem,</span> <span class='ocrx_word' id='word_1_527' title='bbox 713 5129 856 5184; x_wconf 92' lang='lat' dir='ltr'>mutuam</span> <span class='ocrx_word' id='word_1_528' title='bbox 912 5121 1092 5196; x_wconf 75' lang='lat' dir='ltr'>excaecatio,</span> <span class='ocrx_word' id='word_1_529' title='bbox 1110 5119 1313 5202; x_wconf 88' lang='lat' dir='ltr'>ingratitudo,</span> <span class='ocrx_word' id='word_1_530' title='bbox 1329 5119 1522 5201; x_wconf 84' lang='lat' dir='ltr'>negligentia</span> <span class='ocrx_word' id='word_1_531' title='bbox 1540 5126 1572 5181; x_wconf 90' lang='lat' dir='ltr'>et</span> <span class='ocrx_word' id='word_1_532' title='bbox 1589 5137 1658 5200; x_wconf 92' lang='lat' dir='ltr'>per-</span> 
     </span>
     <span class='ocr_line' id='line_1_48' title="bbox 96 5217 1316 5302; baseline -0.002 -21"><span class='ocrx_word' id='word_1_533' title='bbox 96 5220 597 5302; x_wconf 88' lang='lat' dir='ltr'>dilectionem,complacentiam</span> <span class='ocrx_word' id='word_1_534' title='bbox 611 5239 648 5283; x_wconf 89' lang='lat' dir='ltr'>ac</span> <span class='ocrx_word' id='word_1_535' title='bbox 663 5219 856 5296; x_wconf 91' lang='lat' dir='ltr'>fruitionem,</span> <span class='ocrx_word' id='word_1_536' title='bbox 913 5221 1045 5284; x_wconf 89' lang='lat' dir='ltr'>versitas</span> <span class='ocrx_word' id='word_1_537' title='bbox 1067 5219 1208 5284; x_wconf 91' lang='lat' dir='ltr'>hominis</span> <span class='ocrx_word' id='word_1_538' title='bbox 1230 5217 1316 5280; x_wconf 89' lang='lat' dir='ltr'>talisi</span> 
     </span>
     <span class='ocr_line' id='line_1_49' title="bbox 97 5315 1658 5398; baseline -0.003 -14"><span class='ocrx_word' id='word_1_539' title='bbox 97 5321 159 5384; x_wconf 89' lang='lat' dir='ltr'>sed</span> <span class='ocrx_word' id='word_1_540' title='bbox 176 5327 215 5384; x_wconf 91' lang='lat' dir='ltr'>et</span> <span class='ocrx_word' id='word_1_541' title='bbox 229 5319 464 5384; x_wconf 90' lang='lat' dir='ltr'>emanationem</span> <span class='ocrx_word' id='word_1_542' title='bbox 481 5337 518 5382; x_wconf 91' lang='lat' dir='ltr'>ac</span> <span class='ocrx_word' id='word_1_543' title='bbox 534 5319 856 5382; x_wconf 88' lang='lat' dir='ltr'>communicationem</span> <span class='ocrx_word' id='word_1_544' title='bbox 952 5321 1105 5385; x_wconf 77' lang='lat' dir='ltr'>Praeterea</span> <span class='ocrx_word' id='word_1_545' title='bbox 1130 5317 1221 5380; x_wconf 92' lang='lat' dir='ltr'>multi</span> <span class='ocrx_word' id='word_1_546' title='bbox 1244 5325 1318 5378; x_wconf 91' lang='lat' dir='ltr'>sunt</span> <span class='ocrx_word' id='word_1_547' title='bbox 1341 5315 1459 5398; x_wconf 90' lang='lat' dir='ltr'>quihus</span> <span class='ocrx_word' id='word_1_548' title='bbox 1484 5317 1550 5380; x_wconf 85' lang='lat' dir='ltr'>haec</span> <span class='ocrx_word' id='word_1_549' title='bbox 1572 5323 1658 5380; x_wconf 89' lang='lat' dir='ltr'>tanta</span> 
     </span>
    </p>
   </div>
   <div class='ocr_carea' id='block_1_3' title="bbox 0 0 2074 6258">
    <p class='ocr_par' dir='ltr' id='par_1_3' title="bbox 0 0 2074 6258">
     <span class='ocr_line' id='line_1_50' title="bbox 0 0 2074 6258; baseline 0 2"><span class='ocrx_word' id='word_1_550' title='bbox 0 0 2074 6258; x_wconf 95' lang='lat' dir='ltr'> </span> 
     </span>
    </p>
   </div>
  </div>
 </body>
</html>
