4214 6254
484 509 632 558 oolrrttca
653 511 662 557 l
683 509 758 558 POST
777 509 971 558 ramirum.
992 529 1032 542 -
1053 511 1152 560 saulo
1172 512 1297 560 rultrtoa

656 924 848 1011 sartho
886 924 1129 1014 TERTIUS

372 1190 490 1238 CONTRA
512 1190 693 1236 mtrerortas
714 1191 825 1238 otvtrls
847 1191 1004 1250 remorre,
1025 1191 1063 1238 ΕΤ
1083 1191 1201 1239 GON'l'llA
1222 1193 1307 1240 Vl'l'lA
1327 1193 1407 1242 EIUS.

183 1471 232 1532 AE
248 1471 336 1530 vobis
355 1471 415 1548 qui
433 1471 578 1530 saturati
595 1471 684 1539 estis,
700 1471 779 1549 quic
798 1488 866 1530 estt-
879 1469 905 1533 A
919 1469 1085 1552 Propheta,
1102 1469 1205 1534 Nolite
1228 1469 1346 1535 babere
1370 1474 1509 1552 divitiae,
1526 1479 1592 1554 sed,
1609 1479 1667 1545 No-

199 1569 303 1630 idetis.
320 1567 395 1630 Luc.
411 1585 455 1642 vr,
471 1565 520 1631 rt.
920 1568 975 1630 lite
991 1587 1045 1632 cor
1059 1587 1219 1653 apponere
1236 1589 1244 1633 :
1261 1589 1324 1636 non
1340 1573 1427 1638 enim
1443 1577 1572 1641 damnat
1586 1579 1667 1642 divi-

158 1665 340 1728 Secundum
364 1665 450 1748 quod
469 1664 613 1728 Christus
635 1664 733 1728 Filius
754 1665 811 1728 Dei
832 1663 865 1726 in
919 1668 990 1742 tias,
1007 1668 1126 1750 quibus
1146 1671 1323 1750 promereri
1342 1690 1512 1755 pessumus
1532 1695 1665 1758 regnum

19 1783 109 1833 attin,
122 1763 290 1846 Evangelio
309 1764 411 1837 docet,
430 1771 517 1826 arcta
539 1769 589 1826 est
612 1763 665 1826 via
685 1782 756 1845 qua
776 1763 865 1825 ducit
919 1765 1084 1840 coelorum,
1097 1768 1152 1830 sed
1168 1785 1223 1830 cor
1236 1770 1430 1852 appositum,
1440 1774 1524 1854 quod
1540 1775 1667 1840 divitias

19 1877 24 1890 ·
120 1862 155 1924 ad
171 1862 279 1925 vitam.
296 1861 334 1924 Et
348 1861 415 1924 hec
430 1869 517 1924 arcta
530 1862 593 1936 via,
604 1869 652 1925 est
667 1861 865 1925 conversatio
919 1882 982 1926 non
998 1863 1080 1927 bene
1096 1866 1257 1947 expendit,
1274 1867 1437 1932 sedavere
1453 1872 1604 1936 recondit.

121 1959 344 2043 poenitentialis
369 1978 405 2022 ac
430 1960 581 2036 virtuosa,
601 1967 636 2022 ut
659 1959 783 2023 scilicet
806 1977 864 2041 pro
959 1962 1019 2024 Sed
1034 1969 1111 2026 tunc
1126 1963 1295 2045 diligenter
1309 1970 1517 2048 querendum
1533 1979 1591 2047 est,
1609 1991 1667 2036 cur

120 2060 255 2142 pcccatis
270 2059 387 2123 nostris
402 2059 545 2142 quotidie
561 2078 617 2125 nos
633 2058 816 2141 affligemus
832 2066 864 2122 et
918 2059 1060 2123 Christus
1075 2061 1182 2124 verbis
1198 2070 1230 2125 et
1244 2065 1391 2147 exemplo
1408 2073 1471 2130 tam
1486 2070 1668 2152 specialiter

119 2176 249 2241 corpora
270 2159 473 2240 castigemus,
497 2159 606 2241 sicque
628 2178 686 2241 per
707 2159 865 2241 poeniten-
918 2175 954 2219 ac
980 2157 1165 2240 frequenter
1188 2161 1296 2224 docuit
1317 2162 1502 2228 divitiarum
1527 2176 1666 2233 contem-

118 2259 166 2320 tiae
187 2277 285 2340 opera
306 2259 371 2321 Deo
390 2276 448 2340 pro
468 2258 564 2320 illatis
584 2257 645 2320 sibi
667 2257 796 2338 injuriis
817 2274 864 2318 sa·
918 2263 1020 2338 ptum,
1046 2266 1330 2342 paupertatemque
1355 2266 1600 2328 commendavit.
1628 2268 1667 2331 Et

118 2356 264 2420 tisiacere
283 2373 340 2439 pro
360 2373 452 2439 posse
472 2375 634 2419 conemur.
652 2356 725 2417 ldeo
745 2354 861 2429 sobrie,
918 2355 1175 2436 respondendum
1190 2359 1275 2440 quod
1291 2359 1373 2436 iden,
1385 2363 1461 2444 quin
1474 2365 1565 2428 valde
1581 2366 1666 2429 diffi-

118 2471 178 2516 non
203 2455 382 2537 crapulose,
405 2455 513 2518 vivere
535 2453 726 2535 obligamur,
752 2472 863 2535 quem·
917 2452 978 2515 cile
994 2461 1041 2516 cst
1060 2472 1097 2516 ac
1117 2474 1223 2518 rarum
1243 2457 1364 2521 divitiis
1384 2458 1466 2524 bene
1486 2463 1543 2538 nti,
1560 2472 1591 2526 et
1609 2483 1666 2548 per

18 2581 104 2626 ,mn
117 2554 287 2616 admodum
312 2572 422 2616 rursus
443 2555 486 2616 ait
508 2553 650 2616 Salvator
666 2571 673 2614 :
689 2552 800 2614 Videte
822 2571 862 2616 ne
917 2569 970 2613 eas
984 2571 1002 2613 e
1018 2552 1081 2615 Deo
1096 2571 1132 2616 ac
1148 2554 1302 2618 virtutum
1320 2557 1465 2639 profectu
1485 2577 1547 2624 non
1564 2563 1665 2646 impe·

116 2659 287 2733 graventur
307 2652 402 2716 corda
420 2660 524 2714 vestra
543 2651 674 2733 crapula
689 2651 739 2714 vel
760 2650 861 2714 ebrie·
877 2647 900 2710 B
916 2649 989 2712 diri.
1015 2651 1093 2713 h'am
1118 2660 1150 2716 et
1174 2653 1243 2735 ipse
1267 2655 1410 2720 Salvator
1433 2658 1465 2721 in
1493 2659 1665 2744 Evangelio

117 2760 186 2816 vate,
917 2755 1108 2830 protestatur
1126 2751 1248 2826 :Quam
1271 2754 1406 2818 difficile
1431 2758 1486 2840 qui
1511 2763 1663 2841 pecunias
1677 2783 1809 2840 anema,

153 2853 243 2914 Nunc
264 2868 339 2932 ergo
358 2868 530 2932 pensemus
550 2855 680 2932 propter
699 2869 770 2932 que
788 2868 861 2931 pec·
916 2847 1044 2922 habent,
1071 2851 1235 2914 intrabunt
1265 2852 1297 2915 in
1328 2873 1460 2936 regnum
1486 2858 1639 2922 coelorum
1653 2867 1660 2922 l
1676 2845 1730 2954 ff·
1751 2863 1809 2903 ”¹¹¹¹

117 2957 182 3012 cata
196 2949 297 3012 fuerit
315 2948 404 3012 dives
424 2949 482 3010 iste
501 2947 680 3010 damnatus,
698 2947 736 3010 Et
754 2948 860 3011 dicen·
915 2947 1111 3027 Augustinus
1134 2967 1261 3032 quoque
1278 2967 1285 3012 :
1303 2951 1443 3018 Difficile
1462 2955 1597 3038 (inquit)
1614 2966 1663 3020 est

116 3047 293 3130 dum‚quod
309 3045 411 3128 primo
427 3053 604 3108 notaturac
620 3045 861 3126 reprehenditur
917 3051 951 3106 ut
976 3063 1039 3107 uon
1066 3046 1106 3108 sit
1131 3047 1289 3128 superbus
1313 3050 1368 3131 qui
1393 3050 1482 3114 dives
1512 3062 1569 3117 est.
1596 3056 1663 3120 lmo

116 3147 152 3208 de
167 3147 310 3209 avaritia.
327 3145 395 3208 Non
415 3145 502 3207 enim
519 3143 686 3227 displicuit
704 3143 768 3206 Deo
782 3161 860 3226 quo·
916 3142 1158 3226 Chrysostomus
1175 3145 1316 3227 loquitur
1328 3164 1334 3209 :
1347 3149 1536 3215 Divitiarum
1552 3172 1663 3237 seque-

116 3245 199 3307 niam
214 3245 306 3308 dives
321 3243 392 3317 fuit,
409 3261 508 3326 quum
525 3251 557 3304 et
572 3243 655 3305 Deus
673 3261 799 3304 summe
813 3243 860 3304 di·
917 3241 957 3315 la,
979 3251 1027 3304 est
1052 3242 1187 3316 luxuria,
1209 3245 1255 3306 ira
1281 3244 1500 3330 intemperata,
1517 3270 1663 3334 arrogan-

115 3361 168 3404 ves
187 3342 328 3406 exsistat.
346 3341 444 3414 Unde,
461 3339 731 3423 quemadmodum
751 3340 784 3402 in
803 3339 860 3404 lob
917 3339 971 3413 tia,
996 3340 1080 3420 gula,
1107 3349 1138 3403 et
1162 3343 1267 3404 omnis
1295 3343 1521 3412 irrationabilis
1547 3358 1661 3414 motus.

114 3441 276 3514 asseritur,
289 3439 371 3502 Deus
387 3446 532 3521 potentes
548 3455 611 3502 non
626 3438 748 3518 abjicit,
760 3457 860 3521 quum
916 3437 976 3500 Sed
1001 3447 1032 3501 et
1056 3439 1199 3502 Valerius
1224 3441 1360 3506 scribit:
1379 3445 1473 3508 Dives
1498 3448 1531 3511 in
1555 3467 1665 3532 super·

114 3541 236 3623 etipse
262 3539 304 3601 sit
327 3546 458 3621 potens3
476 3538 522 3600 sic
547 3538 652 3600 dicere
677 3555 858 3619 possumus,
915 3536 1074 3600 fluitatem
1099 3540 1279 3615 resolvitur,
1299 3541 1452 3621 jactantia
1475 3545 1662 3625 effrenatur,

113 3637 194 3700 Deus
210 3637 327 3700 divites
343 3655 407 3700 non
426 3635 549 3717 abjicit,
565 3655 665 3719 quum
682 3643 713 3697 et
730 3636 798 3717 ipsc
818 3635 860 3698 sit
915 3637 1015 3698 currit
1030 3637 1069 3700 ad
1090 3636 1229 3713 libitum,
1246 3647 1277 3700 et
1296 3641 1417 3703 corruit
1432 3643 1471 3705 ad
1491 3643 1661 3728 illicitum3

112 3737 209 3799 dives.
227 3737 333 3819 Atque
348 3743 384 3797 ut
399 3734 480 3798 libro
500 3735 538 3797 de
554 3733 687 3798 Givitate
707 3734 762 3796 Dei
777 3751 860 3796 asse·
914 3734 1063 3817 fiuntque
1087 3735 1116 3798 ei
1148 3736 1358 3800 instrumenta
1387 3757 1565 3822 poenarum,
1591 3765 1663 3828 que

112 3836 151 3896 rit
170 3835 380 3917 Augustinus,
398 3834 480 3897 Deus
502 3841 550 3895 est
570 3833 659 3895 dives
679 3851 743 3896 non
766 3851 859 3914 pecu·
875 3830 897 3894 G
914 3833 1045 3896 fuerunt
1063 3832 1297 3898 oblectamenta
1313 3837 1490 3919 culparum.
1508 3842 1566 3916 Qui
1587 3861 1663 3925 ergo

111 3933 171 4008 nia,
189 3934 245 3996 sed
267 3933 507 4014 omnipotentia.
526 3931 642 3994 Verum
664 3930 783 3992 idcireo
797 3931 859 3993 dis·
914 3932 1041 3994 divitias
1057 3940 1153 4006 amat,
1170 3943 1339 4015 congregat
1358 3945 1412 3999 aut
1432 3949 1582 4016 reservat,
1599 3961 1662 4005 mc·

110 4033 223 4114 plicuit
248 4033 339 4094 dives
364 4031 417 4092 hic
441 4031 517 4104 lieo,
534 4030 609 4112 qnia
633 4028 760 4092 divitias
785 4049 858 4092 suas
914 4029 1009 4092 rimis
1024 4047 1058 4092 se
1074 4029 1209 4092 involvit
1224 4032 1660 4120 periculis.Denique,quum

110 4132 274 4194 excessivo
298 4129 427 4204 amavit,
450 4147 544 4191 avare
568 4127 681 4200 tenuit,
705 4127 858 4190 immode·
913 4129 951 4190 ad
967 4128 1097 4210 praefata
1113 4136 1243 4211 peccata
1258 4131 1349 4212 proni
1366 4133 1431 4195 sint
1445 4135 1571 4210 divites,
1587 4157 1661 4202 con·

110 4237 214 4290 ranter
228 4246 268 4292 ac
283 4227 473 4310 voluptuose
491 4226 699 4307 consumpsit,
717 4226 859 4308 indigen·
912 4227 1137 4308 gruentissime
1157 4227 1269 4290 scribit
1283 4229 1452 4311 Apostolus
1467 4233 1634 4300 Timotheo
1651 4255 1658 4300 :

109 4327 193 4389 tibus
209 4345 275 4390 non
291 4325 549 4388 communicavit.
562 4323 630 4387 Non
647 4342 722 4405 ergo
738 4325 858 4388 divitie
914 4326 1072 4388 Divitibus
1088 4325 1185 4406 hujus
1206 4327 1314 4388 seculi
1331 4329 1468 4413 precipe
1484 4349 1546 4395 uon
1562 4335 1660 4398 subli-
1687 4355 1695 4399 1
1710 4355 1766 4400 rim.
1777 4370 1806 4410 n,

110 4433 183 4487 sunt
210 4425 245 4487 in
271 4425 376 4506 culpa,
402 4423 457 4486 sed
487 4421 685 4486 inordinatus
713 4441 803 4487 amor
827 4431 859 4486 et
914 4443 965 4487 me
987 4444 1109 4506 sapere,
1135 4425 1237 4486 idest
1261 4442 1322 4488 non
1347 4428 1514 4510 superbire
1536 4450 1594 4495 uec
1619 4434 1658 4496 de
1675 4421 1752 4471 '⁷⁸¹⁸'

109 4525 227 4586 abusus
254 4541 374 4586 earum.
398 4524 528 4604 Propter
551 4522 636 4604 quod
660 4522 705 4584 ait
727 4523 859 4586 Ambro-
913 4543 946 4586 se
964 4523 1042 4606 ipsis
1058 4542 1170 4605 magna
1190 4524 1324 4604 sentire;
1341 4545 1399 4588 nec
1415 4547 1543 4610 sperare
1558 4532 1590 4594 in
1612 4533 1659 4596 in-

109 4623 174 4685 sius
193 4641 199 4685 t
216 4622 288 4685 h'on
309 4621 341 4682 in
362 4619 565 4684 facultatibus
585 4620 708 4682 crimen
728 4629 786 4696 est,
803 4622 858 4684 sed
914 4631 1001 4685 certo
1015 4623 1210 4698 divitiarum,
1227 4623 1281 4686 sed
1303 4623 1334 4686 in
1356 4625 1420 4689 Deo
1438 4628 1527 4710 vivo;
1543 4632 1658 4697 divites

111 4723 142 4784 in
157 4722 207 4784 his
223 4720 281 4804 qui
297 4719 344 4782 eis
365 4719 447 4781 male
467 4727 609 4781 utuntur.
627 4719 705 4782 Nam
726 4720 856 4796 divitie,
914 4721 986 4784 fieri
1003 4722 1034 4783 in
1050 4720 1200 4803 operibns
1217 4721 1319 4798 bonis,
1337 4722 1431 4788 facile
1445 4728 1595 4792 tribuere.

110 4823 191 4884 sieut
207 4819 437 4901 impedimenta
452 4824 524 4880 sunt
539 4817 753 4901 improbis,ita
768 4819 859 4883 bonis
954 4820 1099 4883 meando
1114 4820 1359 4902 reprehenditur
1372 4823 1461 4888 dives
1479 4827 1538 4890 iste
1554 4829 1592 4892 de
1608 4851 1659 4896 su·

110 4920 306 5002 adjutorium
322 4925 397 4980 sunt
412 4917 549 4979 virtutis.
566 4917 645 4978 llinc
664 4918 709 4979 ait
723 4919 858 5001 Prophe·
915 4919 1108 5003 perfinitum,
1124 4919 1317 4996 curiositate,
1334 4941 1452 5006 pompa
1466 4933 1562 5009 atque
1581 4931 1660 4994 mol-

24 5044 98 5094 unn.
112 5029 142 5083 ta
158 5039 165 5084 :
183 5018 309 5083 Divitia
325 5017 351 5078 si
370 5013 517 5088 affluant,
535 5015 632 5078 nolite
651 5033 706 5078 cor
722 5035 860 5099 appone·
875 5019 899 5082 l)
915 5019 982 5081 litie
1008 5017 1039 5078 in
1063 5017 1206 5080 vestibus
1233 5036 1240 5080 :
1267 5038 1340 5082 nam
1366 5029 1454 5085 extra
1482 5043 1658 5109 purpuram

113 5142 154 5184 re.
171 5121 276 5201 Super
291 5135 362 5199 qum
376 5114 474 5178 verba
489 5113 630 5196 loquitur
644 5115 856 5197 Augustinus:
912 5117 996 5191 tulit,
1018 5123 1049 5178 et
1071 5117 1111 5178 ad
1134 5135 1250 5199 corpus
1276 5119 1408 5194 nudum,
1431 5125 1658 5190 tenuissimum

111 5220 169 5293 Qui
194 5213 379 5280 nonhabet
403 5213 542 5285 divitias,
565 5229 628 5276 non
653 5213 762 5297 cupiat
786 5233 857 5298 eas;
912 5236 949 5280 ac
965 5215 1212 5278 subtilissimum
1233 5217 1335 5278 induit
1355 5217 1498 5301 byssum,
1514 5231 1590 5304 puta
1608 5245 1657 5288 ca·

111 5319 166 5404 qui
196 5317 305 5392 habet,
330 5332 395 5378 non
423 5311 596 5396 superbiat.
622 5311 661 5374 Et
689 5331 752 5377 non
781 5315 859 5380 dicit
914 5316 1040 5379 misiam
1055 5315 1240 5398 hujusmodi
1256 5315 1382 5378 lineam.
1399 5318 1540 5392 Qualiter
1552 5329 1658 5392 autem
