4164 6258
422 461 482 527 268
644 481 792 530 noururca
813 482 845 528 vr
866 481 939 528 rosr
958 479 1154 528 rnrurmreu.
1175 495 1221 512 -·
1236 481 1278 528 an
1299 480 1494 543 nnurcrosos3
1517 479 1615 528 senno
1636 479 1749 527 saurus

422 651 495 715 aliis
519 652 582 716 cito
606 654 802 730 accenditur,
826 652 881 717 sed
911 653 1089 728 difficulter
1116 673 1169 718 ex·
1184 652 1210 716 Α
1224 673 1301 719 vero
1323 655 1413 718 tarde
1437 653 1633 729 accenditur,
1655 659 1688 716 et
1711 651 1777 715 cito
1798 650 1950 734 exstingui·

423 751 596 832 stinguitur
613 769 620 814 :
637 753 722 834 quod
744 752 920 835 pessimum
942 772 1012 816 esse
1036 760 1166 817 constat.
1225 760 1300 832 tur:
1317 754 1403 836 quod
1426 752 1540 816 ceteris
1565 751 1680 815 melius
1703 749 1871 832 judicatur.
1889 751 1950 814 ldco

422 848 457 911 ln
473 849 636 912 nonnullis
652 851 740 914 tarde
754 851 950 927 accenditur,
966 858 998 914 et
1012 853 1101 915 tarde
1117 872 1169 914 ex·
1224 853 1315 934 juxta
1329 859 1479 936 protacta
1493 869 1550 913 nos
1565 850 1762 933 regulemus,
1778 848 1857 912 iram
1869 856 1898 912 et
1910 868 1950 913 ce·

422 947 595 1029 stinguitur
612 966 619 1010 :
636 950 721 1031 quod
741 949 861 1013 malum
882 957 939 1014 est.
953 951 989 1013 ln
1007 949 1169 1033 aliquibus
1225 959 1308 1013 teras
1329 948 1492 1031 passiones
1512 949 1689 1015 vincemus.

969 1398 1164 1486 SERlllO
1202 1396 1421 1486 SEXTUS

768 1665 808 1713 Db
833 1664 1105 1714 anconemmmotm
1130 1663 1284 1712 sturmen
1309 1665 1390 1712 ANTE
1415 1665 1617 1713 opttmorlmr.

481 1947 505 2007 I
515 1950 612 2024 offers
625 1965 747 2007 munus
758 1955 852 2006 tuum
863 1954 939 2006 ante
949 1950 1066 2016 altare,
1078 1954 1108 2005 et
1124 1947 1171 2004 ibi
1186 1944 1209 2006 B
1224 1945 1287 2008 lem
1303 1951 1357 2007 aut
1372 1944 1583 2028 spiritualem,
1600 1943 1751 2008 videlicet
1765 1944 1903 2026 aliquem
1915 1964 1956 2007 ac·

497 2047 688 2105 recordatus
711 2045 820 2121 fueris
843 2047 924 2124 quia
945 2046 1056 2122 frater
1081 2053 1169 2113 tuus,
1224 2051 1291 2106 tum
1316 2043 1355 2105 ad
1380 2043 1435 2106 uei
1459 2042 1625 2118 honorem,
1649 2042 1793 2107 volueris
1812 2043 1910 2107 lacere
1929 2045 1956 2106 in

421 2149 481 2205 etc.
498 2141 604 2232 llatth.
621 2159 651 2214 v,
668 2139 719 2216 23,
735 2139 785 2203 tt.
1224 2142 1344 2223 templo
1362 2141 1519 2204 materiali
1533 2149 1565 2204 et
1580 2142 1651 2223 ejus
1667 2141 1771 2218 altari,
1792 2141 1859 2206 sive
1878 2141 1907 2204 in
1922 2143 1957 2205 el·

328 2278 365 2315 .1,
390 2294 397 2307 .
462 2239 551 2302 Sicut
575 2239 619 2302 ait
642 2240 808 2322 Propheta,
824 2241 931 2303 Justus
956 2239 1121 2314 Dominus,
1138 2247 1170 2300 et
1223 2239 1283 2302 teri
1299 2239 1458 2321 spirituali
1476 2247 1509 2302 et
1527 2239 1648 2322 templo
1668 2239 1828 2314 interiori,
1844 2247 1915 2323 puta
1930 2241 1956 2302 in

419 2337 560 2419 justitias
576 2336 696 2400 dilexit.
713 2338 786 2400 ldeo
801 2338 900 2419 exigit
914 2339 1019 2420 utqui
1033 2337 1167 2400 alterum
1223 2338 1329 2400 anima
1341 2345 1374 2399 et
1386 2337 1419 2399 in
1432 2337 1498 2400 lide
1511 2356 1568 2400 seu
1581 2337 1728 2417 caritate;
1740 2346 1802 2400 ret
1814 2337 1860 2400 ibi
1870 2356 1958 2400 recor-

420 2435 520 2498 verbo
536 2435 617 2497 laesit
631 2441 684 2497 aut
702 2435 796 2510 lacto,
815 2455 871 2498 seu
891 2436 999 2518 aliquo
1015 2436 1110 2498 modo
1124 2435 1169 2497 ol·
1224 2435 1315 2497 datus
1330 2434 1430 2497 lucris
1446 2435 1521 2516 quia
1537 2434 1634 2497 frater
1652 2442 1727 2497 tuus
1747 2434 1847 2498 babet
1864 2435 1957 2498 adver·

420 2533 534 2608 lendit,
551 2532 725 2595 satisfaciat
740 2534 768 2596 ei
789 2542 958 2616 antequam
975 2533 1097 2615 aliquid
1113 2534 1168 2595 ob·
1223 2552 1294 2595 sum
1309 2539 1341 2594 te
1356 2531 1477 2614 aliquid
1493 2554 1522 2606 a,
1535 2539 1644 2616 utpote
1658 2532 1780 2614 justam
1798 2534 1957 2616 querclam,

421 2631 524 2714 sequii
540 2631 657 2694 ollerat
675 2632 750 2706 lleo,
767 2641 861 2714 prout
882 2632 1016 2715 requirit
1032 2631 1165 2713 justitie.
1223 2651 1260 2695 eo
1275 2633 1360 2714 quod
1375 2631 1404 2694 ei
1421 2631 1454 2692 iu
1470 2632 1577 2714 aliquo
1591 2630 1766 2694 forefecisti
1779 2650 1788 2694 :
1802 2633 1959 2714 «relinque

418 2729 683 2803 Quemadmodum
699 2731 785 2792 eninr
800 2748 864 2793 non
879 2730 1048 2792 dimittitur
1062 2748 1169 2812 pecca·
1223 2731 1268 2793 ibi
1284 2750 1400 2793 munus
1417 2737 1508 2792 tuum
1524 2738 1597 2792 ante
1611 2728 1711 2792 altare
1726 2752 1756 2804 a,
1773 2730 1837 2794 hoc
1854 2738 1909 2804 est,
1923 2731 1960 2793 iu·

419 2837 500 2904 tum,
511 2828 573 2890 nisi
590 2829 776 2891 restituatur
790 2828 999 2903 ablatum,sie
1014 2846 1073 2890 uec
1088 2846 1168 2911 opus
1222 2831 1370 2893 rhoetum
1386 2829 1454 2892 sive
1469 2828 1628 2892 intentum
1645 2829 1843 2912 obsequium
1857 2849 1910 2893 seu
1922 2849 1961 2891 sa·

419 2927 540 2990 bonum
565 2945 603 2989 ex
627 2945 743 3008 genere
768 2946 786 2989 a
814 2927 949 2990 Domino
972 2933 1166 3008 acceptatur,
1222 2928 1384 2992 crilicium
1400 2928 1575 2991 intermitte
1589 2935 1645 2990 aut
1659 2928 1961 3010 suspendeacturel

420 3025 482 3087 nisi
505 3025 560 3106 qui
583 3024 728 3087 offensus
751 3031 799 3088 est
821 3024 906 3106 juste
931 3025 1166 3098 reconcilietur,
1223 3025 1393 3108 proposito,
1402 3026 1530 3088 realiter
1543 3025 1617 3088 iude
1629 3026 1857 3098 cessando‚eut
1869 3028 1960 3108 ipsun

420 3122 596 3205 praesertim
612 3142 714 3204 quum
735 3124 894 3204 ingratum
913 3131 1014 3186 exstet
1034 3123 1166 3204 Spiritui
1183 3122 1204 3186 C
1222 3123 1471 3198 dillerend0,aut
1487 3122 1668 3186 mentaliter
1683 3125 1894 3206 proponendo
1906 3141 1963 3204 age·

420 3221 534 3284 Sancto
555 3221 711 3303 quidquid
734 3222 763 3284 ei
784 3221 950 3295 obtuleris,
967 3221 1111 3302 neglecto
1129 3238 1168 3285 eo
1222 3241 1256 3284 re
1270 3241 1341 3304 quae
1356 3229 1545 3305 sequuntur,
1564 3222 1634 3285 loco
1648 3229 1680 3284 et
1694 3229 1845 3303 tempore
1863 3239 1962 3304 oppor-

419 3319 457 3380 ad
481 3319 564 3400 quod
584 3319 712 3381 teneris.
730 3319 776 3382 Ad
800 3319 884 3381 istud
906 3327 1024 3392 autem,
1043 3319 1097 3401 qui
1118 3318 1167 3381 of·
1221 3327 1319 3400 tun03
1346 3343 1362 3379 u
1382 3329 1414 3382 et
1437 3321 1517 3382 vade
1542 3320 1631 3402 prius
1656 3320 1861 3382 reconciliari
1885 3319 1962 3382 lratri

419 3415 532 3490 lendit,
547 3416 620 3498 jure
635 3416 771 3478 naturali
792 3425 887 3498 atque
903 3416 1013 3479 divino
1029 3424 1163 3479 tenetur.
1221 3425 1325 3492 tuo»,
1349 3436 1423 3480 eum
1446 3418 1601 3500 placando
1625 3425 1657 3480 et
1679 3417 1710 3481 ei
1734 3419 1961 3490 satisfaciendo,

419 3514 587 3596 Deinceps,
613 3521 702 3576 extra
724 3513 889 3576 caritatem
918 3513 965 3576 nil
990 3514 1167 3596 complacet
1221 3524 1253 3578 et
1281 3517 1407 3579 veniam
1438 3517 1574 3598 postula,
1599 3535 1635 3578 ac
1658 3516 1750 3598 juxta
1779 3516 1962 3600 exigentiam

420 3612 493 3674 Deo.
512 3610 631 3674 Caritas
655 3629 730 3674 vero
754 3612 1047 3675 reconciliationem
1073 3612 1166 3675 istam
1221 3615 1349 3695 injuriae
1365 3613 1453 3677 [ratri
1469 3621 1525 3677 tuo
1539 3633 1557 3676 a
1572 3621 1603 3677 ῖθ
1618 3615 1775 3696 irrogatae,
1789 3633 1963 3696 recompen-

420 3708 563 3791 requirit.
581 3709 645 3772 Nec
667 3710 770 3773 solum
792 3717 865 3772 ente
887 3710 1081 3774 oblationem
1105 3711 1168 3773 [leo
1222 3713 1376 3776 sationem
1399 3713 1428 3776 ei
1447 3713 1607 3795 impende.
1624 3713 1774 3776 llundum
1800 3722 1850 3778 est
1870 3723 1963 3777 autem

420 3806 790 3881 exhibendameundum
806 3816 854 3870 est
867 3808 906 3870 ad
922 3808 1103 3889 lratrcm(id
1120 3817 1169 3871 est
1222 3811 1358 3893 pedibus
1378 3810 1609 3894 corporalibus,
1626 3811 1652 3874 si
1673 3829 1818 3893 congrue
1837 3813 1907 3875 lieri
1921 3829 1964 3892 po

420 3923 658 3988 quemcumque
687 3907 869 3988 proximum
898 3907 930 3969 in
959 3908 1018 3970 hoc
1048 3908 1167 3971 mundo
1222 3909 1306 3984 terit,
1323 3917 1359 3971 ut
1374 3911 1400 3972 si
1417 3910 1582 3991 proximus
1602 3910 1657 3992 qui
1673 3909 1824 3974 offensus
1838 3920 1896 3984 est,
1911 3929 1964 3973 non

420 4003 604 4084 degentem)
617 4003 789 4079 offensum,
805 4005 844 4066 ad
860 4023 934 4067 eum
950 4005 1012 4067 sibi
1028 4007 1168 4068 reconci-
1222 4009 1264 4070 sit
1286 4008 1378 4089 longe
1402 4016 1434 4070 θῖ
1453 4008 1555 4089 possit
1578 4008 1698 4072 baberi.
1725 4007 1815 4072 Alias
1840 4009 1964 4092 pedibus

421 4102 585 4182 liandum;
604 4104 659 4166 sed
678 4103 860 4185 specialiter
884 4105 923 4166 ad
948 4123 1111 4167 summum
1136 4113 1168 4167 et
1223 4107 1350 4180 mentis,
1367 4105 1518 4168 videlicet
1540 4104 1659 4168 aflectu
1679 4114 1776 4188 atque
1800 4108 1963 4190 proposito,

421 4201 720 4285 praestantissimum
742 4202 873 4264 fratrem
896 4203 987 4264 illum
1013 4203 1067 4266 Dei
1094 4204 1166 4267 Uni·
1222 4212 1270 4268 est
1284 4204 1437 4280 eundum,
1455 4212 1491 4265 ut
1505 4221 1578 4266 mox
1594 4203 1623 4266 ei
1637 4204 1825 4269 satisfacere
1841 4206 1963 4288 cupias:

418 4301 637 4383 genitum,qui
652 4309 792 4363 nostram
807 4303 999 4364 assumendo
1014 4309 1166 4379 naturam,
1182 4309 1206 4371 D
1222 4303 1306 4384 quod
1322 4303 1476 4384 quianon
1492 4308 1593 4383 potes,
1611 4320 1770 4386 proponas
1792 4323 1870 4368 eum
1889 4322 1965 4366 accc·

419 4399 522 4462 lactus
538 4407 587 4462 est
600 4400 699 4462 frater
714 4407 821 4462 noster
838 4416 844 4460 :
862 4418 957 4481 quem
974 4401 1168 4483 quicumque
1222 4402 1296 4463 dere
1311 4407 1343 4462 θῖ
1358 4400 1484 4482 placare
1499 4408 1677 4482 opportuno
1692 4401 1760 4464 loco
1775 4410 1811 4465 et
1825 4410 1962 4486 tempore.

419 4497 566 4570 ellendit,
584 4497 688 4580 primo
707 4516 782 4559 eum
804 4496 867 4559 sibi
890 4497 1085 4571 reconciliet,
1102 4517 1167 4580 poe·
1261 4500 1437 4580 Porr0,quo
1454 4497 1572 4579 injuria
1586 4499 1734 4582 proximo
1749 4500 1901 4576 lacta,est
1914 4519 1966 4562 ma·

420 4595 562 4669 nitendo,
580 4594 705 4658 veniam
721 4595 922 4678 postulando,
939 4594 1122 4658 confitendo
1137 4604 1168 4658 et
1220 4597 1281 4678 jor,
1298 4604 1330 4659 θῖ
1352 4614 1415 4678 quo
1437 4596 1507 4678 ipse
1529 4597 1585 4679 qui
1606 4597 1752 4660 ollensus
1772 4608 1835 4674 est,
1851 4599 1966 4681 dignior

421 4692 655 4756 satisfaciendo.
673 4693 733 4756 Sed
756 4701 787 4755 et
807 4693 897 4756 Peter
919 4693 1068 4768 coelestis,
1084 4694 1168 4757 lleus
1222 4702 1323 4758 exstet
1338 4702 1393 4757 aut
1413 4693 1536 4770 melior,
1553 4713 1591 4758 eo
1611 4695 1754 4758 velocius
1772 4697 1965 4780 diligentius·

421 4791 568 4864 Trinitas,
585 4790 802 4853 universitatis
822 4790 960 4866 Creator,
976 4791 1081 4873 primo
1103 4810 1168 4855 om·
1222 4812 1285 4875 que
1300 4793 1481 4856 conandum
1497 4800 1546 4856 est
1561 4800 1595 4855 ut
1609 4793 1639 4857 ei
1659 4793 1800 4858 satisfiat
1815 4804 1849 4858 et
1869 4813 1966 4858 recon-

421 4889 511 4951 nium
535 4895 583 4951 est
608 4888 799 4970 placandus3
820 4897 852 4951 et
870 4895 1041 4971 antequam
1063 4891 1093 4953 ei
1111 4889 1167 4952 ali·
1222 4890 1359 4952 cilietur.
1377 4890 1463 4952 lstud
1479 4891 1586 4972 itaque
1602 4891 1641 4953 de
1656 4892 1852 4957 necessitate
1866 4893 1966 4956 salutis

369 4991 373 4998 '
422 4986 500 5068 quid
520 4987 734 5060 immolemus,
755 4986 936 5049 humillime
958 4988 1168 5069 deprecemur
1222 4996 1280 5061 est,
1297 4988 1475 5051 secundum
1491 4988 1724 5071 expositionem
1741 4989 1914 5074 Augustini
1927 4991 1966 5053 di-

422 5093 457 5147 ut
473 5084 642 5166 praeteritis
656 5085 772 5148 nostris
788 5084 951 5166 indulgeat
971 5085 1084 5168 culpis.
1222 5085 1324 5149 centis
1342 5103 1349 5148 :
1367 5086 1399 5149 si
1423 5094 1458 5148 tu
1483 5105 1558 5150 eum
1583 5086 1760 5164 offendisti,
1785 5090 1860 5173 ipse
1884 5090 1966 5152 habet

463 5183 547 5247 «Sin
559 5201 644 5265 ergo,
657 5201 676 5248 ο
691 5184 796 5257 homo,
808 5181 931 5246 «ollers
947 5203 1064 5246 munus
1079 5192 1169 5248 tuum
1222 5185 1392 5249 adversum
1413 5194 1454 5259 te,
1471 5204 1534 5249 non
1554 5194 1590 5249 tu
1610 5193 1719 5250 contra
1741 5207 1831 5252 eum.
1849 5190 1882 5254 Si
1901 5203 1967 5252 sero

422 5291 495 5346 ante
509 5282 607 5345 altare
623 5304 651 5358 a,
668 5283 728 5345 hoc
744 5289 801 5357 est,
817 5280 1011 5346 oblationem
1026 5299 1170 5367 corpora·
1224 5292 1255 5347 tc
1278 5282 1331 5346 ille
1353 5283 1501 5360 ellendit,
1518 5292 1552 5348 tu
1577 5285 1675 5349 habes
1698 5286 1857 5352 adversus
1881 5305 1966 5365 eum;
