4214 6254
440 483 498 548 132
715 499 862 548 coumrua
883 501 893 546 1
914 501 989 546 rosr
1008 499 1202 547 rnrnrrnrau.
1223 517 1263 530 —
1283 499 1457 547 aurumne
1479 500 1510 546 m
1531 499 1726 547 avarorum

439 672 548 755 gulam
570 679 602 736 et
620 672 825 736 voracitatem
847 669 1019 735 infeliciter
1039 688 1188 755 provoca·
1203 669 1229 734 A
1242 669 1294 732 nit
1308 671 1477 732 Ulceribus
1482 675 1769 752 plenus,tanquam
1781 668 1859 733 alter
1868 669 1973 734 Jcb:id·

440 777 502 833 tur.
520 770 611 834 'lalcs
625 771 734 834 divina
753 769 987 834 illuminatione
1003 789 1037 833 se
1053 769 1189 832 reddunt
1243 787 1281 831 eo
1297 768 1510 832 miserabilior
1524 775 1599 844 erat,
1606 767 1772 850 magisque
1788 768 1913 852 impium
1925 769 1973 832 fuit

441 870 599 951 indiguos,
615 869 778 952 propriam
802 869 900 932 vitam
924 867 1122 942 abbreviem,
1141 887 1188 930 sa·
1244 868 1350 930 cinon
1365 866 1544 930 subvenire.
1562 869 1702 943 Cupiens
1716 869 1865 928 saturari
1877 870 1914 928 de
1925 871 1972 928 ma·-

440 968 539 1031 nitate
564 985 597 1030 se
626 967 762 1049 privant.
788 967 906 1030 Natura
929 966 1050 1050 quippe
1079 965 1189 1048 paucis
1243 968 1290 1026 cis
1304 987 1376 1046 poce
1390 968 1595 1026 cadebanfde
1609 967 1972 1036 menaadivitis,etnemo

440 1071 589 1128 contenta
607 1073 666 1140 est,
682 1073 714 1128 et
735 1064 957 1147 superfluitate
978 1064 1126 1128 obruitur
1144 1071 1188 1126 at·
1244 1064 1299 1122 illi
1318 1065 1426 1124 debat.
1445 1063 1490 1126 Ex
1512 1063 1631 1145 quibus
1649 1071 1760 1145 patent
1780 1063 1934 1125 humilitas
1949 1073 1972 1125 et

439 1182 503 1245 quc
517 1171 675 1246 gravatur.
692 1163 765 1226 ldco
781 1163 930 1246 princeps
944 1163 1186 1246 Apostolorum:
1243 1163 1396 1244 patientia
1415 1162 1504 1225 valde
1524 1181 1638 1244 magna
1657 1162 1756 1243 hujus
1774 1162 1899 1245 leprosi,
1913 1163 1973 1244 quia

310 1280 425 1331 rreum,
440 1261 578 1326 Obsecro
598 1263 733 1345 (iuquit)
754 1279 810 1326 vos
831 1262 991 1325 abstinere
1014 1281 1032 1324 a
1056 1260 1188 1326 carnali·
1243 1261 1378 1322 minima
1393 1260 1554 1343 cupiebat,
1570 1269 1603 1323 et
1616 1261 1663 1325 eis
1678 1259 1794 1323 fuisset
1813 1267 1970 1324 contentus.

294 1347 326 1390 ¹¹·
441 1359 501 1424 bus
516 1361 695 1436 desideriis,
711 1380 782 1443 que
798 1361 1101 1424 militantadversus
1121 1360 1187 1422 ani·
1244 1358 1289 1421 lix
1303 1358 1354 1421 bis
1369 1359 1464 1422 ctiam
1480 1359 1609 1422 elicitur
1623 1359 1741 1434 verbis,
1758 1360 1843 1443 quod
1863 1376 1920 1422 uon
1935 1377 1971 1422 sc

440 1479 537 1523 mam.
1244 1457 1310 1519 lum
1326 1458 1379 1520 hic
1395 1458 1494 1533 dives,
1511 1459 1566 1521 sed
1582 1457 1721 1520 ministri
1736 1475 1864 1540 quoquc
1879 1457 1972 1540 ipsius,

479 1561 523 1620 Et
542 1569 614 1618 erat
635 1559 770 1638 quidum
789 1560 957 1623 mendicus
976 1560 1106 1618 nomine
1124 1561 1188 1618 La·
1242 1555 1315 1617 duri
1341 1555 1744 1638 immisericordissimique
1769 1555 1907 1628 fuerunt,
1928 1557 1972 1638 qui

437 1676 548 1717 eorus.
564 1656 634 1719 Non
654 1655 763 1718 divitis
787 1653 946 1738 epulonis,
963 1655 1018 1717 sed
1040 1654 1132 1736 egeni
1155 1662 1188 1716 et
1243 1653 1383 1728 infirmo,
1400 1672 1511 1737 egeno,
1528 1653 1687 1729 famelico,
1704 1661 1770 1716 tam
1785 1673 1882 1737 parva
1896 1673 1973 1736 nega-

437 1755 573 1818 ulcerosi
588 1755 754 1837 proprium
769 1773 886 1818 nomen
902 1753 1045 1818 Christus
1060 1772 1186 1835 expres·
1241 1752 1328 1816 bant.
1346 1754 1497 1817 Crudeles
1516 1773 1655 1837 namque
1674 1762 1706 1817 et
1721 1755 1972 1818 immisericordes

435 1853 477 1916 sit
493 1871 500 1915 :
517 1855 669 1936 quoniam
690 1872 864 1936 pauperem
883 1853 981 1915 istum
999 1872 1057 1934 per
1070 1848 1220 1935 approB
1241 1852 1375 1928 domini,
1387 1852 1504 1916 babere
1520 1852 1623 1917 solent
1638 1852 1793 1917 familiam
1809 1853 1871 1916 sibi
1885 1854 1973 1918 consi-

435 1951 595 2014 baticuem
611 1952 770 2033 coguovit,
787 1959 819 2014 et
834 1969 951 2014 nomen
966 1951 1037 2032 ejus
1053 1951 1085 2012 in
1101 1950 1184 2012 libro
1241 1950 1363 2026 milem,
1385 1951 1476 2032 juxta
1500 1951 1579 2014 illud
1605 1952 1821 2015 Ecclesiastici
1844 1970 1851 2015 :
1872 1953 2057 2018 Secunrenn

435 2051 507 2116 vite
533 2070 589 2114 seu
611 2051 898 2132 predestinationis
922 2058 1048 2112 aeterna
1072 2049 1184 2112 babuit
1239 2049 1315 2110 dum
1334 2049 1477 2130 judicem
1497 2050 1619 2132 populi,
1629 2051 1682 2114 sic
1698 2059 1730 2114 et
1749 2051 1889 2114 ministri
1903 2051 1969 2132 ejus.

436 2149 612 2231 scriptum3
638 2149 771 2211 divitem
795 2167 871 2212 vcro
895 2149 1042 2222 nescivit,
1066 2148 1098 2209 id
1123 2154 1181 2222 est,
1238 2144 1386 2210 Salomon
1402 2164 1529 2229 quoque
1545 2147 1685 2211 fatetur
1703 2149 1792 2212 Rex
1784 2168 1902 2232 rmprus
1916 2167 1970 2212 om
1981 2163 2018 2204 cc·
2029 2176 2056 2202 ιιι

435 2266 491 2329 per
506 2247 768 2329 approbationem
785 2265 848 2310 uon
864 2247 962 2322 novit,
980 2247 1184 2328 quemadmo
1238 2263 1295 2307 nes
1310 2245 1473 2308 ministros
1488 2245 1585 2308 habet
1600 2246 1745 2327 injustos.
1758 2247 1885 2310 Subditi
1899 2267 1970 2309 nam·
1983 2227 2004 2266 ¹''

434 2346 511 2409 dum
534 2345 678 2409 (lbristus
703 2346 742 2408 dc
767 2345 911 2426 reprobis
936 2345 1070 2427 loquens
1094 2343 1184 2407 affir-
1238 2361 1300 2424 quc
1320 2342 1425 2407 facere
1444 2344 1547 2407 solent
1566 2345 1762 2409 voluntatem
1783 2346 1971 2429 supericmm

267 2429 420 2522 'narrn„..,
435 2451 501 2506 mat
526 2462 533 2505 :
559 2444 648 2506 Tunc
672 2442 852 2506 confitebor
875 2443 950 2517 illis,
972 2443 1051 2517 Quia
1075 2443 1183 2505 nescio
1238 2459 1379 2504 suorum.
1396 2445 1463 2504 Sed
1477 2452 1507 2502 et
1521 2463 1616 2504 eones
1630 2444 1739 2506 divitis
1757 2447 1971 2515 aenimate:
2065 2507 2066 2512 ,

287 2536 322 2577 ²³·
434 2561 500 2606 vos.
518 2542 598 2605 ilinc
616 2542 715 2626 ldoysi
731 2541 800 2606 viro
819 2540 920 2605 electo
938 2541 983 2603 ait
1001 2541 1179 2605 Dominus:
1239 2540 1404 2616 liopebont
1420 2545 1531 2601 ulcera
1550 2544 1630 2620 ejus.
1648 2542 1764 2625 Sicquc
1784 2562 1879 2606 canes
1898 2543 1971 2605 beni·
2065 2565 2066 2616 3

314 2665 391 2710 auca.
433 2640 476 2704 ‘fe
493 2640 689 2723 ipsumnovi
705 2660 743 2703 ex
763 2640 902 2702 nomine.
920 2639 1002 2702 Ecce
1022 2639 1181 2721 quomodo
1237 2638 1364 2718 guiores
1383 2638 1515 2702 fuerunt
1534 2641 1668 2722 pauperi
1687 2641 1877 2724 huicquam
1896 2641 1971 2705 dives
2064 2617 2066 2690 l

286 2743 357 2782 ¹¹¹¹¹¹=
368 2733 401 2773 ¹⁷·
433 2738 495 2800 alia
514 2747 589 2801 sunt
607 2737 730 2819 judicia
749 2739 817 2813 Dei,
834 2737 896 2800 alia
916 2738 1039 2812 mundi,
1056 2745 1088 2800 et
1106 2755 1182 2819 quo
1237 2744 1269 2798 et
1283 2737 1353 2817 ejus
1367 2736 1500 2799 familia.
1518 2737 1617 2801 Canes
1631 2740 1752 2822 quippe
1767 2741 1903 2803 naturali
1918 2759 1971 2802 ma-

284 2839 528 2916 100r‚11.‚n,modo
549 2838 705 2920 sapientia
727 2837 835 2902 saeculi
856 2837 954 2917 hujus
976 2837 1110 2899 stultitia
1134 2843 1182 2900 est
1235 2834 1366 2914 gislerio
1395 2835 1511 2917 linguae
1540 2856 1616 2912 sue,
1642 2837 1807 2902 ulceribus
1836 2840 1970 2922 pauperis

432 2936 517 3018 apud
545 2937 655 2999 Deum.
683 2935 773 2998 Certe
796 2935 880 3017 apud
909 2935 995 2997 bunc
1024 2936 1181 2997 mundum
1236 2931 1464 3014 impendebant
1479 2935 1754 3019 medelam,quem
1770 2937 1862 3001 dives
1877 2945 1971 3000 eontra

433 3034 647 3108 immundum,
666 3034 725 3097 boc
741 3041 789 3096 est
802 3034 886 3115 apud
907 3032 1054 3097 homines
1073 3035 1217 3098 carna-C
1236 3031 1378 3093 naturale
1392 3031 1445 3112 jus
1465 3035 1667 3116 contempsit.
1685 3036 1779 3098 Dives
1799 3037 1896 3099 etiam
1915 3036 1971 3098 suis
2064 3105 2065 3124 χ

433 3132 489 3208 les,
508 3134 696 3207 mundanos,
712 3133 812 3214 magis
827 3132 951 3196 famosa
969 3140 1000 3194 et
1016 3141 1090 3195 nota
1105 3141 1181 3194 sunt
1235 3129 1368 3192 canibus
1398 3130 1628 3195 beneficentior
1651 3133 1712 3195 fuit
1735 3154 1835 3216 quam
1859 3135 1968 3197 Lazaro.

431 3233 561 3294 nomina
576 3232 712 3295 divitum
727 3250 763 3293 ac
779 3231 960 3313 potentium
974 3250 1071 3315 quam
1089 3231 1179 3294 infir·
1236 3227 1273 3288 Et
1301 3229 1375 3303 heu,
1403 3248 1498 3310 quam
1527 3231 1619 3292 multi
1649 3251 1751 3314 usque
1780 3233 1878 3296 bodie
1904 3233 1970 3294 tales

431 3347 558 3392 morum
572 3348 609 3392 ac
624 3347 821 3412 pauperum3
838 3330 892 3391 sed
912 3328 997 3411 apud
1015 3329 1115 3391 Deum
1132 3337 1179 3392 est
1235 3334 1320 3401 sunt,
1337 3327 1392 3409 qui
1414 3346 1571 3410 pauperes
1593 3329 1758 3413 adspicere
1777 3331 1834 3394 vix
1853 3331 1969 3413 dignan-

431 3445 612 3491 ecouverso.
634 3427 714 3490 Hinc
734 3428 920 3508 Unigenitus
942 3427 996 3490 Dei
1020 3435 1176 3490 testatur:
1235 3432 1297 3500 tur,
1322 3434 1375 3487 aut
1404 3446 1442 3488 ex
1466 3444 1578 3488 eorum
1606 3428 1759 3511 adspectu
1787 3435 1968 3511 gravantur!

283 3554 415 3606 ΜΨ,
431 3525 519 3599 Quod
534 3524 720 3587 bominibus
735 3524 835 3586 altum
852 3533 909 3598 est,
921 3525 1116 3589 abominatio
1132 3535 1180 3589 cst
1234 3524 1292 3597 Oui
1319 3524 1397 3586 illud
1420 3525 1528 3588 Jacobi
1556 3526 1722 3589 advertant
1748 3547 1785 3590 ac
1812 3537 1968 3611 paveant:
2063 3563 2064 3600 r

430 3622 516 3705 apud
537 3623 648 3684 Deum.
666 3623 771 3698 Porro,
787 3641 827 3684 ex
848 3622 908 3685 boc
931 3624 1016 3704 quod
1036 3624 1178 3687 Christus
1232 3623 1392 3686 Judicium
1423 3624 1492 3686 sine
1515 3624 1736 3689 misericordia
1759 3626 1808 3689 illi
1837 3629 1893 3710 qui
1915 3611 2064 3690 nonnam

431 3739 605 3804 pauperem
636 3720 732 3782 istum
762 3740 801 3783 ex
826 3721 956 3808 nomine
985 3731 1072 3785 certo
1099 3723 1179 3786 desi·
1232 3721 1346 3784 fecerit
1366 3721 1629 3785 misericordiam.

429 3828 516 3900 gual,
526 3819 697 3900 conjicitur
712 3819 796 3880 istud
812 3837 881 3881 esse
897 3838 946 3882 res
961 3829 1180 3901 gesta,secun·
1272 3823 1408 3881 Factum
1424 3830 1470 3880 est
1485 3831 1594 3882 autem
1608 3832 1644 3882 ut
1660 3833 1847 3886 moreretur
1860 3827 1969 3886 meudi-

430 3919 507 3981 dum
522 3916 738 3980 Ambrosium.
756 3918 1042 4000 ltaque,quoniam
1063 3919 1178 3984 divites
1232 3939 1300 3988 cus,
1317 3918 1348 3979 id
1363 3926 1421 3994 cst,
1438 3936 1501 3980 non
1516 3920 1696 3995 casualiter,
1707 3921 1762 3983 sed
1779 3922 1846 3985 Deo
1860 3923 1905 3986 sic
1918 3923 1968 3984 dis·
2062 4001 2063 4004 Ἴ

430 4017 561 4081 nomina
589 4035 646 4078 sua
675 4017 708 4077 iu
733 4015 793 4079 boc
822 4017 942 4079 mundo
972 4018 1179 4099 magnificant
1233 4024 1382 4098 ponente,
1394 4017 1527 4097 contigit
1541 4036 1714 4100 pauperem
1732 4019 1831 4083 istum
1848 4022 1968 4094 morini
2062 4007 2063 4040 r

331 4155 385 4184 ‚xiv
401 4156 415 4195 ι,
428 4117 532 4198 (juxta
547 4117 627 4179 illud
647 4115 819 4178 Psalmistae
837 4131 844 4174 :
860 4115 1061 4178 locaverunt
1079 4117 1178 4178 nomi·
1233 4114 1422 4177 liberaretur
1436 4135 1454 4176 a
1470 4115 1609 4178 miseriis
1623 4117 1697 4180 vitae
1712 4119 1968 4200 praesentis.Deus

311 4235 316 4245 ·
390 4277 395 4286 ,
430 4235 471 4278 na
486 4235 542 4278 sua
558 4215 591 4277 in
607 4213 700 4276 terris
716 4213 847 4290 suis),et
862 4231 895 4274 se
911 4213 996 4295 ipsos
1012 4214 1177 4279 exaltando
1191 4215 1217 4278 D
1232 4213 1317 4276 cuim
1344 4213 1518 4295 unicuique
1542 4213 1681 4295 prefixit
1704 4223 1829 4280 certum
1853 4225 1967 4299 tempus

428 4314 664 4377 obliviscuntur
687 4310 815 4375 Domini
839 4311 895 4373 Dei
921 4311 982 4386 sui,
999 4312 1070 4375 ideo
1093 4313 1177 4376 Deus
1233 4311 1372 4385 vivendi,
1398 4312 1667 4393 quemadmodum
1691 4313 1749 4377 Job
1776 4315 1856 4378 dicit
1884 4317 1965 4379 Deo:

428 4412 513 4475 delet
527 4411 657 4475 nomina
672 4429 782 4474 eorum
798 4409 837 4471 de
853 4409 936 4471 libro
951 4409 1034 4484 vitae,
1051 4417 1083 4471 et
1098 4411 1177 4473 obli·
1233 4409 1429 4472 Constituisti
1459 4410 1613 4473 terminos
1639 4411 1709 4492 ejus
1739 4412 1794 4495 qui
1825 4412 1967 4496 preteriri
1977 4421 2062 4474 ren-'ai

428 4510 562 4572 viscitur
576 4527 640 4572 ecs.
656 4509 729 4571 llaee
748 4516 856 4569 tamen
875 4507 1083 4589 intelligenda
1102 4516 1177 4571 sunt
1232 4526 1295 4570 non
1318 4515 1475 4590 poterunt.
1499 4511 1542 4570 m
1560 4519 1757 4586 portaretur
1776 4514 1817 4571 ab
1842 4514 1966 4590 anoctis,

428 4608 467 4671 dc
490 4607 643 4669 divitibus
668 4605 723 4689 qui
752 4606 819 4669 suis
842 4604 1019 4668 abutuntur
1042 4607 1175 4682 divitiis,
1232 4607 1337 4681 idest,
1354 4606 1461 4668 anima
1474 4607 1545 4688 ejus
1560 4607 1600 4669 ab
1613 4607 1736 4690 angelis
1751 4613 1870 4674 sanctis
1885 4611 1968 4672 bono

428 4725 480 4769 eas
503 4704 680 4768 inordinate
704 4705 850 4778 amando,
866 4704 918 4766 vel
936 4723 1030 4767 avare
1050 4724 1179 4768 servan·
1232 4705 1324 4767 rifice
1340 4706 1520 4779 duceretur,
1537 4707 1573 4766 in
1588 4709 1699 4768 sinum
1713 4710 1869 4780 Abralroe,
1885 4710 1967 4771 idest

427 4805 478 4878 do,
495 4811 549 4864 aut
571 4803 689 4883 injuste
715 4802 933 4883 expendendo,
955 4821 1012 4864 seu
1036 4803 1177 4866 indebite
1215 4804 1270 4865 ‚ad
1290 4811 1443 4866 secretam
1467 4803 1554 4865 illam
1575 4803 1717 4885 quietem
1738 4806 1922 4870 Sanctorum
1939 4807 1966 4867 in

427 4921 464 4964 ac
485 4902 585 4984 impie
605 4899 812 4982 acquirendo.
1232 4901 1331 4964 limbo
1346 4909 1483 4984 patrum,
1500 4921 1571 4983 quae
1585 4921 1643 4985 per
1657 4903 1765 4966 sinum
1780 4905 1911 4969 Abrabae
1925 4905 1967 4966 de·
2060 4933 2061 4940 ,

467 5001 532 5069 Qui
543 5000 675 5076 jacebat
689 5000 733 5057 cd
745 4999 889 5074 januam
909 4997 1028 5060 divitis.
1046 4998 1091 5060 Ex
1113 5017 1177 5081 quo
1231 5001 1382 5081 signatur.
1400 5001 1457 5063 Per
1476 5001 1584 5062 sinum
1604 5020 1742 5084 namque
1762 5003 1855 5085 quies
1874 5004 1965 5085 expri-

427 5105 560 5172 constat,
577 5096 663 5178 quod
683 5093 834 5157 infirmus
854 5114 890 5157 ac
910 5094 1026 5158 debilis
1045 5096 1125 5176 fuit;
1146 5104 1178 5160 et
1231 5098 1330 5160 mitur
1356 5116 1362 5159 :
1389 5099 1444 5179 qui
1476 5099 1594 5161 dicitur
1620 5099 1754 5164 Abrabae
1786 5103 1887 5178 sinus,
1911 5119 1964 5164 non

426 5199 515 5262 dives
533 5216 567 5260 se
586 5214 644 5279 per
663 5194 875 5276 ignorantiam
894 5213 1045 5257 excusare
1066 5197 1176 5277 nequi·
1230 5197 1316 5279 quod
1336 5197 1437 5279 ipsius
1456 5196 1555 5260 fuerit
1574 5205 1710 5274 tantum,
1726 5207 1782 5262 aut
1800 5203 1884 5283 quod
1905 5201 1962 5283 ipsc

425 5299 480 5374 vit,
489 5296 641 5380 quoniam
657 5294 779 5357 intrans
794 5300 825 5355 ct
839 5292 945 5355 exiens
961 5292 1052 5356 illum
1067 5295 1177 5377 adspe·
1230 5296 1354 5378 primus
1383 5296 1416 5359 in
1441 5295 1577 5362 limbum
1604 5297 1696 5360 illum
1720 5299 1894 5378 descendit,
1916 5297 1963 5362 sed
2059 5337 2060 5356 t
