4214 6254
501 508 649 556 noumres
670 509 691 556 u
714 509 787 556 rosr
806 509 1001 558 minuamur.
1022 529 1063 540 -
1084 510 1183 560 sunno
1205 510 1358 560 sscnnncs
1646 491 1703 557 tot

6 695 138 745 simunt.
153 675 206 750 do,
225 675 317 756 juxta
339 677 420 740 illud
443 677 475 740 in
497 679 621 742 Psalmo
638 697 645 741 :
662 679 902 762 Beneplacitum
917 679 1042 763 Aquod
1061 682 1146 764 apud
1161 683 1353 746 Pharisaeum
1370 681 1512 744 Christus
1526 679 1706 743 discumbe·
1724 701 1853 756 umecta

153 781 203 836 est
227 774 362 839 Domino
385 775 417 838 in
443 777 562 858 populo
586 794 654 840 suo.
677 777 714 839 Et
734 778 904 841 Nehemias
957 778 1011 841 bat
1032 779 1183 854 exterius,
1200 781 1285 862 apud
1309 779 1517 863 poenitentem
1538 795 1614 840 vero
1636 797 1705 840 mu·
1720 770 1799 822 Μ·

28 885 46 928 ιι
62 884 136 928 ων.
152 869 198 932 ait
214 889 222 934 :
239 869 398 934 Gaudium
414 872 541 935 Domini
557 880 605 936 est
620 872 773 936 lortitudo
789 883 902 937 vestra.
957 877 1229 950 liorem,videlicot
1239 878 1367 940 llariam
1378 875 1708 959 hlagdalenediscum-

6 962 41 998 '¹¹¹'
56 952 89 991 '⁰'
152 967 238 1030 Talis
253 986 381 1052 quoque
396 979 501 1033 coenat
515 989 589 1032 cum
605 971 742 1045 Christo,
757 970 833 1054 quia
848 991 904 1055 per
958 974 1053 1038 bebat
1074 975 1217 1038 interius.
1239 977 1334 1040 Porro
1358 974 1564 1058 proficientes
1587 991 1706 1056 ponere

152 1067 358 1130 conscientie
374 1069 545 1150 puritatem
564 1068 740 1132 delectatur
755 1070 787 1132 in
804 1079 904 1144 eo‚at-
958 1073 1077 1136 debent
1098 1074 1131 1138 in
1156 1093 1247 1139 coena
1271 1075 1331 1138 ista
1351 1073 1413 1136 tria
1434 1071 1567 1146 fercula,
1588 1071 1706 1154 quihus

152 1184 217 1246 que
233 1164 265 1228 in
281 1165 420 1230 coelestis
440 1167 648 1230 beatitudinis
668 1169 904 1251 exspectatione
960 1172 1103 1236 Christus
1128 1191 1191 1236 non
1218 1173 1422 1237 mediocriter
1446 1170 1632 1245 delectatur,
1660 1179 1707 1232 ut-

152 1260 321 1326 humiliter
342 1264 506 1345 gloriatur.
531 1265 612 1328 Ecce
636 1285 732 1348 quam
757 1265 903 1328 inellabi·
961 1278 1034 1353 pote
1056 1271 1325 1346 humiliationem,
1347 1271 1523 1336 orationem
1544 1276 1576 1332 et
1596 1269 1708 1350 gratia·

152 1361 228 1423 liter
243 1379 356 1443 magna
370 1370 419 1424 est
433 1363 558 1438 caritas,
576 1365 793 1427 misericordia
807 1372 902 1446 atque
961 1387 1032 1430 rum
1049 1368 1208 1432 actionem
1226 1389 1232 1434 :
1250 1369 1369 1433 debent
1383 1369 1470 1432 enim
1486 1386 1520 1431 se
1538 1366 1709 1430 humiliare

152 1458 297 1540 dignatio
312 1460 369 1523 Dei
384 1463 485 1524 nostri
501 1461 540 1524 ad
555 1478 614 1525 nos
629 1462 770 1526 tantillos
786 1461 902 1525 vermi·
961 1475 1091 1548 propter
1115 1476 1244 1549 peccata
1269 1487 1326 1531 sua
1350 1467 1519 1550 praeterita,
1544 1466 1709 1547 Deumque

31 1588 79 1618 m.
121 1589 136 1622 ι.
152 1558 254 1622 culos.
270 1559 350 1624 Nam
371 1567 403 1624 et
419 1561 453 1624 in
473 1562 651 1624 Proverbiis
672 1570 805 1624 testatur
821 1582 828 1626 :
846 1564 902 1625 De·
960 1564 1079 1646 jugiter
1099 1566 1247 1630 invocare
1268 1585 1325 1650 pro
1344 1567 1445 1648 gratia
1464 1564 1655 1649 proficiendi
1676 1563 1710 1626 in

153 1658 238 1720 liciae
261 1677 339 1722 mee
359 1677 429 1722 esse
451 1679 524 1724 cum
547 1659 625 1722 liliis
648 1660 825 1724 hominum.
843 1661 904 1724 Sed
962 1663 1065 1740 honis,
1081 1667 1197 1746 gratias
1217 1685 1344 1749 quoque
1360 1667 1389 1728 ei
1406 1664 1524 1728 relerre
1545 1663 1628 1746 quod
1644 1671 1710 1725 tam

153 1763 187 1818 et
210 1757 364 1820 Jeremias
389 1756 506 1820 latetur
528 1775 535 1820 :
558 1757 701 1821 Laetabor
724 1779 821 1842 super
845 1761 903 1834 eis,
963 1761 1213 1826 misericorditer
1232 1764 1297 1844 egit
1316 1782 1390 1825 cnm
1411 1762 1467 1824 eis.
1485 1760 1619 1825 Perlecti
1634 1777 1710 1823 vero

153 1873 257 1936 quum
278 1854 468 1919 benefecero
488 1855 544 1918 eis.
562 1856 695 1920 lautum
718 1857 815 1938 igitur
835 1859 904 1940 pul·
924 1858 995 1921 Din
1019 1879 1109 1924 coena
1131 1861 1190 1923 hac
1211 1861 1272 1923 tria
1295 1879 1414 1944 ponere
1435 1859 1557 1922 fercula
1581 1857 1710 1933 debent,

154 1961 293 2016 satorem
311 1972 375 2017 non
391 1954 596 2037 repellamus,
608 1973 682 2018 cum
698 1964 786 2021 tanto
801 1957 906 2039 hospi·
960 1957 1111 2021 videlicet
1122 1959 1302 2022 divinorum
1316 1958 1713 2042 contemplationemsum·

152 2059 186 2114 te
202 2070 329 2116 coenare
345 2053 487 2135 quotidie
508 2073 733 2138 properemus;
749 2055 905 2138 quidquid
962 2057 1006 2119 mi
1022 2066 1054 2119 et
1070 2057 1344 2121 incommutabilis
1365 2058 1439 2122 boni
1461 2057 1618 2120 lervidam
1635 2055 1713 2120 dile·

153 2150 227 2230 ejus
257 2151 422 2215 introitum
452 2152 594 2236 impedit,
620 2153 777 2236 quidquid
804 2154 905 2236 ipsius
962 2154 1245 2229 ctionem,lirmam
1260 2175 1297 2220 ac
1313 2156 1484 2219 cordialem
1500 2156 1533 2218 in
1548 2155 1613 2220 Deo
1628 2173 1711 2220 com-

153 2249 282 2312 vultum
303 2249 452 2326 ostendit,
472 2252 561 2314 omni
581 2271 655 2316 cum
674 2251 840 2334 diligentia
859 2251 907 2314 lu·
962 2253 1166 2334 placentiam,
1183 2273 1296 2337 pacem
1311 2274 1367 2318 seu
1385 2254 1641 2330 delectationem,
1658 2254 1709 2318 vel

154 2346 294 2428 giamus.
962 2360 1048 2414 certe
1070 2352 1255 2416 continuam
1277 2354 1332 2416 Dei
1355 2353 1580 2430 laudationem,
1597 2371 1710 2416 secun·

197 2446 259 2510 Sed
284 2449 384 2530 quaeri
410 2439 525 2531 potest,
551 2467 608 2512 cur
631 2450 774 2513 Christus
800 2449 906 2531 potius
962 2450 1038 2512 dum
1059 2451 1138 2514 illud
1155 2471 1163 2515 :
1180 2451 1369 2514 Benedicam
1387 2451 1555 2514 Dominum
1573 2451 1709 2516 inomni
1734 2471 1856 2523 raum.

154 2545 213 2620 ait,
230 2546 369 2610 Goenabo
383 2565 457 2610 oum
473 2547 540 2622 illo,
557 2567 664 2631 quam,
680 2547 852 2611 Prandebo.
871 2547 908 2610 Et
962 2557 1116 2631 tempore.
1134 2551 1254 2632 ltaque,
1272 2557 1391 2632 quanto
1406 2550 1591 2632 purioribus
1605 2568 1642 2613 ac
1658 2571 1709 2614 su·
1723 2535 1745 2578 ²·

156 2645 417 2728 respondendum
432 2645 517 2728 quod
534 2646 655 2720 ideo‚ut
669 2647 781 2709 innuat
796 2665 829 2710 se
844 2645 908 2709 vel·
962 2646 1167 2711 blimioribus
1186 2648 1342 2710 virtutum
1363 2649 1523 2712 exercitiis
1547 2667 1637 2712 mens
1657 2667 1711 2713 no·

157 2741 187 2804 le
204 2751 393 2827 pernoctare
412 2743 580 2808 nobiscum
601 2753 696 2828 atque
717 2746 750 2807 in
767 2743 907 2807 thalamo
962 2754 1027 2808 stra
1042 2754 1090 2810 est
1106 2747 1335 2820 intenta,tanto
1349 2747 1565 2811 delicatiorem
1581 2755 1613 2810 et
1627 2765 1711 2812 corn-

10 2859 56 2902 Ρι.
72 2873 105 2910 n,
117 2859 138 2902 a.
156 2842 277 2904 mentis
297 2851 413 2907 nostras
433 2843 608 2925 quiescere,
625 2851 661 2905 ut
675 2843 708 2905 in
728 2861 806 2926 pace
821 2843 854 2904 in
875 2842 907 2904 id
937 2871 943 2884 ·
962 2845 1191 2926 placentiorem
1207 2844 1332 2908 Christo
1350 2845 1480 2908 exhibet
1499 2864 1633 2910 coenam.
1653 2848 1711 2921 Qui

156 2939 266 3022 ipsum
296 2940 493 3004 dormiamus
522 2950 553 3004 et
581 2941 829 3024 requiescamus.
855 2941 907 3004 Sic
961 2961 1038 3007 vero
1061 2944 1210 3026 turpibus
1233 2943 1490 3024 cogitationibus,
1507 2945 1613 3026 pravis
1635 2945 1712 3007 alle-

157 3045 264 3101 coenat
293 3057 367 3102 cum
396 3038 533 3114 Christo,
559 3047 591 3102 et
618 3039 651 3102 in
681 3040 777 3103 castis
806 3038 943 3122 ipsiusc
963 3042 1124 3106 ctionibus
1139 3050 1171 3105 et
1185 3041 1308 3106 vitiosis
1324 3042 1457 3106 inhaeret
1471 3042 1712 3124 operibus,cum

157 3135 296 3218 quiescit
309 3136 585 3220 amplexibus,qui
601 3139 695 3202 corde
710 3139 824 3200 devoto
839 3155 908 3221 per·
962 3140 1162 3204 demonibus
1185 3141 1337 3216 vescitur,
1359 3148 1463 3204 coenat
1483 3147 1516 3202 et
1534 3149 1709 3224 permanet.

155 3233 203 3314 git
223 3234 263 3296 ad
285 3243 430 3310 stratum,
447 3245 479 3298 et
498 3236 531 3298 in
554 3235 814 3300 meditationibus
836 3255 906 3298 san·
1001 3237 1106 3300 Tertia
1130 3245 1179 3298 est
1202 3255 1293 3300 coena
1314 3235 1490 3312 inlcmalis,
1517 3239 1556 3301 de
1580 3257 1644 3320 qua
1667 3238 1712 3301 ait

27 3368 98 3404 aaa,
125 3385 130 3395 .
157 3331 218 3394 ctis
243 3331 413 3396 obdormit.
440 3333 523 3396 Talis
548 3351 611 3397 non
634 3334 727 3396 timet
750 3353 768 3395 a
791 3333 906 3397 timore
960 3336 1127 3418 Propheta,
1140 3334 1284 3399 scribens
1299 3335 1338 3398 de
1353 3335 1621 3417 reprobis:Sicut
1635 3354 1711 3401 oves
1738 3365 1858 3418 mmm,

156 3440 326 3506 nocturno,
342 3432 398 3494 sed
419 3433 459 3495 de
479 3433 595 3496 mentis
612 3433 781 3495 securitate
801 3431 906 3495 relici-
962 3435 994 3497 in
1016 3433 1141 3498 inlerno
1156 3433 1252 3516 positi
1272 3442 1357 3508 sunt,
1375 3451 1460 3498 mors
1479 3435 1629 3518 depascet
1643 3453 1707 3499 eos.
1726 3430 1758 3472 ¹⁵·

58 3565 82 3595 a.
100 3563 140 3600 n,
156 3538 219 3592 tur.
247 3531 363 3594 Secura
392 3530 511 3594 etenim
541 3549 642 3606 mens,
668 3531 837 3595 Salomone
861 3537 906 3593 te·
961 3533 1048 3596 Unde
1063 3533 1148 3615 apud
1162 3531 1331 3594 Jeremiam
1347 3531 1487 3614 loquitur
1502 3533 1586 3596 Deus
1602 3551 1610 3595 t
1627 3534 1708 3598 Ecce
1742 3561 1856 3614 mem,

157 3635 275 3702 stante,
304 3635 353 3690 est
382 3628 473 3711 quasi
502 3629 579 3710 juge
607 3628 802 3692 convivium.
833 3629 906 3692 llaec
961 3648 1019 3713 ego
1042 3630 1157 3694 cibabo
1181 3648 1236 3694 eos
1259 3630 1433 3706 absinthio,
1458 3639 1490 3694 et
1514 3631 1630 3712 potabo
1652 3649 1707 3695 eos
1723 3627 1757 3669 ¹⁵·

155 3743 234 3807 ergo
253 3726 429 3808 spiritualis
449 3743 541 3790 coena
559 3743 622 3790 non
643 3733 692 3790 est
710 3727 772 3790 nisi
795 3736 906 3790 mutua
960 3728 1045 3791 lelle.
1060 3729 1161 3809 Hujus
1176 3745 1275 3792 coenoe
1291 3746 1411 3803 mensa,
1424 3736 1472 3791 est
1486 3728 1707 3794 damnatorum

154 3823 399 3906 congratulatio,
424 3843 487 3908 qua
512 3826 655 3889 Christus
684 3825 802 3889 nostris
831 3844 905 3888 con·
961 3827 1151 3890 universitas
1166 3827 1329 3906 dolomsa3
1345 3825 1467 3889 lercula
1486 3826 1582 3907 hujus
1598 3847 1707 3905 coenre,

154 3924 274 4006 gaudet
300 3923 425 3986 actibus
448 3925 610 3999 virtuosis,
635 3932 666 3988 et
690 3943 748 3987 nos
776 3925 809 3988 in
834 3924 905 4006 ojus
960 3933 1035 3988 sunt
1050 3931 1165 3987 cuncta
1180 3923 1297 3986 inlerni
1313 3925 1482 4007 supplicia,
1498 3923 1616 4006 quibus
1632 3945 1708 4007 qua-

154 4023 299 4085 bonitate
314 4041 351 4084 ac
368 4023 485 4105 pietate
507 4023 662 4099 laetamur,
678 4023 813 4106 ejusque
833 4023 904 4087 bea·
960 4024 987 4086 si
1006 4040 1131 4086 veneno
1151 4022 1299 4085 cibantur
1321 4020 1495 4086 mortifero.
1512 4022 1708 4087 -Primum

152 4121 286 4184 titudini
309 4121 575 4204 congratulamur.
959 4122 1130 4198 ferculum,
1153 4129 1201 4184 est
1222 4120 1367 4184 omnium
1391 4120 1580 4202 gaudiorum
1605 4139 1641 4183 ac
1663 4120 1708 4184 di-

195 4221 299 4301 Hujus
314 4239 413 4284 coenae
429 4229 605 4295 mensa,est
618 4219 725 4283 anima
739 4220 904 4296 devota,in
920 4221 944 4285 D
960 4221 1042 4286 vine
1057 4221 1190 4285 visionis
1206 4221 1355 4294 carentia,
1368 4220 1451 4282 sicut
1467 4238 1524 4302 per
1536 4220 1707 4284 teremiam

155 4335 222 4400 qua
243 4324 289 4379 tot
311 4316 433 4380 fercula
457 4326 690 4399 proponuntur,
713 4325 791 4400 quot
815 4327 904 4382 actus
960 4321 1114 4384 Dominus
1136 4319 1278 4402 loquitur
1299 4338 1306 4382 :
1327 4318 1414 4381 Dabo
1435 4336 1489 4382 eos
1514 4318 1547 4381 in
1569 4318 1706 4382 vexatio
1731 4349 1855 4404 mm,

155 4415 293 4479 virtuosi
318 4416 351 4478 in
377 4435 414 4478 ea
434 4417 618 4497 gignuntur.
640 4415 713 4479 ldeo
735 4416 826 4499 juxta
850 4419 904 4481 tri·
960 4436 1046 4493 nem,
1062 4427 1095 4480 et
1110 4417 1379 4492 maledictionem,
1391 4426 1423 4480 et
1437 4425 1612 4500 stuporem,
1626 4427 1658 4481 et
1673 4420 1705 4482 in
1722 4415 1796 4466 ¹⁸³⁹·

156 4513 275 4596 plicem
300 4514 434 4596 gradum
457 4521 632 4577 aestatum
656 4515 904 4591 hominum,ut-
960 4517 1091 4580 sibilum
1107 4515 1374 4600 etopprobrium,
1390 4534 1428 4581 eo
1444 4517 1528 4599 quod
1548 4534 1612 4580 non
1631 4518 1705 4581 obe·

156 4620 232 4695 pote
257 4613 492 4696 incipientium,
514 4613 754 4696 proficientium
779 4624 811 4677 et
833 4635 904 4698 per·
959 4616 1088 4679 dierunt
1110 4614 1200 4678 mihi.
1223 4614 1497 4689 Quemadmodum
1521 4615 1609 4678 enim
1632 4635 1708 4699 gau·

155 4713 328 4787 lectorum,
353 4712 512 4796 tripartita
536 4714 659 4776 fercula
682 4723 905 4797 proponuntur
924 4701 929 4710 ¹
959 4715 1049 4778 dium
1065 4715 1232 4778 Beatorum
1253 4714 1287 4776 in
1304 4715 1385 4778 coelo
1401 4722 1449 4778 est
1464 4734 1593 4798 purum,
1611 4715 1643 4778 id
1660 4724 1708 4780 est

156 4811 190 4874 in
213 4830 260 4874 ea.
278 4811 442 4894 Siquidem
464 4811 656 4895 incipientes
680 4832 736 4876 seu
760 4822 904 4895 peccato
959 4813 1041 4877 nihil
1062 4814 1199 4878 tristitiae
1222 4813 1344 4876 habens
1367 4813 1563 4896 admixtum3
1584 4815 1631 4878 sic
1654 4817 1709 4879 tri-

156 4929 208 4972 res
233 4911 437 4992 prenitentes,
462 4910 524 4972 tria
548 4909 670 4974 fercula
698 4912 903 4994 potissimum
959 4915 1046 4978 stitia
1072 4915 1295 4978 damnatorum
1321 4922 1370 4978 est
1398 4933 1489 4997 pura,
1514 4915 1591 4997 quia
1619 4915 1708 4980 nulla

155 5027 278 5093 ponere
294 5008 411 5072 debent
425 5008 458 5071 in
474 5028 566 5073 coena
580 5010 650 5086 ista,
668 5010 818 5074 videlicet
833 5029 905 5074 con·
959 5012 1133 5077 consolatio
1154 5021 1202 5075 est
1221 5012 1251 5075 ei
1273 5011 1422 5075 admixta.
1444 5013 1565 5076 ldcirco
1587 5033 1656 5078 osse
1676 5022 1709 5077 et

155 5108 331 5183 tritionem,
341 5108 587 5184 confessionem,
596 5109 861 5190 satislactionem3
874 5118 906 5173 et
959 5112 1153 5193 vivereque
1165 5109 1319 5172 creaturis
1333 5109 1519 5173 naturaliter
1530 5111 1621 5174 valde
1634 5118 1710 5174 sunt

156 5206 190 5272 in
217 5209 256 5273 iis
277 5226 389 5272 eorum
411 5207 563 5291 operibus
585 5208 728 5272 Christus
752 5209 905 5274 Dominus
959 5209 1158 5293 appetibilia,
1180 5215 1254 5271 sunt
1277 5208 1434 5271 damnatis
1458 5207 1591 5272 odibilia
1612 5217 1707 5292 atque

155 5309 334 5374 delectatur
351 5324 359 5370 τ
376 5307 647 5391 quemadmodum
661 5309 707 5373 ait
722 5309 904 5392 Gregorius,
958 5310 1158 5392 gravissima,
1173 5307 1264 5390 juxta
1284 5306 1364 5369 illud
1387 5307 1420 5370 in
1439 5307 1629 5394 Apocalypsi
1647 5328 1654 5374 :
1671 5311 1706 5372 ln
1720 5327 1853 5386 Amisa.

283 5445 315 5500 Τ.
333 5446 373 5498 30.
1548 5444 1577 5496 ll
