4154 6258
427 481 487 546 402
675 499 823 548 nouimus
844 500 900 546 rur
920 498 994 546 rosr
1014 496 1208 544 mmrrarnu.
1228 513 1270 526 -
1289 496 1463 544 auamnuo
1477 495 1517 548 m
1537 489 1733 544 mauonnmu

426 669 518 746 situs,
549 689 606 734 seu
638 671 838 746 instabilitas,
870 669 1054 752 insipientia
1081 666 1353 751 atquellminem
1377 668 1581 742 semivivum,
1604 665 1813 744 pertransiit.
1837 664 1888 727 Per
1906 665 1949 728 Le

428 769 603 832 mortalitas
632 769 705 833 vitae
734 768 911 852 presentis.
936 767 1061 830 Jerioho
1091 767 1178 829 enim
1233 766 1332 829 vitam
1363 766 1553 848 intelligitur
1586 766 1708 848 hlopses
1746 760 1840 825 irater
1867 763 1950 826 Aaron

428 866 655 950 interpretatur
671 867 820 949 luna,pcr
834 885 930 949 quam
945 864 987 928 oh
1002 883 1093 927 suam
1109 883 1179 928 con·
1233 864 1369 940 Levites,
1400 883 1456 929 seu
1488 864 1679 928 universitas
1707 862 1878 924 Levitarum
1905 862 1951 924 mi-

427 965 551 1028 tinuam
567 964 1010 1039 variationem,crescentiam
1025 971 1057 1025 et
1071 964 1178 1026 decre·
1233 964 1471 1046 metrorumque
1500 962 1613 1046 templi
1639 969 1695 1024 aut
1719 961 1950 1042 Prophetarum:

427 1064 594 1138 scentiam,
611 1064 797 1145 designatur
816 1063 868 1125 hic
888 1063 1027 1125 mundus
1047 1061 1178 1124 instabi·
1233 1062 1289 1145 qui
1318 1081 1417 1144 quum
1445 1070 1529 1125 esset
1557 1061 1589 1124 in
1621 1059 1743 1123 mundo
1769 1059 1826 1122 hoe
1850 1059 1951 1134 virens,

428 1161 540 1236 lis,seu
556 1161 946 1244 instabilitas,insipientia
960 1169 993 1223 et
1006 1160 1179 1224 mortalitas
1233 1167 1328 1242 atque
1352 1168 1537 1242 agnosceret
1559 1160 1763 1222 vulneratum
1786 1176 1850 1220 esse
1870 1176 1952 1238 genus

372 1279 387 1321 s.
429 1258 503 1322 vitae
526 1258 633 1339 hujus.
661 1258 739 1321 Nam
770 1257 926 1339 seriptum
955 1266 1003 1320 est
1026 1275 1032 1320 :
1056 1256 1177 1319 Stultus
1233 1258 1410 1322 humanum
1431 1258 1526 1322 modo
1544 1256 1688 1340 prelato,
1705 1273 1813 1319 curare
1831 1255 1952 1319 etsalra·

430 1363 572 1419 mutatur
597 1364 632 1418 ut
656 1357 741 1419 luna.
767 1357 876 1439 ltaque
899 1355 998 1419 Adam
1023 1363 1056 1418 et
1078 1373 1178 1436 genus
1234 1375 1268 1419 re
1292 1357 1371 1418 illud
1399 1375 1463 1420 uon
1492 1356 1603 1430 valuit,
1635 1355 1700 1417 imo
1730 1353 1908 1436 pertransiit,
1928 1361 1952 1415 et

428 1455 608 1518 humanum
629 1455 661 1517 in
682 1473 731 1530 eo,
756 1474 814 1537 per
832 1453 986 1535 originale
1010 1461 1178 1536 peecatum
1234 1455 1399 1518 moriendo
1419 1456 1458 1518 ad
1480 1453 1599 1518 inferni
1621 1452 1759 1516 limbum
1780 1451 1903 1516 devenit.

428 1553 593 1617 descendit
608 1560 641 1615 et
654 1553 775 1617 corruit
789 1571 807 1614 a
822 1551 968 1634 paradiso
988 1551 1020 1614 in
1041 1569 1178 1633 praesen·
1272 1555 1507 1614 Samaritanus
1528 1562 1638 1614 antem
1658 1551 1795 1631 qnidam
1815 1552 1874 1610 iter
1888 1552 1953 1626 saci·

428 1650 469 1712 tis
490 1649 596 1712 exsilii
618 1649 735 1724 locum,
754 1655 850 1731 atque
872 1648 905 1710 in
927 1655 1043 1710 statum
1065 1654 1178 1710 morta·
1233 1671 1299 1711 ens.
1325 1651 1383 1713 Per
1411 1651 1644 1714 samaritanum
1674 1649 1783 1722 istum,
1807 1647 1846 1710 ob
1871 1648 1953 1710 nomi·

428 1748 503 1824 lem,
517 1747 710 1822 instabilem,
720 1747 941 1810 defectuosum
956 1747 1029 1810 vitae
1045 1765 1178 1828 praescn-
1232 1749 1283 1811 nis
1299 1749 1604 1832 interpretationem,
1621 1747 1774 1829 iutelligit
1787 1746 1914 1810 Christus
1926 1765 1952 1808 se

426 1847 478 1910 tis.
502 1846 664 1910 Peccaudo
686 1863 809 1928 quoque
834 1845 946 1907 incidit
969 1845 1002 1908 in
1027 1845 1174 1919 latrones,
1194 1847 1351 1929 Bipsum,
1377 1849 1529 1932 quoniam
1554 1847 1770 1911 Samaritanus
1798 1853 1893 1908 custos
1916 1845 1953 1906 in-

428 1944 488 2008 hoc
513 1952 562 2008 est
585 1945 619 2007 in
644 1945 827 2009 daemonum
851 1943 947 2018 acies,
973 1944 1029 2027 qui
1054 1944 1176 2006 animas
1232 1953 1433 2028 terpretatur.
1461 1946 1605 2010 Christus
1635 1953 1743 2008 autem
1771 1951 1818 2008 est
1841 1944 1952 2006 humani

281 2065 413 2120 immas.
428 2051 576 2126 quaerunt
588 2062 646 2126 per
657 2049 788 2126 peccata
801 2043 997 2117 occidere,et
1008 2049 1176 2124 peccantes
1231 2044 1357 2125 generis
1383 2053 1500 2120 custos,
1515 2045 1606 2125 juxta
1630 2043 1711 2106 illud
1731 2041 1790 2106 Job
1805 2063 1812 2106 :
1827 2041 1898 2115 Quid
1917 2041 1953 2104 la·
1967 2059 2038 2104 ranm

427 2143 468 2204 ad
482 2150 607 2207 aterna
627 2141 841 2205 damnationis
862 2149 998 2206 mortem
1017 2141 1177 2224 pertrahe·
1232 2142 1315 2205 ciam
1334 2142 1404 2218 tibi,
1422 2161 1440 2205 o
1456 2151 1562 2206 custos
1582 2142 1774 2206 hominuml
1790 2140 1826 2202 lit
1841 2140 1870 2202 in
1888 2139 1954 2202 Psal-

428 2259 472 2304 re.
491 2242 556 2310 Qnt
569 2243 668 2302 etiarn
683 2242 949 2317 despoliaverunt
963 2261 1049 2311 earm,
1068 2240 1174 2315 idest,
1232 2259 1285 2303 mo
1301 2258 1308 2302 :
1327 2241 1408 2304 Ecce
1427 2259 1491 2303 nou
1511 2240 1697 2305 dormitabit
1716 2258 1820 2322 neque
1839 2238 1953 2301 dormiet
1969 2249 2040 2292 bnt

428 2337 542 2401 decore
556 2339 665 2420 gratim
680 2358 716 2401 ae
731 2339 885 2400 virtutum
898 2337 1107 2421 spiritualiter
1119 2357 1176 2401 nu·
1231 2339 1287 2421 qui
1311 2341 1450 2402 custodit
1471 2340 1577 2403 lsrael.
1599 2340 1743 2404 Christus
1768 2355 1888 2420 quoque
1908 2337 1954 2399 iter

428 2435 584 2498 daverunt
601 2456 608 2500 :
626 2436 702 2519 quia
718 2437 794 2498 dum
813 2436 977 2499 homiuem
999 2455 1056 2519 per
1075 2443 1174 2498 tenta·
1230 2437 1308 2500 lecit
1322 2438 1355 2500 in
1376 2439 1493 2503 saeculo
1509 2439 1579 2512 isto,
1595 2438 1774 2501 secundum
1795 2437 1870 2499 illud
1881 2437 1954 2499 loan-

427 2541 537 2596 menta
551 2553 609 2597 sua
623 2535 662 2597 ad
678 2534 810 2598 mortale
822 2543 990 2617 peceatum
1006 2535 1173 2609 inducunt,
1230 2535 1280 2598 nis
1298 2553 1304 2598 :
1321 2535 1462 2599 Verbum
1478 2554 1550 2599 caro
1564 2535 1685 2599 factum
1700 2543 1760 2610 est,
1777 2541 1808 2598 et
1821 2533 1955 2596 habitarit
1963 2543 2025 2586 aan.
2034 2546 2043 2582 t

426 2633 528 2714 gratia
550 2640 582 2697 et
601 2633 786 2708 virtutibus,
807 2653 878 2716 quae
899 2642 975 2696 sunt
994 2633 1173 2696 animarum
1230 2634 1263 2696 in
1283 2634 1384 2698 nobis.
1398 2638 1489 2699 Venit
1505 2656 1594 2696 secas
1608 2655 1694 2705 enm,
1711 2635 1743 2696 id
1763 2642 1820 2708 est,
1835 2634 1955 2695 humano

425 2738 529 2794 vestes
545 2751 581 2795 ac
595 2740 792 2807 ornamenta,
800 2751 875 2795 eum
892 2750 965 2795 mox
981 2732 1117 2814 privant.
1128 2735 1174 2794 Et
1228 2732 1337 2814 generi
1353 2733 1603 2796 clementissime
1623 2751 1656 2797 se
1675 2732 1833 2813 adjunxit,
1848 2739 1878 2794 et
1891 2730 1954 2793 illud

419 2830 925 2907 ptapt'simpositis,abiernnt,id
938 2837 1101 2912 est,quum
1114 2831 1175 2892 aui·
1229 2838 1264 2894 ut
1287 2832 1430 2895 medicus
1459 2832 1627 2914 piissimus
1650 2832 1802 2905 visitavit,
1828 2829 1957 2913 menrad-

425 2947 510 2990 mam
530 2928 600 3009 ejus
620 2929 759 3009 graviter
773 2929 1058 3010 multipliciterque
1079 2928 1174 2992 lassis-
1229 2930 1359 2993 modum
1380 2949 1438 3012 per
1457 2930 1638 2993 Zachariam
1663 2930 1810 3013 praedixit
1829 2947 1837 2990 ε
1854 2929 2039 3001 Gauratae

424 3033 505 3100 sent,
522 3033 728 3090 cessaverunt
742 3027 781 3089 ad
796 3027 907 3089 horam
923 3027 962 3088 ab
983 3027 1052 3107 ejus
1073 3027 1173 3090 lesio·
1191 3027 1298 3096 (tillia
1313 3028 1399 3103 Sion,
1411 3029 1487 3111 quia
1501 3047 1576 3092 ecce
1590 3047 1649 3111 ego
1663 3029 1769 3102 venio,
1781 3035 1812 3090 et
1826 3027 1956 3092 habitabo

423 3141 480 3204 ne;
490 3124 552 3200 vel,
563 3146 580 3185 n
590 3123 739 3204 abierunt
749 3147 778 3199 n,
789 3125 921 3188 insidias
935 3124 1170 3188 abscondendo.
1229 3126 1262 3188 in
1282 3125 1388 3190 medio
1402 3126 1460 3188 tui.
1477 3129 1521 3190 m
1537 3129 1651 3190 uidem
1665 3147 1739 3188 enm
1753 3127 1846 3190 oculo
1864 3141 1955 3208 corpo

423 3223 573 3304 [lenique
580 3231 646 3286 tam
659 3224 759 3287 Adam
773 3243 869 3306 quam
881 3242 982 3304 genus
995 3224 1172 3287 humanum
1228 3224 1286 3286 rali
1310 3243 1347 3288 ao
1371 3225 1526 3300 interiori,
1542 3227 1774 3286 misericordia
1792 3235 1893 3287 motas
1909 3233 1955 3293 ast,

423 3320 560 3383 incurrit
584 3321 765 3404 specialiter
789 3329 926 3404 quatuor
947 3321 1082 3384 vulnera
1105 3321 1172 3384 ani·
1228 3322 1259 3384 id
1284 3331 1343 3397 est,
1369 3324 1422 3405 pie
1445 3323 1610 3387 condoluit
1639 3330 1671 3386 et
1700 3324 1860 3398 subvenit,
1881 3323 1956 3404 juxta

423 3436 484 3481 msa
507 3437 546 3480 ex
571 3418 719 3500 originali
743 3414 884 3500 peccato,
906 3427 983 3500 puta
1003 3419 1170 3493 malitiam,
1227 3420 1307 3483 illud
1332 3422 1529 3486 Threnorum
1556 3441 1564 3486 ε
1588 3422 1812 3486 Misericordiae
1836 3420 1955 3490 Domini,
1976 3436 2045 3480 aaa

423 3515 456 3578 id
481 3523 529 3578 est
553 3517 744 3599 pronitatem
769 3517 809 3580 ad
832 3517 914 3580 mala
939 3518 971 3580 in
996 3517 1170 3593 voluntate,
1227 3520 1303 3601 quia
1324 3538 1388 3583 non
1409 3539 1521 3584 sumus
1543 3520 1737 3603 consumpti.
1877 3591 1880 3598 ,
1965 3503 1983 3528 ”

423 3615 635 3697 ignorantiam
652 3615 686 3677 in
701 3615 877 3690 intellectu,
895 3614 1117 3678 infirmitatem
1139 3616 1171 3678 in
1266 3622 1310 3680 lit
1329 3621 1541 3696 appropians,
1564 3619 1596 3681 id
1620 3625 1679 3694 est,
1701 3618 1844 3682 humano
1865 3616 1955 3700 generi

423 3713 456 3776 vi
472 3713 637 3788 irascibili,
655 3713 947 3795 concupiscentiam
967 3713 1000 3775 in
1021 3714 1172 3796 concupi·
1227 3716 1390 3779 caritative
1405 3725 1438 3780 et
1452 3717 1505 3800 pie
1520 3736 1554 3782 se
1574 3717 1740 3800 applicans
1761 3715 1954 3799 prmdieando,

423 3812 540 3875 scibili.
564 3813 728 3874 Serninivo
751 3815 864 3874 relicto
887 3834 899 3872 .·
918 3813 993 3896 quia
1016 3812 1091 3875 licet
1115 3831 1172 3895 per
1226 3815 1317 3896 signa
1339 3814 1497 3891 iaciendo,
1518 3815 1651 3897 gratiam
1675 3815 1883 3888 infundendo,
1897 3815 1956 3873 atti·

423 3911 556 3975 mortale
569 3918 736 3994 peceatum
750 3911 815 3976 vita
829 3911 937 3992 gratiae
952 3919 984 3974 et
999 3913 1112 3974 caritas
1127 3919 1172 3974 to·
1223 3917 1317 3991 pavit
1332 3918 1473 3974 vulnera
1486 3916 1569 3993 ejas,
1579 3914 1610 3977 id
1625 3920 1684 3988 est,
1693 3921 1826 3996 peccata
1840 3911 1954 3983 curavit,

422 4009 528 4073 taliter
542 4008 856 4084 auferantur,manet
870 4016 977 4072 tamen
993 4009 1026 4071 in
1041 4009 1171 4072 homine
1226 4019 1258 4074 et
1286 4013 1370 4075 vires
1400 4013 1514 4076 animae
1544 4011 1753 4094 spiritualiter
1779 4013 1954 4083 vulneratas,

423 4108 562 4171 liberum
581 4107 762 4182 arbitrium,
780 4124 843 4190 quo
860 4114 964 4189 potest
984 4108 1171 4190 dispositive
1227 4129 1283 4192 per
1301 4111 1477 4192 gratiarum
1492 4118 1524 4172 et
1537 4111 1694 4173 virtutum
1714 4111 1902 4174 charismata
1919 4126 1955 4170 re-

423 4205 752 4288 resurgerc,iaciend0
767 4205 851 4288 quod
867 4206 899 4268 in
915 4225 949 4268 se
965 4214 1032 4286 est;
1048 4206 1171 4274 sublata
1185 4209 1209 4271 u
1225 4209 1384 4272 formavit.
1402 4209 1465 4272 Hoc
1485 4209 1572 4272 enim
1588 4208 1732 4272 Christus
1749 4209 1906 4272 meritorie
1923 4207 1957 4270 ie

423 4323 551 4388 quoque
565 4304 631 4368 vita
645 4303 766 4385 gratiae,
784 4312 891 4366 manet
905 4304 970 4366 vita
985 4311 1115 4368 nature.
1227 4307 1270 4369 cit
1289 4308 1322 4370 in
1346 4326 1404 4370 sua
1428 4305 1573 4370 salvifica
1596 4307 1757 4389 passione,
1778 4308 1892 4370 deinde
1910 4321 1957 4388 per

461 4405 593 4466 Accidit
615 4412 725 4463 antem
744 4412 782 4463 nt
801 4404 949 4462 sacerdos
968 4406 1103 4482 puidam
1118 4407 1172 4464 ate-
1225 4414 1422 4470 saoramenta
1440 4407 1594 4488 Baptismi
1613 4424 1650 4470 ao
1665 4407 1862 4470 Poenitentiae
1880 4403 1957 4468 reali·

423 4505 587 4562 scanderet
601 4504 712 4562 eadem
728 4503 794 4570 via,
806 4510 836 4561 et
852 4503 918 4562 viso
932 4522 978 4572 eo,
991 4505 1167 4578 praeteriit.
1225 4512 1273 4567 ter
1288 4505 1334 4567 sio
1350 4506 1506 4588 implevit.
1517 4504 1604 4568 Unde
1619 4504 1659 4566 ah
1674 4505 1755 4568 isaia
1769 4505 1889 4568 dictum
1902 4509 1955 4565 ml:

424 4599 481 4662 Per
500 4600 695 4663 sacerdotem
717 4599 826 4672 istum,
844 4598 1034 4680 intelligitur
1054 4602 1169 4677 Aaron,
1225 4603 1305 4666 Vere
1327 4603 1494 4684 languores
1516 4611 1641 4666 nostros
1662 4602 1731 4685 ipse
1749 4603 1836 4678 tulit,
1851 4611 1882 4666 et
1899 4619 1956 4684 pce
1976 4613 2044 4658 tart

424 4716 481 4760 seu
497 4698 687 4761 universitas
703 4697 904 4760 sacerdotum
922 4698 1072 4779 legalium
1090 4719 1096 4764 ε
1115 4701 1170 4782 qui
1226 4709 1294 4764 cata
1313 4709 1421 4765 nostra
1440 4702 1508 4785 ipse
1525 4700 1673 4783 portavit.
1691 4701 1771 4764 llinc
1786 4701 1912 4783 angelus
1924 4668 2044 4762 deimin

425 4797 535 4860 eadem
559 4797 611 4860 via
633 4795 807 4870 descendit,
831 4795 907 4878 quia
935 4816 992 4879 per
1016 4799 1170 4879 originale
1225 4801 1350 4865 Christo
1371 4801 1452 4864 dixit
1470 4802 1509 4864 ad
1530 4800 1647 4882 Joseph
1664 4817 1671 4863 :
1687 4802 1759 4883 lpse
1778 4801 1899 4864 salvum
1920 4799 1956 4860 la·
1976 4807 2044 4854 aaa:

425 4902 590 4977 peccatum
620 4895 778 4958 mundum
810 4894 955 4974 intravit3
985 4904 1016 4958 et
1045 4897 1171 4977 cognita
1225 4900 1289 4962 ciet
1317 4900 1474 4983 populum
1506 4919 1601 4962 suum
1631 4920 1649 4962 a
1678 4901 1819 4981 peccatis
1849 4881 1990 4964 eorum³¹'

423 4994 498 5058 adn
517 4995 707 5078 generisque
727 4993 860 5055 humani
880 4994 1010 5088 praelata
1030 4994 1168 5072 lesione,
1224 4998 1374 5081 Princeps
1390 5016 1517 5080 quoque
1531 4998 1757 5081 Apostolorum
1771 4999 1893 5064 :Jesum
1907 4999 1958 5076 (in-
1974 5010 2044 5052 rw·

424 5094 617 5175 pertransiit,
634 5093 711 5176 quia
730 5091 902 5156 subvenire
919 5111 955 5155 ac
975 5093 1096 5158 salvare
1116 5116 1170 5160 ne·
1225 5098 1308 5178 quit)
1323 5097 1415 5160 unxit
1430 5098 1513 5160 Deus
1530 5096 1650 5178 Spiritu
1666 5097 1782 5162 Sancto
1797 5107 1830 5161 et
1843 5097 1955 5170 virtute,

425 5191 537 5274 quivit.
562 5194 731 5254 Similiter
755 5199 786 5250 et
808 5193 936 5262 Levita,
962 5213 1064 5271 qnam
1091 5206 1170 5257 esset
1225 5196 1281 5278 qui
1310 5197 1495 5279 pertransiit
1523 5194 1754 5262 benefaciendo
1777 5206 1811 5262 et
1834 5196 1957 5261 sanando

424 5311 513 5350 sectas
534 5294 639 5352 locum
660 5298 690 5348 et
712 5291 837 5349 videret
862 5310 947 5361 earn,
968 5291 1091 5355 scilicet
1115 5293 1169 5357 ho·
1225 5313 1336 5359 omnes
1350 5313 1519 5378 oppressos
1534 5313 1552 5357 a
1566 5294 1959 5374 diahololnstmdeasale·
