<?xml version="1.0" encoding="UTF-8"?>
<!DOCTYPE html PUBLIC "-//W3C//DTD XHTML 1.0 Transitional//EN"
    "http://www.w3.org/TR/xhtml1/DTD/xhtml1-transitional.dtd">
<html xmlns="http://www.w3.org/1999/xhtml" xml:lang="en" lang="en">
 <head>
  <title>
</title>
<meta http-equiv="Content-Type" content="text/html;charset=utf-8" />
  <meta name='ocr-system' content='tesseract 3.04.00' />
  <meta name='ocr-capabilities' content='ocr_page ocr_carea ocr_par ocr_line ocrx_word'/>
</head>
<body>
  <div class='ocr_page' id='page_1' title='image "./doctorisecstati01unkngoog/doctorisecstati01unkngoog_0202.png"; bbox 0 0 4214 6254; ppageno 0'>
   <div class='ocr_carea' id='block_1_1' title="bbox 492 502 1681 594">
    <p class='ocr_par' dir='ltr' id='par_1_1' title="bbox 492 502 1681 594">
     <span class='ocr_line' id='line_1_1' title="bbox 492 502 1681 594; baseline -0.004 -21"><span class='ocrx_word' id='word_1_1' title='bbox 492 525 640 573; x_wconf 81' lang='grc' dir='ltr'>ιοιιιιιιοι</span> <span class='ocrx_word' id='word_1_2' title='bbox 660 524 695 570; x_wconf 86' lang='grc' dir='ltr'><strong>ιιι</strong></span> <span class='ocrx_word' id='word_1_3' title='bbox 716 524 790 571; x_wconf 83' lang='lat' dir='ltr'><strong>ross</strong></span> <span class='ocrx_word' id='word_1_4' title='bbox 809 519 1004 570; x_wconf 81' lang='grc' dir='ltr'>ιιιιιιιιιιιι.</span> <span class='ocrx_word' id='word_1_5' title='bbox 1025 539 1066 552; x_wconf 89' lang='lat'><strong>·—</strong></span> <span class='ocrx_word' id='word_1_6' title='bbox 1086 522 1186 570; x_wconf 83' lang='lat' dir='ltr'><strong>suarm</strong></span> <span class='ocrx_word' id='word_1_7' title='bbox 1206 523 1316 570; x_wconf 85' lang='grc' dir='ltr'>ιιιιιιιι</span> <span class='ocrx_word' id='word_1_8' title='bbox 1501 581 1508 594; x_wconf 32' lang='lat'>¹</span> <span class='ocrx_word' id='word_1_9' title='bbox 1622 502 1681 568; x_wconf 78' lang='lat' dir='ltr'><strong>tro</strong></span> 
     </span>
    </p>
   </div>
   <div class='ocr_carea' id='block_1_2' title="bbox 19 689 1688 4617">
    <p class='ocr_par' dir='ltr' id='par_1_2' title="bbox 19 689 1688 4617">
     <span class='ocr_line' id='line_1_2' title="bbox 137 689 1682 779; baseline -0.005 -21"><span class='ocrx_word' id='word_1_10' title='bbox 137 703 226 779; x_wconf 91' lang='lat' dir='ltr'><strong>potus</strong></span> <span class='ocrx_word' id='word_1_11' title='bbox 244 713 251 757; x_wconf 94' lang='lat'>:</span> <span class='ocrx_word' id='word_1_12' title='bbox 268 713 328 756; x_wconf 91' lang='lat' dir='ltr'><strong>nec</strong></span> <span class='ocrx_word' id='word_1_13' title='bbox 343 691 478 756; x_wconf 93' lang='lat' dir='ltr'><strong>dubium</strong></span> <span class='ocrx_word' id='word_1_14' title='bbox 495 691 573 774; x_wconf 92' lang='lat' dir='ltr'><strong>quin</strong></span> <span class='ocrx_word' id='word_1_15' title='bbox 589 699 621 754; x_wconf 82' lang='lat' dir='ltr'><strong>et</strong></span> <span class='ocrx_word' id='word_1_16' title='bbox 635 690 760 753; x_wconf 89' lang='lat' dir='ltr'><strong>sobrius</strong></span> <span class='ocrx_word' id='word_1_17' title='bbox 777 690 879 752; x_wconf 88' lang='lat' dir='ltr'><strong>cibus.</strong></span> <span class='ocrx_word' id='word_1_18' title='bbox 896 691 921 755; x_wconf 83' lang='lat' dir='ltr'>A</span> <span class='ocrx_word' id='word_1_19' title='bbox 938 690 991 772; x_wconf 92' lang='lat' dir='ltr'><strong>pio</strong></span> <span class='ocrx_word' id='word_1_20' title='bbox 1005 690 1131 772; x_wconf 81' lang='lat' dir='ltr'><strong>grauior</strong></span> <span class='ocrx_word' id='word_1_21' title='bbox 1145 699 1193 752; x_wconf 91' lang='lat' dir='ltr'><strong>cst</strong></span> <span class='ocrx_word' id='word_1_22' title='bbox 1209 689 1406 772; x_wconf 78' lang='lat' dir='ltr'><strong>impugnatio</strong></span> <span class='ocrx_word' id='word_1_23' title='bbox 1421 689 1682 768; x_wconf 75' lang='lat' dir='ltr'><strong>demonum3sed</strong></span> 
     </span>
     <span class='ocr_line' id='line_1_3' title="bbox 173 786 1682 872; baseline -0.005 -16"><span class='ocrx_word' id='word_1_24' title='bbox 173 795 206 856; x_wconf 92' lang='lat' dir='ltr'><strong>ln</strong></span> <span class='ocrx_word' id='word_1_25' title='bbox 228 791 320 856; x_wconf 89' lang='lat' dir='ltr'><strong>honis</strong></span> <span class='ocrx_word' id='word_1_26' title='bbox 341 792 471 854; x_wconf 90' lang='lat' dir='ltr'><strong>demum</strong></span> <span class='ocrx_word' id='word_1_27' title='bbox 494 789 645 872; x_wconf 80' lang='lat' dir='ltr'>operibus</span> <span class='ocrx_word' id='word_1_28' title='bbox 665 788 820 851; x_wconf 88' lang='lat' dir='ltr'><strong>debemus</strong></span> <span class='ocrx_word' id='word_1_29' title='bbox 836 807 884 850; x_wconf 92' lang='lat' dir='ltr'><strong>es·</strong></span> <span class='ocrx_word' id='word_1_30' title='bbox 936 789 962 850; x_wconf 93' lang='lat' dir='ltr'><strong>si</strong></span> <span class='ocrx_word' id='word_1_31' title='bbox 978 788 1050 870; x_wconf 93' lang='lat' dir='ltr'><strong>quis</strong></span> <span class='ocrx_word' id='word_1_32' title='bbox 1066 789 1139 852; x_wconf 90' lang='lat' dir='ltr'><strong>lorti</strong></span> <span class='ocrx_word' id='word_1_33' title='bbox 1155 789 1263 850; x_wconf 91' lang='lat' dir='ltr'><strong>animo</strong></span> <span class='ocrx_word' id='word_1_34' title='bbox 1281 787 1469 850; x_wconf 79' lang='lat' dir='ltr'><strong>sustinuerit</strong></span> <span class='ocrx_word' id='word_1_35' title='bbox 1482 795 1576 868; x_wconf 90' lang='lat' dir='ltr'><strong>atque</strong></span> <span class='ocrx_word' id='word_1_36' title='bbox 1592 786 1682 848; x_wconf 89' lang='lat' dir='ltr'><strong>resti-</strong></span> 
     </span>
     <span class='ocr_line' id='line_1_4' title="bbox 137 885 1683 972; baseline -0.004 -19"><span class='ocrx_word' id='word_1_37' title='bbox 137 910 167 954; x_wconf 90' lang='lat' dir='ltr'><strong>se</strong></span> <span class='ocrx_word' id='word_1_38' title='bbox 186 890 367 972; x_wconf 77' lang='lat' dir='ltr'><strong>diligentes,</strong></span> <span class='ocrx_word' id='word_1_39' title='bbox 384 895 416 949; x_wconf 90' lang='lat' dir='ltr'><strong>et</strong></span> <span class='ocrx_word' id='word_1_40' title='bbox 436 887 661 970; x_wconf 83' lang='lat' dir='ltr'><strong>circumspecti</strong></span> <span class='ocrx_word' id='word_1_41' title='bbox 682 905 718 949; x_wconf 91' lang='lat' dir='ltr'><strong>ac</strong></span> <span class='ocrx_word' id='word_1_42' title='bbox 739 885 880 959; x_wconf 84' lang='lat' dir='ltr'><strong>stabiles,</strong></span> <span class='ocrx_word' id='word_1_43' title='bbox 936 887 1019 961; x_wconf 88' lang='lat' dir='ltr'><strong>terit,</strong></span> <span class='ocrx_word' id='word_1_44' title='bbox 1029 887 1171 949; x_wconf 89' lang='lat' dir='ltr'><strong>inveniet</strong></span> <span class='ocrx_word' id='word_1_45' title='bbox 1185 905 1238 949; x_wconf 89' lang='lat' dir='ltr'><strong>cos</strong></span> <span class='ocrx_word' id='word_1_46' title='bbox 1254 887 1396 969; x_wconf 84' lang='lat' dir='ltr'><strong>quotidie</strong></span> <span class='ocrx_word' id='word_1_47' title='bbox 1411 885 1592 949; x_wconf 89' lang='lat' dir='ltr'><strong>debiliores.</strong></span> <span class='ocrx_word' id='word_1_48' title='bbox 1603 886 1683 948; x_wconf 89' lang='lat' dir='ltr'><strong>Hinc</strong></span> 
     </span>
     <span class='ocr_line' id='line_1_5' title="bbox 21 983 1682 1069; baseline -0.005 -15"><span class='ocrx_word' id='word_1_49' title='bbox 21 1006 196 1058; x_wconf 61' lang='lat' dir='ltr'><strong>inseranda</strong></span> <span class='ocrx_word' id='word_1_50' title='bbox 223 987 340 1069; x_wconf 78' lang='lat' dir='ltr'><strong>ignavi,</strong></span> <span class='ocrx_word' id='word_1_51' title='bbox 361 985 488 1048; x_wconf 79' lang='lat' dir='ltr'><strong>remissi</strong></span> <span class='ocrx_word' id='word_1_52' title='bbox 511 991 542 1046; x_wconf 88' lang='lat' dir='ltr'><strong>et</strong></span> <span class='ocrx_word' id='word_1_53' title='bbox 563 985 658 1066; x_wconf 78' lang='lat' dir='ltr'><strong>pigri,</strong></span> <span class='ocrx_word' id='word_1_54' title='bbox 679 983 754 1066; x_wconf 94' lang='lat' dir='ltr'><strong>quia</strong></span> <span class='ocrx_word' id='word_1_55' title='bbox 773 983 882 1046; x_wconf 92' lang='lat' dir='ltr'><strong>adver·</strong></span> <span class='ocrx_word' id='word_1_56' title='bbox 937 985 1149 1047; x_wconf 86' lang='lat' dir='ltr'><strong>resistendum</strong></span> <span class='ocrx_word' id='word_1_57' title='bbox 1175 993 1223 1046; x_wconf 92' lang='lat' dir='ltr'><strong>est</strong></span> <span class='ocrx_word' id='word_1_58' title='bbox 1246 984 1407 1066; x_wconf 92' lang='lat' dir='ltr'><strong>principio</strong></span> <span class='ocrx_word' id='word_1_59' title='bbox 1430 983 1594 1047; x_wconf 76' lang='lat' dir='ltr'><strong>diabolice</strong></span> <span class='ocrx_word' id='word_1_60' title='bbox 1616 991 1682 1045; x_wconf 92' lang='lat' dir='ltr'><strong>ten-</strong></span> 
     </span>
     <span class='ocr_line' id='line_1_6' title="bbox 136 1081 1684 1164; baseline -0.003 -16"><span class='ocrx_word' id='word_1_61' title='bbox 136 1087 234 1149; x_wconf 89' lang='lat' dir='ltr'><strong>sarius</strong></span> <span class='ocrx_word' id='word_1_62' title='bbox 257 1092 365 1148; x_wconf 83' lang='lat' dir='ltr'><strong>noster</strong></span> <span class='ocrx_word' id='word_1_63' title='bbox 385 1083 532 1146; x_wconf 89' lang='lat' dir='ltr'><strong>diabolus</strong></span> <span class='ocrx_word' id='word_1_64' title='bbox 556 1091 702 1164; x_wconf 85' lang='lat' dir='ltr'><strong>tanquam</strong></span> <span class='ocrx_word' id='word_1_65' title='bbox 726 1081 775 1145; x_wconf 93' lang='lat' dir='ltr'><strong>leo</strong></span> <span class='ocrx_word' id='word_1_66' title='bbox 799 1081 882 1162; x_wconf 78' lang='lat' dir='ltr'><strong>rugi·</strong></span> <span class='ocrx_word' id='word_1_67' title='bbox 936 1082 1060 1156; x_wconf 89' lang='lat' dir='ltr'><strong>tationi,</strong></span> <span class='ocrx_word' id='word_1_68' title='bbox 1076 1082 1227 1146; x_wconf 87' lang='lat' dir='ltr'><strong>videlicet</strong></span> <span class='ocrx_word' id='word_1_69' title='bbox 1245 1101 1350 1164; x_wconf 79' lang='lat' dir='ltr'><strong>pravae</strong></span> <span class='ocrx_word' id='word_1_70' title='bbox 1371 1081 1566 1163; x_wconf 82' lang='lat' dir='ltr'><strong>suggestioni</strong></span> <span class='ocrx_word' id='word_1_71' title='bbox 1584 1101 1590 1144; x_wconf 93' lang='lat'><strong>:</strong></span> <span class='ocrx_word' id='word_1_72' title='bbox 1608 1081 1684 1163; x_wconf 87' lang='lat' dir='ltr'><strong>quia</strong></span> 
     </span>
     <span class='ocr_line' id='line_1_7' title="bbox 136 1179 1684 1264; baseline -0.004 -17"><span class='ocrx_word' id='word_1_73' title='bbox 136 1204 188 1247; x_wconf 91' lang='lat' dir='ltr'><strong>cns</strong></span> <span class='ocrx_word' id='word_1_74' title='bbox 205 1183 331 1256; x_wconf 86' lang='lat' dir='ltr'><strong>circuit,</strong></span> <span class='ocrx_word' id='word_1_75' title='bbox 348 1199 493 1264; x_wconf 81' lang='lat' dir='ltr'><strong>quaereus</strong></span> <span class='ocrx_word' id='word_1_76' title='bbox 509 1179 726 1243; x_wconf 81' lang='lat' dir='ltr'><strong>indesinenter</strong></span> <span class='ocrx_word' id='word_1_77' title='bbox 745 1179 882 1262; x_wconf 87' lang='lat' dir='ltr'><strong>qualiter</strong></span> <span class='ocrx_word' id='word_1_78' title='bbox 936 1189 972 1242; x_wconf 93' lang='lat' dir='ltr'><strong>ut</strong></span> <span class='ocrx_word' id='word_1_79' title='bbox 986 1181 1031 1242; x_wconf 90' lang='lat' dir='ltr'><strong>ait</strong></span> <span class='ocrx_word' id='word_1_80' title='bbox 1050 1180 1303 1264; x_wconf 74' lang='lat' dir='ltr'><strong>chrysostomus,</strong></span> <span class='ocrx_word' id='word_1_81' title='bbox 1320 1180 1466 1243; x_wconf 89' lang='lat' dir='ltr'><strong>diabolus</strong></span> <span class='ocrx_word' id='word_1_82' title='bbox 1487 1197 1618 1261; x_wconf 87' lang='lat' dir='ltr'><strong>serpens</strong></span> <span class='ocrx_word' id='word_1_83' title='bbox 1635 1186 1684 1243; x_wconf 91' lang='lat' dir='ltr'><strong>est</strong></span> 
     </span>
     <span class='ocr_line' id='line_1_8' title="bbox 136 1278 1683 1372; baseline -0.003 -26"><span class='ocrx_word' id='word_1_84' title='bbox 136 1301 189 1346; x_wconf 89' lang='lat' dir='ltr'><strong>nos</strong></span> <span class='ocrx_word' id='word_1_85' title='bbox 220 1283 351 1345; x_wconf 88' lang='lat' dir='ltr'><strong>seducat</strong></span> <span class='ocrx_word' id='word_1_86' title='bbox 374 1288 406 1342; x_wconf 90' lang='lat' dir='ltr'><strong>et</strong></span> <span class='ocrx_word' id='word_1_87' title='bbox 428 1280 467 1342; x_wconf 91' lang='lat' dir='ltr'><strong>ad</strong></span> <span class='ocrx_word' id='word_1_88' title='bbox 491 1287 650 1372; x_wconf 31' lang='lat' dir='ltr'><strong>aeternam,</strong></span> <span class='ocrx_word' id='word_1_89' title='bbox 668 1279 880 1340; x_wconf 88' lang='lat' dir='ltr'><strong>calamitatem</strong></span> <span class='ocrx_word' id='word_1_90' title='bbox 937 1279 1091 1354; x_wconf 91' lang='lat' dir='ltr'><strong>lubricus,</strong></span> <span class='ocrx_word' id='word_1_91' title='bbox 1114 1279 1206 1360; x_wconf 90' lang='lat' dir='ltr'><strong>cujus</strong></span> <span class='ocrx_word' id='word_1_92' title='bbox 1231 1280 1257 1340; x_wconf 91' lang='lat' dir='ltr'><strong>si</strong></span> <span class='ocrx_word' id='word_1_93' title='bbox 1283 1280 1392 1362; x_wconf 90' lang='lat' dir='ltr'><strong>capiti,</strong></span> <span class='ocrx_word' id='word_1_94' title='bbox 1413 1279 1474 1342; x_wconf 92' lang='lat' dir='ltr'><strong>hoc</strong></span> <span class='ocrx_word' id='word_1_95' title='bbox 1499 1286 1546 1341; x_wconf 92' lang='lat' dir='ltr'><strong>est</strong></span> <span class='ocrx_word' id='word_1_96' title='bbox 1570 1278 1683 1360; x_wconf 79' lang='lat' dir='ltr'><strong>prime</strong></span> 
     </span>
     <span class='ocr_line' id='line_1_9' title="bbox 136 1376 1684 1464; baseline -0.003 -20"><span class='ocrx_word' id='word_1_97' title='bbox 136 1381 297 1464; x_wconf 77' lang='lat' dir='ltr'><strong>perducat.</strong></span> <span class='ocrx_word' id='word_1_98' title='bbox 315 1379 372 1442; x_wconf 84' lang='lat' dir='ltr'><strong>Cui</strong></span> <span class='ocrx_word' id='word_1_99' title='bbox 395 1377 460 1440; x_wconf 88' lang='lat' dir='ltr'><strong>lide</strong></span> <span class='ocrx_word' id='word_1_100' title='bbox 484 1377 614 1440; x_wconf 91' lang='lat' dir='ltr'><strong>robusta</strong></span> <span class='ocrx_word' id='word_1_101' title='bbox 638 1395 695 1458; x_wconf 92' lang='lat' dir='ltr'><strong>per</strong></span> <span class='ocrx_word' id='word_1_102' title='bbox 717 1376 880 1438; x_wconf 87' lang='lat' dir='ltr'><strong>caritatem</strong></span> <span class='ocrx_word' id='word_1_103' title='bbox 937 1378 1143 1458; x_wconf 80' lang='lat' dir='ltr'><strong>suggestioni,</strong></span> <span class='ocrx_word' id='word_1_104' title='bbox 1156 1396 1218 1441; x_wconf 91' lang='lat' dir='ltr'><strong>nou</strong></span> <span class='ocrx_word' id='word_1_105' title='bbox 1235 1377 1410 1452; x_wconf 88' lang='lat' dir='ltr'><strong>resistatur,</strong></span> <span class='ocrx_word' id='word_1_106' title='bbox 1419 1385 1504 1440; x_wconf 86' lang='lat' dir='ltr'><strong>totus</strong></span> <span class='ocrx_word' id='word_1_107' title='bbox 1521 1377 1553 1438; x_wconf 95' lang='lat' dir='ltr'><strong>in</strong></span> <span class='ocrx_word' id='word_1_108' title='bbox 1570 1376 1684 1439; x_wconf 85' lang='lat' dir='ltr'><strong>intima</strong></span> 
     </span>
     <span class='ocr_line' id='line_1_10' title="bbox 136 1474 1683 1550; baseline -0.003 -8"><span class='ocrx_word' id='word_1_109' title='bbox 136 1487 165 1542; x_wconf 90' lang='lat' dir='ltr'><strong>et</strong></span> <span class='ocrx_word' id='word_1_110' title='bbox 178 1479 280 1542; x_wconf 92' lang='lat' dir='ltr'><strong>honos</strong></span> <span class='ocrx_word' id='word_1_111' title='bbox 294 1486 384 1540; x_wconf 92' lang='lat' dir='ltr'><strong>actus</strong></span> <span class='ocrx_word' id='word_1_112' title='bbox 399 1477 535 1539; x_wconf 91' lang='lat' dir='ltr'><strong>lormata</strong></span> <span class='ocrx_word' id='word_1_113' title='bbox 550 1476 704 1538; x_wconf 90' lang='lat' dir='ltr'><strong>debemus</strong></span> <span class='ocrx_word' id='word_1_114' title='bbox 721 1474 879 1548; x_wconf 88' lang='lat' dir='ltr'><strong>resistere,</strong></span> <span class='ocrx_word' id='word_1_115' title='bbox 938 1476 1053 1550; x_wconf 92' lang='lat' dir='ltr'><strong>cordis,</strong></span> <span class='ocrx_word' id='word_1_116' title='bbox 1079 1475 1155 1538; x_wconf 94' lang='lat' dir='ltr'><strong>dum</strong></span> <span class='ocrx_word' id='word_1_117' title='bbox 1186 1493 1248 1538; x_wconf 94' lang='lat' dir='ltr'><strong>non</strong></span> <span class='ocrx_word' id='word_1_118' title='bbox 1279 1475 1426 1549; x_wconf 87' lang='lat' dir='ltr'><strong>sentitur,</strong></span> <span class='ocrx_word' id='word_1_119' title='bbox 1458 1475 1609 1538; x_wconf 84' lang='lat' dir='ltr'><strong>illabitur.</strong></span> <span class='ocrx_word' id='word_1_120' title='bbox 1637 1477 1683 1538; x_wconf 92' lang='lat' dir='ltr'><strong>ln-</strong></span> 
     </span>
     <span class='ocr_line' id='line_1_11' title="bbox 135 1573 1684 1657; baseline -0.003 -15"><span class='ocrx_word' id='word_1_121' title='bbox 135 1580 278 1642; x_wconf 90' lang='lat' dir='ltr'><strong>divinum</strong></span> <span class='ocrx_word' id='word_1_122' title='bbox 298 1577 452 1640; x_wconf 82' lang='lat' dir='ltr'><strong>auxilium</strong></span> <span class='ocrx_word' id='word_1_123' title='bbox 475 1574 662 1648; x_wconf 89' lang='lat' dir='ltr'><strong>invocando,</strong></span> <span class='ocrx_word' id='word_1_124' title='bbox 679 1573 794 1636; x_wconf 81' lang='lat' dir='ltr'><strong>Christi</strong></span> <span class='ocrx_word' id='word_1_125' title='bbox 812 1592 882 1655; x_wconf 87' lang='lat' dir='ltr'><strong>pas·</strong></span> <span class='ocrx_word' id='word_1_126' title='bbox 937 1591 1034 1656; x_wconf 88' lang='lat' dir='ltr'><strong>super</strong></span> <span class='ocrx_word' id='word_1_127' title='bbox 1054 1574 1274 1657; x_wconf 89' lang='lat' dir='ltr'><strong>unusquisque</strong></span> <span class='ocrx_word' id='word_1_128' title='bbox 1294 1581 1403 1636; x_wconf 88' lang='lat' dir='ltr'><strong>contra</strong></span> <span class='ocrx_word' id='word_1_129' title='bbox 1422 1592 1459 1636; x_wconf 88' lang='lat' dir='ltr'><strong>ea</strong></span> <span class='ocrx_word' id='word_1_130' title='bbox 1473 1574 1550 1636; x_wconf 89' lang='lat' dir='ltr'><strong>vitia</strong></span> <span class='ocrx_word' id='word_1_131' title='bbox 1568 1574 1684 1638; x_wconf 89' lang='lat' dir='ltr'><strong>lortius</strong></span> 
     </span>
     <span class='ocr_line' id='line_1_12' title="bbox 137 1671 1683 1756; baseline -0.004 -16"><span class='ocrx_word' id='word_1_132' title='bbox 137 1679 258 1740; x_wconf 91' lang='lat' dir='ltr'><strong>sionem</strong></span> <span class='ocrx_word' id='word_1_133' title='bbox 278 1676 447 1756; x_wconf 79' lang='lat' dir='ltr'><strong>diligenter</strong></span> <span class='ocrx_word' id='word_1_134' title='bbox 465 1692 502 1736; x_wconf 90' lang='lat' dir='ltr'><strong>ac</strong></span> <span class='ocrx_word' id='word_1_135' title='bbox 519 1671 681 1734; x_wconf 90' lang='lat' dir='ltr'><strong>multoties</strong></span> <span class='ocrx_word' id='word_1_136' title='bbox 701 1671 880 1746; x_wconf 90' lang='lat' dir='ltr'><strong>recolendo,</strong></span> <span class='ocrx_word' id='word_1_137' title='bbox 938 1673 1109 1754; x_wconf 70' lang='lat' dir='ltr'><strong>praelietur,</strong></span> <span class='ocrx_word' id='word_1_138' title='bbox 1121 1673 1160 1734; x_wconf 91' lang='lat' dir='ltr'><strong>ad</strong></span> <span class='ocrx_word' id='word_1_139' title='bbox 1176 1693 1246 1754; x_wconf 82' lang='lat' dir='ltr'><strong>quae</strong></span> <span class='ocrx_word' id='word_1_140' title='bbox 1261 1692 1295 1735; x_wconf 91' lang='lat' dir='ltr'><strong>se</strong></span> <span class='ocrx_word' id='word_1_141' title='bbox 1311 1673 1493 1755; x_wconf 90' lang='lat' dir='ltr'><strong>proniorem</strong></span> <span class='ocrx_word' id='word_1_142' title='bbox 1509 1673 1683 1735; x_wconf 87' lang='lat' dir='ltr'><strong>consistere</strong></span> 
     </span>
     <span class='ocr_line' id='line_1_13' title="bbox 136 1769 1684 1859; baseline -0.003 -21"><span class='ocrx_word' id='word_1_143' title='bbox 136 1776 299 1859; x_wconf 83' lang='lat' dir='ltr'><strong>praesentis</strong></span> <span class='ocrx_word' id='word_1_144' title='bbox 323 1775 396 1836; x_wconf 70' lang='lat' dir='ltr'><strong>vitae</strong></span> <span class='ocrx_word' id='word_1_145' title='bbox 421 1772 621 1844; x_wconf 85' lang='lat' dir='ltr'><strong>breuitatem,</strong></span> <span class='ocrx_word' id='word_1_146' title='bbox 645 1769 745 1832; x_wconf 91' lang='lat' dir='ltr'><strong>luturi</strong></span> <span class='ocrx_word' id='word_1_147' title='bbox 767 1769 881 1850; x_wconf 90' lang='lat' dir='ltr'><strong>judicii</strong></span> <span class='ocrx_word' id='word_1_148' title='bbox 938 1772 1276 1854; x_wconf 86' lang='lat' dir='ltr'><strong>experitur:quoniam</strong></span> <span class='ocrx_word' id='word_1_149' title='bbox 1292 1779 1373 1834; x_wconf 88' lang='lat' dir='ltr'><strong>teste</strong></span> <span class='ocrx_word' id='word_1_150' title='bbox 1385 1771 1684 1854; x_wconf 72' lang='lat' dir='ltr'><strong>chrysostomodia·</strong></span> 
     </span>
     <span class='ocr_line' id='line_1_14' title="bbox 135 1867 1681 1954; baseline -0.003 -17"><span class='ocrx_word' id='word_1_151' title='bbox 135 1874 376 1946; x_wconf 91' lang='lat' dir='ltr'><strong>districtionem,</strong></span> <span class='ocrx_word' id='word_1_152' title='bbox 386 1871 494 1934; x_wconf 79' lang='lat' dir='ltr'><strong>aeterni</strong></span> <span class='ocrx_word' id='word_1_153' title='bbox 510 1869 660 1952; x_wconf 91' lang='lat' dir='ltr'><strong>supplicii</strong></span> <span class='ocrx_word' id='word_1_154' title='bbox 677 1867 882 1930; x_wconf 91' lang='lat' dir='ltr'><strong>intolerabili·</strong></span> <span class='ocrx_word' id='word_1_155' title='bbox 900 1868 924 1932; x_wconf 90' lang='lat' dir='ltr'>B</span> <span class='ocrx_word' id='word_1_156' title='bbox 941 1869 1031 1932; x_wconf 91' lang='lat' dir='ltr'><strong>holus</strong></span> <span class='ocrx_word' id='word_1_157' title='bbox 1045 1870 1172 1951; x_wconf 88' lang='lat' dir='ltr'><strong>quando</strong></span> <span class='ocrx_word' id='word_1_158' title='bbox 1192 1871 1339 1954; x_wconf 89' lang='lat' dir='ltr'><strong>decipere</strong></span> <span class='ocrx_word' id='word_1_159' title='bbox 1356 1871 1541 1952; x_wconf 87' lang='lat' dir='ltr'><strong>quempiam</strong></span> <span class='ocrx_word' id='word_1_160' title='bbox 1557 1870 1681 1951; x_wconf 82' lang='lat' dir='ltr'><strong>quaerit,</strong></span> 
     </span>
     <span class='ocr_line' id='line_1_15' title="bbox 135 1967 1684 2052; baseline -0.004 -16"><span class='ocrx_word' id='word_1_161' title='bbox 135 1981 243 2048; x_wconf 86' lang='lat' dir='ltr'><strong>tatem,</strong></span> <span class='ocrx_word' id='word_1_162' title='bbox 257 1971 395 2035; x_wconf 88' lang='lat' dir='ltr'><strong>coelestis</strong></span> <span class='ocrx_word' id='word_1_163' title='bbox 409 1969 517 2052; x_wconf 80' lang='lat' dir='ltr'><strong>gloriae</strong></span> <span class='ocrx_word' id='word_1_164' title='bbox 533 1968 780 2030; x_wconf 84' lang='lat' dir='ltr'><strong>immensitatem</strong></span> <span class='ocrx_word' id='word_1_165' title='bbox 796 1985 883 2047; x_wconf 81' lang='lat' dir='ltr'><strong>saga·</strong></span> <span class='ocrx_word' id='word_1_166' title='bbox 939 1968 1027 2049; x_wconf 91' lang='lat' dir='ltr'><strong>prius</strong></span> <span class='ocrx_word' id='word_1_167' title='bbox 1042 1967 1112 2049; x_wconf 89' lang='lat' dir='ltr'><strong>ejus</strong></span> <span class='ocrx_word' id='word_1_168' title='bbox 1128 1975 1274 2030; x_wconf 88' lang='lat' dir='ltr'><strong>naturam</strong></span> <span class='ocrx_word' id='word_1_169' title='bbox 1291 1968 1480 2041; x_wconf 88' lang='lat' dir='ltr'><strong>considerat,</strong></span> <span class='ocrx_word' id='word_1_170' title='bbox 1497 1976 1529 2029; x_wconf 90' lang='lat' dir='ltr'><strong>et</strong></span> <span class='ocrx_word' id='word_1_171' title='bbox 1544 1968 1616 2030; x_wconf 89' lang='lat' dir='ltr'><strong>iude</strong></span> <span class='ocrx_word' id='word_1_172' title='bbox 1631 1988 1684 2051; x_wconf 87' lang='lat' dir='ltr'><strong>ap·</strong></span> 
     </span>
     <span class='ocr_line' id='line_1_16' title="bbox 136 2065 1683 2150; baseline -0.005 -15"><span class='ocrx_word' id='word_1_173' title='bbox 136 2073 215 2136; x_wconf 89' lang='lat' dir='ltr'><strong>citer</strong></span> <span class='ocrx_word' id='word_1_174' title='bbox 238 2069 402 2143; x_wconf 89' lang='lat' dir='ltr'><strong>intuendo,</strong></span> <span class='ocrx_word' id='word_1_175' title='bbox 424 2067 694 2150; x_wconf 89' lang='lat' dir='ltr'><strong>quemadmodum</strong></span> <span class='ocrx_word' id='word_1_176' title='bbox 719 2067 752 2128; x_wconf 92' lang='lat' dir='ltr'><strong>in</strong></span> <span class='ocrx_word' id='word_1_177' title='bbox 777 2065 883 2127; x_wconf 82' lang='lat' dir='ltr'><strong>Eccle-</strong></span> <span class='ocrx_word' id='word_1_178' title='bbox 939 2067 1036 2148; x_wconf 92' lang='lat' dir='ltr'><strong>plicat</strong></span> <span class='ocrx_word' id='word_1_179' title='bbox 1051 2067 1135 2129; x_wconf 91' lang='lat' dir='ltr'><strong>unde</strong></span> <span class='ocrx_word' id='word_1_180' title='bbox 1154 2085 1229 2129; x_wconf 90' lang='lat' dir='ltr'><strong>eum</strong></span> <span class='ocrx_word' id='word_1_181' title='bbox 1249 2067 1406 2148; x_wconf 87' lang='lat' dir='ltr'><strong>conspicit</strong></span> <span class='ocrx_word' id='word_1_182' title='bbox 1425 2067 1464 2130; x_wconf 94' lang='lat' dir='ltr'><strong>ad</strong></span> <span class='ocrx_word' id='word_1_183' title='bbox 1484 2067 1683 2149; x_wconf 89' lang='lat' dir='ltr'><strong>peccandum</strong></span> 
     </span>
     <span class='ocr_line' id='line_1_17' title="bbox 69 2163 1172 2250; baseline 0.002 -24"><span class='ocrx_word' id='word_1_184' title='bbox 69 2185 123 2234; x_wconf 66' lang='lat' dir='ltr'><strong>aar.</strong></span> <span class='ocrx_word' id='word_1_185' title='bbox 136 2170 263 2234; x_wconf 87' lang='lat' dir='ltr'><strong>siastico</strong></span> <span class='ocrx_word' id='word_1_186' title='bbox 277 2169 433 2250; x_wconf 88' lang='lat' dir='ltr'><strong>scriptum</strong></span> <span class='ocrx_word' id='word_1_187' title='bbox 449 2167 695 2230; x_wconf 78' lang='lat' dir='ltr'><strong>estzldemorare</strong></span> <span class='ocrx_word' id='word_1_188' title='bbox 710 2163 885 2227; x_wconf 87' lang='lat' dir='ltr'><strong>novissima</strong></span> <span class='ocrx_word' id='word_1_189' title='bbox 938 2166 1172 2248; x_wconf 90' lang='lat' dir='ltr'><strong>procliviorem.</strong></span> 
     </span>
     <span class='ocr_line' id='line_1_18' title="bbox 19 2262 1685 2349; baseline -0.002 -17"><span class='ocrx_word' id='word_1_190' title='bbox 19 2281 38 2292; x_wconf 53' lang='lat'><strong>¹·</strong></span> <span class='ocrx_word' id='word_1_191' title='bbox 136 2279 199 2342; x_wconf 88' lang='lat' dir='ltr'><strong>tua,</strong></span> <span class='ocrx_word' id='word_1_192' title='bbox 213 2277 247 2331; x_wconf 91' lang='lat' dir='ltr'><strong>et</strong></span> <span class='ocrx_word' id='word_1_193' title='bbox 261 2269 294 2330; x_wconf 95' lang='lat' dir='ltr'><strong>in</strong></span> <span class='ocrx_word' id='word_1_194' title='bbox 309 2275 464 2331; x_wconf 78' lang='lat' dir='ltr'><strong>aeternum</strong></span> <span class='ocrx_word' id='word_1_195' title='bbox 479 2283 543 2328; x_wconf 93' lang='lat' dir='ltr'><strong>non</strong></span> <span class='ocrx_word' id='word_1_196' title='bbox 559 2263 717 2348; x_wconf 88' lang='lat' dir='ltr'><strong>peccabis.</strong></span> <span class='ocrx_word' id='word_1_197' title='bbox 734 2262 882 2326; x_wconf 83' lang='lat' dir='ltr'><strong>Conside-</strong></span> <span class='ocrx_word' id='word_1_198' title='bbox 978 2265 1025 2327; x_wconf 89' lang='lat' dir='ltr'><strong>Sit</strong></span> <span class='ocrx_word' id='word_1_199' title='bbox 1040 2283 1115 2346; x_wconf 85' lang='lat' dir='ltr'><strong>ergo</strong></span> <span class='ocrx_word' id='word_1_200' title='bbox 1134 2273 1198 2328; x_wconf 89' lang='lat' dir='ltr'><strong>tota</strong></span> <span class='ocrx_word' id='word_1_201' title='bbox 1216 2283 1288 2348; x_wconf 86' lang='lat' dir='ltr'><strong>spes</strong></span> <span class='ocrx_word' id='word_1_202' title='bbox 1306 2272 1413 2328; x_wconf 91' lang='lat' dir='ltr'><strong>nostra</strong></span> <span class='ocrx_word' id='word_1_203' title='bbox 1429 2265 1461 2328; x_wconf 94' lang='lat' dir='ltr'><strong>in</strong></span> <span class='ocrx_word' id='word_1_204' title='bbox 1478 2266 1552 2340; x_wconf 89' lang='lat' dir='ltr'><strong>Deo,</strong></span> <span class='ocrx_word' id='word_1_205' title='bbox 1569 2273 1600 2329; x_wconf 89' lang='lat' dir='ltr'><strong>ct</strong></span> <span class='ocrx_word' id='word_1_206' title='bbox 1615 2283 1685 2349; x_wconf 84' lang='lat' dir='ltr'><strong>pro</strong></span> 
     </span>
     <span class='ocr_line' id='line_1_19' title="bbox 137 2361 1685 2447; baseline -0.003 -17"><span class='ocrx_word' id='word_1_207' title='bbox 137 2387 243 2430; x_wconf 92' lang='lat' dir='ltr'><strong>rernus</strong></span> <span class='ocrx_word' id='word_1_208' title='bbox 259 2384 335 2447; x_wconf 80' lang='lat' dir='ltr'><strong>ergo</strong></span> <span class='ocrx_word' id='word_1_209' title='bbox 350 2361 881 2445; x_wconf 80' lang='lat' dir='ltr'><strong>crudelitatem,infatigabilitatem</strong></span> <span class='ocrx_word' id='word_1_210' title='bbox 936 2363 1066 2444; x_wconf 77' lang='lat' dir='ltr'><strong>J&#39;iciatur</strong></span> <span class='ocrx_word' id='word_1_211' title='bbox 1082 2364 1114 2426; x_wconf 93' lang='lat' dir='ltr'><strong>in</strong></span> <span class='ocrx_word' id='word_1_212' title='bbox 1130 2382 1203 2426; x_wconf 89' lang='lat' dir='ltr'><strong>curn</strong></span> <span class='ocrx_word' id='word_1_213' title='bbox 1220 2371 1326 2426; x_wconf 91' lang='lat' dir='ltr'><strong>nostra</strong></span> <span class='ocrx_word' id='word_1_214' title='bbox 1341 2363 1533 2439; x_wconf 86' lang='lat' dir='ltr'><strong>sollicitudo,</strong></span> <span class='ocrx_word' id='word_1_215' title='bbox 1545 2382 1585 2426; x_wconf 92' lang='lat' dir='ltr'><strong>ne</strong></span> <span class='ocrx_word' id='word_1_216' title='bbox 1601 2365 1685 2426; x_wconf 89' lang='lat' dir='ltr'><strong>circa</strong></span> 
     </span>
     <span class='ocr_line' id='line_1_20' title="bbox 136 2460 1685 2546; baseline -0.002 -19"><span class='ocrx_word' id='word_1_217' title='bbox 136 2473 230 2546; x_wconf 87' lang='lat' dir='ltr'><strong>atque</strong></span> <span class='ocrx_word' id='word_1_218' title='bbox 251 2461 455 2545; x_wconf 85' lang='lat' dir='ltr'><strong>implacabile</strong></span> <span class='ocrx_word' id='word_1_219' title='bbox 477 2461 587 2524; x_wconf 92' lang='lat' dir='ltr'><strong>odium</strong></span> <span class='ocrx_word' id='word_1_220' title='bbox 608 2460 788 2523; x_wconf 76' lang='lat' dir='ltr'><strong>demonum</strong></span> <span class='ocrx_word' id='word_1_221' title='bbox 811 2477 884 2521; x_wconf 92' lang='lat' dir='ltr'><strong>con·</strong></span> <span class='ocrx_word' id='word_1_222' title='bbox 939 2462 1127 2545; x_wconf 86' lang='lat' dir='ltr'><strong>temporalia</strong></span> <span class='ocrx_word' id='word_1_223' title='bbox 1156 2461 1320 2544; x_wconf 86' lang='lat' dir='ltr'><strong>superflue</strong></span> <span class='ocrx_word' id='word_1_224' title='bbox 1346 2462 1503 2544; x_wconf 91' lang='lat' dir='ltr'><strong>occupati,</strong></span> <span class='ocrx_word' id='word_1_225' title='bbox 1533 2462 1685 2544; x_wconf 89' lang='lat' dir='ltr'><strong>impedia-</strong></span> 
     </span>
     <span class='ocr_line' id='line_1_21' title="bbox 135 2557 1686 2643; baseline -0.003 -18"><span class='ocrx_word' id='word_1_226' title='bbox 135 2569 182 2624; x_wconf 88' lang='lat' dir='ltr'><strong>tru</strong></span> <span class='ocrx_word' id='word_1_227' title='bbox 205 2579 277 2634; x_wconf 89' lang='lat' dir='ltr'><strong>nos,</strong></span> <span class='ocrx_word' id='word_1_228' title='bbox 303 2568 335 2623; x_wconf 89' lang='lat' dir='ltr'><strong>et</strong></span> <span class='ocrx_word' id='word_1_229' title='bbox 358 2565 478 2642; x_wconf 79' lang='lat' dir='ltr'><strong>quanta</strong></span> <span class='ocrx_word' id='word_1_230' title='bbox 502 2559 617 2621; x_wconf 88' lang='lat' dir='ltr'><strong>damna</strong></span> <span class='ocrx_word' id='word_1_231' title='bbox 646 2557 739 2620; x_wconf 92' lang='lat' dir='ltr'><strong>nohis</strong></span> <span class='ocrx_word' id='word_1_232' title='bbox 764 2557 882 2619; x_wconf 84' lang='lat' dir='ltr'><strong>inferro</strong></span> <span class='ocrx_word' id='word_1_233' title='bbox 940 2580 1012 2623; x_wconf 93' lang='lat' dir='ltr'><strong>mur</strong></span> <span class='ocrx_word' id='word_1_234' title='bbox 1031 2579 1049 2622; x_wconf 91' lang='lat' dir='ltr'><strong>a</strong></span> <span class='ocrx_word' id='word_1_235' title='bbox 1069 2561 1123 2622; x_wconf 92' lang='lat' dir='ltr'><strong>Dei</strong></span> <span class='ocrx_word' id='word_1_236' title='bbox 1149 2559 1314 2641; x_wconf 91' lang='lat' dir='ltr'><strong>obsequio,</strong></span> <span class='ocrx_word' id='word_1_237' title='bbox 1330 2579 1350 2622; x_wconf 87' lang='lat' dir='ltr'><strong>a</strong></span> <span class='ocrx_word' id='word_1_238' title='bbox 1366 2560 1635 2643; x_wconf 87' lang='lat' dir='ltr'><strong>contemplatione</strong></span> <span class='ocrx_word' id='word_1_239' title='bbox 1654 2568 1686 2623; x_wconf 90' lang='lat' dir='ltr'><strong>et</strong></span> 
     </span>
     <span class='ocr_line' id='line_1_22' title="bbox 135 2656 1636 2739; baseline -0.002 -16"><span class='ocrx_word' id='word_1_240' title='bbox 135 2668 292 2723; x_wconf 89' lang='lat' dir='ltr'><strong>conentur</strong></span> <span class='ocrx_word' id='word_1_241' title='bbox 308 2676 315 2720; x_wconf 93' lang='lat'><strong>:</strong></span> <span class='ocrx_word' id='word_1_242' title='bbox 333 2659 442 2739; x_wconf 90' lang='lat' dir='ltr'><strong>sicque</strong></span> <span class='ocrx_word' id='word_1_243' title='bbox 466 2665 576 2720; x_wconf 90' lang='lat' dir='ltr'><strong>contra</strong></span> <span class='ocrx_word' id='word_1_244' title='bbox 597 2674 651 2719; x_wconf 92' lang='lat' dir='ltr'><strong>eos</strong></span> <span class='ocrx_word' id='word_1_245' title='bbox 676 2656 883 2736; x_wconf 80' lang='lat' dir='ltr'><strong>magnanimi·</strong></span> <span class='ocrx_word' id='word_1_246' title='bbox 938 2677 1045 2722; x_wconf 88' lang='lat' dir='ltr'><strong>amore</strong></span> <span class='ocrx_word' id='word_1_247' title='bbox 1067 2659 1186 2722; x_wconf 90' lang='lat' dir='ltr'><strong>summi</strong></span> <span class='ocrx_word' id='word_1_248' title='bbox 1205 2665 1238 2721; x_wconf 89' lang='lat' dir='ltr'><strong>et</strong></span> <span class='ocrx_word' id='word_1_249' title='bbox 1257 2659 1530 2721; x_wconf 90' lang='lat' dir='ltr'><strong>incommutabilis</strong></span> <span class='ocrx_word' id='word_1_250' title='bbox 1551 2659 1636 2722; x_wconf 92' lang='lat' dir='ltr'><strong>boni.</strong></span> 
     </span>
     <span class='ocr_line' id='line_1_23' title="bbox 135 2753 1685 2840; baseline -0.001 -20"><span class='ocrx_word' id='word_1_251' title='bbox 135 2767 181 2820; x_wconf 88' lang='lat' dir='ltr'><strong>ter</strong></span> <span class='ocrx_word' id='word_1_252' title='bbox 201 2774 425 2840; x_wconf 87' lang='lat' dir='ltr'><strong>provocemur,</strong></span> <span class='ocrx_word' id='word_1_253' title='bbox 443 2755 667 2828; x_wconf 91' lang='lat' dir='ltr'><strong>humilitatem,</strong></span> <span class='ocrx_word' id='word_1_254' title='bbox 684 2753 881 2836; x_wconf 88' lang='lat' dir='ltr'><strong>patientiam,</strong></span> <span class='ocrx_word' id='word_1_255' title='bbox 979 2757 1108 2838; x_wconf 82' lang='lat' dir='ltr'><strong>Legitur</strong></span> <span class='ocrx_word' id='word_1_256' title='bbox 1137 2757 1176 2820; x_wconf 91' lang='lat' dir='ltr'><strong>de</strong></span> <span class='ocrx_word' id='word_1_257' title='bbox 1205 2757 1343 2837; x_wconf 82' lang='lat' dir='ltr'><strong>Diogene</strong></span> <span class='ocrx_word' id='word_1_258' title='bbox 1373 2757 1574 2840; x_wconf 91' lang='lat' dir='ltr'><strong>philosopho,</strong></span> <span class='ocrx_word' id='word_1_259' title='bbox 1600 2757 1685 2838; x_wconf 93' lang='lat' dir='ltr'><strong>quod</strong></span> 
     </span>
     <span class='ocr_line' id='line_1_24' title="bbox 134 2852 1686 2938; baseline -0.002 -19"><span class='ocrx_word' id='word_1_260' title='bbox 134 2857 352 2930; x_wconf 89' lang='lat' dir='ltr'><strong>sobrietatem,</strong></span> <span class='ocrx_word' id='word_1_261' title='bbox 368 2853 544 2928; x_wconf 88' lang='lat' dir='ltr'><strong>caritatem,</strong></span> <span class='ocrx_word' id='word_1_262' title='bbox 561 2863 745 2935; x_wconf 87' lang='lat' dir='ltr'><strong>ceterasque</strong></span> <span class='ocrx_word' id='word_1_263' title='bbox 764 2852 884 2933; x_wconf 90' lang='lat' dir='ltr'><strong>ample·</strong></span> <span class='ocrx_word' id='word_1_264' title='bbox 938 2857 1015 2918; x_wconf 94' lang='lat' dir='ltr'><strong>dum</strong></span> <span class='ocrx_word' id='word_1_265' title='bbox 1040 2857 1176 2938; x_wconf 89' lang='lat' dir='ltr'><strong>quadam</strong></span> <span class='ocrx_word' id='word_1_266' title='bbox 1206 2864 1299 2918; x_wconf 92' lang='lat' dir='ltr'><strong>nocte</strong></span> <span class='ocrx_word' id='word_1_267' title='bbox 1327 2855 1447 2936; x_wconf 89' lang='lat' dir='ltr'><strong>jaceret</strong></span> <span class='ocrx_word' id='word_1_268' title='bbox 1472 2856 1504 2917; x_wconf 94' lang='lat' dir='ltr'><strong>in</strong></span> <span class='ocrx_word' id='word_1_269' title='bbox 1535 2855 1628 2928; x_wconf 88' lang='lat' dir='ltr'><strong>lecte,</strong></span> <span class='ocrx_word' id='word_1_270' title='bbox 1654 2863 1686 2918; x_wconf 89' lang='lat' dir='ltr'><strong>et</strong></span> 
     </span>
     <span class='ocr_line' id='line_1_25' title="bbox 135 2939 1686 3038; baseline -0.001 -19"><span class='ocrx_word' id='word_1_271' title='bbox 135 2956 251 3018; x_wconf 91' lang='lat' dir='ltr'><strong>ctendo</strong></span> <span class='ocrx_word' id='word_1_272' title='bbox 277 2955 421 3026; x_wconf 90' lang='lat' dir='ltr'><strong>virtutes,</strong></span> <span class='ocrx_word' id='word_1_273' title='bbox 448 2960 481 3015; x_wconf 93' lang='lat' dir='ltr'><strong>ct</strong></span> <span class='ocrx_word' id='word_1_274' title='bbox 508 2971 566 3035; x_wconf 92' lang='lat' dir='ltr'><strong>per</strong></span> <span class='ocrx_word' id='word_1_275' title='bbox 594 2971 646 3015; x_wconf 89' lang='lat' dir='ltr'><strong>eas</strong></span> <span class='ocrx_word' id='word_1_276' title='bbox 677 2939 883 3034; x_wconf 81' lang='lat' dir='ltr'><strong>repugbando</strong></span> <span class='ocrx_word' id='word_1_277' title='bbox 938 2956 1102 3018; x_wconf 89' lang='lat' dir='ltr'><strong>sacculum</strong></span> <span class='ocrx_word' id='word_1_278' title='bbox 1122 2975 1195 3017; x_wconf 93' lang='lat' dir='ltr'><strong>cum</strong></span> <span class='ocrx_word' id='word_1_279' title='bbox 1219 2955 1355 3038; x_wconf 90' lang='lat' dir='ltr'><strong>pecunia</strong></span> <span class='ocrx_word' id='word_1_280' title='bbox 1377 2955 1595 3037; x_wconf 88' lang='lat' dir='ltr'><strong>suspendisset</strong></span> <span class='ocrx_word' id='word_1_281' title='bbox 1615 2973 1686 3037; x_wconf 93' lang='lat' dir='ltr'><strong>pro-</strong></span> 
     </span>
     <span class='ocr_line' id='line_1_26' title="bbox 134 3051 1685 3136; baseline -0.002 -19"><span class='ocrx_word' id='word_1_282' title='bbox 134 3051 347 3125; x_wconf 80' lang='lat' dir='ltr'><strong>daemonibus,</strong></span> <span class='ocrx_word' id='word_1_283' title='bbox 377 3069 457 3133; x_wconf 93' lang='lat' dir='ltr'><strong>quos</strong></span> <span class='ocrx_word' id='word_1_284' title='bbox 489 3051 616 3131; x_wconf 83' lang='lat' dir='ltr'><strong>gravius</strong></span> <span class='ocrx_word' id='word_1_285' title='bbox 647 3051 790 3112; x_wconf 87' lang='lat' dir='ltr'><strong>cruciare</strong></span> <span class='ocrx_word' id='word_1_286' title='bbox 819 3068 882 3113; x_wconf 94' lang='lat' dir='ltr'><strong>non</strong></span> <span class='ocrx_word' id='word_1_287' title='bbox 899 3055 921 3119; x_wconf 82' lang='lat' dir='ltr'><strong>G</strong></span> <span class='ocrx_word' id='word_1_288' title='bbox 940 3073 978 3136; x_wconf 93' lang='lat' dir='ltr'><strong>pe</strong></span> <span class='ocrx_word' id='word_1_289' title='bbox 1004 3055 1133 3127; x_wconf 90' lang='lat' dir='ltr'><strong>lectum,</strong></span> <span class='ocrx_word' id='word_1_290' title='bbox 1155 3072 1194 3115; x_wconf 91' lang='lat' dir='ltr'><strong>ne</strong></span> <span class='ocrx_word' id='word_1_291' title='bbox 1220 3053 1305 3115; x_wconf 91' lang='lat' dir='ltr'><strong>iurto</strong></span> <span class='ocrx_word' id='word_1_292' title='bbox 1330 3053 1358 3114; x_wconf 91' lang='lat' dir='ltr'><strong>ei</strong></span> <span class='ocrx_word' id='word_1_293' title='bbox 1383 3053 1630 3127; x_wconf 81' lang='lat' dir='ltr'><strong>abstraheretur,</strong></span> <span class='ocrx_word' id='word_1_294' title='bbox 1652 3052 1685 3114; x_wconf 91' lang='lat' dir='ltr'><strong>in</strong></span> 
     </span>
     <span class='ocr_line' id='line_1_27' title="bbox 134 3148 1686 3236; baseline -0.001 -20"><span class='ocrx_word' id='word_1_295' title='bbox 134 3169 319 3236; x_wconf 88' lang='lat' dir='ltr'><strong>possumus,</strong></span> <span class='ocrx_word' id='word_1_296' title='bbox 340 3149 404 3212; x_wconf 90' lang='lat' dir='ltr'><strong>nisi</strong></span> <span class='ocrx_word' id='word_1_297' title='bbox 424 3150 467 3210; x_wconf 88' lang='lat' dir='ltr'><strong>ita</strong></span> <span class='ocrx_word' id='word_1_298' title='bbox 486 3149 616 3230; x_wconf 81' lang='lat' dir='ltr'><strong>agendo.</strong></span> <span class='ocrx_word' id='word_1_299' title='bbox 638 3149 717 3212; x_wconf 89' lang='lat' dir='ltr'><strong>Hinc</strong></span> <span class='ocrx_word' id='word_1_300' title='bbox 734 3149 763 3212; x_wconf 90' lang='lat' dir='ltr'><strong>S.</strong></span> <span class='ocrx_word' id='word_1_301' title='bbox 777 3148 884 3232; x_wconf 87' lang='lat' dir='ltr'><strong>Cypri·</strong></span> <span class='ocrx_word' id='word_1_302' title='bbox 939 3153 1009 3235; x_wconf 90' lang='lat' dir='ltr'><strong>ipsa</strong></span> <span class='ocrx_word' id='word_1_303' title='bbox 1028 3161 1120 3214; x_wconf 90' lang='lat' dir='ltr'><strong>nocte</strong></span> <span class='ocrx_word' id='word_1_304' title='bbox 1135 3151 1188 3214; x_wconf 82' lang='grc' dir='ltr'><strong>ιιι</strong></span> <span class='ocrx_word' id='word_1_305' title='bbox 1203 3170 1362 3214; x_wconf 92' lang='lat' dir='ltr'><strong>cameram</strong></span> <span class='ocrx_word' id='word_1_306' title='bbox 1382 3151 1452 3232; x_wconf 84' lang='lat' dir='ltr'><strong>ejus</strong></span> <span class='ocrx_word' id='word_1_307' title='bbox 1473 3151 1604 3226; x_wconf 87' lang='lat' dir='ltr'><strong>introiit,</strong></span> <span class='ocrx_word' id='word_1_308' title='bbox 1621 3169 1686 3214; x_wconf 86' lang='lat' dir='ltr'><strong>sac-</strong></span> 
     </span>
     <span class='ocr_line' id='line_1_28' title="bbox 133 3247 1683 3333; baseline -0.001 -20"><span class='ocrx_word' id='word_1_309' title='bbox 133 3270 224 3326; x_wconf 86' lang='lat' dir='ltr'><strong>anus,</strong></span> <span class='ocrx_word' id='word_1_310' title='bbox 254 3255 384 3331; x_wconf 81' lang='lat' dir='ltr'><strong>martyr,</strong></span> <span class='ocrx_word' id='word_1_311' title='bbox 409 3247 519 3310; x_wconf 92' lang='lat' dir='ltr'><strong>doctor</strong></span> <span class='ocrx_word' id='word_1_312' title='bbox 542 3265 578 3309; x_wconf 90' lang='lat' dir='ltr'><strong>ac</strong></span> <span class='ocrx_word' id='word_1_313' title='bbox 603 3247 757 3328; x_wconf 82' lang='lat' dir='ltr'><strong>pontifex,</strong></span> <span class='ocrx_word' id='word_1_314' title='bbox 783 3247 884 3330; x_wconf 95' lang='lat' dir='ltr'><strong>loqui·</strong></span> <span class='ocrx_word' id='word_1_315' title='bbox 940 3251 1114 3333; x_wconf 91' lang='lat' dir='ltr'><strong>culumque</strong></span> <span class='ocrx_word' id='word_1_316' title='bbox 1134 3270 1207 3313; x_wconf 91' lang='lat' dir='ltr'><strong>cum</strong></span> <span class='ocrx_word' id='word_1_317' title='bbox 1226 3251 1362 3333; x_wconf 90' lang='lat' dir='ltr'><strong>pecunia</strong></span> <span class='ocrx_word' id='word_1_318' title='bbox 1382 3251 1493 3313; x_wconf 90' lang='lat' dir='ltr'><strong>tollere</strong></span> <span class='ocrx_word' id='word_1_319' title='bbox 1513 3251 1683 3313; x_wconf 78' lang='lat' dir='ltr'><strong>nitebatur.</strong></span> 
     </span>
     <span class='ocr_line' id='line_1_29' title="bbox 133 3344 1686 3432; baseline 0.001 -21"><span class='ocrx_word' id='word_1_320' title='bbox 133 3358 203 3414; x_wconf 90' lang='lat' dir='ltr'><strong>tur:</strong></span> <span class='ocrx_word' id='word_1_321' title='bbox 217 3349 337 3412; x_wconf 85' lang='lat' dir='ltr'><strong>Contra</strong></span> <span class='ocrx_word' id='word_1_322' title='bbox 350 3364 461 3409; x_wconf 92' lang='lat' dir='ltr'><strong>omnes</strong></span> <span class='ocrx_word' id='word_1_323' title='bbox 476 3345 593 3408; x_wconf 85' lang='lat' dir='ltr'><strong>diaboli</strong></span> <span class='ocrx_word' id='word_1_324' title='bbox 608 3344 738 3408; x_wconf 88' lang='lat' dir='ltr'><strong>lallaces</strong></span> <span class='ocrx_word' id='word_1_325' title='bbox 753 3345 884 3408; x_wconf 90' lang='lat' dir='ltr'><strong>insidias</strong></span> <span class='ocrx_word' id='word_1_326' title='bbox 940 3351 1027 3424; x_wconf 83' lang='lat' dir='ltr'><strong>Quod</strong></span> <span class='ocrx_word' id='word_1_327' title='bbox 1052 3369 1153 3432; x_wconf 90' lang='lat' dir='ltr'><strong>quum</strong></span> <span class='ocrx_word' id='word_1_328' title='bbox 1178 3349 1330 3412; x_wconf 90' lang='lat' dir='ltr'><strong>sensisset</strong></span> <span class='ocrx_word' id='word_1_329' title='bbox 1353 3350 1519 3431; x_wconf 84' lang='lat' dir='ltr'><strong>Diogenes,</strong></span> <span class='ocrx_word' id='word_1_330' title='bbox 1542 3349 1623 3411; x_wconf 83' lang='lat' dir='ltr'><strong>dixit</strong></span> <span class='ocrx_word' id='word_1_331' title='bbox 1647 3349 1686 3412; x_wconf 90' lang='lat' dir='ltr'><strong>ad</strong></span> 
     </span>
     <span class='ocr_line' id='line_1_30' title="bbox 133 3443 1688 3531; baseline -0.001 -21"><span class='ocrx_word' id='word_1_332' title='bbox 133 3456 326 3531; x_wconf 84' lang='lat' dir='ltr'><strong>apertasque</strong></span> <span class='ocrx_word' id='word_1_333' title='bbox 352 3445 455 3508; x_wconf 89' lang='lat' dir='ltr'><strong>minas</strong></span> <span class='ocrx_word' id='word_1_334' title='bbox 480 3451 563 3507; x_wconf 88' lang='lat' dir='ltr'><strong>stare</strong></span> <span class='ocrx_word' id='word_1_335' title='bbox 591 3443 686 3507; x_wconf 90' lang='lat' dir='ltr'><strong>debet</strong></span> <span class='ocrx_word' id='word_1_336' title='bbox 709 3444 883 3507; x_wconf 89' lang='lat' dir='ltr'><strong>instructus</strong></span> <span class='ocrx_word' id='word_1_337' title='bbox 940 3447 1044 3510; x_wconf 85' lang='lat' dir='ltr'><strong>iurem</strong></span> <span class='ocrx_word' id='word_1_338' title='bbox 1068 3467 1074 3510; x_wconf 94' lang='lat'>:</span> <span class='ocrx_word' id='word_1_339' title='bbox 1097 3447 1194 3520; x_wconf 86' lang='lat' dir='ltr'><strong>Tolle,</strong></span> <span class='ocrx_word' id='word_1_340' title='bbox 1217 3447 1324 3521; x_wconf 89' lang='lat' dir='ltr'><strong>miser,</strong></span> <span class='ocrx_word' id='word_1_341' title='bbox 1346 3448 1432 3509; x_wconf 89' lang='lat' dir='ltr'><strong>hunc</strong></span> <span class='ocrx_word' id='word_1_342' title='bbox 1457 3447 1632 3520; x_wconf 89' lang='lat' dir='ltr'><strong>sacculum,</strong></span> <span class='ocrx_word' id='word_1_343' title='bbox 1652 3453 1688 3508; x_wconf 88' lang='lat' dir='ltr'><strong>ut</strong></span> 
     </span>
     <span class='ocr_line' id='line_1_31' title="bbox 133 3543 1686 3625; baseline -0.001 -16"><span class='ocrx_word' id='word_1_344' title='bbox 133 3548 264 3608; x_wconf 88' lang='lat' dir='ltr'><strong>animus</strong></span> <span class='ocrx_word' id='word_1_345' title='bbox 279 3553 312 3606; x_wconf 90' lang='lat' dir='ltr'><strong>et</strong></span> <span class='ocrx_word' id='word_1_346' title='bbox 326 3551 478 3618; x_wconf 88' lang='lat' dir='ltr'><strong>armatus,</strong></span> <span class='ocrx_word' id='word_1_347' title='bbox 494 3550 623 3624; x_wconf 82' lang='lat' dir='ltr'><strong>tamque</strong></span> <span class='ocrx_word' id='word_1_348' title='bbox 639 3552 766 3625; x_wconf 90' lang='lat' dir='ltr'><strong>paratus</strong></span> <span class='ocrx_word' id='word_1_349' title='bbox 781 3543 819 3605; x_wconf 98' lang='lat' dir='ltr'><strong>ad</strong></span> <span class='ocrx_word' id='word_1_350' title='bbox 837 3561 884 3604; x_wconf 90' lang='lat' dir='ltr'><strong>re·</strong></span> <span class='ocrx_word' id='word_1_351' title='bbox 940 3546 1038 3608; x_wconf 85' lang='lat' dir='ltr'><strong>iacias</strong></span> <span class='ocrx_word' id='word_1_352' title='bbox 1054 3546 1134 3608; x_wconf 92' lang='lat' dir='ltr'><strong>duos</strong></span> <span class='ocrx_word' id='word_1_353' title='bbox 1150 3545 1298 3607; x_wconf 90' lang='lat' dir='ltr'><strong>dormire.</strong></span> <span class='ocrx_word' id='word_1_354' title='bbox 1317 3545 1381 3608; x_wconf 89' lang='grc' dir='ltr'><strong>Ηοο</strong></span> <span class='ocrx_word' id='word_1_355' title='bbox 1396 3553 1504 3608; x_wconf 88' lang='lat' dir='ltr'><strong>autem</strong></span> <span class='ocrx_word' id='word_1_356' title='bbox 1520 3545 1602 3607; x_wconf 83' lang='lat' dir='ltr'><strong>dixit</strong></span> <span class='ocrx_word' id='word_1_357' title='bbox 1616 3545 1686 3607; x_wconf 92' lang='lat' dir='ltr'><strong>Dio·</strong></span> 
     </span>
     <span class='ocr_line' id='line_1_32' title="bbox 132 3641 1688 3727; baseline -0.002 -20"><span class='ocrx_word' id='word_1_358' title='bbox 132 3643 327 3718; x_wconf 89' lang='lat' dir='ltr'><strong>sistendum,</strong></span> <span class='ocrx_word' id='word_1_359' title='bbox 343 3661 441 3725; x_wconf 91' lang='lat' dir='ltr'><strong>quam</strong></span> <span class='ocrx_word' id='word_1_360' title='bbox 465 3648 594 3724; x_wconf 85' lang='lat' dir='ltr'><strong>paratus</strong></span> <span class='ocrx_word' id='word_1_361' title='bbox 614 3649 663 3704; x_wconf 90' lang='lat' dir='ltr'><strong>est</strong></span> <span class='ocrx_word' id='word_1_362' title='bbox 684 3641 738 3704; x_wconf 90' lang='lat' dir='ltr'><strong>illo</strong></span> <span class='ocrx_word' id='word_1_363' title='bbox 762 3641 802 3704; x_wconf 90' lang='lat' dir='ltr'><strong>ad</strong></span> <span class='ocrx_word' id='word_1_364' title='bbox 826 3641 884 3703; x_wconf 94' lang='lat' dir='ltr'><strong>im·</strong></span> <span class='ocrx_word' id='word_1_365' title='bbox 938 3663 1047 3727; x_wconf 84' lang='lat' dir='ltr'><strong>genes,</strong></span> <span class='ocrx_word' id='word_1_366' title='bbox 1069 3643 1221 3727; x_wconf 90' lang='lat' dir='ltr'><strong>quoniam</strong></span> <span class='ocrx_word' id='word_1_367' title='bbox 1244 3644 1379 3726; x_wconf 86' lang='lat' dir='ltr'><strong>ipsemet</strong></span> <span class='ocrx_word' id='word_1_368' title='bbox 1400 3644 1553 3726; x_wconf 89' lang='lat' dir='ltr'><strong>quamdiu</strong></span> <span class='ocrx_word' id='word_1_369' title='bbox 1575 3641 1688 3706; x_wconf 91' lang='lat' dir='ltr'><strong>habuit</strong></span> 
     </span>
     <span class='ocr_line' id='line_1_33' title="bbox 130 3742 1685 3825; baseline -0.001 -20"><span class='ocrx_word' id='word_1_370' title='bbox 130 3742 354 3825; x_wconf 78' lang='lat' dir='ltr'><strong>pugnandum.</strong></span> <span class='ocrx_word' id='word_1_371' title='bbox 939 3743 1031 3805; x_wconf 90' lang='lat' dir='ltr'><strong>illum</strong></span> <span class='ocrx_word' id='word_1_372' title='bbox 1048 3761 1121 3805; x_wconf 90' lang='lat' dir='ltr'><strong>cum</strong></span> <span class='ocrx_word' id='word_1_373' title='bbox 1142 3742 1278 3824; x_wconf 90' lang='lat' dir='ltr'><strong>pecunia</strong></span> <span class='ocrx_word' id='word_1_374' title='bbox 1298 3742 1472 3816; x_wconf 87' lang='lat' dir='ltr'><strong>sacculum,</strong></span> <span class='ocrx_word' id='word_1_375' title='bbox 1488 3743 1597 3805; x_wconf 89' lang='lat' dir='ltr'><strong>timuit</strong></span> <span class='ocrx_word' id='word_1_376' title='bbox 1611 3761 1685 3804; x_wconf 90' lang='lat' dir='ltr'><strong>eum</strong></span> 
     </span>
     <span class='ocr_line' id='line_1_34' title="bbox 171 3836 1682 3923; baseline -0.001 -17"><span class='ocrx_word' id='word_1_377' title='bbox 171 3839 391 3914; x_wconf 80' lang='lat' dir='ltr'><strong>Praeterca,ad</strong></span> <span class='ocrx_word' id='word_1_378' title='bbox 405 3836 617 3901; x_wconf 89' lang='lat' dir='ltr'><strong>resistendum</strong></span> <span class='ocrx_word' id='word_1_379' title='bbox 633 3837 760 3900; x_wconf 89' lang='lat' dir='ltr'><strong>diabolo</strong></span> <span class='ocrx_word' id='word_1_380' title='bbox 774 3837 885 3901; x_wconf 88' lang='lat' dir='ltr'><strong>incitat</strong></span> <span class='ocrx_word' id='word_1_381' title='bbox 940 3842 1098 3916; x_wconf 88' lang='lat' dir='ltr'><strong>amittere,</strong></span> <span class='ocrx_word' id='word_1_382' title='bbox 1124 3841 1234 3923; x_wconf 90' lang='lat' dir='ltr'><strong>sicque</strong></span> <span class='ocrx_word' id='word_1_383' title='bbox 1260 3841 1495 3923; x_wconf 90' lang='lat' dir='ltr'><strong>impediebatur</strong></span> <span class='ocrx_word' id='word_1_384' title='bbox 1519 3861 1537 3904; x_wconf 89' lang='lat' dir='ltr'><strong>a</strong></span> <span class='ocrx_word' id='word_1_385' title='bbox 1560 3858 1682 3904; x_wconf 92' lang='lat' dir='ltr'><strong>somno.</strong></span> 
     </span>
     <span class='ocr_line' id='line_1_35' title="bbox 132 3937 1685 4022; baseline -0.003 -17"><span class='ocrx_word' id='word_1_386' title='bbox 132 3959 190 4004; x_wconf 94' lang='lat' dir='ltr'><strong>nos</strong></span> <span class='ocrx_word' id='word_1_387' title='bbox 205 3941 237 4004; x_wconf 92' lang='lat' dir='ltr'><strong>S.</strong></span> <span class='ocrx_word' id='word_1_388' title='bbox 251 3939 443 4012; x_wconf 88' lang='lat' dir='ltr'><strong>Bernardus,</strong></span> <span class='ocrx_word' id='word_1_389' title='bbox 459 3937 593 4001; x_wconf 91' lang='lat' dir='ltr'><strong>dicendo</strong></span> <span class='ocrx_word' id='word_1_390' title='bbox 611 3955 617 4000; x_wconf 94' lang='lat'><strong>:</strong></span> <span class='ocrx_word' id='word_1_391' title='bbox 635 3937 820 4000; x_wconf 78' lang='lat' dir='ltr'><strong>Dromonum</strong></span> <span class='ocrx_word' id='word_1_392' title='bbox 836 3944 885 4000; x_wconf 89' lang='lat' dir='ltr'><strong>est</strong></span> <span class='ocrx_word' id='word_1_393' title='bbox 940 3941 1001 4003; x_wconf 82' lang='lat' dir='ltr'><strong>Fur</strong></span> <span class='ocrx_word' id='word_1_394' title='bbox 1023 3957 1151 4022; x_wconf 90' lang='lat' dir='ltr'><strong>quoque</strong></span> <span class='ocrx_word' id='word_1_395' title='bbox 1172 3939 1322 4001; x_wconf 88' lang='lat' dir='ltr'><strong>aviditate</strong></span> <span class='ocrx_word' id='word_1_396' title='bbox 1347 3939 1532 4021; x_wconf 87' lang='lat' dir='ltr'><strong>acquirendi</strong></span> <span class='ocrx_word' id='word_1_397' title='bbox 1555 3939 1685 4022; x_wconf 91' lang='lat' dir='ltr'><strong>pecuni-</strong></span> 
     </span>
     <span class='ocr_line' id='line_1_36' title="bbox 132 4037 1685 4120; baseline -0.001 -18"><span class='ocrx_word' id='word_1_398' title='bbox 132 4040 217 4102; x_wconf 88' lang='lat' dir='ltr'><strong>mala</strong></span> <span class='ocrx_word' id='word_1_399' title='bbox 237 4055 420 4119; x_wconf 78' lang='lat' dir='ltr'><strong>suggerere,</strong></span> <span class='ocrx_word' id='word_1_400' title='bbox 442 4043 585 4099; x_wconf 91' lang='lat' dir='ltr'><strong>nostrum</strong></span> <span class='ocrx_word' id='word_1_401' title='bbox 607 4043 656 4097; x_wconf 90' lang='lat' dir='ltr'><strong>cst</strong></span> <span class='ocrx_word' id='word_1_402' title='bbox 673 4053 737 4098; x_wconf 93' lang='lat' dir='ltr'><strong>non</strong></span> <span class='ocrx_word' id='word_1_403' title='bbox 754 4052 884 4098; x_wconf 91' lang='lat' dir='ltr'><strong>consen·</strong></span> <span class='ocrx_word' id='word_1_404' title='bbox 938 4059 989 4102; x_wconf 89' lang='lat' dir='ltr'><strong>am</strong></span> <span class='ocrx_word' id='word_1_405' title='bbox 1006 4039 1105 4113; x_wconf 87' lang='lat' dir='ltr'><strong>illam,</strong></span> <span class='ocrx_word' id='word_1_406' title='bbox 1122 4037 1355 4120; x_wconf 88' lang='lat' dir='ltr'><strong>impediebatur</strong></span> <span class='ocrx_word' id='word_1_407' title='bbox 1369 4057 1387 4099; x_wconf 90' lang='lat' dir='ltr'><strong>a</strong></span> <span class='ocrx_word' id='word_1_408' title='bbox 1402 4055 1528 4116; x_wconf 88' lang='lat' dir='ltr'><strong>somno;</strong></span> <span class='ocrx_word' id='word_1_409' title='bbox 1545 4038 1685 4100; x_wconf 88' lang='lat' dir='ltr'><strong>sedeam</strong></span> 
     </span>
     <span class='ocr_line' id='line_1_37' title="bbox 130 4135 1685 4220; baseline -0.001 -20"><span class='ocrx_word' id='word_1_410' title='bbox 130 4139 212 4218; x_wconf 90' lang='lat' dir='ltr'><strong>tire;</strong></span> <span class='ocrx_word' id='word_1_411' title='bbox 235 4137 362 4220; x_wconf 89' lang='lat' dir='ltr'><strong>quoties</strong></span> <span class='ocrx_word' id='word_1_412' title='bbox 382 4135 429 4198; x_wconf 92' lang='lat' dir='ltr'><strong>eis</strong></span> <span class='ocrx_word' id='word_1_413' title='bbox 448 4135 638 4208; x_wconf 89' lang='lat' dir='ltr'><strong>resistimus,</strong></span> <span class='ocrx_word' id='word_1_414' title='bbox 654 4135 747 4197; x_wconf 88' lang='lat' dir='ltr'><strong>toties</strong></span> <span class='ocrx_word' id='word_1_415' title='bbox 763 4153 816 4198; x_wconf 86' lang='lat' dir='ltr'><strong>eos</strong></span> <span class='ocrx_word' id='word_1_416' title='bbox 832 4155 883 4197; x_wconf 91' lang='lat' dir='ltr'><strong>su·</strong></span> <span class='ocrx_word' id='word_1_417' title='bbox 938 4139 1083 4220; x_wconf 78' lang='lat' dir='ltr'><strong>adeptae,</strong></span> <span class='ocrx_word' id='word_1_418' title='bbox 1100 4136 1195 4200; x_wconf 88' lang='lat' dir='ltr'><strong>ambo</strong></span> <span class='ocrx_word' id='word_1_419' title='bbox 1217 4135 1416 4198; x_wconf 89' lang='lat' dir='ltr'><strong>dormierunt</strong></span> <span class='ocrx_word' id='word_1_420' title='bbox 1434 4136 1583 4218; x_wconf 87' lang='lat' dir='ltr'><strong>quietius.</strong></span> <span class='ocrx_word' id='word_1_421' title='bbox 1602 4136 1685 4198; x_wconf 86' lang='lat' dir='ltr'><strong>Divi·</strong></span> 
     </span>
     <span class='ocr_line' id='line_1_38' title="bbox 132 4233 1684 4321; baseline -0.001 -20"><span class='ocrx_word' id='word_1_422' title='bbox 132 4257 299 4321; x_wconf 89' lang='lat' dir='ltr'><strong>peramus,</strong></span> <span class='ocrx_word' id='word_1_423' title='bbox 323 4235 452 4318; x_wconf 78' lang='lat' dir='ltr'><strong>angelos</strong></span> <span class='ocrx_word' id='word_1_424' title='bbox 481 4235 692 4310; x_wconf 82' lang='lat' dir='ltr'><strong>laetificamus,</strong></span> <span class='ocrx_word' id='word_1_425' title='bbox 718 4237 883 4318; x_wconf 86' lang='lat' dir='ltr'><strong>Deumque</strong></span> <span class='ocrx_word' id='word_1_426' title='bbox 898 4235 924 4300; x_wconf 96' lang='lat' dir='ltr'><strong>D</strong></span> <span class='ocrx_word' id='word_1_427' title='bbox 939 4239 990 4301; x_wconf 85' lang='lat' dir='ltr'><strong>tiae</strong></span> <span class='ocrx_word' id='word_1_428' title='bbox 1006 4255 1144 4318; x_wconf 88' lang='lat' dir='ltr'><strong>namque</strong></span> <span class='ocrx_word' id='word_1_429' title='bbox 1160 4254 1233 4298; x_wconf 91' lang='lat' dir='ltr'><strong>cum</strong></span> <span class='ocrx_word' id='word_1_430' title='bbox 1250 4233 1358 4297; x_wconf 88' lang='lat' dir='ltr'><strong>labore</strong></span> <span class='ocrx_word' id='word_1_431' title='bbox 1372 4235 1593 4316; x_wconf 91' lang='lat' dir='ltr'><strong>acquiruntur,</strong></span> <span class='ocrx_word' id='word_1_432' title='bbox 1610 4252 1684 4299; x_wconf 88' lang='lat' dir='ltr'><strong>curn</strong></span> 
     </span>
     <span class='ocr_line' id='line_1_39' title="bbox 130 4333 1685 4418; baseline -0.001 -18"><span class='ocrx_word' id='word_1_433' title='bbox 130 4339 342 4410; x_wconf 82' lang='lat' dir='ltr'><strong>honoramus,</strong></span> <span class='ocrx_word' id='word_1_434' title='bbox 360 4335 416 4418; x_wconf 94' lang='lat' dir='ltr'><strong>qui</strong></span> <span class='ocrx_word' id='word_1_435' title='bbox 438 4335 548 4397; x_wconf 87' lang='lat' dir='ltr'><strong>incitat</strong></span> <span class='ocrx_word' id='word_1_436' title='bbox 569 4343 605 4397; x_wconf 91' lang='lat' dir='ltr'><strong>ut</strong></span> <span class='ocrx_word' id='word_1_437' title='bbox 626 4354 817 4418; x_wconf 81' lang='lat' dir='ltr'><strong>pugnemus,</strong></span> <span class='ocrx_word' id='word_1_438' title='bbox 832 4336 884 4398; x_wconf 91' lang='lat' dir='ltr'><strong>ad·</strong></span> <span class='ocrx_word' id='word_1_439' title='bbox 938 4337 1053 4399; x_wconf 90' lang='lat' dir='ltr'><strong>timore</strong></span> <span class='ocrx_word' id='word_1_440' title='bbox 1078 4335 1292 4417; x_wconf 88' lang='lat' dir='ltr'><strong>possidentur,</strong></span> <span class='ocrx_word' id='word_1_441' title='bbox 1317 4352 1390 4396; x_wconf 91' lang='lat' dir='ltr'><strong>cum</strong></span> <span class='ocrx_word' id='word_1_442' title='bbox 1416 4333 1523 4396; x_wconf 89' lang='lat' dir='ltr'><strong>dolore</strong></span> <span class='ocrx_word' id='word_1_443' title='bbox 1549 4335 1685 4416; x_wconf 88' lang='lat' dir='ltr'><strong>perdun-</strong></span> 
     </span>
     <span class='ocr_line' id='line_1_40' title="bbox 128 4433 1685 4519; baseline 0 -19"><span class='ocrx_word' id='word_1_444' title='bbox 128 4437 223 4519; x_wconf 87' lang='lat' dir='ltr'><strong>juvat</strong></span> <span class='ocrx_word' id='word_1_445' title='bbox 248 4443 286 4498; x_wconf 90' lang='lat' dir='ltr'><strong>ut</strong></span> <span class='ocrx_word' id='word_1_446' title='bbox 308 4435 485 4508; x_wconf 83' lang='lat' dir='ltr'><strong>vincamus,</strong></span> <span class='ocrx_word' id='word_1_447' title='bbox 511 4433 669 4497; x_wconf 79' lang='lat' dir='ltr'><strong>confortat</strong></span> <span class='ocrx_word' id='word_1_448' title='bbox 692 4453 731 4497; x_wconf 90' lang='lat' dir='ltr'><strong>nc</strong></span> <span class='ocrx_word' id='word_1_449' title='bbox 756 4433 884 4498; x_wconf 87' lang='lat' dir='ltr'><strong>delicia·</strong></span> <span class='ocrx_word' id='word_1_450' title='bbox 939 4444 991 4498; x_wconf 90' lang='lat' dir='ltr'><strong>tur</strong></span> <span class='ocrx_word' id='word_1_451' title='bbox 1006 4453 1014 4496; x_wconf 92' lang='lat'><strong>:</strong></span> <span class='ocrx_word' id='word_1_452' title='bbox 1032 4435 1104 4504; x_wconf 88' lang='lat' dir='ltr'><strong>ideo</strong></span> <span class='ocrx_word' id='word_1_453' title='bbox 1119 4433 1248 4516; x_wconf 86' lang='lat' dir='ltr'><strong>expedit</strong></span> <span class='ocrx_word' id='word_1_454' title='bbox 1262 4451 1315 4495; x_wconf 90' lang='lat' dir='ltr'><strong>cas</strong></span> <span class='ocrx_word' id='word_1_455' title='bbox 1330 4439 1546 4509; x_wconf 87' lang='lat' dir='ltr'><strong>contemnere,</strong></span> <span class='ocrx_word' id='word_1_456' title='bbox 1562 4439 1593 4497; x_wconf 89' lang='lat' dir='ltr'><strong>et</strong></span> <span class='ocrx_word' id='word_1_457' title='bbox 1608 4433 1685 4500; x_wconf 83' lang='lat' dir='ltr'><strong>solis</strong></span> 
     </span>
     <span class='ocr_line' id='line_1_41' title="bbox 130 4533 1439 4617; baseline -0.005 -16"><span class='ocrx_word' id='word_1_458' title='bbox 130 4557 216 4601; x_wconf 91' lang='lat' dir='ltr'><strong>mus.</strong></span> <span class='ocrx_word' id='word_1_459' title='bbox 230 4535 273 4600; x_wconf 82' lang='lat' dir='ltr'><strong>Et</strong></span> <span class='ocrx_word' id='word_1_460' title='bbox 287 4543 323 4597; x_wconf 91' lang='lat' dir='ltr'><strong>ut</strong></span> <span class='ocrx_word' id='word_1_461' title='bbox 337 4533 422 4597; x_wconf 89' lang='lat' dir='ltr'><strong>idem</strong></span> <span class='ocrx_word' id='word_1_462' title='bbox 437 4533 481 4596; x_wconf 87' lang='lat' dir='ltr'><strong>ait</strong></span> <span class='ocrx_word' id='word_1_463' title='bbox 495 4533 673 4597; x_wconf 87' lang='lat' dir='ltr'><strong>Bernardus</strong></span> <span class='ocrx_word' id='word_1_464' title='bbox 691 4553 698 4600; x_wconf 90' lang='lat'>:</span> <span class='ocrx_word' id='word_1_465' title='bbox 715 4534 750 4597; x_wconf 94' lang='lat' dir='ltr'><strong>ln</strong></span> <span class='ocrx_word' id='word_1_466' title='bbox 766 4534 884 4617; x_wconf 92' lang='lat' dir='ltr'><strong>princi·</strong></span> <span class='ocrx_word' id='word_1_467' title='bbox 939 4533 1128 4598; x_wconf 88' lang='lat' dir='ltr'><strong>necessariis</strong></span> <span class='ocrx_word' id='word_1_468' title='bbox 1150 4551 1219 4596; x_wconf 90' lang='lat' dir='ltr'><strong>csse</strong></span> <span class='ocrx_word' id='word_1_469' title='bbox 1241 4539 1439 4595; x_wconf 86' lang='lat' dir='ltr'><strong>contentum.</strong></span> 
     </span>
    </p>
   </div>
   <div class='ocr_carea' id='block_1_3' title="bbox 0 0 2112 6246">
    <p class='ocr_par' dir='ltr' id='par_1_3' title="bbox 0 0 2112 6246">
     <span class='ocr_line' id='line_1_42' title="bbox 0 0 2112 6246; baseline 0 0"><span class='ocrx_word' id='word_1_470' title='bbox 0 0 2112 6246; x_wconf 95' lang='lat' dir='ltr'><strong> </strong></span> 
     </span>
    </p>
   </div>
  </div>
 </body>
</html>
