4140 6258
375 503 524 552 6611111161
545 503 576 549 ur
597 501 670 549 rosr
689 499 883 548 1111111111,
905 517 945 528 -
966 499 1193 548 aerumnam
1214 502 1409 551 evaserumt
1607 485 1668 550 319

121 676 183 738 imo
200 675 233 738 in
248 675 340 739 bonis
355 677 475 759 gloriae,
492 675 643 759 quoniam
660 675 724 738 llco
741 673 867 736 bcatili-
881 678 906 742 Α
922 673 1042 736 utiliter
1058 681 1185 738 tenetur
1204 677 1383 760 expendere
1402 683 1434 739 et
1452 675 1616 758 superflua
1634 676 1667 737 in

121 791 153 835 ce
168 773 346 847 fruebatur,
362 782 457 857 atque
471 774 612 837 divinam
628 772 805 835 clarissime
821 772 867 833 in·
921 773 991 854 pios
1013 792 1090 835 usus
1113 782 1307 837 convertere.
1325 775 1524 838 Exteriorum
1548 773 1669 856 quippe

121 871 300 934 desinenter
324 873 404 935 vidit
428 871 609 935 essentiam.
629 871 736 934 Nihilo
761 870 867 931 minus
923 869 1078 932 bonorum
1101 871 1336 954 dispensatores
1359 874 1459 954 magis
1481 891 1577 955 quam
1599 889 1670 953 pos·

122 969 263 1031 Christus
279 971 310 1031 in
332 969 543 1033 exterioribus
559 969 770 1032 voluntariam
792 987 867 1050 pau·
923 985 1061 1031 sessores
1075 977 1131 1031 aut
1149 970 1270 1033 domini
1291 971 1439 1034 homines
1459 977 1543 1044 sunt,
1561 977 1670 1052 utpote

122 1075 273 1147 pertatem
296 1068 470 1150 assumpsit
488 1068 633 1149 (propter
654 1066 739 1148 quod
761 1065 865 1128 dixit:
923 1066 1077 1128 rationem
1098 1067 1202 1129 daturi
1223 1069 1359 1150 qualiter
1378 1088 1415 1131 ea
1434 1068 1667 1151 expenderint:

123 1164 217 1228 Filius
232 1165 374 1228 hominis
394 1164 569 1228 nonhabet
588 1165 643 1226 ubi
664 1171 759 1245 caput
778 1163 868 1225 recli-
923 1164 994 1226 ideo
1017 1165 1177 1227 moderate
1196 1174 1228 1228 et
1247 1165 1409 1230 lructuose
1428 1167 1474 1230 eis
1494 1167 1539 1228 uti
1560 1174 1669 1228 tenen-

6 1279 29 1290 ··
122 1264 196 1342 net),
214 1269 371 1346 quatenus
391 1263 462 1344 eius
483 1263 591 1345 inopia
611 1261 767 1345 corporali
787 1261 867 1324 divi·
923 1263 1088 1326 tur.Porro
1103 1264 1403 1345 pretiosissimallei
1418 1266 1501 1328 bona
1517 1265 1670 1328 61111611-

122 1369 164 1422 tes
188 1360 370 1424 efficiamur
390 1360 555 1444 opulentia
576 1359 745 1442 spirituali.
923 1380 982 1424 maa
998 1361 1177 1436 rationales,
1195 1362 1310 1426 Christi
1327 1364 1480 1445 sanguine
1502 1363 1667 1425 liberatae:

158 1461 225 1526 Qui
239 1461 372 1519 habebat
387 1461 548 1529 villacum,
562 1458 593 1520 id
609 1465 655 1520 est
671 1457 867 1540 dispensato·
923 1478 1001 1541 quas
1025 1460 1168 1542 dissipat,
1186 1462 1240 1543 qui
1267 1460 1355 1524 lalsis
1378 1461 1543 1535 doctrinis,
1563 1461 1670 1543 pravis

121 1574 195 1618 rem.
213 1557 363 1630 Quamvis
382 1564 489 1620 autem
504 1556 644 1630 villicus,
663 1556 746 1618 villae
765 1563 868 1617 rector
922 1558 1078 1639 exemplis
1093 1566 1147 1620 aut
1167 1559 1361 1640 negligentia
1380 1577 1433 1622 eas
1453 1560 1491 1622 ad
1507 1559 1584 1622 vitia
1599 1576 1670 1641 per-

119 1663 149 1716 et
170 1663 278 1718 custos
300 1655 428 1736 proprie
450 1662 665 1736 nuncupetur,
683 1654 735 1716 hic
759 1661 866 1716 tamen
923 1656 1019 1718 trahit
1041 1665 1095 1719 aut
1114 1658 1196 1721 trahi
1220 1658 1386 1740 permittit,
1404 1677 1463 1722 nec
1488 1666 1625 1732 revocat,
1643 1657 1669 1720 si

120 1770 175 1834 pra
191 1769 367 1826 oeconomo,
386 1753 417 1815 id
437 1761 485 1814 est
504 1760 709 1835 procuratore
728 1769 785 1814 sen
803 1752 867 1814 dis·
922 1773 961 1816 ex
976 1754 1086 1818 allicio
1100 1756 1139 1818 ad
1155 1756 1214 1818 hoc
1230 1764 1356 1818 tenetur
1374 1765 1429 1819 aut
1447 1775 1586 1838 congrue
1601 1774 1671 1839 pos

120 1859 286 1934 penstwle
308 1851 432 1925 domus,
449 1851 616 1933 accipitur.
634 1855 677 1912 El
698 1853 751 1910 hic
770 1853 866 1928 diffa-
884 1855 907 1917 B
922 1854 1077 1935 settquod
1094 1861 1180 1916 tanto
1196 1855 1380 1918 sceleratius
1395 1861 1443 1917 est
1457 1856 1542 1938 apud
1558 1857 1667 1930 Deum,

120 1961 226 2010 inatus
249 1960 294 2010 est
318 1953 408 2027 apud
431 1953 540 2020 illum,
558 1949 682 2012 scilicet
705 1948 866 2013 Christum
922 1959 1041 2033 quanto
1069 1952 1280 2015 exterioribus
1309 1953 1405 2016 rebus
1435 1955 1668 2036 prestantiores

117 2050 263 2112 omnium
282 2050 436 2130 judicem,
454 2068 550 2131 quem
572 2049 668 2111 latere
690 2047 735 2110 nil
751 2056 864 2130 potest.
922 2057 996 2112 sunt
1017 2051 1132 2114 anime
1154 2051 1360 2114 immortales.

119 2149 212 2212 Porro
237 2148 416 2211 dillamatio
445 2148 506 2210 ista
529 2147 631 2230 iniqui
657 2148 741 2229 apud
765 2147 867 2210 Deum
962 2153 1005 2210 Idl
1026 2151 1150 2209 araeaail
1171 2152 1279 2220 illam,
1296 2150 1327 2212 id
1350 2158 1398 2212 est
1422 2150 1564 2214 Christus
1585 2151 1669 2214 villi-

119 2264 174 2306 seu
200 2245 373 2320 Christum,
389 2245 429 2308 tit
453 2245 550 2308 variis
575 2245 677 2308 modis
701 2264 738 2307 ac
764 2245 869 2306 multi·
923 2265 996 2308 eum
1020 2247 1120 2308 illum.
1139 2248 1210 2311 llaec
1230 2249 1364 2322 vocatio,
1382 2267 1444 2312 non
1467 2257 1515 2312 est
1534 2249 1669 2332 illaque

120 2343 196 2423 plici
212 2345 406 2408 testimonio.
423 2345 540 2417 Primo,
557 2343 731 2426 peripsam
753 2342 868 2405 inlalli·
923 2345 1059 2427 quisque
1074 2352 1218 2427 tempore
1235 2347 1345 2410 mortis
1365 2347 1404 2409 ad
1419 2347 1564 2410 divinum
1580 2365 1669 2410 voca·

119 2443 218 2505 bilem
234 2451 266 2505 et
280 2444 388 2507 omnia
403 2443 581 2505 intuentem
596 2442 784 2524 sapientiam
801 2441 867 2515 llei,
922 2450 975 2504 tur
991 2443 1162 2523 judicium,
1180 2445 1255 2526 quia
1275 2453 1347 2527 post
1366 2445 1453 2508 illam
1475 2463 1539 2510 non
1560 2453 1608 2508 est
1628 2446 1670 2510 lo

16 2573 43 2602 o.
54 2575 105 2612 na,
120 2541 173 2622 qui
191 2561 251 2623 per
262 2542 433 2604 leremiam
448 2541 674 2622 testatur:Ego
691 2559 762 2602 sum
778 2539 877 2602 testis·
923 2560 980 2603 cus
994 2551 1049 2603 aut
1064 2550 1191 2625 tempus
1208 2543 1383 2625 poenitendi
1400 2564 1435 2607 ae
1453 2545 1667 2627 promerendi,

11 2657 16 2666 ·
119 2648 150 2702 ct
171 2639 281 2720 judex.
304 2639 460 2712 Secundo,
482 2657 539 2721 per
562 2638 702 2721 angelos,
721 2638 777 2720 qui
801 2637 869 2700 zelo
923 2641 1007 2702 sicut
1021 2649 1093 2722 post
1108 2641 1198 2703 istam
1214 2641 1253 2704 de
1268 2661 1330 2724 qua
1345 2642 1449 2723 agitur
1465 2642 1671 2705 modoldcir·

118 2739 253 2818 justitia
272 2756 369 2821 opera
388 2739 556 2802 hominum
577 2737 660 2800 hona
675 2745 706 2800 et
721 2737 803 2799 mala
818 2754 869 2799 co-
924 2755 961 2801 co
976 2740 1099 2801 vocatio
1112 2739 1170 2801 ista
1186 2746 1243 2812 est,
1254 2759 1315 2821 qua
1330 2740 1467 2822 quisque
1484 2741 1517 2803 in
1531 2741 1596 2804 vita
1611 2741 1670 2803 hac

119 2857 187 2900 ram
204 2839 270 2901 lleo
284 2845 475 2920 proponunt.
494 2837 608 2910 Tertio,
625 2856 683 2919 per
696 2837 867 2910 daemones,
923 2837 1076 2899 divinitus
1091 2837 1280 2899 admonetur
1294 2855 1352 2918 per
1367 2837 1608 2918 inspirationem
1623 2839 1670 2901 di-

118 2937 174 3018 qui
190 2957 230 3000 ex
247 2937 368 2999 invidia
382 2936 504 2999 iaciunt
518 2935 868 3018 hoc,quemadmodum
922 2935 1030 2998 vinam
1056 2935 1124 2997 sive
1148 2934 1336 3015 angelicam,
1361 2953 1417 2997 seu
1443 2935 1669 2999 allocutionem

6 3037 151 3106 11111611
173 3035 324 3098 Zacharia
343 3041 430 3117 patet
451 3034 491 3098 dc
510 3034 615 3110 Satan
632 3034 687 3116 qui
706 3034 779 3096 lesu
799 3032 870 3096 lilio
888 3033 1108 3108 chumanam,
1130 3041 1165 3094 ut
1190 3032 1306 3114 cogitet
1327 3052 1423 3115 quam
1448 3051 1506 3097 suo
1526 3042 1670 3117 tempore

116 3135 251 3198 losedec
286 3132 513 3198 adversabatur
543 3151 601 3215 per
633 3131 869 3194 accusationem
924 3131 1079 3195 rationem
1098 3131 1138 3193 de
1157 3130 1309 3193 omnihus
1329 3132 1393 3194 lleo
1411 3132 1542 3194 reddere
1557 3133 1667 3214 possit.

117 3251 299 3316 procacem.
317 3230 443 3305 Quarto,
466 3249 523 3313 per
547 3247 725 3292 remorsum
750 3229 871 3292 consci-
925 3233 968 3292 Ill
983 3233 1031 3291 ait
1048 3233 1102 3290 illi
1117 3251 1128 3290 .·
1144 3232 1232 3300 Quid
1246 3233 1304 3291 liae
1318 3232 1418 3291 audio
1433 3233 1473 3292 de
1493 3233 1545 3292 le?
1560 3231 1591 3294 id
1610 3239 1669 3306 est,

6 3354 102 3401 611116.
117 3333 292 3405 entiarum,
308 3331 399 3411 juxta
421 3329 500 3392 illud
515 3329 554 3392 ad
575 3330 730 3393 Romanos
747 3346 754 3392 :
771 3329 870 3392 Testi-
925 3349 982 3391 cur
997 3330 1040 3391 ita
1054 3335 1085 3390 te
1101 3328 1251 3402 habuisti,
1265 3329 1350 3411 quod
1366 3330 1446 3392 mihi
1462 3329 1567 3393 taliter
1580 3349 1672 3393 accu-

117 3431 268 3494 monium
298 3429 362 3491 illis
387 3428 538 3491 reddente
568 3428 764 3491 conscientia
787 3427 870 3511 ipso·
924 3427 1066 3491 saristln
1082 3427 1198 3509 quihus
1213 3427 1320 3490 verbis
1334 3428 1535 3491 instruuntur
1549 3428 1671 3512 prelati

117 3549 202 3591 rum.
213 3528 409 3609 Quinto,per
423 3526 617 3590 evidentiam
632 3527 871 3608 operum,sicut
925 3528 957 3588 in
973 3534 1117 3608 quatuor.
1135 3526 1250 3600 Primo,
1268 3544 1307 3588 ne
1327 3525 1528 3590 subditorum
1543 3536 1673 3610 peccata

6 3649 99 3694 anua.
115 3629 149 3689 in
167 3626 287 3692 Genesi
302 3625 456 3689 Dominus
475 3623 520 3686 ait
539 3624 579 3686 ad
599 3623 674 3688 Cain
693 3641 699 3686 :
717 3624 783 3687 l'ox
802 3643 870 3687 san·
924 3625 1138 3699 dissimulent,
1159 3624 1215 3687 sed
1239 3624 1334 3688 citius
1359 3642 1423 3707 quo
1446 3627 1673 3689 convenienter

114 3727 228 3808 guinis
244 3724 351 3787 lratris
366 3723 413 3786 tui
429 3723 545 3786 clamat
558 3723 597 3785 ad
618 3741 678 3786 me.
697 3723 801 3796 Sexto,
814 3741 871 3805 per
924 3729 1060 3804 possunt
1088 3741 1125 3784 ea
1149 3722 1323 3804 corripiant
1351 3731 1384 3784 et
1412 3724 1592 3787 emendent.
1618 3725 1672 3788 Se·

111 3825 286 3908 querelam
310 3823 490 3885 vicinorum
512 3829 607 3903 atque
630 3821 805 3903 egentium,
823 3839 870 3884 sc·
926 3821 1040 3894 cundo,
1062 3828 1098 3883 ut
1119 3819 1285 3883 veritatem
1307 3821 1400 3884 lamae
1419 3821 1592 3903 inquirant,
1612 3841 1671 3886 nec

6 3943 96 3990 asnaa
113 3924 265 3986 cundum
286 3921 371 4004 quad
397 3921 428 3983 in
454 3918 632 3983 Proverbiis
658 3919 772 4000 legitur
789 3937 796 3981 :
812 3919 870 3993 Qut
925 3920 1031 3980 statim
1048 3919 1135 3981 omni
1151 3919 1282 3981 credant
1296 3919 1495 4000 spiritui,sed
1508 3921 1604 3983 etiam
1619 3941 1672 3985 au·
1685 3943 1781 3990 16611.
1789 3959 1818 4002 a,

111 4021 324 4085 abscondunt
339 4019 537 4082 trumentum
554 4019 587 4080 in
603 4025 757 4100 tempore,
775 4019 871 4080 male·
925 4018 1013 4080 diant
1027 4025 1211 4080 accusatum
1230 4035 1237 4078 :
1254 4037 1327 4081 nam
1344 4018 1397 4093 ait,
1413 4018 1521 4092 «Quid
1536 4013 1668 4096 dudio»,
1686 4013 1706 4053 ¹·

112 4122 289 4198 dicentur3
313 4117 496 4181 benedictio
524 4124 630 4179 autem
655 4135 752 4199 super
776 4124 871 4198 caput
925 4119 1005 4178 etot
1020 4115 1135 4188 Tertio,
1153 4133 1192 4178 16
1207 4124 1406 4179 accusatores
1421 4118 1555 4199 prodant
1573 4135 1580 4180 :
1597 4120 1673 4200 quia

110 4218 340 4283 vendentium.
352 4217 454 4286 Quasi
463 4217 649 4291 dissipasset
661 4217 742 4275 bana
753 4217 869 4291 ipsias,
885 4221 910 4284 [l
925 4233 988 4277 non
1003 4214 1057 4287 ait,
1076 4212 1141 4286 llle,
1152 4213 1215 4287 vel,
1227 4213 1310 4276 Talis
1328 4215 1405 4276 milri
1422 4215 1482 4278 hoc
1497 4216 1592 4295 dixit;
1604 4218 1670 4292 sed,

110 4321 143 4382 id
168 4325 234 4392 est,
253 4316 409 4379 inutiliter
432 4334 469 4378 ea
490 4314 693 4397 expendisset
717 4321 772 4376 aut
797 4332 871 4376 con·
926 4335 942 4371 «
958 4312 1061 4374 Audio
1073 4333 1099 4372 a.
1118 4311 1245 4384 Quarto,
1263 4318 1297 4371 ut
1312 4312 1440 4394 culpam
1456 4312 1495 4374 de
1512 4332 1575 4394 qua
1589 4314 1672 4377 alius

108 4416 323 4499 sumpsisset.
925 4417 1102 4482 accusatur,
1120 4409 1319 4491 specificent.
1337 4410 1448 4473 Melius
1467 4430 1605 4494 namque
1620 4431 1673 4496 po·

150 4518 217 4579 Per
234 4513 380 4576 villicum
396 4513 493 4575 istum
510 4511 645 4592 intelligi
661 4518 764 4592 potest
778 4511 871 4594 quili-
926 4517 986 4572 test
1001 4528 1034 4572 se
1054 4509 1149 4572 homo
1169 4508 1338 4589 corrigere,
1355 4528 1455 4591 quum
1474 4510 1504 4572 ei
1524 4512 1675 4592 exprimi·

108 4617 167 4678 bet
184 4615 299 4687 horno,
316 4611 370 4694 qui
392 4628 508 4692 corpus
528 4617 559 4672 et
577 4610 728 4684 animam,
745 4617 776 4672 et
796 4628 872 4672 cun·
925 4617 977 4671 tur
1002 4609 1034 4670 in
1054 4625 1118 4690 quo
1141 4607 1287 4689 deliquit,
1308 4616 1363 4670 aut
1386 4627 1549 4684 excusare,
1573 4611 1599 4672 si
1626 4611 1672 4674 in-

106 4723 161 4779 cta
180 4731 261 4796 quae
275 4710 381 4784 habet,
396 4728 414 4771 a
429 4711 493 4772 lleo
507 4708 641 4791 accepit,
653 4715 685 4770 et
699 4709 746 4776 eis
760 4709 798 4770 ad
814 4709 870 4771 Dei
926 4725 1044 4770 nocens
1065 4713 1121 4768 est.
1141 4705 1219 4768 Nam
1234 4706 1289 4780 ait,
1307 4727 1323 4766 «
1340 4706 1419 4780 Quid
1435 4707 1495 4770 hoc
1505 4711 1545 4770 ia
1561 4712 1673 4771 Redde

106 4819 276 4879 honorem
298 4809 344 4872 uti
364 4817 501 4883 tenetur,
518 4815 613 4890 atque
634 4807 666 4869 in
686 4807 779 4870 bonis
796 4826 870 4890 ope·
927 4809 1087 4866 rationem
1103 4806 1317 4864 villicationis
1333 4815 1409 4876 rute,
1426 4806 1457 4868 id
1477 4817 1535 4882 est,
1551 4808 1589 4870 ad
1606 4808 1674 4871 red-

105 4916 207 4979 ribus
225 4911 339 4973 eadem
355 4926 521 4990 occupare.
538 4907 713 4970 Praesertim
734 4906 870 4969 aliorum
926 4905 1066 4967 dandum
1091 4911 1122 4966 te
1148 4921 1300 4985 prepara,
1326 4911 1421 4986 atque
1445 4907 1672 4970 conscientiam

105 5015 273 5100 praelatus
307 5027 364 5072 seu
399 5007 549 5090 princeps
584 5007 780 5088 quicumque
814 5025 872 5088 per
926 5011 1012 5065 tuam
1042 5002 1189 5064 examina
1213 5002 1350 5084 qualiter
1375 5003 1408 5063 in
1436 5003 1673 5086 dispensatione

104 5117 202 5178 hunc
230 5109 379 5172 villicum
403 5105 597 5187 designatur,
621 5104 675 5187 qui
701 5103 762 5166 sibi
788 5123 871 5167 com·
927 5101 983 5164 tibi
1015 5102 1186 5163 commissa
1214 5108 1245 5161 te
1270 5099 1419 5175 habuisti,
1446 5109 1481 5162 ut
1505 5102 1609 5166 valcas
1634 5104 1672 5166 de

105 5215 237 5277 missos
268 5209 350 5270 hene
380 5223 488 5286 regere
517 5203 686 5284 obligatur,
712 5202 811 5266 verbo
839 5211 871 5265 et
924 5199 1074 5265 omnibus
1090 5199 1222 5261 reddere
1237 5199 1489 5262 rationemlam
1505 5204 1591 5261 enim
1607 5222 1673 5263 161

102 5330 214 5400 opere
240 5325 296 5371 eos
317 5305 517 5380 aedilicando,
535 5300 721 5384 temporalia
741 5319 870 5386 quoque
921 5302 1046 5380 pateris
1060 5300 1222 5368 villicare,
1238 5298 1270 5360 id
1286 5305 1343 5373 est,
1361 5298 1394 5360 in
1410 5299 1557 5381 proximo
1573 5307 1621 5362 est
1636 5307 1671 5368 ut
