4214 6254
335 1372 365 1417 oa
377 1373 448 1418 Diria.

313 1447 372 1479 nom.
381 1448 401 1480 C.
410 1449 438 1481 tt.

460 487 520 552 {76
738 505 887 554 nonrmcx
908 506 942 552 nr
962 506 1036 552 rosr
1055 502 1250 552 mmtrxrmr.
1270 521 1310 534 -
1330 503 1504 552 maranno
1525 505 1556 552 m
1577 503 1744 553 arrsromx

460 695 518 759 per
540 683 641 739 estote
672 695 712 738 ne
741 676 842 739 Deum
874 676 907 738 in
933 675 1042 757 aliquo
1066 674 1209 738 ostenda·
1224 673 1249 737 Α
1265 673 1389 737 cunctis
1410 673 1561 738 fidelibus
1581 693 1639 758 per
1658 674 1815 737 mundum
1832 673 1983 755 dispersis:

460 775 502 836 tis
520 792 527 836 :
544 777 623 854 qaia
638 777 851 835 adversarias
866 783 970 834 caster
984 771 1208 854 diabolus,qui
1264 772 1336 836 ideo
1356 791 1413 836 vos
1433 791 1496 836 non
1517 773 1575 835 soli
1596 772 1776 835 tentamini.
1793 772 1860 834 lmo
1877 773 1984 835 tentatio

461 873 603 954 pessimo
618 879 649 934 et
664 872 860 955 implacabili
876 871 949 934 odio
963 872 1032 934 odit
1049 888 1117 944 nos,
1135 869 1211 952 quia
1265 878 1313 932 est
1332 871 1397 932 vita
1417 871 1591 951 cujuslibet
1609 871 1750 934 hominis
1769 889 1865 952 super
1880 877 1984 934 terram.
2003 896 2068 944 rat-,r

461 970 507 1032 nil
536 971 623 1033 aliud
652 970 767 1052 quaerit
794 969 857 1033 nisi
886 969 1123 1032 damnationem
1152 985 1210 1030 no·
1266 969 1353 1031 Unde
1375 968 1484 1032 iudith
1508 969 1589 1031 dixit
1612 968 1756 1032 :Omnes
1780 967 1836 1050 qui
1860 969 1918 1032 Deo
1936 969 2069 1050 pla-raa,

461 1073 558 1130 stram
574 1075 736 1142 aternam,
753 1085 812 1129 nec
828 1067 935 1128 minus
951 1066 1072 1128 malum
1087 1063 1211 1128 suflicit
1266 1075 1411 1142 cuerunt,
1429 1086 1486 1150 per
1506 1067 1623 1130 multas
1641 1067 1864 1130 tribulationes
1879 1059 2039 1130 transis-²³³³·

461 1167 490 1228 ei
511 1166 549 1228 de
570 1165 674 1240 nobis,
692 1175 849 1246 tanquam
865 1169 911 1225 teo
930 1167 1064 1242 rapiens
1077 1165 1210 1232 circuit,
1266 1171 1340 1226 runt
1367 1164 1498 1244 fideles;
1522 1165 1577 1247 qui
1601 1171 1709 1228 autem
1734 1164 1918 1228 tentationes
1938 1183 1987 1228 non

462 1284 611 1344 quarens
626 1285 720 1345 qaam
734 1267 874 1326 devoret.
888 1264 1021 1346 Nempe,
1033 1271 1068 1324 ut
1082 1261 1211 1324 divinus
1266 1271 1476 1345 susceperunt
1492 1264 1524 1326 in
1538 1265 1653 1326 timore
1668 1263 1808 1336 Domini,
1818 1263 1989 1346 impatientia

462 1363 632 1446 Dionysius
662 1363 809 1436 adstruit,
840 1361 873 1423 in
907 1360 1106 1424 daemonibus
1136 1366 1211 1422 sunt
1267 1380 1325 1423 sua
1345 1361 1548 1424 exterminati
1570 1371 1653 1424 sunt.

462 1461 629 1545 phantasia
643 1469 801 1543 proterva,
813 1479 924 1522 amens
940 1459 1028 1522 luror
1042 1468 1074 1521 et
1088 1457 1210 1520 irratio·
1305 1463 1393 1522 Deus
1413 1470 1520 1521 autem
1543 1463 1649 1522 amnis
1666 1462 1799 1538 pratia,
1815 1467 1919 1542 utpote
1936 1479 1989 1541 gra·

461 1559 579 1622 nabilis
595 1558 864 1641 concupiscentia.
882 1558 955 1621 ldeo
973 1557 1072 1620 instar
1086 1555 1210 1637 rugien·
1266 1558 1318 1622 tiae
1342 1559 1567 1641 praevenientis
1591 1567 1623 1622 et
1646 1558 1883 1642 subsequentis,
1903 1559 1989 1640 gratie

461 1657 503 1720 tis
529 1657 630 1720 leonis
655 1657 780 1731 circuit,
798 1663 863 1719 tam
885 1656 1094 1738 spiritualiter
1114 1672 1209 1735 quam
1267 1658 1462 1740 incipientis,
1487 1658 1711 1741 prosequentis
1735 1667 1767 1721 et
1792 1676 1990 1721 consumman-

461 1774 519 1818 suo
549 1757 643 1819 modo
673 1756 824 1819 localiter.
851 1754 1065 1838 Spiritualiter
1090 1753 1210 1815 etenim
1266 1757 1307 1818 tis
1322 1757 1412 1820 dator
1427 1765 1457 1818 et
1476 1765 1688 1821 conservator.
1704 1757 1810 1820 Potest
1829 1763 1927 1819 autem
1946 1757 1990 1818 hoc

461 1854 586 1930 circuit,
610 1855 686 1937 quia
711 1854 852 1937 undique
877 1861 934 1916 nos
964 1853 1153 1925 considerat,
1179 1859 1211 1913 et
1226 1855 1249 1916 B
1266 1855 1336 1918 loco
1365 1855 1579 1937 pergratiam
1605 1873 1700 1918 omne
1727 1855 1850 1918 donum
1878 1854 1991 1936 Spiritus

460 1955 607 2018 omnium
627 1953 758 2016 discutit
779 1971 895 2026 moreS,
913 1952 1136 2014 inclinationes
1159 1949 1211 2011 ad·
1266 1953 1371 2016 Sancti
1394 1954 1635 2036 supernaturale
1656 1953 1828 2036 omnisque
1848 1953 1940 2016 virtus
1956 1953 1990 2014 in-

460 2053 566 2127 vertit,
583 2061 615 2114 et
629 2051 766 2134 qualiter
785 2050 911 2113 facilius
932 2049 1211 2130 damnabiliusque
1265 2051 1336 2115 susa
1352 2052 1496 2134 intelligi.
1515 2055 1580 2121 Qui
1594 2054 1720 2113 cacavit
1735 2073 1793 2113 aas
1808 2054 1845 2112 ia
1860 2059 1992 2113 aternam

461 2152 609 2235 decipere
629 2151 740 2233 possit,
756 2148 927 2223 examinat,
938 2148 1210 2232 quemadmodum
1262 2153 1405 2228 pieriam
1425 2171 1531 2222 sacar,
1547 2151 1578 2213 id
1598 2157 1657 2224 est,
1673 2151 1713 2213 ad
1733 2150 1896 2214 ooelestem
1914 2149 1992 2211 lelici-

462 2249 525 2312 Leo
548 2250 631 2331 Papa
654 2255 795 2311 testatur.
820 2247 976 2310 Localiter
999 2265 1126 2328 quoque
1150 2246 1212 2307 cir·
1265 2256 1363 2311 tatem
1382 2267 1440 2312 nos
1463 2248 1622 2323 invitavit,
1640 2248 1724 2310 sicut
1743 2249 1783 2311 ad
1805 2267 1878 2311 eam
1897 2247 1993 2310 crearit

462 2349 541 2423 cuit,
558 2349 635 2430 quia
654 2366 740 2410 nunc
758 2347 855 2409 istum
876 2354 986 2420 tentat,
1002 2365 1088 2408 nunc
1105 2345 1208 2418 illum,
1266 2364 1333 2410 nos.
1350 2351 1392 2410 Ia
1403 2348 1530 2409 Christo
1544 2350 1633 2418 Iesu,
1647 2347 1681 2409 id
1700 2355 1749 2410 est
1768 2365 1828 2428 per
1843 2346 1990 2417 Christum,

462 2455 492 2510 et
508 2447 547 2509 de
563 2464 628 2509 uno
642 2445 746 2528 pergit
760 2445 799 2508 ad
814 2444 924 2518 alium,
940 2444 1208 2527 quemadmodum
1266 2446 1341 2528 quia
1356 2445 1521 2508 exordium
1537 2445 1773 2528 predicationis
1789 2445 1907 2508 Christi
1924 2443 1990 2506 luit:

463 2547 496 2608 in
521 2545 603 2607 libro
625 2543 683 2607 tob
708 2544 753 2607 ait
776 2544 815 2605 ad
839 2543 1010 2606 Dominum
1038 2560 1044 2604 :
1071 2541 1210 2605 Circuivi
1265 2543 1486 2607 Paenitentiam
1510 2543 1604 2626 agite,
1630 2543 1904 2626 appropinquabit
1923 2541 1991 2604 enin
2006 2561 2068 2605 aiat»

463 2653 581 2707 terram
596 2650 628 2706 et
643 2641 862 2725 perambulavi
878 2659 961 2704 eam.
974 2641 1090 2714 Quaerit
1103 2647 1209 2703 autem
1265 2661 1398 2725 regnum
1419 2642 1583 2706 coelorum.
1601 2643 1639 2704 Et
1654 2641 1798 2706 Christus
1817 2642 1865 2705 ait
1882 2642 1912 2704 in
1930 2630 2022 2704 Psoi-¹²·

463 2765 480 2802 «
491 2761 586 2824 quem
602 2742 771 2814 devoret»,
784 2740 816 2803 id
831 2747 889 2815 est,
898 2740 938 2802 ad
953 2739 1085 2803 mortale
1101 2758 1210 2822 pecca·
1266 2759 1320 2804 mo
1344 2758 1351 2803 :
1374 2741 1569 2804 Annuntiavi
1591 2748 1624 2803 et
1648 2739 1774 2803 locutus
1798 2759 1884 2814 sum,
1906 2737 2058 2802 multi-ma.

463 2851 532 2905 tum
548 2841 688 2915 inducat,
705 2840 815 2921 sicque
829 2839 921 2901 illum
937 2838 999 2901 sihi
1017 2839 1209 2922 incorporet,
1266 2839 1374 2922 plicati
1390 2847 1464 2900 sunt
1479 2857 1575 2921 super
1590 2857 1771 2902 numerum.
1789 2839 1880 2902 Unde
1894 2846 1923 2900 ct
1935 2838 1993 2900 Pau·
2068 2899 2069 2904 ,

462 2939 672 3023 spiritualiter
686 2938 833 3020 perimat,
850 2933 882 3000 et
899 2937 939 2999 ab
960 2935 1086 2999 interno
1105 2936 1211 2998 absor-
1266 2939 1316 3001 lus
1334 2939 1379 3000 ait
1395 2956 1402 3000 :
1419 2939 1502 3000 Deus
1522 2938 1591 3001 vult
1609 2955 1722 3001 omnes
1744 2937 1893 3002 homines
1910 2937 2038 2999 salsam
2068 2921 2069 2936 ¹

400 3122 405 3130 Ι
462 3038 530 3101 beri
547 3045 704 3120 procuret.
722 3038 827 3110 Porro,
839 3036 922 3118 quod
938 3035 993 3110 ait,
1006 3057 1023 3094 a
1038 3035 1210 3098 adversari·
1226 3033 1247 3096 C
1266 3037 1348 3099 fieri.
1365 3036 1433 3110 Vel,
1451 3058 1467 3095 o
1484 3036 1517 3098 in
1537 3035 1661 3099 Christo
1683 3038 1757 3099 lesu
1772 3059 1802 3112 a,
1819 3037 1854 3100 id
1878 3044 1924 3100 est
1943 3053 1993 3098 me·
2061 2949 2069 3105 l

328 4435 447 4492 Epirotas.

462 3157 500 3200 us
515 3144 619 3200 vester
633 3135 779 3199 diabolus
790 3157 819 3209 a,
834 3152 898 3197 nou
913 3134 952 3196 de
968 3152 1033 3197 uno
1046 3135 1211 3196 dumtaxat
1266 3135 1327 3198 rito
1342 3133 1470 3209 Christi,
1486 3134 1562 3217 quia
1576 3134 1690 3198 merito
1704 3135 1775 3216 ejus
1793 3135 1937 3199 homines
1950 3133 1993 3196 mi·

462 3243 510 3298 est
532 3234 775 3316 intelligendum
798 3233 936 3307 diabolo,
958 3233 1013 3295 sed
1037 3233 1077 3294 de
1101 3233 1211 3294 multis
1266 3233 1471 3297 sericordiam
1497 3241 1747 3315 consequuntur.
1773 3234 1906 3317 Propter
1927 3232 1993 3314 quod
2067 3231 2068 3234 ’

462 3343 494 3397 et
514 3333 672 3396 universis
693 3333 748 3414 qui
768 3331 916 3395 homines
936 3337 1069 3406 tentant,
1086 3331 1161 3413 quia
1180 3339 1212 3392 et
1265 3332 1310 3394 ait
1338 3331 1518 3414 Apostolus,
1543 3331 1628 3412 quod
1657 3331 1741 3394 Deus
1769 3331 1869 3413 elegit
1895 3349 1947 3394 nos
1970 3329 2060 3402 tarn.

462 3430 598 3514 quilibet
613 3429 709 3494 homo
723 3430 763 3492 ab
779 3448 841 3493 uno
857 3429 997 3494 creditur
1011 3429 1212 3510 singulariter
1267 3430 1401 3503 Christo,
1413 3437 1448 3491 ut
1463 3428 1586 3491 scilieet
1598 3427 1752 3490 effectum
1767 3427 1995 3510 praedestinatio

464 3527 618 3591 infestari.
1266 3528 1317 3590 nis
1331 3535 1456 3592 aeternre
1472 3527 1587 3589 merito
1602 3525 1718 3589 Christi
1733 3525 1996 3589 obtineamuslle

504 3628 566 3688 Cui
588 3627 729 3685 resistite
749 3626 852 3701 sortes
873 3626 910 3684 ia
928 3627 994 3702 fide
1014 3624 1159 3700 formata,
1177 3633 1211 3688 ut
1266 3629 1376 3687 dicum
1397 3643 1519 3702 passos,
1545 3625 1620 3707 quia
1649 3623 1755 3687 omnis
1782 3623 1919 3686 alilictio
1940 3623 1995 3684 rita
2066 3611 2067 3616 ἵ

462 3723 651 3786 firmissime
673 3722 807 3784 credatis
829 3723 929 3784 Deum
953 3731 1097 3804 paratum
1120 3723 1210 3786 vohis
1266 3722 1662 3806 praeseutis,modicissimi
1677 3730 1726 3786 est
1741 3723 1897 3787 momenti
1911 3738 1996 3803 respa

463 3840 661 3896 succurrere,
678 3820 812 3902 ejusque
833 3820 1028 3901 adjutorium
1052 3821 1210 3884 fiduciali·
1267 3831 1319 3884 ctu
1344 3822 1460 3886 futura
1488 3820 1663 3896 felicitatis,
1686 3821 1778 3902 juxta
1807 3821 1890 3884 illud
1913 3839 1920 3883 :
1942 3819 1995 3882 Nor
2014 3829 2044 3904 le·

463 3929 512 3984 ter
528 3919 716 4001 imploretis,
733 3925 764 3979 et
779 3937 836 4001 per
851 3918 1014 3981 caritatem
1030 3919 1094 3981 lleo
1109 3919 1211 3983 adhae-
1266 3929 1341 3983 suut
1364 3920 1529 4002 condigna
1550 3920 1715 4002 passiones
1738 3920 1837 4002 hujus
1862 3897 2026 4002 temporis¹''
2065 3907 2066 3940 r

463 4026 569 4082 rentes
594 4017 746 4080 resistatis
775 4015 913 4090 diaholo,
939 4017 1067 4092 orando,
1094 4017 1210 4080 Christi
1266 4020 1304 4082 ad
1320 4019 1460 4082 laturam
1475 4018 1706 4100 gloriamlpse
1715 4022 1869 4098 perficiet
1882 4018 1996 4100 gratiam

463 4116 645 4199 passionem
665 4115 838 4198 pensando,
855 4114 965 4177 divina
984 4116 1131 4178 mandata
1145 4129 1210 4198 prae
1266 4137 1362 4201 quam
1383 4119 1504 4201 incepit
1522 4118 1555 4181 in
1571 4117 1673 4194 vobis,
1689 4125 1721 4181 et
1740 4120 1944 4196 confirmabit
1956 4135 1996 4178 re-

462 4214 565 4280 oculis
587 4215 765 4292 retinendo,
781 4214 837 4276 Dei
857 4213 1017 4294 judicium
1039 4213 1210 4277 formidan-
1225 4217 1250 4278 D
1266 4226 1363 4280 stram
1389 4217 1593 4299 fragilitatem
1616 4217 1716 4298 (sicut
1738 4216 1784 4279 ait
1809 4216 1995 4299 Apostolus:

462 4316 513 4390 dc,
537 4315 679 4377 futuram
702 4313 946 4376 retributionem
970 4313 1207 4376 considerando.
1266 4315 1425 4398 Optimum
1438 4323 1486 4378 est
1498 4316 1600 4397 gratia
1614 4313 1750 4377 stabiliri
1766 4313 1997 4396 cor),sotidabit·
2012 4329 2047 4372 ra

462 4415 543 4478 ilinc
561 4414 601 4477 ad
620 4412 774 4496 Ephesios
794 4411 950 4494 scriptum
969 4419 1018 4474 est
1034 4429 1041 4473 :
1058 4412 1093 4473 ln
1108 4411 1210 4475 omni·
1266 4435 1327 4494 que
1341 4414 1546 4477 dilectionem
1561 4432 1651 4476 suam
1668 4413 1700 4476 in
1715 4411 1828 4493 vobis;
1844 4413 1907 4488 vel,
1918 4399 2018 4494 oper-³·

463 4513 524 4575 bus
546 4512 663 4576 sumite
686 4519 813 4573 scutum
833 4510 923 4584 fidei,
940 4509 973 4571 in
995 4528 1058 4592 quo
1081 4510 1209 4592 possitis
1266 4512 1356 4576 ficiet
1370 4535 1387 4572 r>
1403 4513 1570 4587 rationem,
1583 4535 1601 4572 a
1616 4511 1825 4576 confirmabit
1840 4535 1859 4573 a
1875 4513 1998 4576 volunta·

463 4612 571 4676 omnia
589 4611 654 4673 tela
672 4609 861 4692 nequissimi
885 4609 978 4690 ignea
995 4609 1207 4691 exstinguere.
1266 4619 1342 4686 tem,
1359 4610 1639 4693 «solidabitque»
1657 4611 1859 4674 memoriam.

464 4711 551 4774 Unde
570 4709 603 4771 in
623 4709 728 4791 prima
743 4708 873 4771 loannis
892 4707 1050 4770 Canonica
1069 4706 1209 4790 legitur:
1306 4712 1377 4786 Ipsi
1396 4712 1519 4787 plotio,
1544 4709 1576 4772 id
1601 4717 1649 4772 est
1674 4708 1803 4771 infinita
1826 4709 1932 4772 laetitia
1953 4725 1997 4768 seu

322 4831 448 4882 traam,
463 4811 535 4874 Haec
555 4817 604 4872 est
621 4809 755 4872 victoria
774 4827 846 4890 quae
865 4808 966 4870 vincit
988 4809 1156 4884 mundum,
1173 4807 1210 4870 tt·
1266 4809 1351 4871 sama
1370 4807 1557 4881 clarissima,
1573 4817 1603 4868 et
1622 4809 1811 4884 imperium,
1829 4808 1862 4872 id
1882 4815 1927 4872 est
1945 4803 1998 4866 uni·

314 4899 336 4940 ὁ.

464 4910 519 4972 des
548 4916 664 4970 nostra.
690 4909 836 4969 Scieates
862 4909 1006 4967 camdem
1025 4909 1209 4984 passionem
1265 4924 1430 4970 versorum
1446 4907 1626 4969 dominium
1641 4905 1783 4989 primum
1798 4915 1996 4972 etsummurtt

463 5009 495 5067 ei
509 5026 581 5087 qaae
601 5008 636 5066 in
655 5007 778 5066 mundo
797 5013 855 5075 est,
872 5014 985 5066 vestra
998 5005 1212 5082 fraternitati
1266 5007 1418 5089 quoniam
1437 5006 1506 5088 ipse
1526 5005 1613 5069 solus
1632 5012 1680 5068 est
1694 5005 1759 5069 ilex
1777 5025 1890 5087 regum
1910 5011 1939 5065 et
1952 5002 1996 5064 [lo
2011 5023 2051 5074 qa

461 5107 551 5185 fieri,
567 5104 599 5168 id
623 5111 681 5179 est,
702 5104 763 5167 hoc
787 5110 967 5186 pensantes,
988 5105 1073 5186 quod
1098 5105 1210 5167 eadem
1266 5106 1373 5168 minus
1394 5105 1628 5168 universorum.
1644 5105 1774 5188 Propter
1789 5105 1877 5188 quod
1897 5105 1937 5166 ait
1953 5089 2027 5182 μετ’*

462 5204 673 5286 impugnatio,
699 5202 805 5286 passio
830 5203 897 5266 sive
920 5204 1053 5266 tentatio
1076 5223 1147 5285 quae
1171 5203 1210 5266 fit
1265 5204 1377 5267 lsaiam
1396 5220 1403 5264 :
1420 5203 1485 5284 Ego
1499 5203 1664 5278 Dominus,
1679 5203 1740 5266 hoc
1755 5211 1803 5266 est
1817 5220 1933 5266 nomen
1948 5215 1997 5261 rue
2012 5217 2027 5262 h

461 5304 565 5381 vobis,
574 5303 671 5368 etiam
684 5301 743 5366 fiat
756 5301 900 5388 quotidie
915 5301 1068 5365 iratribus
1082 5302 1208 5379 vestris,
1266 5303 1479 5385 um;gloriam
1493 5321 1596 5366 meam
1608 5302 1700 5366 alteri
1713 5320 1777 5365 non
1790 5302 1881 5366 dabo.
1890 5295 1998 5364 EtPsal
