4164 6258
350 526 498 576 noarrmca
518 530 562 576 ru
583 529 657 578 rosa
677 527 871 576 mrmrarau.
892 545 932 558 -
952 527 1127 576 nnxnmrro
1148 529 1180 576 m
1201 529 1396 578 nvannnuuu
1586 511 1647 576 att

105 695 192 758 nobis
208 715 316 760 coram
337 698 447 781 paucis
467 699 653 762 bominibus
669 698 846 780 objiceren·
863 697 887 762 Α
902 718 984 780 gnus
1009 700 1048 762 de
1072 701 1142 764 loco
1166 709 1287 765 remoto
1308 701 1397 764 veuit
1420 701 1494 776 buc,
1515 701 1649 783 cupiens

106 803 201 858 turae
218 797 438 860 recitarentur.
456 798 555 872 Quam
572 798 785 861 erubescibile
800 817 848 861 er·
902 797 989 880 loqui
1014 805 1131 862 tecum.
1159 799 1231 862 Post
1256 799 1315 862 lroc
1339 799 1515 862 introduxit
1537 799 1651 862 eremi-

103 911 139 974 go
153 894 227 968 erit,
244 912 349 957 coram
366 895 429 958 Deo
444 902 475 958 et
490 895 614 958 &notis
629 895 700 976 ejus
720 915 756 958 ac
775 897 847 958 aliis
902 903 965 958 tam
987 897 1078 959 illum
1098 898 1137 960 ad
1158 897 1305 960 abbatem
1326 898 1498 971 Pastorem,
1514 905 1546 960 et
1560 897 1647 960 exiit.

104 1009 137 1053 ea
153 992 349 1056 manifestari
365 993 522 1076 nobisque
539 993 656 1075 objicit
667 994 786 1056 Deinde
801 1013 848 1056 au·
901 994 968 1068 Ouo
983 1012 1121 1074 egresso,
1138 996 1236 1077 coepit
1250 996 1383 1057 eremita
1402 994 1457 1058 ille
1472 995 1559 1078 loqui
1574 1015 1649 1058 cum

104 1099 175 1164 tem,
197 1097 270 1172 post
294 1097 412 1154 tantam
433 1091 657 1154 confusionem
682 1090 847 1174 infligetur
901 1090 1014 1155 abbate
1038 1093 1164 1157 Pastore
1186 1093 1226 1156 de
1246 1093 1341 1157 rebus
1362 1094 1434 1157 altis
1454 1101 1486 1156 et
1505 1092 1648 1157 diflicili-

103 1197 216 1252 aeterna
237 1189 408 1252 damnatio.
901 1188 961 1252 bus
976 1209 1072 1254 sacrae
1088 1191 1260 1274 Scriptura
1275 1191 1424 1276 eloquiis.
1441 1193 1536 1255 Porro
1549 1191 1648 1256 abbas

140 1287 313 1361 Postremo,
330 1306 387 1370 per
407 1287 466 1350 hoc
487 1288 573 1371 quod
593 1289 625 1350 in
643 1288 774 1352 exordio
787 1288 846 1351 bu·
900 1289 1007 1352 Pastor
1028 1289 1156 1372 penitus
1180 1291 1290 1364 tacuit,
1312 1299 1343 1353 et
1363 1291 1489 1353 nullum
1512 1290 1646 1354 verbum

10 1412 90 1454 uuas.
101 1387 150 1467 jus
172 1387 316 1469 epistolae
337 1387 381 1450 ait
400 1389 580 1470 Apostolus,
598 1389 777 1451 Humanum
799 1389 845 1450 di·
901 1388 1073 1468 respondit.
1092 1388 1165 1450 ideo
1181 1389 1308 1450 tandem
1325 1389 1459 1451 eremita
1478 1387 1531 1450 ille
1546 1388 1647 1452 admi·

103 1503 137 1548 co
166 1494 297 1568 propter
332 1485 553 1550 infirmitatem
587 1487 692 1550 carnis
720 1496 844 1562 vestra,
901 1505 972 1548 rans
988 1493 1020 1548 et
1034 1485 1134 1548 tristis
1154 1487 1264 1560 exivit,
1281 1487 1425 1569 dixitque
1446 1487 1544 1549 Fratri
1568 1506 1647 1569 prae·

102 1585 255 1647 docentur
289 1583 413 1658 lideles,
446 1586 624 1667 prasertim
658 1585 779 1668 praelati
808 1603 844 1648 ac
900 1582 1158 1647 lato:Putabam
1178 1585 1262 1667 quod
1283 1604 1381 1648 senex
1402 1585 1649 1667 isteresponde-

102 1682 333 1764 predicatores,
359 1691 395 1744 ut
423 1683 553 1745 discreti
584 1691 616 1746 et
644 1684 689 1766 pii
719 1683 781 1746 sint
813 1684 844 1746 in
900 1688 948 1743 ret
977 1681 1069 1755 mibi,
1094 1690 1126 1744 et
1149 1701 1223 1744 ecce
1253 1683 1377 1744 nullum
1403 1683 1538 1746 verbum
1568 1683 1649 1746 mibi

101 1781 314 1862 precipiendo
327 1799 364 1844 ac
381 1781 578 1856 instruendo,
590 1781 797 1865 capacitatem
813 1789 844 1844 et
901 1780 1073 1862 respondit.
1086 1780 1173 1843 'lunc
1189 1781 1296 1844 Frater
1317 1780 1371 1842 ille
1391 1781 1520 1844 intravit
1536 1782 1574 1844 ad
1595 1781 1648 1844 ab

99 1879 337 1962 dispositionem
368 1879 569 1944 subditorum
600 1900 656 1943 scu
686 1880 844 1963 proximo·
863 1875 1006 1940 Bbatem
1027 1879 1197 1952 Pastorem,
1215 1886 1246 1941 et
1265 1879 1369 1941 dixit:
1387 1879 1410 1942 Ο
1429 1879 1513 1942 abba
1527 1879 1646 1953 Pastor,

100 1997 168 2039 rum
200 1987 381 2060 pensantes,
412 1997 471 2041 nec
500 1979 564 2041 alta
589 1987 685 2060 atque
714 1978 845 2040 subtilia
900 1976 1027 2040 viriste
1047 1977 1241 2060 quitantum
1264 1977 1527 2041 hubethonorcm
1550 1977 1582 2040 in
1604 1977 1647 2040 lo

100 2095 155 2157 pro
177 2077 317 2141 bumana
340 2076 432 2140 laude
456 2085 511 2140 aut
532 2079 701 2141 commodo
722 2086 845 2159 tempo·
899 2093 937 2138 co
952 2092 1020 2148 suo,
1037 2075 1125 2137 venit
1144 2075 1183 2138 ad
1204 2083 1245 2150 te,
1262 2083 1293 2138 et
1313 2083 1348 2138 tu
1369 2076 1448 2138 nihil
1469 2075 1595 2138 locutus
1611 2093 1645 2138 es

100 2174 154 2236 rali
179 2185 369 2259 proponant,
390 2178 445 2239 sed
469 2195 506 2239 ea
528 2196 599 2258 quae
621 2177 721 2258 magis
744 2175 844 2240 aditi·
898 2173 955 2235 eil
975 2173 1149 2256 Respondit
1168 2174 1266 2237 abbas
1287 2175 1394 2238 Pastor
1416 2195 1422 2238 :
1444 2175 1498 2238 l'ir
1523 2175 1582 2238 iste
1604 2175 1644 2238 de

100 2281 170 2335 cant
194 2274 359 2336 audientes
382 2293 389 2338 ε
410 2273 504 2355 cujus
527 2282 634 2337 tamen
659 2275 843 2357 oppositum
898 2272 979 2335 coelo
1003 2281 1061 2348 est,
1084 2291 1143 2354 ego
1167 2282 1273 2336 autem
1299 2273 1338 2336 de
1364 2281 1447 2336 terra
1471 2293 1552 2336 sum.
1579 2273 1644 2336 Hoc

100 2371 189 2434 multi
212 2371 285 2434 vani
307 2381 337 2434 et
359 2372 450 2434 scioli
472 2379 579 2454 agunt.
897 2372 1016 2445 audito,
1034 2373 1141 2434 Frater
1161 2370 1215 2434 ille
1237 2372 1346 2446 exivit,
1363 2380 1395 2434 et
1416 2373 1497 2434 dixit
1517 2372 1555 2435 ad
1578 2391 1645 2434 ere·

136 2469 265 2550 legitur
284 2470 317 2532 in
333 2471 559 2553 Vitaspatrum,
575 2471 659 2554 quod
681 2489 763 2533 unus
783 2470 844 2533 dis·
898 2471 1008 2532 mitam
1028 2491 1035 2534 :
1052 2470 1157 2533 Abbas
1177 2470 1236 2532 iste
1258 2471 1363 2533 Pastor
1383 2488 1446 2533 000
1467 2471 1530 2534 cito
1546 2470 1645 2552 loqui·

97 2567 275 2649 cipulorum
292 2569 392 2632 sancti
407 2568 531 2632 abbatis
545 2569 681 2632 Pastoris
697 2569 843 2631 transivit
897 2577 949 2632 tur
964 2570 1002 2632 de
1021 2569 1140 2632 divinis
1160 2567 1334 2651 Scripturis
1352 2577 1384 2632 et
1397 2570 1470 2632 altis
1490 2569 1642 2632 materiis.

95 2666 133 2726 ad
156 2665 251 2729 aliam
277 2667 439 2748 regionem
462 2669 679 2751 proquodam
704 2668 841 2749 negotio,
897 2669 985 2730 Tunc
1013 2667 1148 2730 eremita
1180 2667 1234 2730 ille
1265 2686 1375 2730 rursus
1406 2669 1568 2748 ingressus
1597 2675 1646 2730 est

97 2764 247 2846 venitque
263 2764 307 2828 ibi
323 2765 361 2828 ad
378 2767 549 2848 quemdam
565 2765 713 2830 abbatem
729 2772 761 2828 et
775 2785 840 2828 ere·
898 2766 1011 2828 cellam
1040 2765 1165 2828 abbatis
1194 2766 1341 2840 Pastoris,
1364 2766 1509 2848 dixitque
1533 2785 1540 2830 :
1564 2766 1644 2840 Ouid

97 2862 291 2945 mitam,qui
312 2863 437 2928 luitvir
456 2863 597 2928 famosus
617 2884 653 2928 ae
674 2865 840 2938 litteratus,
897 2864 1025 2940 laciam,
1056 2865 1138 2927 abba
1166 2865 1283 2938 Pastor,
1315 2865 1391 2946 quia
1419 2865 1584 2947 passiones
1613 2873 1645 2927 et

97 2961 139 3022 ita
159 2961 243 3043 quod
265 2961 356 3025 multi
377 2964 519 3046 quotidie
534 2973 692 3026 venerunt
707 2965 747 3027 ad
767 2982 840 3026 eum
898 2972 1027 3047 peccata
1055 2964 1159 3026 adhuc
1189 2963 1395 3026 dominantur
1425 2963 1532 3026 mihil
1556 2964 1644 3027 Tunc

96 3079 153 3142 pro
177 3059 400 3126 informatione
424 3083 461 3127 ac
486 3065 709 3128 consolatione.
730 3063 841 3127 Praela·
857 3057 878 3122 C
897 3064 995 3126 abbas
1016 3064 1124 3126 Pastor
1144 3062 1348 3138 exhilaratus,
1371 3063 1535 3145 respondit
1555 3080 1563 3124 τ
1583 3063 1645 3126 Μο-

96 3167 146 3221 tus
167 3169 272 3224 autem
293 3161 472 3244 discipulus
491 3162 615 3226 abbatis
636 3163 783 3238 Pastoris,
801 3162 843 3226 lo
896 3163 937 3224 do
952 3162 1034 3224 bene
1050 3162 1184 3240 venisti3
1205 3180 1290 3224 nunc
1304 3180 1340 3225 os
1361 3180 1469 3224 meum
1489 3161 1642 3243 aperiam,

96 3276 197 3339 quens
212 3278 284 3322 cum
300 3259 355 3323 illo
370 3260 510 3336 eremita
519 3261 599 3324 inter
615 3269 719 3324 cetera
734 3262 843 3324 recita·
896 3267 928 3322 et
954 3258 1096 3342 implebo
1120 3258 1201 3320 illud
1225 3258 1328 3322 bonis.
1355 3259 1522 3340 Goepitque
1545 3258 1644 3321 abbas

94 3357 140 3417 vit
154 3357 184 3418 ei
200 3357 300 3420 multa
319 3358 358 3420 de
372 3360 539 3422 sanctitate
558 3367 653 3442 atque
669 3361 842 3423 virtutibus
896 3359 1004 3420 Pastor
1018 3358 1057 3420 de
1072 3357 1246 3420 virtutibus
1264 3365 1296 3420 et
1309 3357 1397 3419 vitiis
1413 3357 1505 3420 valde
1519 3357 1643 3439 sapien·

93 3453 218 3517 abbatis
232 3455 379 3530 Pastoris,
396 3457 438 3518 ita
455 3455 538 3538 quod
554 3457 688 3520 eremita
703 3457 757 3520 ille
772 3476 842 3540 pro
895 3465 944 3519 ter
968 3455 1113 3520 conlerre
1138 3474 1211 3518 cum
1236 3456 1369 3518 eremita
1397 3456 1558 3538 praedicto.
1585 3455 1644 3529 Qui

93 3553 211 3633 posuit,
227 3563 371 3636 tempora
393 3554 455 3616 sibi
475 3563 617 3628 vacante,
636 3555 764 3618 visitare
788 3556 841 3620 ab·
895 3555 1012 3618 auditis
1032 3553 1140 3617 verbis
1159 3553 1283 3617 abbatis
1301 3554 1449 3628 Pastoris,
1466 3553 1570 3617 dixit:
1587 3553 1645 3615 Ve-

94 3650 201 3713 batem
223 3652 393 3715 Pastorem.
411 3653 483 3716 Post
502 3653 624 3735 aliquot
647 3654 753 3736 itaque
773 3655 840 3718 dies
895 3672 929 3715 re
950 3653 1017 3717 haec
1037 3659 1085 3715 est
1101 3653 1152 3716 via
1172 3652 1292 3715 salutis.
1311 3651 1349 3714 Et
1363 3651 1407 3714 ita
1426 3671 1500 3715 cum
1522 3651 1643 3733 ingenti

94 3750 231 3830 arripuit
246 3751 316 3825 iter,
328 3759 359 3814 et
374 3751 480 3834 primo
493 3752 582 3814 venit
597 3751 635 3814 ad
652 3752 838 3834 praedictum
896 3753 1004 3815 laetitia
1023 3751 1165 3826 recessit,
1183 3751 1298 3832 gratias
1317 3769 1414 3833 agens
1429 3751 1564 3814 Domino
1579 3751 1644 3814 Deo

92 3847 219 3910 abbatis
234 3848 368 3911 Pastoris
384 3849 590 3931 discipulum.
607 3849 666 3923 Oui
681 3868 755 3913 cum
777 3871 840 3914 ma·
895 3856 927 3912 et
948 3851 1046 3913 Fratri
1070 3849 1212 3932 prelato,
1234 3850 1318 3932 quod
1340 3857 1404 3913 tam
1430 3857 1575 3912 sanctum
1599 3849 1643 3912 vi·

92 3963 158 4027 gno
180 3947 295 4028 gaudio
314 3955 346 4009 et
369 3947 487 4011 bonore
512 3949 653 4032 suscepit
674 3950 840 4012 eremitam
895 3969 967 4011 rum
982 3949 1063 4012 vidit
1076 3957 1171 4030 atque
1191 3947 1321 4010 audivit.
1340 3949 1404 4012 lloc
1424 3948 1571 4032 exemplo
1589 3948 1643 4011 do

91 4041 279 4126 praelatum;
295 4045 410 4109 deiude
433 4046 563 4108 intravit
581 4047 694 4110 cellam
716 4047 840 4111 abbatis
895 4067 1006 4111 cemur
1021 4047 1108 4130 loqui
1124 4047 1163 4110 de
1181 4046 1414 4130 pertinentibus
1434 4048 1473 4111 ud
1493 4047 1640 4124 salutem,

90 4143 240 4218 Pastoris,
256 4143 366 4207 dicens
385 4145 424 4207 ad
444 4163 518 4208 eum
537 4163 544 4208 ε
561 4145 694 4220 Quidam
710 4146 760 4208 vir
778 4167 841 4210 ma·
894 4147 983 4212 omui
1005 4147 1144 4209 vanitate
1166 4145 1304 4208 exclusa.

484 4579 787 4666 ENARRATIO
821 4579 875 4668 IN
909 4577 1249 4666 EVANGFLIUM

90 4845 179 4902 noua
197 4845 291 4893 mma
308 4845 410 4893 auara
426 4845 520 4892 assur
536 4845 596 4892 nrm
611 4845 693 4904 raso,
710 4845 768 4894 aaa
787 4846 950 4894 naamam
968 4845 1048 4902 ouon
1066 4843 1305 4902 amnnmnmr,
1319 4844 1383 4891 are.
1397 4827 1490 4892 blare.
1500 4826 1638 4905 niul-ll.

89 5123 160 5290 lit
183 5126 343 5208 evangelio
368 5126 523 5189 hodierno
546 5125 739 5189 describitur
762 5144 840 5207 pra·
855 5126 880 5188 D
895 5133 959 5188 tem
985 5143 1049 5188 000
1074 5124 1170 5187 habet
1190 5140 1197 5186 :
1220 5123 1291 5186 ideo
1315 5122 1552 5186 immorandum
1576 5141 1639 5188 000

147 5223 268 5286 clarum
297 5225 413 5288 Christi
445 5224 648 5288 miraculum.
675 5223 713 5285 Et
736 5231 840 5286 textus
894 5241 974 5287 reor.
991 5223 1043 5286 Ait
1058 5224 1164 5305 itaque
1179 5221 1380 5303 Evangelista
1396 5237 1403 5282 :
1421 5224 1527 5290 00000
1543 5223 1640 5282 turba

88 5328 251 5406 quantum
266 5324 304 5386 ad
319 5341 449 5386 sensum
471 5322 653 5399 littoralem,
668 5321 841 5387 dillioulta-
894 5326 999 5384 multa
1014 5329 1091 5382 esset
1107 5341 1181 5381 cum
1196 5323 1281 5382 Iesu.
1298 5320 1398 5394 Quam
1418 5337 1532 5401 magna
1551 5319 1638 5384 enim
