4288 6264
500 515 647 562 porrulos
669 517 700 562 lv
720 515 794 562 POST
814 513 943 561 PASCUA.
963 533 1004 544 -
1024 513 1199 562 sanmuro
1220 513 1252 560 ΙΝ
1273 513 1468 561 actuosum(
1737 497 1758 563 9

136 673 140 682 ’
211 689 328 752 endum
344 687 405 751 luit
420 686 490 770 ejus
506 689 683 772 praeceptis.
694 687 750 750 Vel
766 687 812 751 sic
823 686 996 768 :Arguetll
1013 687 1078 750 rint
1097 687 1194 770 primi
1212 694 1284 770 post
1303 687 1463 750 Christum
1485 687 1629 751 doctores
1650 687 1756 750 llecle-

211 788 366 850 mundum
397 788 436 850 de
461 787 585 868 justitia
614 787 741 860 Christi,
767 805 862 869 quarn
894 804 956 849 non
1012 787 1077 860 siae,
1096 787 1237 869 oportuit
1255 805 1309 850 eos
1329 787 1598 851 excellentissime
1617 787 1757 850 eruditos

210 893 458 968 acceptaverunt
477 885 591 967 iniqui,
608 886 684 968 quia
701 886 741 947 ad
761 885 884 947 Patrem
905 903 957 946 va·
1012 905 1081 948 esse
1106 887 1145 948 de
1169 887 1329 969 mysteriis
1356 886 1483 961 Christi,
1509 893 1540 948 θῖ
1564 886 1615 949 bis
1640 885 1756 968 quibus

209 985 250 1046 do
268 1001 274 1046 :
292 1002 350 1066 per
369 984 453 1065 quod
474 991 560 1066 patet
573 983 697 1064 justitia
712 1001 791 1056 mea,
807 982 957 1045 videlicet
1013 985 1197 1047 instruenda
1216 985 1277 1046 luit
1296 984 1446 1048 Ecclesia.
1463 989 1530 1048 Sed
1544 1005 1608 1046 uon
1623 987 1758 1062 potestis

211 1084 295 1167 quod
319 1102 395 1146 vera
417 1083 524 1156 docui,
543 1083 628 1164 justa
650 1083 798 1164 praecepi,
824 1082 957 1164 irrepre·
1011 1083 1119 1146 omnia
1139 1084 1194 1146 illa
1209 1094 1358 1161 portare,
1378 1085 1438 1147 boe
1460 1093 1508 1147 est
1530 1083 1707 1166 intelligere
1725 1091 1757 1146 et

210 1181 411 1244 beusibiliter
432 1181 508 1244 vixi.
525 1181 598 1243 ldeo
618 1181 771 1244 imitanda
791 1179 852 1242 luit
865 1179 957 1261 justi·
1012 1189 1119 1244 mente
1141 1181 1223 1245 ierre
1245 1200 1281 1244 ae
1301 1182 1448 1256 retinere,
1466 1185 1557 1244 modo
1573 1203 1584 1242 :
1604 1182 1755 1264 quoniam

209 1280 253 1342 tia
281 1299 361 1352 mea,
386 1298 443 1342 seu
466 1279 552 1360 justa
581 1279 779 1341 conversatio
808 1297 886 1340 mea.
913 1280 956 1339 Et
1012 1279 1157 1361 inquieti,
1180 1280 1286 1342 tristes
1306 1298 1343 1342 ac
1363 1279 1470 1362 pavidi
1489 1279 1575 1342 ostis.
1594 1279 1756 1342 Passiones

201 1381 278 1458 jum
302 1398 368 1438 ocu
393 1380 545 1438 uidebitis
567 1397 617 1437 me
641 1377 673 1438 in
702 1377 808 1440 triduo
833 1375 955 1449 mortis,
1012 1378 1098 1440 enim
1127 1397 1227 1460 quum
1256 1378 1377 1440 luerint
1404 1377 1620 1451 vehementes,
1649 1385 1755 1440 actum

208 1495 268 1540 nec
291 1476 457 1539 mortalem
480 1482 514 1537 ut
535 1483 620 1538 ante.
1012 1476 1143 1538 rationis
1168 1476 1304 1538 multum
1329 1475 1517 1558 impediunt.
1545 1475 1618 1538 ldeo
1642 1475 1674 1537 iu
1698 1475 1756 1539 Job

249 1575 435 1651 Dejudz'eio
451 1583 559 1634 autem
575 1573 787 1646 discretionis,
805 1574 888 1655 quod
904 1571 957 1634 ab·
1012 1593 1138 1657 quoque
1158 1574 1293 1637 babetur
1310 1593 1316 1636 :
1333 1575 1442 1657 Neque
1463 1591 1593 1656 possum
1611 1581 1756 1636 metuens
1778 1589 1893 1642 rotiana.

207 1673 365 1754 jecerunt,
391 1671 441 1734 vel
468 1672 507 1733 de
531 1671 654 1753 judicio
678 1671 886 1734 discussionis
910 1671 956 1733 di·
1012 1671 1557 1754 responderelranquillitasautem
1571 1670 1759 1734 mentisdis·

207 1771 302 1843 vium,
326 1770 411 1851 quod
435 1786 498 1831 non
523 1768 710 1842 timuerunt,
732 1777 829 1851 atquc
851 1770 890 1832 de
914 1777 956 1830 ῖθ-
1012 1770 1103 1852 ponit
1126 1788 1195 1833 eam
1216 1771 1254 1833 ad
1275 1770 1542 1833 illuminationem
1562 1769 1703 1833 divinam
1726 1777 1758 1832 et

209 1869 346 1931 merario
374 1885 483 1930 eorum
506 1867 628 1948 judicio
656 1875 767 1948 arguet
788 1887 853 1940 eos,
877 1870 955 1946 quta
972 1867 995 1930 B
1013 1868 1253 1931 instructionem
1270 1867 1430 1930 salubrem
1448 1885 1454 1928 :
1473 1868 1557 1930 unde
1573 1867 1605 1929 in
1622 1867 1756 1948 epistola

204 1968 361 2044 princeps
384 1968 485 2044 brq'us
508 1968 638 2036 ruundi,
665 1965 695 2027 id
725 1973 773 2026 θεῖ
797 1965 954 2038 diabolus,
1012 1965 1108 2046 huius
1127 1965 1294 2028 dominica
1314 1965 1469 2046 scriptum
1492 1972 1550 2038 θεῖ,
1574 1966 1608 2027 ln
1632 1983 1756 2028 mansu·
1770 1983 1902 2034 saturer.

201 2067 277 2144 jam
293 2066 470 2141 judicatus
493 2073 550 2134 est,
577 2063 609 2125 id
636 2071 683 2125 est
709 2064 896 2146 reprobatus
920 2082 956 2126 ac
1011 2064 1140 2126 etudine
1167 2063 1319 2144 suscipite
1349 2063 1480 2124 insitum
1510 2063 1654 2126 verbum.
1682 2064 1756 2125 Ideo

209 2163 476 2226 condemnatusa
499 2181 559 2236 me,
581 2169 676 2244 atquc
697 2163 736 2224 de
758 2163 954 2225 credentium
1011 2179 1138 2243 quoque
1161 2179 1223 2224 non
1246 2168 1392 2242 poterant
1412 2180 1536 2243 capere,
1558 2161 1633 2243 quia
1653 2161 1756 2224 adbuc

209 2261 304 2323 corde
327 2259 458 2341 ejectus.
483 2259 521 2320 Et
545 2259 605 2323 boc
628 2259 785 2340 judicium
811 2260 956 2324 homines
1011 2259 1087 2321 satis
1101 2259 1241 2321 carnales
1256 2276 1293 2320 ac
1308 2259 1403 2320 rudes
1423 2259 1560 2322 luerunt.
1580 2263 1686 2328 Quum
1701 2281 1757 2320 cu·

209 2357 391 2420 debuerunt
405 2357 579 2431 attendere,
596 2377 632 2420 ac
648 2357 776 2420 diabolo
790 2358 896 2422 taliter
908 2358 957 2439 ju·
1012 2366 1074 2417 tem
1091 2359 1215 2416 arcuerit
1236 2359 1292 2416 ille
1310 2359 1460 2434 Spiritus
1479 2359 1641 2427 veritatis,
1658 2357 1689 2419 id
1710 2367 1758 2420 ost

209 2457 313 2519 dicato
342 2456 500 2528 resistere,
531 2455 632 2517 divini
663 2474 790 2538 quoque
820 2457 955 2536 rigorem
1012 2455 1149 2536 Spiritus
1169 2455 1301 2517 Sanctus
1319 2474 1326 2519 :
1344 2455 1398 2537 qui
1419 2455 1537 2517 dicitur
1555 2455 1691 2538 Spiritus
1708 2475 1758 2520 ve·

207 2554 322 2635 judicii
338 2553 519 2628 formidare,
528 2571 567 2616 eo
581 2555 666 2635 quod
682 2555 764 2616 Deus
780 2555 956 2636 principem
1013 2553 1125 2626 ritatis,
1142 2553 1293 2634 quoniam
1310 2553 1380 2616 lons
1400 2560 1431 2614 θῖ
1451 2554 1560 2616 doctor
1579 2560 1627 2616 est
1647 2554 1758 2618 verita-

210 2653 321 2714 mundi
346 2659 411 2714 mm
436 2652 579 2714 districte
604 2653 810 2714 damnaverit.
835 2651 872 2713 Et
896 2653 956 2714 uti·
1014 2651 1063 2722 tis,
1081 2657 1112 2712 et
1127 2651 1278 2732 quoniam
1294 2651 1506 2714 essentialiter
1520 2671 1615 2714 verus
1632 2660 1664 2714 θῖ
1677 2653 1758 2716 veri-

209 2769 283 2831 que,
304 2750 331 2811 si
351 2767 523 2832 pensemus
542 2769 639 2831 quam
658 2750 797 2831 rigorose
817 2769 853 2812 ao
870 2750 956 2812 subi·
1012 2756 1059 2810 tas
1074 2755 1133 2820 est,
1150 2756 1182 2811 θῖ
1195 2749 1271 2830 quia
1287 2749 1423 2831 Spiritus
1443 2757 1490 2812 est
1510 2749 1608 2812 Patris
1626 2756 1658 2812 θῖ
1672 2749 1755 2824 Filii,

208 2856 242 2911 to
261 2849 343 2910 Deus
363 2867 381 2910 a
400 2847 560 2930 principio
580 2849 759 2930 principem
775 2849 955 2911 daemonum
1011 2847 1067 2928 qui
1088 2865 1151 2908 una
1169 2853 1244 2908 suut
1262 2847 1399 2925 veritas3
1417 2849 1540 2908 decebit
1560 2868 1614 2908 coe
1632 2868 1756 2909 omnem

209 2965 283 3009 cum
299 2946 533 3008 adherentibus
554 2946 616 3008 sibi
636 2947 809 3020 damnavit,
826 2955 957 3030 propter
1011 2946 1194 3014 ueritatem,
1220 2963 1283 3006 non
1313 2945 1504 3026 Simpliciter
1531 2962 1670 3018 ⁰fflss0111,
1700 2947 1755 3007 sed

210 3063 311 3106 unum
334 3043 554 3126 conceptionis
579 3065 644 3108 suae
668 3053 838 3120 tumorem,
864 3045 955 3108 valde
971 3045 993 3108 C
1011 3059 1141 3104 omnem
1169 3042 1335 3105 veritatem
1365 3043 1404 3104 de
1430 3060 1492 3124 qua
1521 3061 1606 3104 nunc
1633 3043 1755 3124 loquor,

210 3142 323 3203 timere
349 3140 503 3202 babemus
531 3142 646 3205 divinae
669 3141 799 3224 justitia
822 3143 956 3222 judicia·
1012 3147 1124 3220 utputa
1144 3140 1251 3202 omnia
1271 3159 1341 3221 quae
1360 3139 1462 3202 babeo
1482 3139 1572 3202 vobis
1592 3139 1699 3203 dicere
1717 3141 1756 3202 ad

212 3239 274 3300 lem
290 3238 436 3319 rigorem.
455 3239 533 3300 lliuc
549 3240 635 3302 enim
652 3241 791 3302 secunda
805 3242 887 3303 Petri
904 3241 956 3304 ba·
1010 3245 1148 3300 vestram
1165 3237 1300 3300 salutem
1315 3245 1410 3320 atque
1428 3237 1577 3300 Ecclesia
1597 3238 1757 3300 instructi-

211 3336 304 3399 betur
328 3354 334 3398 :
359 3336 391 3399 Si
415 3338 499 3399 Deus
521 3337 727 3418 peccantibus
748 3339 869 3418 angelis
891 3358 954 3401 uou
1011 3353 1105 3398 onem
1127 3353 1134 3396 :
1159 3337 1242 3417 quod
1266 3335 1327 3398 luit
1350 3335 1381 3397 iu
1405 3337 1456 3398 die
1477 3336 1676 3399 Pentecostes
1700 3336 1757 3400 im-

106 3452 111 3462 ·
211 3435 364 3518 pepercit,
378 3435 433 3496 sed
450 3433 638 3497 rudentibus
654 3435 770 3498 inierni
786 3437 953 3512 detractos,
1012 3432 1144 3514 pletum·
1169 3434 1261 3496 Juxta
1285 3433 1370 3494 hunc
1397 3433 1528 3496 modum
1554 3435 1599 3495 ait
1620 3434 1755 3496 loannes

211 3533 243 3594 in
258 3539 411 3594 tartarum
427 3531 558 3594 tradidit
578 3533 776 3606 cruciandos,
793 3535 882 3597 novit
897 3537 954 3598 Do·
1010 3530 1172 3612 apostolus
1188 3548 1195 3592 :
1213 3531 1325 3594 Unctio
1345 3531 1437 3594 docet
1455 3549 1511 3594 vos
1526 3532 1565 3594 de
1584 3531 1753 3610 omnibus;
1777 3559 1900 3610 inmun,

210 3630 317 3692 miuus
334 3629 461 3711 iniquos
482 3629 514 3691 in
533 3629 619 3691 diem
637 3630 751 3711 judicii
768 3633 954 3696 cruciandos
1011 3635 1042 3689 ct
1061 3629 1186 3702 Paulus,
1203 3628 1294 3691 Dabit
1309 3628 1367 3691 tibi
1382 3629 1536 3692 Dominus
1551 3631 1590 3693 de
1604 3630 1754 3693 omnibus
1770 3625 1802 3664 ²⁷·

210 3746 345 3792 servare.
367 3727 473 3802 Porro,
495 3728 642 3810 quamvis
664 3728 809 3792 diabolus
828 3748 848 3791 a
869 3731 956 3812 prin·
1011 3726 1219 3788 intellectum.
1768 3685 1784 3727 ¹¹
1796 3684 1902 3734 T¹'“·¹¹·⁷·

210 3827 294 3908 cipio
317 3844 382 3888 suae
403 3826 504 3888 ruina
527 3825 568 3888 sit
586 3825 757 3906 judicatus,
779 3835 810 3889 et
834 3828 866 3889 in
888 3828 955 3890 line
1051 3825 1206 3906 Deinceps
1226 3825 1364 3888 ostendit
1383 3825 1525 3889 Christus
1545 3845 1602 3890 cur
1619 3827 1755 3909 Spiritus

209 3924 316 3986 saculi
339 3924 573 4006 quodammodo
590 3923 793 4005 judicandus,
814 3925 956 4007 speciali·
1010 3923 1143 3985 Sanctus
1168 3923 1209 3984 ait
1230 3923 1269 3985 ad
1289 3923 1511 3986 instruendum
1532 3933 1595 3986 tam
1616 3924 1755 4006 perfecte

210 4029 257 4106 ter
277 4029 384 4084 tamen
404 4021 566 4102 judicatus
589 4029 621 4084 θῖ
643 4022 829 4104 reprobatus
855 4023 916 4086 luit
937 4043 955 4086 a
1011 4023 1153 4084 idoneus.
1171 4024 1245 4084 Nou
1262 4023 1349 4081 enim
1369 4027 1520 4101 loquetur
1539 4043 1559 4082 a
1578 4025 1755 4099 semetipso,

210 4119 334 4183 Christo
349 4127 557 4182 conversante
572 4119 604 4181 in
623 4122 764 4183 mundo:
783 4121 837 4202 qui
854 4141 953 4203 quum
1011 4121 1042 4182 id
1063 4127 1120 4194 est,
1142 4137 1205 4182 non
1226 4138 1281 4182 vos
1305 4120 1500 4183 illuminabit
1519 4141 1575 4202 per
1593 4121 1758 4184 allocutio·

211 4225 395 4289 tentaretur,
412 4217 492 4278 dixit
507 4217 643 4291 diabolo,
661 4219 744 4280 Vade
761 4227 854 4293 retro,
872 4220 955 4282 Sata·
970 4223 995 4284 D
1010 4239 1084 4282 nem
1106 4220 1273 4291 internam,
1290 4221 1408 4282 virtute
1428 4228 1459 4282 et
1477 4222 1610 4284 scientia
1628 4239 1691 4284 non
1712 4241 1757 4284 re-

82 4321 86 4331 '
143 4383 148 4393 ,
210 4332 271 4394 na3
291 4315 536 4388 etalias‚Nunc
556 4317 822 4398 princepsbujus
843 4320 953 4382 muudi
1011 4328 1112 4401 cepta,
1130 4321 1184 4382 sed
1201 4319 1405 4382 sibiaPatre
1425 4340 1461 4384 ae
1480 4321 1560 4384 Filio
1579 4323 1756 4384 communi-

210 4414 359 4495 ejicietur
379 4413 472 4476 iores.
1011 4427 1090 4491 cata,
1115 4420 1158 4482 ita
1180 4421 1265 4502 quod
1288 4421 1405 4483 locutio
1427 4421 1496 4501 ejus
1516 4421 1576 4482 erit
1597 4428 1661 4482 tam
1682 4438 1757 4483 vera

249 4515 367 4575 Adbuc
386 4517 490 4573 multa
512 4513 551 4574 de
573 4513 739 4577 credendis
761 4522 792 4576 et
811 4517 951 4596 agendis,
1011 4519 1093 4580 sicut
1124 4519 1240 4581 locutio
1269 4519 1367 4580 Patris
1397 4526 1428 4582 et
1453 4519 1534 4592 Filii,
1561 4519 1625 4582 imo
1650 4519 1756 4600 potius

209 4611 248 4672 de
270 4611 430 4692 mysteriis
451 4611 531 4672 meis
553 4618 585 4673 et
607 4628 729 4692 sponsae
752 4632 828 4675 meas
850 4614 954 4676 Ecclc-
1010 4616 1120 4677 eadem
1144 4635 1287 4690 numero,
1304 4606 1455 4698 quoniam
1476 4635 1573 4698 opera
1594 4617 1755 4680 Trinitatis

209 4710 274 4782 siae,
294 4709 333 4771 de
355 4717 437 4771 statu
457 4709 565 4772 saeculi
587 4709 686 4771 luturi
709 4712 954 4774 consummatio-
1010 4721 1084 4774 sunt
1100 4713 1243 4776 indivisa.
1256 4715 1363 4795 ltaque
1379 4732 1442 4776 non
1458 4715 1599 4796 loquitur
1613 4734 1631 4777 a
1645 4723 1758 4778 semet-

209 4826 313 4890 ncque
332 4807 455 4880 mundi,
472 4810 569 4868 babeo
587 4811 683 4878 cobis,
699 4817 849 4891 tanquam
871 4810 953 4871 lutu-
1010 4811 1090 4893 ipso,
1117 4812 1274 4893 quianon
1300 4820 1348 4874 est
1371 4833 1389 4876 a
1413 4814 1596 4896 semetipso,
1621 4815 1675 4876 sed
1701 4833 1755 4896 po-

209 4907 252 4968 ris
281 4907 378 4968 totius
408 4907 528 4984 mundi,
549 4907 743 4980 doctoribus,
774 4910 893 4978 dicere,
919 4917 953 4970 ut
1009 4917 1154 4972 testatem
1181 4918 1275 4992 atque
1301 4911 1477 4986 seientiam,
1506 4912 1570 4974 imo
1600 4913 1754 4994 quidquid

208 5005 336 5086 possitis
353 5011 455 5066 totum
471 5023 571 5085 genus
588 5005 760 5067 informare
775 5005 951 5069 humanum
1009 5007 1104 5070 babet
1119 5017 1151 5070 et
1166 5016 1223 5082 est,
1241 5011 1382 5091 suscepit
1398 5030 1416 5072 a
1432 5012 1520 5073 Patre
1536 5019 1567 5073 θῖ
1583 5011 1673 5085 Filio,
1690 5019 1755 5074 tan·

208 5103 246 5164 de
262 5102 449 5164 necessariis
464 5102 502 5163 ad
518 5102 662 5166 salutem.
680 5103 713 5164 ln
729 5103 816 5166 omni
832 5106 951 5168 etenim
1008 5125 1104 5188 quam
1129 5107 1169 5169 ab
1194 5125 1258 5169 uno
1283 5109 1451 5190 principio,
1478 5128 1578 5190 quum
1601 5110 1698 5172 Patris
1723 5119 1755 5172 et

207 5217 333 5280 genere,
346 5199 487 5281 primurn
503 5209 628 5282 oportet
642 5220 711 5264 θεεθ
729 5203 904 5265 maximum
921 5213 952 5266 θῖ
1008 5205 1079 5266 Filii
1102 5205 1142 5267 sit
1164 5223 1227 5266 una
1246 5212 1357 5267 natura
1377 5213 1409 5268 et
1429 5225 1491 5268 una
1511 5207 1666 5269 voluntas.
1687 5211 1754 5270 Sed

207 5295 487 5377 perfectissimum.
504 5298 607 5374 Quum
629 5317 703 5379 crgo
723 5300 864 5381 Apostoli
884 5301 951 5363 luc·
1007 5324 1216 5382 quecumque
1238 5305 1362 5373 audiet,
1383 5307 1543 5384 loquetur.
1566 5304 1665 5368 Verba
1686 5306 1752 5370 haec
