4154 6258
376 529 391 584 l

435 444 495 510 tte
644 464 791 515 normias
811 467 865 514 xrs
884 467 958 516 ross
977 468 1171 517 mmnnmu.
1190 489 1231 501 -
1251 469 1293 518 so
1312 469 1506 536 nmsoroscs3
1528 471 1627 521 sunus
1647 473 1774 531 oumrss

437 635 613 700 crucifixus
637 637 679 700 sit
702 636 806 712 nobis,
832 644 864 700 et
887 655 945 702 uos
969 640 1098 703 mundo.
1125 638 1184 714 Qui
1198 637 1224 702 Α
1238 640 1463 705 exercitiorum
1491 648 1587 726 atque
1616 644 1817 728 profectuum
1844 645 1954 730 impedi·

324 768 339 797 a
376 768 421 806 .v1‚
437 736 509 804 talis
524 744 669 812 est,cum
684 737 835 820 Apostolo
850 737 1068 802 dicerehabet
1084 757 1091 800 :
1108 738 1183 801 Mihi
1239 749 1346 804 menta
1361 760 1399 804 ex
1416 743 1626 824 occupatione
1646 751 1775 807 externa
1790 751 1821 808 et
1835 745 1954 810 discursu

317 847 324 859 ·
437 834 521 897 absit
543 836 682 916 gloriari,
704 835 767 898 uisi
793 837 825 898 in
850 855 945 900 cruce
969 837 1095 900 Domini
1121 838 1185 900 mei
1239 857 1296 920 per
1321 839 1389 902 loca
1413 841 1539 904 diversa
1563 842 1794 924 provenientia,
1815 843 1954 908 schemen

435 932 508 996 lesu
526 931 652 1009 Christi,
669 952 838 1016 perquem
856 934 937 997 mihi
958 936 1096 1000 mundus
1116 955 1185 998 cru·
1238 937 1363 1000 tissime
1384 938 1585 1020 prolationes
1607 945 1703 1022 atque
1723 938 1841 1014 officia,
1856 949 1884 1004 at
1896 943 1954 1006 edu-

437 1030 554 1093 cifixus
576 1039 634 1105 cst,
651 1039 683 1095 et
703 1049 763 1113 ego
784 1033 914 1096 mundo.
1239 1035 1377 1098 ctionem
1393 1036 1432 1099 de
1448 1036 1573 1100 cellulis
1589 1037 1655 1100 suis
1670 1056 1707 1100 ac
1723 1037 1875 1112 claustris,
1889 1041 1954 1104 deta·

476 1130 638 1193 Postremo
658 1130 874 1194 certissimum
894 1139 943 1194 est
962 1133 1046 1214 quod
1066 1139 1184 1214 quanto
1238 1134 1403 1197 stabantur
1422 1153 1458 1197 ac
1477 1134 1654 1216 fugiebant.
1671 1137 1835 1199 Discamus
1854 1148 1953 1219 ergoet

436 1227 607 1290 cordialius
622 1229 729 1298 Deum,
740 1229 916 1311 diligimus,
928 1237 960 1293 et
974 1230 1134 1294 Christum
1150 1232 1184 1293 in
1237 1250 1458 1296 assuescamus
1474 1234 1508 1296 iu
1525 1233 1593 1296 solo
1612 1252 1741 1297 summo
1760 1235 1953 1318 omnipotenti·

436 1327 554 1389 nostris
571 1327 831 1390 circumferimus
845 1329 1007 1404 cordibus,
1018 1337 1114 1412 atque
1129 1347 1184 1392 no·
1237 1349 1299 1412 que
1315 1331 1379 1392 neo
1394 1347 1449 1394 cor
1463 1337 1608 1393 nostrum
1623 1331 1776 1414 defigere,
1792 1333 1889 1396 omnia
1900 1334 1953 1414 ejus

435 1424 568 1488 vissima
582 1431 691 1489 nostra
705 1427 1071 1507 praemeditamur,tanto
1086 1428 1185 1490 iuten-
1237 1427 1395 1491 desideria
1414 1428 1565 1503 adunare,
1585 1447 1697 1493 omnes
1722 1429 1901 1500 intentiones
1920 1451 1954 1494 re

435 1521 502 1585 sius
522 1541 559 1585 ac
575 1523 720 1586 intimius
738 1524 847 1587 omnia
868 1525 924 1587 illa
938 1525 1133 1608 despicimus
1148 1544 1185 1588 ac
1238 1527 1391 1600 ctificare,
1407 1527 1612 1611 actionesque
1631 1529 1797 1592 universas
1817 1536 1847 1593 et
1863 1530 1953 1610 eogita-

312 1625 316 1628 ’
434 1619 618 1682 fastidimus
641 1623 814 1697 mundana,
831 1641 889 1684 nec
912 1622 1033 1704 aliquid
1054 1623 1184 1686 honoris
1236 1625 1339 1688 tiones
1354 1625 1573 1708 simplificare,
1587 1634 1623 1688 ut
1637 1626 1670 1689 in
1685 1628 1789 1690 cordis
1803 1627 1953 1701 latitudine,

345 1803 348 1810 Ι
434 1727 490 1782 aut
504 1719 710 1794 excellentiae,
727 1729 783 1782 aut
796 1720 939 1802 pristinae
955 1721 1110 1784 libertatis
1128 1741 1183 1784 seu
1237 1723 1375 1805 puritate
1395 1731 1427 1786 et
1441 1724 1609 1786 devotione
1628 1725 1774 1798 dulciter,
1790 1743 1917 1788 amorosa
1932 1733 1954 1787 et

434 1818 624 1899 egressionis
640 1819 679 1880 de
695 1819 833 1882 coenobii
849 1826 1052 1882 monumento
1065 1820 1186 1902 appeti·
1200 1819 1223 1881 Β
1237 1821 1437 1883 familiariter
1455 1821 1656 1886 ambulemus
1676 1823 1709 1884 in
1729 1840 1778 1898 eo,
1792 1831 1822 1886 et
1839 1843 1902 1886 eum
1918 1841 1954 1898 eo,

434 1916 584 1989 mus,im0
596 1915 803 1979 ineffabiliter
813 1917 1016 1980 abhorremus
1027 1919 1187 2000 :quemad-
1238 1926 1270 1982 et
1284 1936 1390 1981 coram
1404 1937 1452 1982 eo.
1469 1919 1655 1984 Habitemus
1670 1939 1796 2004 quoque
1810 1921 1843 1984 in
1857 1923 1923 2004 ipso,
1932 1929 1955 1982 ct

434 2013 565 2075 modum
589 2015 689 2076 sancti
712 2015 773 2078 viri
796 2015 928 2078 internae
949 2015 1184 2079 exercitationis
1239 2018 1308 2101 ipse
1330 2019 1364 2081 in
1384 2018 1488 2093 nobis,
1506 2026 1537 2080 et
1559 2019 1821 2082 immobilitemur
1844 2021 1953 2102 inipso,

434 2112 621 2175 suavitatem
636 2114 755 2196 experti
769 2133 805 2176 ac
818 2114 952 2196 desuper
968 2114 1121 2188 illustrati,
1129 2115 1186 2177 sci·
1239 2117 1271 2179 in
1287 2117 1358 2197 ejus
1377 2135 1484 2180 amore
1503 2137 1631 2200 semper
1646 2126 1829 2182 crescentes.
1848 2119 1889 2181 hd
1905 2119 1953 2181 lau·

434 2217 523 2272 entes
544 2211 737 2293 prelationis
758 2213 901 2294 pericula
917 2219 949 2274 et
967 2213 1184 2295 spiritualium
1238 2214 1322 2288 dem,
1340 2221 1399 2277 etc.

964 2663 1157 2748 SERMO
1196 2662 1459 2777 QUINTUS¹

666 2925 807 2972 mumolus
828 2926 938 2971 MORTlS
960 2925 1027 2981 Qum
1048 2925 1161 2972 GlGNAT
1182 2925 1284 2988 aona3
1305 2926 1342 2972 ΕΤ
1364 2927 1402 2971 bu
1424 2927 1607 2975 sunuaroau
1628 2927 1742 2974 POENIS.

511 3215 797 3277 ISERICORDIA
824 3221 928 3272 motus
945 3213 1180 3282 lacessierit:
1199 3199 1378 3293 Cquotidie
1403 3231 1460 3294 per
1483 3211 1639 3275 intentam
1669 3213 1783 3275 mortis
1806 3211 1955 3276 meditatio

525 3315 730 3381 Adolescens,
742 3312 804 3371 tibi
817 3311 901 3380 dico,
914 3329 1021 3387 serpe.
1038 3309 1112 3372 Luc.
1125 3329 1178 3384 vu,
1235 3329 1310 3372 uem
1329 3311 1461 3373 suscitat
1474 3329 1493 3372 a
1508 3319 1609 3374 morte
1630 3311 1763 3393 peccati.
1781 3311 1839 3374 Eos
1852 3327 1954 3392 quoquc

433 3409 481 3485 ta,
500 3408 549 3472 fd.
1235 3407 1291 3489 qui
1315 3408 1429 3472 vivunt
1453 3427 1510 3491 per
1537 3409 1683 3490 gratiam,
1709 3416 1742 3472 et
1766 3410 1799 3472 in
1823 3406 1954 3491 spirituali

473 3508 562 3571 Sicut
579 3507 612 3568 in
627 3506 792 3586 evaugelio
813 3506 930 3586 legitur
947 3505 1112 3582 hodierno,
1129 3506 1181 3569 be·
1235 3506 1380 3588 profectu
1403 3514 1478 3569 sunt
1496 3507 1672 3582 constituti,
1690 3507 1826 3590 Spiritus
1846 3507 1954 3570 &nctus

433 3606 641 3687 uiguissimus
667 3604 764 3666 Filius
789 3605 845 3668 Dei
871 3605 1067 3686 compatiens
1088 3604 1181 3667 vehe-
1235 3621 1293 3686 per
1314 3603 1505 3686 profundam
1528 3605 1639 3668 mortis
1659 3605 1832 3687 corporalis
1851 3604 1955 3666 medita·

292 3719 338 3762 cuc
340 3733 387 3772 11111
395 3723 418 3762 aa
434 3703 634 3767 meritissimo
664 3704 792 3766 moerori
821 3703 931 3765 matris
960 3703 1064 3766 viduae
1094 3702 1181 3765 unici
1234 3702 1355 3765 tionem
1385 3704 1517 3766 suscitat
1545 3711 1600 3765 aut
1628 3712 1801 3785 praeservat
1825 3702 1861 3764 ab
1885 3699 1953 3764 omni

286 3785 308 3824 at
317 3794 362 3837 seq.

432 3802 495 3864 filii
517 3801 566 3862 sui
587 3808 722 3863 mortem
745 3800 906 3876 deflentis,
925 3801 1021 3864 etiam
1046 3820 1110 3865 uon
1132 3818 1181 3863 ro·
1235 3808 1362 3883 torpore
1382 3801 1519 3883 pigritie
1536 3809 1568 3864 et
1582 3802 1778 3883 negligentia
1796 3802 1906 3873 animas,
1920 3798 1954 3860 fa-

432 3907 523 3983 gatus
548 3899 728 3962 consolatus
752 3906 800 3961 est
822 3918 891 3962 eam
910 3918 916 3962 :
935 3901 1040 3982 primo
1061 3900 1179 3974 verbis,
1236 3899 1343 3981 citque
1362 3917 1416 3963 eos
1438 3901 1477 3962 ad
1497 3899 1621 3963 labores
1641 3919 1678 3963 ac
1698 3900 1762 3962 alia
1779 3917 1899 3983 queque
1914 3916 1954 3958 ex·

432 3999 502 4063 Noli
522 3998 701 4081 (inquiens)
720 3997 818 4078 flere3
844 3999 959 4061 deiude
984 3998 1180 4061 exhibitione
1235 3998 1346 4061 ercitia
1365 3999 1507 4062 virtuosa
1524 4007 1660 4081 paratos.
1677 4000 1722 4062 De
1739 4000 1799 4062 hoc
1815 3998 1858 4060 sic
1875 3993 1955 4077 loqui-

433 4097 591 4172 miraculi,
613 4096 719 4159 filium
742 4097 812 4178 ejus
836 4097 1056 4160 suscitandos
1080 4105 1181 4160 morte
1234 4105 1287 4159 tur
1315 4097 1473 4161 Climacus
1499 4114 1506 4159 :
1531 4097 1684 4166 fdemoria
1712 4098 1821 4161 mortis
1848 4096 1891 4158 bis
1910 4092 1952 4174 qui

432 4199 500 4261 soto
522 4197 659 4279 imperio
684 4197 849 4279 potestatis
874 4215 939 4260 suaa
961 4197 1086 4260 divinae.
1110 4196 1182 4258 Sus·
1235 4196 1356 4259 suntin
1378 4196 1570 4260 monasterio
1588 4196 1692 4278 giguit
1707 4197 1838 4270 labores,
1852 4193 1952 4256 dolores

432 4297 543 4360 citavit
566 4303 673 4359 autem
698 4296 842 4359 Christus
868 4295 1021 4357 Dominus
1047 4302 1079 4356 et
1101 4294 1180 4357 alios
1235 4301 1266 4356 et
1294 4295 1548 4368 exercitationes,
1575 4294 1727 4357 videlicet
1755 4295 1829 4377 quia
1853 4293 1887 4355 ad
1909 4289 1951 4351 illa

285 4412 419 4462 maravar-
432 4396 523 4470 duos,
553 4394 704 4457 videlicet
734 4393 837 4454 filiam
872 4393 1113 4475 archisynagogi
1144 4411 1180 4455 ac
1195 4392 1220 4454 D
1236 4393 1359 4455 inducit
1374 4409 1448 4472 eos;
1465 4393 1565 4474 magis
1585 4410 1662 4456 vero
1682 4393 1783 4456 beatae
1799 4387 1951 4474 ignominia

284 4474 417 4590 {ffgffln
431 4493 592 4556 Lazarum.
611 4493 690 4566 Ouid
713 4511 788 4556 vero
813 4492 1021 4574 spiritualiter
1045 4510 1102 4574 per
1126 4492 1180 4555 ho·
1235 4491 1490 4565 delectationem,
1506 4491 1538 4554 id
1561 4499 1609 4554 est
1633 4491 1796 4572 iujuriam,
1814 4485 1950 4572 ignomini-

433 4610 505 4653 rum
525 4591 622 4653 trium
645 4598 844 4653 mortuorum
867 4590 1106 4653 suscitationem
1130 4591 1181 4652 de·
1235 4609 1297 4664 am,
1307 4588 1660 4672 aspernationem,facit
1673 4588 1892 4652 delectabiliter
1902 4602 1950 4646 sus·

433 4689 587 4770 signetur,
605 4689 637 4750 in
658 4689 832 4771 premissis
847 4697 895 4751 est
909 4707 1096 4771 expressum
1116 4706 1180 4750 ser·
1234 4689 1514 4770 tinere,quatenus
1528 4687 1606 4749 talia
1619 4695 1751 4769 propter
1765 4688 1859 4750 Deum
1871 4693 1898 4747 et
1908 4699 1950 4744 sua

434 4787 593 4851 monibus.
620 4787 684 4849 illis
713 4805 788 4868 ergo
815 4787 954 4862 omissis,
981 4806 1067 4849 nune
1095 4787 1180 4869 quod
1235 4794 1366 4869 peecata
1393 4785 1606 4848 libentissime
1635 4784 1810 4858 tolerando,
1839 4798 1949 4846 mercan-

433 4885 638 4968 iuspiraverit
659 4886 797 4969 Spiritus
821 4885 973 4959 veritatis,
990 4886 1123 4948 dicetur.
1235 4892 1288 4947 tur
1315 4885 1400 4966 apud
1424 4885 1526 4947 Deum
1555 4883 1807 4946 misericordiam
1835 4879 1949 4944 iuvenire

472 4985 746 5059 Quemadmodum
775 5002 851 5065 ergo
878 4983 1112 5047 adolescentem
1143 4984 1180 5045 il·
1235 4984 1268 5046 in
1289 4983 1400 5046 mortis
1420 5002 1485 5046 suae
1504 4981 1648 5044 articulo.
1666 4982 1761 5045 Porro
1780 4981 1813 5043 in
1831 4974 1949 5044 solitariis

433 5085 499 5146 lum
525 5083 733 5166 corporaliter
760 5090 934 5158 mortuum,
959 5102 1060 5166 quum
1084 5083 1179 5145 duce·
1234 5081 1330 5145 habet
1343 5081 1412 5146 bec
1427 5080 1591 5143 meditatio
1606 5079 1718 5143 mortis
1732 5079 1810 5144 alios
1825 5075 1949 5160 quosdam

432 5189 521 5246 retur
544 5182 584 5244 ad
608 5182 781 5256 tumulum,
806 5181 949 5245 Christus
974 5181 1180 5264 corporaliter
1234 5180 1378 5244 salubres
1393 5179 1631 5254 effectus‚sicut
1645 5170 1948 5255 ctimacusais:tput

433 5279 609 5356 suscitavit,
634 5279 681 5344 sie
704 5297 807 5362 usque
831 5275 1034 5364 iu'praesens
1062 5280 1180 5343 multos
1234 5296 1289 5344 eos
1304 5277 1360 5360 qui
1375 5277 1509 5341 solitarii
1528 5284 1613 5354 sunt,
1629 5276 1732 5359 giguit
1745 5274 1948 5359 depositionem
