4192 6258
479 491 627 541 nortuum
647 493 700 539 xm
722 492 795 540 rosr
814 491 1007 539 mmrrarru.
1028 509 1069 520 —
1089 491 1187 540 sunno
1206 494 1331 541 ruamus
1621 476 1682 540 art

15 679 110 730 arim,
125 661 255 725 siastico
277 664 412 730 habetur
429 686 437 730 :
454 665 615 750 Sapientia
638 665 823 729 abscondita
845 670 876 726 et
891 663 917 726 A
933 664 1080 746 diligens,
1097 684 1197 747 quum
1219 665 1359 748 aliquem
1380 663 1599 749 proximorum
1619 663 1681 726 sibi

126 760 295 826 thesaurus
311 764 523 848 invisusque
536 763 655 827 utilitas
669 764 701 826 in
714 763 876 845 utrisque?
933 771 1045 827 notum
1061 764 1178 826 viderit
1195 765 1303 847 aliquo
1317 763 1396 828 vitio
1414 763 1548 838 victum,
1564 761 1680 825 sollici-

15 879 111 929 empa.
127 859 216 922 Unde
238 868 270 923 et
291 862 439 927 Salomon
461 864 646 927 exhortatur
662 880 669 924 :
686 863 876 924 Ueriventur
933 869 984 924 tus
1006 881 1076 925 esse
1096 863 1192 926 debet
1209 881 1267 945 pro
1287 881 1335 938 eo,
1352 870 1384 926 et
1402 863 1555 936 oratione,
1571 860 1681 924 exhor-

125 957 231 1022 fontes
247 961 294 1022 tui
309 960 404 1026 foras.
421 963 605 1044 Rursusque
627 961 873 1044 scriptumest:
932 960 1062 1034 tatione,
1089 960 1314 1023 informatione
1339 969 1370 1023 et
1394 959 1595 1042 correptione
1623 976 1681 1042 pro

14 1077 110 1126 aare.
125 1055 196 1130 Fili,
223 1057 249 1120 si
280 1059 407 1142 sapiens
436 1059 547 1134 fueris,
571 1058 631 1121 tibi
661 1066 692 1120 et
720 1057 875 1141 proximis
934 1058 1021 1120 illius
1045 1058 1256 1141 reparatione,
1278 1066 1372 1141 prout
1396 1059 1509 1121 caritas
1533 1057 1678 1141 requirit,

14 1179 109 1231 pase,
126 1156 190 1218 tuis
205 1157 278 1220 eris.
295 1159 456 1222 Veraciter
471 1177 546 1240 ergo
566 1158 687 1220 dictum
703 1165 761 1231 est,
776 1157 876 1219 «llul-
933 1163 1085 1238 satagere,
1102 1158 1212 1239 sicque
1235 1157 1370 1238 gratiam
1396 1157 1458 1219 sibi
1483 1175 1678 1232 concessam,

124 1254 230 1318 titudo
249 1257 442 1340 sapientium
462 1257 580 1320 sanitas
604 1264 652 1318 est
671 1255 758 1318 orbis
781 1263 876 1318 terra·
933 1253 966 1315 in
982 1255 1075 1316 illum
1095 1272 1152 1337 pro
1172 1272 1264 1337 posse
1279 1255 1513 1330 transfundere,
1529 1255 1680 1336 quemad-

124 1372 198 1416 rum
217 1377 234 1414 r
257 1355 343 1418 :hoc
359 1361 418 1431 est,
440 1355 494 1418 ubi
515 1355 675 1438 sapientes
695 1354 756 1417 viri
775 1353 874 1416 abun·
934 1353 1064 1415 modum
1090 1353 1240 1436 princeps
1262 1353 1486 1436 Apostolorum
1509 1353 1678 1417 hortatur:

123 1453 212 1528 dant,
231 1455 327 1517 ceteri
343 1473 471 1538 quoque
487 1473 505 1516 a
519 1454 607 1518 vitiis
623 1454 690 1516 suis
710 1461 873 1527 curantur,
932 1451 1157 1534 Unusquisque
1177 1452 1260 1514 sicut
1279 1453 1403 1536 aceepit
1421 1451 1567 1533 gratiam,
1584 1452 1617 1513 in
1636 1451 1679 1514 al·
1706 1471 1825 1526 tram,

124 1558 156 1612 et
188 1550 407 1632 illustrantur;
433 1561 464 1615 et
487 1553 514 1614 si
538 1569 601 1614 non
628 1569 749 1625 omnes
774 1549 874 1632 aliqui
932 1557 1088 1612 terutrum
1119 1551 1206 1612 illam
1235 1552 1503 1614 administrantes.
1532 1551 1618 1613 Unde
1648 1560 1678 1614 et
1694 1537 1726 1580 ¹⁰·

124 1655 244 1725 tamem
275 1652 451 1734 prasertim
481 1651 608 1733 quando
637 1649 692 1731 qui
721 1655 872 1731 praesunt,
931 1648 1044 1710 Paulus
1071 1649 1225 1712 :Fratres
1254 1650 1397 1732 (inquit),
1428 1650 1488 1712 etsi
1516 1667 1824 1732 praecep-causon.

124 1754 201 1809 sunt
223 1749 394 1831 sapientes,
411 1749 443 1812 id
464 1755 512 1812 est
533 1749 624 1830 justi,
641 1747 814 1811 illuminati
837 1765 874 1809 ac
931 1754 1024 1829 patus
1048 1747 1146 1810 fuerit
1169 1749 1265 1811 homo
1291 1749 1325 1810 in
1348 1749 1456 1831 aliquo
1477 1748 1605 1824 delicto,
1621 1766 1677 1813 vos

123 1845 319 1926 spirituales.
337 1847 459 1910 ldcireo
479 1848 512 1909 in
534 1845 714 1909 Proverbiis
733 1845 849 1925 legitur
865 1861 872 1906 :
891 1846 915 1908 B
931 1846 986 1927 qui
1011 1846 1192 1928 spirituales
1221 1847 1309 1922 estis,
1333 1847 1518 1929 hujusmodi
1549 1848 1677 1911 instrui-

13 1977 34 2006 ω
123 1943 183 2017 Qui
201 1963 275 2007 cum
290 1946 488 2029 sapientibus
503 1945 788 2027 graditur,sapiens
804 1944 872 2006 erit.
930 1951 961 2006 te
987 1944 1019 2006 in
1047 1944 1162 2026 spiritu
1188 1945 1336 2009 lenitatis.
1360 1946 1392 2010 Si
1416 1947 1517 2029 aliqui
1540 1947 1678 2010 viatores

123 2043 204 2105 Nam
227 2044 287 2106 etsi
311 2045 439 2127 sapiens
464 2044 589 2107 nullum
611 2043 746 2106 verbum
767 2043 874 2124 loqua-
930 2062 989 2125 per
1019 2044 1104 2106 idem
1135 2045 1196 2107 iter
1226 2046 1265 2108 ad
1295 2045 1436 2127 aliquem
1468 2046 1599 2109 tendant
1631 2046 1678 2109 lc-

122 2149 188 2216 tur,
213 2161 270 2205 sua
298 2151 405 2205 tamen
430 2142 605 2225 exemplari
635 2141 874 2205 conversatione
930 2159 1015 2217 cum,
1039 2149 1071 2204 et
1094 2142 1233 2205 viderint
1258 2143 1444 2226 quempiam
1469 2163 1487 2206 a
1511 2151 1598 2206 recto
1624 2144 1676 2207 de·

121 2259 160 2302 ac
183 2240 306 2304 fervida
325 2242 468 2306 oratione
489 2241 560 2304 aliis
583 2242 720 2323 prodest.
929 2238 1016 2302 viare
1042 2241 1166 2316 itinere,
1192 2241 1338 2322 protinus
1362 2249 1512 2304 revocant
1537 2259 1629 2322 eum;
1650 2242 1677 2304 si

165 2339 309 2422 Denique
334 2341 420 2423 qued
445 2340 512 2404 hac
538 2340 582 2402 ita
606 2359 639 2402 se
663 2338 811 2415 habeant,
835 2357 873 2401 ex
929 2356 1005 2401 vero
1036 2338 1108 2401 ierit
1130 2339 1300 2421 quisquam
1326 2357 1436 2402 eorum
1465 2359 1523 2422 per
1546 2339 1676 2403 devium

13 2473 105 2512 aaa,
123 2437 290 2520 evangelio
305 2439 483 2502 ostenditur
503 2438 666 2501 hodierno.
683 2438 762 2500 Nam
782 2455 873 2518 regu·
929 2437 1090 2500 deducens
1121 2438 1160 2499 ad
1191 2439 1377 2521 speluncam
1412 2439 1583 2514 latronum,
1612 2455 1677 2502 non

32 2526 51 2567 ³·
123 2537 175 2599 lus
191 2537 250 2599 iste
265 2537 359 2618 cujus
374 2535 463 2599 filius
480 2555 581 2618 usque
600 2536 639 2598 ad
654 2543 789 2598 mortem
810 2534 874 2597 lan·
928 2535 1119 2617 simpliciter
1143 2544 1292 2600 revocant
1316 2555 1402 2612 eum,
1428 2538 1483 2601 sed
1508 2537 1604 2601 etiam
1629 2555 1677 2600 se-

122 2635 252 2716 guebat‚
277 2653 335 2719 pro
358 2635 429 2717 ejus
453 2635 616 2697 curatione
640 2634 801 2698 Christum
824 2653 874 2697 ac·
928 2633 1114 2708 ricsissime,
1137 2635 1360 2698 ardentissime
1384 2643 1479 2718 atque
1503 2635 1677 2699 fortissime

121 2735 220 2797 cessit
248 2741 343 2816 atque
374 2734 521 2796 ardenter
551 2741 698 2816 precatus
727 2741 784 2796 est.
815 2733 873 2795 Per
928 2734 1120 2814 persuadent
1141 2733 1171 2795 ei
1192 2752 1228 2796 ac
1250 2733 1433 2816 supplicant
1455 2741 1490 2796 ut
1514 2735 1574 2796 iter
1596 2734 1675 2797 illud

120 2833 270 2914 regulum
291 2832 480 2913 intelligitur
494 2831 599 2895 omnis
619 2831 746 2914 sapiens
763 2832 869 2906 homo,
927 2831 1097 2913 relinquat,
1118 2850 1158 2893 ne
1182 2831 1354 2894 occidatur.
1381 2832 1485 2906 Quum
1511 2851 1587 2914 ergo
1611 2851 1676 2896 om-

118 2931 299 3013 praesertim
314 2931 371 3013 qui
386 2930 594 3013 spiritualiter
609 2930 756 3012 praesidet
771 2948 871 3012 popu·
927 2947 983 2991 nes
999 2929 1170 2993 Christiani
1185 2930 1249 2992 sint
1265 2930 1296 2992 in
1317 2931 1438 2994 mundo
1457 2930 1516 2994 hoc
1536 2932 1675 3015 peregri-

116 3031 159 3092 lo.
179 3029 403 3112 Unusquisque
428 3046 503 3110 ergo
527 3029 582 3111 qui
604 3028 676 3092 aliis
699 3037 824 3111 praeest,
841 3029 906 3098 sic
928 3027 960 3089 ni
983 3045 1019 3089 ac
1041 3027 1189 3102 viatores,
1205 3029 1244 3091 ad
1266 3029 1411 3092 eamdem
1434 3030 1581 3111 patriam,
1599 3038 1676 3113 puta

115 3128 238 3191 viderit
257 3128 398 3210 aliquem
419 3145 459 3190 ex
478 3127 540 3190 sibi
561 3128 741 3192 commissis
760 3128 869 3210 aliquo
927 3127 1087 3190 coelestem
1124 3127 1317 3209 paradisum,
1349 3127 1590 3210 proficiscentes
1623 3129 1674 3192 vel

115 3227 199 3290 vitio
224 3225 382 3289 infirmari
406 3226 440 3288 in
464 3225 582 3300 anima,
606 3233 683 3308 puta
707 3225 868 3309 superbla,
925 3224 1037 3288 saltem
1053 3225 1217 3307 proficisci
1232 3225 1395 3300 debentes,
1413 3226 1439 3288 si
1461 3246 1543 3290 unus
1558 3227 1674 3290 viderit

115 3325 331 3408 impatientia,
349 3325 480 3400 invidia,
498 3325 730 3388 incontinentia
750 3332 805 3387 aut
828 3325 869 3388 si·
924 3323 1024 3386 alium
1040 3342 1098 3406 per
1111 3324 1264 3386 vitiorum
1283 3323 1429 3407 abrupta,
1445 3344 1503 3408 per
1517 3326 1672 3388 vanitates

115 3424 190 3487 mili
206 3423 312 3507 culpa,
329 3423 424 3487 debet
438 3440 496 3506 pro
509 3423 580 3505 ejus
595 3424 759 3486 curatione
775 3424 870 3487 inter·
925 3431 956 3484 et
971 3440 1104 3505 pompas
1124 3441 1187 3486 non
1208 3423 1312 3486 solum
1326 3443 1345 3486 a
1365 3431 1452 3487 recto
1467 3424 1547 3487 calle
1566 3425 1673 3489 absee-

113 3543 155 3586 na
170 3541 208 3585 ac
223 3522 325 3586 salute
339 3529 494 3606 perpetua
508 3521 601 3585 valde
616 3521 771 3586 sollicitus
786 3541 867 3598 esse,
924 3521 1010 3596 dere,
1027 3522 1083 3584 sed
1098 3521 1249 3584 etiamad
1270 3521 1459 3586 infernalem
1479 3523 1584 3586 lacum
1601 3542 1673 3608 pro·

113 3621 344 3703 Christumque
359 3627 466 3683 mente
480 3619 642 3696 accedere,
659 3627 691 3683 et
708 3637 769 3702 pro
781 3619 869 3683 illius
924 3620 1047 3696 cedere,
1065 3618 1159 3683 debet
1174 3639 1247 3683 eum
1262 3621 1351 3684 omni
1366 3639 1441 3685 cum
1456 3622 1620 3704 diligentia
1634 3641 1672 3686 ac

111 3721 338 3786 emendatione
351 3721 513 3784 ferventer
526 3739 563 3784 ac
579 3720 793 3784 indesinenter
806 3739 872 3784 ora·
923 3719 1048 3782 fervore
1064 3736 1212 3784 revocare
1227 3737 1405 3803 proposse,
1421 3727 1516 3804 atque
1531 3722 1570 3784 ad
1586 3721 1671 3786 viam

112 3839 162 3884 re.
181 3820 215 3883 si
229 3827 336 3883 autem
356 3820 454 3882 sentit
473 3839 507 3882 se
527 3837 591 3883 non
611 3819 756 3902 protinus
776 3838 869 3882 exau·
923 3817 1076 3880 reducere
1098 3817 1231 3899 justitia
1255 3837 1292 3881 ac
1315 3819 1437 3894 salutis,
1453 3820 1584 3895 orando,
1600 3821 1672 3884 hor·

113 3919 193 3994 diri,
209 3936 274 3982 non
296 3924 410 3994 cesset,
427 3919 483 3981 sed
505 3918 669 3981 ardentius
691 3917 808 3981 clamet
829 3918 868 3980 ad
923 3916 1029 3990 tando,
1046 3916 1234 3980 instruendo
1253 3923 1285 3979 et
1303 3916 1514 4000 corripiendo.
1531 3917 1611 3982 Hinc
1632 3920 1672 3982 ad

112 4017 281 4083 Christum
304 4035 311 4080 :
332 4017 477 4092 Domine,
498 4017 655 4080 descende
680 4036 737 4100 per
759 4018 868 4098 gratiae
923 4016 1158 4098 eorreptionem
1182 4015 1355 4079 fraternam
1377 4033 1488 4080 omnes
1510 4025 1669 4081 tenentur.

111 4117 326 4191 infusionem,
343 4134 400 4200 per
415 4115 746 4180 misericordissimam
761 4116 868 4180 visita·
923 4113 995 4188 Sed,
1012 4114 1087 4190 heu,
1104 4122 1222 4197 quanta
1241 4121 1290 4177 est
1307 4116 1476 4180 excaeatio
1494 4123 1620 4180 nostrat
1638 4116 1671 4180 Si

111 4217 250 4293 tionem,
267 4217 306 4278 ad
321 4215 428 4278 filium
444 4233 553 4278 meum
574 4223 639 4278 tam
654 4233 786 4296 agrum,
803 4215 866 4298 pri·
882 4217 907 4282 D
922 4212 995 4295 quis
1021 4212 1140 4276 incidat
1164 4213 1198 4276 in
1227 4213 1376 4289 latrones,
1402 4221 1434 4276 et
1457 4214 1611 4296 spolietur
1634 4233 1671 4278 ac

111 4334 255 4398 usquam
272 4313 425 4377 moriatur
439 4313 492 4376 hic
507 4313 608 4388 filius,
624 4314 685 4376 hoc
705 4320 763 4388 est,
780 4321 867 4376 ante·
922 4311 1109 4386 trucidetur,
1132 4329 1243 4374 omnes
1267 4312 1427 4391 gemimus
1452 4321 1483 4375 et
1506 4313 1669 4395 dolemus;

111 4432 216 4498 qnam
245 4413 278 4475 in
308 4413 402 4495 culpa
431 4411 556 4474 mortali
584 4411 714 4476 tollatur
737 4412 775 4474 de
802 4411 867 4475 vita
923 4411 988 4473 imo
1011 4410 1038 4472 si
1063 4427 1168 4484 ovem,
1184 4409 1310 4484 bovem,
1327 4429 1447 4492 equum
1467 4418 1522 4473 aut
1541 4411 1669 4476 asinum

112 4511 279 4597 praesenti,
298 4511 350 4574 vel
369 4519 541 4593 antequam
566 4510 720 4574 moriatur
743 4510 775 4572 in
799 4511 866 4573 ani·
922 4509 1068 4572 videmus
1094 4507 1127 4569 in
1151 4506 1277 4571 foveam
1302 4508 1438 4590 lapsum,
1456 4510 1670 4593 compatimur

112 4631 183 4685 ma,
207 4609 433 4673 consentiendo
457 4608 624 4672 tentationi
648 4615 703 4671 aut
726 4608 866 4672 motibus
922 4616 953 4670 et
969 4606 1140 4669 subvenire
1157 4607 1391 4669 conamur:sed
1408 4609 1492 4690 quod
1508 4610 1670 4692 proximos

109 4709 315 4795 passionum,
331 4715 364 4770 et
384 4714 555 4790 antequam
578 4708 732 4791 perducat
753 4726 805 4770 eas
826 4708 865 4770 ad
922 4715 1045 4769 nostros
1070 4705 1286 4787 conspicimus
1315 4725 1373 4787 per
1401 4707 1527 4770 diversa
1552 4707 1671 4772 facino·

108 4817 238 4882 actum,
250 4807 453 4891 potissimum
470 4807 657 4889 priusquam
673 4826 778 4889 pravae
794 4824 867 4869 con·
922 4825 966 4879 ra,
990 4823 1047 4887 per
1069 4803 1246 4886 superbias,
1265 4805 1425 4880 avaritias,
1445 4807 1581 4882 acedias,
1603 4827 1669 4870 car·

109 4907 299 4974 suetudinis
322 4906 404 4969 mole
426 4912 599 4988 prematur.
921 4905 1078 4978 ualitates
1110 4903 1285 4977 mendacia,
1309 4903 1449 4979 fraudes,
1479 4907 1667 4988 potationes,

155 5009 321 5080 Praeterea,
337 5004 474 5088 quilibet
497 5005 636 5087 sapiens,
657 5005 866 5086 comparatio·
921 5004 1052 5066 choreas
1067 5002 1284 5065 indesinenter
1298 5021 1316 5064 a
1331 5003 1529 5068 damonibus
1544 5007 1671 5088 spiritu·

109 5127 156 5173 ne
175 5105 357 5188 insipientis
372 5123 408 5166 ac
428 5103 615 5186 peccatoris,
633 5103 692 5166 rite
710 5112 798 5186 pater
813 5122 866 5166 vo·
921 5103 1013 5164 aliter
1032 5100 1233 5182 strangulari,
1250 5099 1364 5175 occidi,
1380 5102 1420 5163 ad
1440 5103 1557 5166 inferos
1572 5107 1666 5183 trahi,

110 5215 220 5272 catur.
237 5203 376 5279 Quilibet
398 5220 472 5284 ergo
494 5202 692 5265 Christianus
714 5203 797 5265 dono
819 5221 867 5264 sa·
921 5199 1173 5273 dissimulamus,
1186 5217 1245 5260 nec
1265 5199 1360 5280 digne
1379 5199 1547 5278 deflemus,
1564 5223 1668 5287 neque

108 5305 251 5395 pientia
270 5301 446 5366 illustratus
465 5319 502 5364 ac
521 5301 622 5363 Deum
640 5301 816 5366 formidans
834 5308 867 5364 et
922 5318 981 5383 pro
1003 5297 1126 5362 viribus
1155 5296 1375 5362 subvenimus.
1398 5297 1456 5362 Ubi
1482 5308 1530 5363 est
1553 5303 1668 5369 caritas
