4214 6254
437 489 478 554 98
755 510 905 558 uoururcn
926 511 969 556 ss.
991 509 1171 557 mauranus.
1191 526 1233 538 -
1253 508 1429 554 ιιιιιιτιο
1450 507 1482 554 ιι(
1505 507 1674 554 arrsroaau

439 676 538 738 David
566 677 689 741 cultum
719 678 853 761 cupiens
883 697 998 760 augere
1028 678 1186 752 divinum,
1203 679 1318 742 Asunt
1340 677 1605 740 comminationes
1630 674 1732 739 divini
1756 671 1870 755 J'udicii
1893 678 1978 752 atque

439 775 605 838 coustituit
624 777 738 859 viginti
758 784 894 859 quatuor
915 777 1103 850 sacerdotes,
1120 796 1189 839 suc·
1242 795 1409 858 poenarum
1432 775 1559 838 interni.
1577 779 1620 838 Et
1641 794 1741 845 voces,
1759 773 1790 834 id
1809 777 1858 836 cst
1879 770 1978 852 praedi·

439 873 562 937 cessive
578 875 611 936 in
627 875 747 958 templo
769 877 836 938 suis
855 874 1109 938 hebdomadibus
1129 874 1188 936 mi·
1243 874 1326 937 catio
1351 875 1520 937 mediocris
1544 892 1580 935 ac
1604 871 1767 954 simplex:
1786 868 1979 952 quemadmo-

440 971 621 1035 nistrantes.
638 973 699 1036 Sed
718 975 794 1056 quia
814 975 835 1036 ii
853 974 965 1055 viginti
987 981 1122 1055 quatuor
1141 992 1189 1034 sa·
1243 975 1321 1035 dum
1336 974 1375 1035 ad
1391 973 1568 1036 Corinthios
1583 972 1628 1034 ait
1641 969 1822 1054 Apostolus,
1828 969 1980 1049 Tanquam
2001 983 2073 1029 ιιι-.-

439 1069 583 1133 cerdotes
612 1070 749 1133 instituti
780 1090 798 1132 a
827 1071 937 1145 David,
966 1089 1029 1134 non
1059 1070 1190 1133 fuerunt
1245 1071 1415 1154 parvulis
1408 1092 1439 1132 ιι
1455 1070 1580 1134 Christo
1600 1070 1648 1132 lac
1668 1069 1753 1142 dedi,
1770 1085 1833 1130 non
1853 1050 2028 1128 solidum¹'²

441 1167 652 1277 pontiliacss
644 1187 710 1232 rmo
731 1168 869 1250 sabJ'ecti
895 1169 951 1231 ιιι
977 1188 1035 1232 suo
1059 1169 1188 1251 pontiti·
1244 1171 1363 1234 cibum.
1382 1170 1560 1251 Unicuique
1579 1169 1665 1232 enim
1686 1166 1927 1250 proponendum
1941 1171 1982 1225 est

441 1265 470 1326 ei
494 1283 501 1328 :
528 1266 654 1329 videtur
682 1267 767 1349 quod
797 1287 854 1349 per
882 1285 936 1330 eos
963 1268 1189 1348 congruentius
1244 1268 1378 1332 verbum
1394 1268 1450 1331 Dei
1471 1275 1566 1350 prout
1586 1285 1699 1350 capere
1720 1272 1832 1347 potest.
1851 1265 1894 1325 Et
1910 1263 1983 1321 taat-

441 1364 624 1445 designctur
648 1365 837 1428 universitas
866 1366 1066 1428 sacerdotum
1095 1384 1189 1428 evan·
1246 1379 1335 1438 traa,
1362 1369 1394 1429 id
1419 1375 1468 1430 cst
1489 1366 1671 1450 praedicatio
1699 1363 1849 1426 sublimis
1871 1368 1903 1424 et
1926 1381 1982 1422 ma-

439 1463 550 1543 gelicae
579 1463 686 1544 legis;
717 1483 774 1545 per
805 1464 896 1527 sedes
928 1473 1047 1538 autem,
1077 1483 1188 1527 eorum
1243 1466 1523 1547 gna:secundum
1538 1465 1618 1527 illud
1633 1461 1981 1546 Apostoli,Sapientiam
2004 1475 2076 1517 ιιι(

440 1568 588 1642 potestas,
613 1563 715 1625 virtus
744 1570 777 1624 et
803 1563 914 1643 gratia,
940 1583 976 1626 ac
1001 1563 1115 1626 merita
1142 1564 1189 1626 eis
1244 1565 1406 1646 loquimur
1421 1565 1504 1626 iuter
1519 1563 1685 1646 perlectos.
1696 1562 1785 1624 Unde
1800 1559 1961 1624 Christus
1954 1579 1981 1619 ιι

440 1659 589 1734 collata,
581 1680 613 1722 ιι
635 1660 753 1742 quibus
775 1661 897 1724 velut
889 1681 923 1724 ιι
944 1661 1074 1724 sedibus
1098 1661 1189 1743 spiri-
1244 1662 1416 1743 Evangelio
1430 1663 1584 1744 quosdam
1601 1659 1825 1743 Apostolorum
1839 1657 1924 1720 lilios
1937 1676 2049 1778 apl-a
2005 1675 2064 1717 ιι.

439 1758 568 1820 tualitcr
599 1759 839 1841 conquiescunt
871 1761 1026 1822 Dicuntur
1057 1760 1186 1822 demum
1244 1759 1532 1841 pellavittonitrui
1550 1759 1612 1820 Et
1603 1778 1635 1821 ιι
1657 1758 1739 1820 libro
1752 1756 1812 1820 lob
1832 1743 2018 1818 babetur:¹·

439 1857 500 1919 ista
519 1857 633 1919 sedilia
651 1864 684 1920 et
702 1875 814 1920 eorum
834 1877 973 1922 sessores
992 1877 1062 1921 esse
1080 1860 1112 1920 in
1130 1859 1189 1920 cir·
1206 1859 1229 1920 B
1245 1859 1325 1920 Ecce
1341 1858 1408 1920 ιιι
1424 1877 1462 1920 ex
1482 1865 1571 1939 parte
1586 1857 1669 1919 dicta
1688 1852 2074 1931 suutviarumllei31am

440 1955 529 2017 cuitu
550 1955 646 2029 sedis,
667 1955 700 2017 id
721 1962 770 2018 est
792 1956 951 2030 Ecclesiae,
968 1957 1119 2038 quoniam
1142 1976 1189 2018 sa·
1244 1964 1276 2018 et
1299 1976 1399 2038 quum
1425 1956 1479 2018 vix
1508 1974 1637 2065 parvam
1663 1953 1783 2016 stillam
1808 1936 2020 2015 sermonum¹·

441 2054 604 2116 cerdotum
620 2061 652 2115 et
667 2054 869 2134 praelatorum
885 2062 934 2117 est
948 2055 1026 2117 alios
1044 2054 1083 2116 ab
1099 2055 1189 2116 hoste
1244 2055 1314 2135 ejus
1338 2054 1546 2128 audierimus,
1572 2052 1645 2134 quis
1674 2052 1791 2135 poterit
1815 2051 1983 2114 tonitruum

441 2152 573 2233 antiquo
591 2151 686 2224 tueri,
702 2151 839 2233 illosque
861 2151 1009 2215 roborare
1030 2171 1067 2214 ae
1087 2160 1190 2214 custo
1245 2152 1474 2232 magnitudinis
1495 2152 1565 2233 ejus
1588 2151 1727 2214 intuerit
1714 2150 1898 2213 lTonitrua
1918 2155 1985 2210 suut

324 2273 338 2302 ι
382 2249 520 2310 andire.
548 2250 635 2312 llnde
660 2249 693 2312 ιι
719 2249 831 2311 ultima
855 2250 1029 2312 Ezechielis
1053 2251 1187 2323 visione,
1244 2249 1343 2312 verba
1355 2251 1559 2313 loannis:ln
1576 2250 1735 2332 principio
1750 2257 1819 2311 erat
1833 2247 2077 2324 t'erbampasa.

442 2347 611 2428 templum,
627 2364 692 2428 quo
707 2347 890 2428 designatur
906 2349 1057 2422 Ecclesia,
1075 2348 1190 2429 legitur
1244 2356 1275 2410 et
1297 2349 1436 2410 Verbum
1461 2367 1534 2411 caro
1558 2349 1677 2411 lactum
1700 2354 1758 2410 est.
1781 2347 1820 2408 Et
1840 2347 1926 2429 quod
1948 2332 2021 2407 lo¹‘·

442 2445 561 2527 triplici
583 2462 674 2506 muro
695 2445 938 2507 circumdatum.
956 2447 1012 2508 Per
1031 2446 1115 2528 quod
1136 2446 1188 2508 tri·
1243 2447 1353 2528 quitur
1372 2447 1486 2509 Paulus
1504 2466 1511 2510 :
1532 2446 1646 2509 Audivi
1666 2465 1780 2508 arcana
1800 2444 1899 2508 verba
1921 2463 1985 2526 qua
2002 2463 2076 2506 urea

442 2544 517 2626 plex
538 2542 687 2606 Ecclesiae
708 2542 909 2624 significatur
931 2544 1074 2605 custodia
1091 2562 1098 2606 :
1114 2563 1187 2606 nam
1244 2563 1306 2608 non
1330 2545 1404 2606 licet
1424 2545 1547 2608 homini
1570 2544 1667 2626 loqui.
1996 2531 2013 2570 ⁴·

441 2641 651 2704 custoditura
666 2641 801 2716 Christo,
817 2640 857 2703 ab
872 2642 993 2722 angelis
1012 2643 1141 2716 sanetiS,
1158 2649 1190 2704 et
1282 2647 1326 2706 Et
1337 2654 1455 2720 septem
1470 2647 1635 2720 tarnpadcs
1649 2647 1803 2704 ardentes
1817 2653 1894 2704 ante
1909 2644 1987 2702 tara

440 2739 625 2820 apraelatis.
1244 2763 1333 2803 aare.
1351 2742 1430 2815 Ouid
1453 2749 1559 2804 autem
1584 2761 1642 2824 per
1666 2742 1829 2824 lampades
1852 2741 1988 2822 designe

481 2840 729 2900 Circamamicti
742 2842 833 2900 stolis
848 2842 943 2910 albis,
960 2838 991 2901 id
1007 2847 1056 2901 est
1071 2839 1190 2921 purita-
1242 2848 1305 2914 tur,
1322 2841 1544 2922 subjungitur:
1557 2843 1616 2920 qai
1630 2849 1707 2901 sant
1722 2849 1841 2917 septem
1855 2842 1989 2916 spiritus

442 2946 472 3000 te
487 2943 520 2999 et
533 2938 699 3000 honestate
715 2937 857 3020 undique
871 2938 1026 3010 adornati,
1043 2944 1076 3000 et
1089 2938 1188 3000 virtu·
1243 2941 1316 3009 Det,
1338 2939 1370 3001 id
1391 2945 1440 3002 est
1462 2947 1584 3020 septem
1609 2939 1693 3000 dona
1712 2939 1851 3020 Spiritus
1875 2937 1987 3008 Sancti,

439 3035 526 3098 tibus
541 3035 688 3098 decorati.
697 3036 784 3098 Unde
800 3035 833 3098 in
848 3036 1038 3118 Apocalypsi
1054 3036 1189 3117 loquitur
1207 3039 1228 3102 G
1244 3037 1362 3119 quibus
1383 3056 1473 3100 meus
1488 3037 1576 3099 velut
1596 3036 1797 3119 lampadibus
1818 3036 1989 3099 illustratur

293 3154 425 3210 umiae.
440 3134 584 3198 Christus
601 3150 608 3197 :
626 3133 684 3208 oui
704 3134 828 3208 vicerit,
844 3135 999 3197 vestietur
1017 3135 1188 3196 vestimen·
1243 3155 1280 3198 ac
1305 3135 1533 3197 inflammatur.
1559 3136 1612 3199 llaa
1637 3136 1799 3218 lampades
1824 3143 1900 3198 sunt
1922 3141 1988 3196 ante

439 3233 481 3295 tis
496 3232 587 3295 albis.
599 3233 644 3294 lle
659 3232 698 3295 iis
713 3232 795 3294 albis
811 3232 901 3294 stolis
916 3232 961 3294 ait
975 3232 1118 3295 Ecclesia
1133 3252 1189 3314 per
1244 3235 1406 3307 thronum,
1429 3235 1488 3297 boc
1510 3243 1558 3296 est
1578 3235 1610 3296 in
1632 3241 1805 3317 conspectu
1831 3232 1987 3302 Ecclesia,

296 3357 329 3400 a.
340 3369 380 3408 m,
393 3358 425 3398 ro.
439 3331 550 3394 lsaiam
563 3349 572 3392 ι
584 3331 730 3395 Gaudens
745 3331 889 3412 gaudebo
904 3332 936 3393 in
952 3331 1098 3405 Domino,
1115 3330 1190 3412 quia
1246 3333 1310 3395 imo
1333 3333 1365 3394 iu
1388 3333 1482 3396 corde
1504 3333 1660 3395 fidelium.
1677 3333 1733 3395 Vel
1756 3339 1880 3414 septem
1903 3331 1989 3413 spiri-

441 3430 546 3491 induit
574 3449 626 3492 me
654 3430 854 3492 vestimentis
883 3430 1005 3504 salutis,
1033 3437 1065 3491 et
1094 3429 1189 3491 indu·
1245 3441 1295 3494 tus
1325 3433 1391 3506 Dei,
1418 3432 1615 3514 intelligendi
1644 3439 1719 3494 sunt
1746 3449 1860 3495 omnes
1887 3428 1988 3512 augeli

441 3535 549 3590 mento
566 3528 698 3608 justitiae
719 3527 929 3590 circumdedit
950 3547 1010 3590 me.
1027 3530 1071 3589 Et
1088 3531 1123 3587 ia
1138 3549 1190 3587 ca·
1244 3531 1357 3605 sancti,
1383 3548 1519 3612 quorum
1548 3529 1727 3592 ministerio
1751 3530 1847 3592 corda
1876 3528 1989 3591 illumi·

437 3628 565 3701 petitas
589 3646 701 3686 eoram
725 3645 850 3686 coroaoe
874 3647 993 3687 aurea.
1019 3626 1076 3688 Per
1104 3627 1189 3707 quod
1245 3637 1361 3689 uantur
1382 3636 1413 3690 et
1433 3629 1651 3691 accenduntur
1671 3626 1830 3690 fidelium.
1850 3627 1937 3690 Unde
1959 3625 1988 3686 in

441 3724 626 3805 designatur
640 3724 725 3806 quod
746 3731 821 3786 sunt
837 3725 972 3786 aliorum
993 3732 1140 3800 rectores,
1158 3731 1190 3786 et
1243 3726 1433 3808 Apocalypsi
1456 3725 1591 3788 babetur
1608 3727 1656 3789 :A
1677 3733 1801 3808 septem
1824 3723 1988 3807 spiritibus
2008 3741 2075 3795 ιιι-ι

442 3831 559 3886 aterna
584 3822 734 3885 felicitate
763 3823 935 3886 coronandi
958 3843 977 3884 a
1001 3825 1075 3898 Deo,
1099 3824 1189 3905 Juxta
1244 3824 1352 3905 quiin
1374 3823 1989 3906 conspectathronieJ'ussuut-.Septe-

307 3945 419 3994 mus.
443 3920 523 3983 illud
548 3921 581 3982 ιι
606 3921 758 3985 Psalmo:
781 3921 914 3984 Posuisti
939 3923 971 3983 ιι
994 3923 1097 4004 capite
1118 3922 1188 4002 eJ'us
1243 3922 1332 3984 uario
1354 3923 1474 4004 quippe
1495 3922 1685 3985 universitas
1706 3923 1901 4003 designatur,
1916 3938 1988 4004 quo

443 4037 592 4082 coronam
618 4021 658 4083 de
682 4020 788 4102 lapide
812 4020 960 4102 pretioso.
987 4021 1130 4103 Denique
1156 4021 1188 4082 iu
1244 4021 1330 4082 niam
1349 4029 1471 4104 septem
1488 4021 1600 4084 diebus
1617 4039 1712 4084 omne
1727 4028 1856 4103 tempus
1873 4019 1988 4084 evolvi·

443 4119 626 4201 Scripturis,
652 4137 709 4200 per
738 4125 834 4201 caput
862 4137 963 4193 mens,
989 4138 1047 4201 pcr
1075 4137 1188 4181 aurum
1243 4128 1305 4182 tur.
1332 4120 1412 4182 llinc
1437 4119 1470 4181 in
1496 4119 1578 4182 libro
1603 4118 1708 4183 'l'obiae
1733 4119 1880 4200 legitur:
1907 4118 1989 4181 Dixit
2002 4127 2078 4179 rat-¹3

442 4218 598 4301 sapientia
622 4217 759 4300 exprimi
783 4218 872 4281 solet.
894 4219 1012 4281 Aureus
1037 4235 1112 4299 ergo
1136 4218 1189 4280 ba·
1204 4221 1228 4282 D
1244 4217 1382 4299 Rapbacl
1405 4217 1547 4299 augelus,
1565 4218 1629 4299 Ego
1649 4237 1721 4280 sum
1741 4217 1891 4299 Rapbael,
1909 4235 1989 4279 unus

442 4315 519 4379 beut
541 4317 574 4380 in
597 4317 757 4400 capitibus
782 4317 848 4379 suis
873 4334 1016 4389 coronas,
1037 4316 1189 4399 quoniam
1245 4337 1283 4380 ex
1303 4324 1426 4398 septem
1449 4317 1503 4399 qui
1525 4318 1686 4380 adstamus
1707 4325 1781 4380 ante
1800 4318 1911 4379 Deum.

444 4425 566 4478 mentes
580 4434 691 4479 eorum
707 4417 790 4479 dono
810 4415 974 4498 sapientia
989 4415 1187 4477 decorantur.
1284 4418 1327 4476 Et
1345 4417 1566 4492 incompacta
1585 4419 1682 4486 sedis,
1698 4416 1758 4480 boo
1777 4423 1826 4478 est
1845 4415 1990 4478 Ecclesia

483 4517 526 4575 Et
541 4517 581 4574 de
597 4517 724 4586 throno,
741 4514 773 4576 id
793 4521 841 4577 est
856 4515 895 4576 de
916 4513 1065 4575 militanti
1083 4513 1190 4574 Eccle-
1245 4512 1456 4586 militantisiu
1471 4533 1535 4594 qua
1549 4514 1752 4595 pergratiam
1769 4514 1886 4576 residet
1901 4513 1989 4583 Deus,

443 4613 501 4686 sla,
517 4631 588 4693 quae
601 4612 692 4675 sedes
708 4621 757 4674 est
771 4613 838 4686 Dei,
846 4614 1062 4688 procedebant
1077 4613 1191 4688 fulqu—
1245 4619 1293 4672 est
1313 4621 1469 4691 tanquam
1489 4632 1580 4671 mare
1598 4613 1754 4680 vitream,
1770 4611 1802 4672 ld
1822 4619 1871 4672 est
1890 4608 1991 4692 Bapti-

445 4731 496 4782 ra,
512 4711 544 4772 id
566 4718 615 4773 est
637 4711 789 4773 miracula
810 4727 817 4771 :
839 4729 910 4792 qua
932 4711 1032 4773 instar
1054 4709 1191 4790 fulguris
1246 4710 1356 4772 sinatis
1372 4710 1457 4772 unda
1472 4718 1504 4772 et
1516 4716 1753 4772 sacramentum
1770 4729 1778 4772 :
1795 4711 1828 4771 ιι
1843 4725 1907 4791 quo
1923 4707 1991 4770 sub

444 4809 552 4871 divina
574 4809 692 4871 virtute
716 4809 868 4871 velociter
892 4808 987 4882 liunt,
1011 4809 1095 4870 clare
1118 4807 1190 4870 illu·
1247 4809 1402 4888 mergitur
1430 4809 1515 4871 acies
1544 4809 1707 4883 vitiorum,
1738 4809 1822 4872 sieut
1851 4809 1884 4870 in
1914 4807 1989 4870 mari

446 4908 568 4970 minant
582 4925 618 4969 aa
638 4915 816 4990 perterrent
831 4908 985 4980 videntes,
1000 4906 1092 4987 juxta
1111 4906 1191 4968 illud
1245 4905 1353 4969 Rubro
1369 4925 1492 4968 mersus
1513 4905 1576 4967 luit
1590 4907 1749 4969 exercitus
1764 4907 1988 4989 Egyptiorum.

296 5025 430 5078 ramas.
444 5006 571 5081 Psalmi,
588 5005 769 5078 Timebunt,
786 5007 841 5086 qui
862 5005 1005 5068 habitant
1025 5004 1189 5078 terminos,
1247 5007 1335 5080 Quod
1364 5014 1598 5069 sacramentum
1628 5007 1728 5068 instar
1756 5007 1831 5068 vitri
1862 5004 1990 5088 pelluci-

444 5106 576 5187 asignis
594 5106 668 5166 tuis.
685 5105 724 5166 Et
739 5105 771 5166 iu
787 5103 958 5184 Evangelio
978 5103 1095 5184 saepius
1115 5103 1191 5165 seri·
1247 5105 1323 5166 dum
1346 5112 1405 5178 est,
1422 5104 1609 5187 animasque
1630 5104 1805 5185 clarificat3
1821 5124 1879 5187 per
1896 5103 1988 5186 quod,

444 5213 536 5288 ptum
551 5202 883 5286 estquemadmodum
899 5201 1001 5264 turbae
1015 5201 1092 5263 visis
1108 5201 1193 5264 Chri·
1245 5211 1397 5285 tanquam
1423 5222 1480 5284 per
1503 5205 1634 5278 vitrum,
1661 5204 1812 5286 splendor
1841 5204 1921 5266 Solis
1943 5202 1989 5283 J'u·

443 5305 484 5368 sti
509 5303 672 5366 miraculis
697 5303 881 5365 timuerunt.
904 5300 1040 5382 Fulgura
1063 5318 1190 5383 quoque
1243 5301 1341 5365 stitia
1361 5309 1501 5364 mentem
1523 5302 1691 5366 subintrat.
1708 5303 1828 5364 Simile
1841 5304 1990 5384 crystallo
