4288 6264
534 521 565 567 m
586 519 637 567 nra
658 518 774 567 sancro
795 518 1012 566 rauracosras.
1035 537 1072 550 -
1095 520 1194 568 sunno
1214 521 1351 578 anxurus
1676 503 1716 567 85

168 693 347 768 lanuensis,
359 693 450 776 ponit
464 692 497 757 in
513 709 659 756 sermone
674 693 714 756 de
729 692 917 756 solennitate
931 691 958 756 Α
972 693 1058 776 quod
1073 693 1202 757 bomine
1217 693 1354 757 faciente
1368 693 1453 775 quod
1468 692 1501 756 in
1517 712 1551 756 se
1566 699 1624 767 est,
1634 692 1718 756 Deus

170 794 241 868 bac,
260 793 355 856 etiam
373 791 434 854 tria
454 791 544 874 signa
560 791 700 854 caritatis
721 799 754 854 et
773 792 917 873 gratiosae
971 793 1104 873 gratiam
1128 809 1201 855 mox
1223 792 1364 874 largitur.

171 891 347 974 praesentiae
380 889 518 973 Spiritus
548 890 664 954 Sancti.
696 891 837 953 Primum
870 899 918 953 est
1012 889 1106 953 Aliud
1133 891 1260 972 signum
1286 898 1345 966 est,
1368 890 1394 952 si
1416 891 1512 953 bomo
1535 889 1612 964 odit,
1635 889 1720 952 dete-

169 989 364 1052 abundantia
379 988 600 1068 lacrimarum;
616 988 919 1063 secundumdimis-
973 995 1074 1050 statur
1089 1007 1125 1051 ac
1141 988 1223 1069 fugit
1237 1007 1332 1052 omne
1352 996 1518 1072 peccatum
1535 988 1667 1052 mortale
1681 1007 1720 1050 ex

170 1088 218 1150 sio
247 1086 457 1168 injuriarum;
488 1087 618 1149 tertium
647 1093 695 1149 est
723 1087 916 1150 desiderium
973 1086 1040 1150 zelo
1057 1088 1199 1170 justitiae,
1218 1087 1249 1148 in
1269 1095 1425 1169 quantum
1445 1094 1494 1150 est
1512 1087 1567 1149 Dei
1589 1085 1720 1150 offensi-

169 1203 393 1268 supemorum.
410 1185 484 1260 Ouae
506 1186 595 1268 signa
614 1203 677 1248 non
697 1185 846 1248 videntur
864 1185 919 1246 tri·
972 1206 1061 1262 vum,
1073 1194 1105 1248 et
1118 1203 1182 1248 non
1198 1204 1236 1247 ex
1252 1184 1319 1247 solo
1334 1185 1441 1247 servili
1458 1185 1583 1260 timore,
1597 1185 1657 1246 hoc
1672 1191 1721 1246 est

170 1285 231 1347 bus
256 1284 395 1367 praelatis
419 1283 519 1366 signis
543 1284 688 1357 certiora,
706 1291 800 1366 prout
824 1282 918 1345 iacile
973 1303 1037 1348 non
1052 1285 1156 1348 solum
1176 1301 1235 1346 nec
1255 1283 1475 1366 principaliter
1494 1301 1533 1346 ex
1548 1281 1720 1345 formidine

171 1388 279 1466 posset
294 1381 432 1465 probari,
450 1383 626 1465 prasertim
643 1399 741 1464 quum
758 1380 851 1444 multi
866 1399 918 1444 ve·
973 1383 1185 1446 damnationis
1200 1400 1237 1445 ac
1257 1399 1368 1464 poenae.
1386 1382 1450 1444 Nec
1465 1381 1534 1445 sine
1554 1381 1614 1444 isto
1628 1379 1719 1445 sulli-

170 1500 205 1544 re
220 1481 521 1564 devoti,corporales
535 1480 653 1543 babere
668 1481 721 1543 vix
736 1480 862 1542 valeant
877 1479 918 1542 la·
972 1483 1016 1546 cit
1038 1481 1179 1565 primum
1200 1481 1327 1563 signum
1345 1479 1434 1543 :imo
1453 1497 1512 1542 nec
1531 1480 1647 1563 aliquis
1668 1501 1720 1545 ve·

170 1580 299 1654 crimas,
315 1597 393 1662 quas
412 1579 583 1661 aliquando
602 1577 721 1640 habent
740 1578 794 1660 qui
812 1585 917 1640 tamen
972 1581 1087 1643 rariter
1116 1580 1250 1662 poenitet
1278 1578 1317 1640 de
1345 1578 1495 1661 peccatis,
1523 1596 1583 1641 uec
1611 1598 1719 1642 veram

171 1695 267 1742 omne
283 1678 415 1740 mortale
431 1685 596 1760 peccatum
613 1679 757 1740 deserere
773 1693 836 1738 non
852 1693 920 1758 pro
973 1679 1229 1742 emendationem
1250 1678 1409 1760 proponit,
1426 1678 1579 1759 quamdiu
1599 1697 1638 1740 ex
1653 1679 1720 1743 solo

171 1785 304 1859 ponunt.
324 1777 449 1839 Balaam
475 1793 602 1857 quoque
622 1775 813 1837 desideravit
837 1774 918 1836 mori
974 1778 1082 1840 servili
1099 1777 1130 1838 id
1146 1778 1211 1858 agit
1225 1775 1348 1839 timore.
1367 1775 1522 1838 Discutiat
1535 1794 1610 1856 ergo
1624 1777 1720 1840 homo

172 1882 274 1936 morte
292 1875 450 1955 justorum
470 1891 477 1934 :
494 1891 553 1935 nee
573 1881 679 1934 tamen
698 1873 853 1934 veraciter
868 1869 956 1952 ju-lt
973 1893 1007 1937 se
1024 1875 1140 1957 ipsum,
1158 1893 1196 1936 an
1213 1893 1252 1936 ex
1268 1873 1363 1936 corde
1383 1873 1479 1946 odiat,
1495 1873 1670 1936 detestetur
1683 1893 1720 1937 ac

171 1982 240 2035 stus
263 1972 334 2046 luit,
361 1971 416 2034 sed
440 1971 569 2052 impius.
595 1971 674 2033 Sunt
699 1970 805 2052 itaque
829 1969 919 2052 signa
972 1973 1075 2054 fugiat
1096 1972 1293 2055 superbiam,
1309 1973 1463 2045 acediam,
1485 1971 1650 2046 invidiam,
1667 1993 1721 2056 gu-

169 2072 234 2134 alia
256 2071 400 2134 certiora.
974 2073 1048 2144 lam,
1064 2071 1241 2143 avaritiam,
1262 2071 1353 2145 iram,
1375 2070 1545 2144 luxuriam,
1567 2079 1598 2134 et
1618 2079 1722 2135 cetera

212 2171 299 2232 l'nde
314 2168 369 2250 qui
386 2167 567 2232 cordialiter
582 2168 670 2249 cupit
690 2184 861 2249 agnoscere
877 2187 917 2230 an
973 2178 1102 2255 peccata
1125 2169 1285 2248 mortalia3
1301 2189 1341 2231 an
1366 2169 1462 2231 etiam
1482 2167 1615 2232 virtutes
1635 2170 1722 2233 vitiis

168 2269 211 2331 sit
227 2269 259 2330 in
275 2268 404 2330 caritate
419 2275 449 2328 et
465 2266 575 2348 gratia,
592 2267 638 2328 sic
659 2267 809 2348 procedat
826 2284 832 2328 :
850 2266 918 2329 loco
974 2271 1043 2332 istis
1058 2267 1230 2331 contrarias
1250 2266 1432 2330 cordialiter
1450 2274 1534 2330 amet
1550 2274 1582 2329 et
1596 2268 1720 2342 babeat,

168 2374 201 2430 et
221 2374 364 2448 tempore
383 2373 564 2448 opportuno
583 2365 751 2446 vigilanter
769 2365 919 2426 discutiat
973 2376 1050 2450 puta
1069 2365 1294 2439 humilitatem,
1312 2365 1487 2439 caritatem,
1505 2368 1721 2430 mansuetudi-

169 2465 397 2528 conscientiam
413 2483 515 2537 suam,
533 2471 564 2526 et
579 2463 675 2526 vitam
693 2483 783 2526 suam
799 2471 918 2525 scrute-
975 2485 1059 2541 nem,
1082 2463 1297 2538 sobrietatem,
1321 2463 1561 2539 continentiam,
1584 2464 1722 2527 liberali-

169 2571 233 2637 tur,
250 2583 290 2626 an
306 2562 367 2625 sibi
383 2563 422 2624 de
442 2562 548 2646 aliqua
568 2561 692 2624 mortali
713 2561 755 2623 sit
771 2560 918 2623 conscius
974 2573 1069 2627 tatem
1093 2571 1125 2625 et
1145 2562 1358 2635 devotionem,
1376 2561 1407 2623 id
1429 2569 1478 2623 est
1499 2563 1722 2644 promptitudi-

170 2661 277 2744 culpa,
303 2661 342 2722 de
366 2680 428 2742 qua
451 2678 515 2722 non
540 2660 725 2742 poenituerit
748 2658 919 2722 consessio·
974 2682 1046 2725 nem
1063 2661 1160 2723 animi
1175 2661 1213 2723 ad
1230 2679 1265 2722 ea
1281 2679 1349 2741 quaa
1365 2667 1439 2722 sunt
1452 2660 1552 2723 divini
1568 2659 1722 2744 obsequii.

170 2777 311 2842 nemque
330 2757 443 2820 lecerit
462 2765 493 2820 et
513 2757 720 2836 satisfecerit;
736 2765 768 2820 et
787 2759 812 2818 si
834 2757 920 2820 inve·
1014 2759 1154 2822 Tertium
1181 2758 1308 2840 signum
1334 2765 1393 2830 est,
1409 2765 1556 2839 prompte
1581 2765 1613 2820 et
1637 2759 1722 2821 dele·

171 2859 257 2922 uerit
271 2876 305 2920 se
325 2857 357 2918 in
376 2856 485 2938 aliquo
504 2855 558 2918 tali
579 2874 670 2918 reum
688 2863 828 2938 peccato,
846 2874 918 2920 mox
974 2858 1133 2922 ctabiliter
1149 2856 1283 2939 implere
1301 2863 1468 2938 precepta,
1485 2857 1608 2918 actibus
1623 2857 1722 2919 virtu-

170 2957 276 3020 doleat
288 2955 379 3036 juxta
394 2973 576 3017 mensuram
592 2952 755 3029 delicti,et
772 2953 919 3017 confiteri
975 2966 1044 3019 tum
1069 2955 1226 3028 insistere,
1252 2962 1283 3016 et
1313 2954 1345 3014 in
1375 2953 1572 3016 orationibus
1602 2955 1722 3036 Deique

171 3073 208 3117 ac
224 3052 405 3116 satisfacere
421 3071 519 3135 seque
534 3053 566 3114 in
582 3051 732 3115 omnibus
748 3053 918 3114 emendare
934 3053 956 3117 G
976 3053 1124 3118 laudibus
1149 3052 1285 3115 libenter
1309 3069 1342 3114 se
1366 3069 1539 3134 occupare;
1562 3052 1649 3126 item,
1671 3053 1723 3117 ha-

172 3152 293 3235 absque
322 3151 474 3214 dilatione
498 3158 663 3233 proponat.
690 3151 753 3212 lsto
779 3159 916 3232 peracto,
975 3154 1051 3216 bere
1068 3149 1238 3215 cordialem
1254 3149 1406 3212 allectum
1428 3150 1602 3213 inhaerendi
1618 3152 1722 3214 [lomi-

173 3250 314 3314 conlidat
330 3269 363 3312 se
383 3268 452 3312 esse
473 3248 505 3310 in
525 3249 654 3310 caritate
674 3255 706 3311 et
719 3249 828 3330 gratia,
845 3248 920 3331 quia
975 3271 1016 3314 no
1036 3251 1150 3312 Decet
1170 3248 1343 3310 honorandi
1365 3266 1438 3309 eum
1461 3247 1493 3310 in
1513 3248 1674 3324 omnibus,
1691 3257 1724 3312 et

56 3389 134 3418 m,
173 3357 208 3412 ut
229 3367 287 3430 per
305 3347 503 3411 Ezechielem
524 3347 608 3409 Deus
628 3346 751 3409 locutus
770 3354 827 3421 est,
844 3366 920 3428 qua·
976 3351 1088 3413 timere
1110 3345 1266 3410 ostensam
1290 3344 1521 3428 ipsius3atque
1543 3348 1582 3410 de
1607 3348 1724 3430 imper·

24 3443 92 3488 “¹¹¹³
110 3441 132 3486 ·²
151 3471 156 3480 ·
172 3465 312 3529 cumque
334 3446 409 3508 bora
430 3445 536 3507 taliter
559 3445 739 3526 ingemiscit
761 3453 918 3528 peccator,
976 3445 1170 3510 lectionibus
1199 3452 1231 3506 et
1257 3442 1554 3507 defectuositatibus
1584 3446 1722 3528 propriis

43 4747 89 4788 Jrr'.

24 4815 55 4852 ΞΙ.

173 3545 318 3608 omnium
339 3543 544 3625 iniquitatum
564 3543 634 3624 ejus
650 3559 713 3605 non
732 3541 920 3605 memorabi-
976 3543 1118 3630 quotidie
1134 3541 1325 3616 contristari,
1342 3549 1373 3604 et
1387 3541 1446 3602 niti
1461 3542 1500 3603 ad
1519 3542 1650 3605 meliora
1665 3562 1723 3626 pro

173 3653 227 3706 tur
249 3642 396 3725 amplius.
414 3641 557 3722 Denique
583 3641 615 3702 in
641 3640 721 3702 libro
745 3640 802 3703 lob
827 3639 921 3703 babe—
978 3659 1087 3725 possc3
1109 3641 1165 3704 Dei
1188 3657 1315 3721 quoque
1337 3639 1492 3702 auxilium
1518 3639 1657 3702 fideliter
1679 3641 1724 3703 in·

173 3752 226 3805 tur
257 3759 264 3803 :
294 3741 326 3804 Si
357 3740 511 3803 direxerit
540 3739 635 3802 homo
665 3739 703 3802 ad
735 3740 834 3801 Deum
867 3757 921 3801 cor
977 3747 1149 3815 vocare,et
1169 3738 1202 3800 in
1225 3739 1295 3820 ipso
1314 3756 1404 3819 spem
1426 3737 1648 3819 ligere,omne
1670 3738 1725 3802 bc

173 3861 280 3914 suum,
297 3841 446 3922 spiritum
468 3838 554 3901 illius
573 3844 605 3900 et
621 3837 735 3900 ilatum
754 3838 842 3899 adse
862 3845 921 3898 tra·
977 3859 1056 3902 num
1075 3839 1104 3901 ei
1125 3837 1324 3916 adscribere;
1341 3837 1485 3898 omnium
1503 3836 1637 3898 salutern
1654 3837 1725 3899 inti·

173 3941 238 4003 het.
257 3938 316 4001 Sed
340 3937 394 4020 qui
417 3937 459 3999 ita
482 3935 709 3998 conscientiam
734 3955 823 3998 suam
850 3955 920 3998 exa·
977 3957 1028 4000 me
1050 3935 1211 4008 allectare,
1229 3934 1349 3997 bonum
1371 3951 1540 3996 commune
1564 3943 1722 4016 appetere,

174 4039 275 4102 minat
290 4045 321 4099 et
335 4036 373 4098 de
388 4035 475 4098 vitiis
491 4035 557 4097 suis
572 4035 665 4108 dolet,
678 4035 920 4108 consessionem,
978 4038 1073 4118 idque
1096 4033 1298 4117 potissimum
1321 4032 1500 4096 desiderare
1523 4039 1558 4094 nt
1579 4034 1662 4096 Deus
1683 4033 1724 4095 ab

172 4136 422 4202 satislactionem
439 4135 752 4216 emendationemque
769 4135 922 4214 integram
977 4134 1127 4198 omnibus
1156 4133 1348 4210 honoretur3
1374 4138 1405 4192 et
1428 4131 1467 4192 de
1492 4131 1722 4213 temporalibus

174 4236 305 4299 indilate
330 4251 521 4316 proponens,
545 4241 576 4295 et
599 4233 730 4315 exsequi
756 4233 919 4309 inchoans,
936 4234 961 4296 D
977 4233 1072 4296 rebus
1096 4250 1158 4295 uon
1179 4230 1317 4312 amplius
1334 4247 1449 4310 cupere
1469 4249 1563 4311 quam
1582 4248 1724 4292 neeessa-

172 4335 283 4416 dirigit
297 4351 351 4396 cor
365 4351 458 4394 suum
474 4333 513 4394 ad
528 4334 628 4395 Deum
647 4351 654 4394 :
671 4352 746 4414 ergo
762 4335 844 4396 [leus
860 4336 921 4416 spi·
977 4334 1060 4396 rium
1077 4339 1108 4394 et
1124 4330 1201 4392 utile
1217 4337 1275 4403 est,
1289 4329 1380 4409 juxta
1395 4327 1585 4408 exigentiam
1601 4328 1722 4410 proprii

173 4435 272 4495 ritum
289 4431 359 4512 ejus
375 4431 519 4512 protinus
539 4431 577 4492 ad
598 4449 631 4493 se
645 4431 748 4494 trahet
769 4451 825 4514 per
842 4434 921 4495 cari·
978 4441 1087 4504 statua,
1104 4433 1141 4494 ad
1158 4428 1355 4511 spiritualem
1372 4425 1551 4509 proiectum
1568 4435 1599 4489 et
1614 4429 1652 4489 ad
1668 4427 1722 4490 Dei

173 4540 271 4594 tatem
287 4537 318 4592 et
333 4529 474 4611 gratiam.
492 4530 538 4592 Ad
554 4530 614 4594 boc
634 4530 834 4613 probandum
850 4550 920 4614 pos·
977 4532 1176 4612 obsequium.

173 4639 245 4693 sent
262 4629 368 4692 multae
383 4628 585 4691 auctoritates
605 4629 776 4711 Scripturae
795 4630 920 4702 adduci,
1018 4630 1079 4690 lsta
1098 4627 1246 4689 videntur
1263 4626 1398 4688 multum
1418 4623 1596 4706 probabilia
1615 4625 1726 4687 carita-

106 4727 922 4810 111.utilludJeremiaettluisestistequiapplioct
979 4729 1019 4788 tis
1039 4733 1070 4787 et
1089 4725 1197 4806 gratian
1217 4725 1317 4806 signa,
1335 4723 1510 4806 praesertim
1534 4723 1611 4785 dum
1631 4724 1726 4786 bomo

175 4844 346 4890 corsuum
370 4831 404 4886 ut
425 4825 660 4907 appropinquet
685 4825 783 4886 mihil
798 4827 843 4887 ait
864 4827 922 4888 [lo-
980 4832 1109 4906 repente
1134 4831 1166 4885 et
1190 4824 1280 4905 quasi
1305 4823 1467 4904 inopinato
1497 4829 1529 4884 et
1552 4821 1656 4884 valide
1681 4823 1727 4884 in-

30 4927 302 5003 ztct.1,a.minus;
327 4931 359 4986 et
382 4923 462 4986 illud
483 4922 639 4986 Zachariae
664 4939 670 4984 :
692 4923 922 4988 convertimini
980 4923 1174 4995 flammatur,
1192 4920 1427 5002 compungitur,
1446 4919 1477 4981 in
1498 4919 1612 4982 fletum
1633 4918 1727 4982 resol-

175 5025 214 5088 ad
231 5043 294 5098 me,
311 5030 342 5085 et
357 5029 523 5085 convertar
538 5021 576 5083 ad
593 5039 658 5096 vos,
676 5021 753 5083 dicit
769 5022 923 5084 Dominus
980 5022 1075 5091 titur,
1094 5021 1135 5082 ita
1151 5021 1234 5103 quod
1257 5027 1339 5081 totus
1354 5018 1391 5080 ad
1413 5018 1513 5080 Deum
1534 5018 1677 5081 allicitur
1695 5025 1727 5080 et

174 5121 393 5200 exercituum3
410 5127 441 5182 et
462 5120 546 5202 quod
565 5119 699 5182 Jacobus
722 5119 833 5182 scribit
852 5139 924 5202 apo·
981 5127 1094 5182 cuncta
1110 5118 1248 5181 carnalia
1267 5137 1304 5180 ac
1323 5116 1509 5198 temporalia
1528 5124 1725 5199 aspernatur,

24 5239 159 5290 sectans.
175 5219 277 5285 stolus
295 5237 302 5282 :
319 5218 580 5301 Appropinquale
601 5217 676 5290 Dec,
699 5225 728 5280 ct
753 5219 924 5300 appropin—
981 5237 1039 5280 nec
1056 5219 1140 5281 aliud
1158 5218 1271 5299 quaerit
1286 5216 1347 5278 nisi
1363 5215 1427 5277 Deo
1443 5215 1578 5297 placere,
1595 5221 1727 5296 oratque

176 5318 291 5404 quabit
313 5316 413 5381 vebis.
442 5317 528 5380 Unde
558 5317 771 5379 communiter
795 5317 923 5390 dicitur,
982 5337 1056 5379 eum
1072 5317 1191 5380 intente
1209 5323 1242 5378 ut
1258 5334 1291 5376 se
1307 5313 1555 5376 misericorditer
1567 5313 1668 5393 juvet,
1685 5311 1729 5372 di-
