4154 6258
435 476 495 541 loo
683 494 831 543 cosmica
852 495 908 542 xur
928 494 1002 542 rosr
1022 492 1216 541 reinmarus.
1237 509 1278 522 -
1297 492 1471 541 auanmrro
1493 495 1524 542 uv
1545 494 1740 542 numeramur

436 663 535 733 cobis,
546 667 634 742 quod
648 667 747 726 multi
754 666 928 741 Prophetae
937 673 968 725 et
979 683 1069 742 repes
1079 667 1185 723 volue-
1200 661 1226 725 Α
1240 669 1272 726 et
1287 663 1519 726 humanitatem
1540 664 1641 746 ipsius
1661 665 1857 749 corporaliter
1874 665 1957 748 inspi-

437 770 519 822 rant
532 763 645 822 cidere
659 783 732 843 quoe
747 784 801 823 cos
821 764 950 834 videtis,
966 771 997 824 et
1015 782 1080 823 ocra
1100 763 1186 822 cide
1241 761 1364 836 ciendo,
1387 768 1482 843 atque
1506 760 1703 838 dulcissima,
1725 763 1959 845 eloquentissima

437 868 540 928 ruam
554 869 585 920 et
599 863 719 922 audire
733 881 806 941 quae
820 862 958 932 auditis,
967 869 997 921 et
1012 880 1076 921 non
1092 861 1186 920 audi·
1240 876 1277 920 ae
1292 858 1527 940 sapientissima
1540 858 1638 923 verba
1653 859 1723 940 ejus
1737 860 1859 924 auribus
1872 860 1959 923 cordis

436 967 546 1018 erunt.
565 957 638 1021 Haec
654 958 752 1021 verba
766 958 977 1022 consolatoria
996 957 1078 1020 dixit
1091 955 1185 1019 disci·
1241 963 1273 1019 et
1292 957 1434 1038 corporis
1454 957 1624 1032 audiendo,
1640 958 1702 1019 luit
1722 959 1828 1040 utique
1844 958 1959 1021 delecta·

436 1054 521 1138 pulis
534 1056 601 1119 suis
613 1055 755 1120 Salvator
767 1055 891 1119 duabus
903 1075 942 1119 ex
954 1054 1183 1127 causisPrimo,
1241 1054 1306 1116 bile
1322 1054 1414 1117 valde
1423 1072 1432 1134 ;
1448 1063 1481 1117 et
1495 1053 1579 1118 beati
1598 1055 1731 1119 luerunt
1744 1056 1824 1120 oculi
1842 1055 1883 1119 illi
1901 1056 1960 1120 bea

436 1152 513 1235 quia
537 1154 606 1236 ipse
627 1155 754 1218 vocavit
776 1172 830 1217 eos
852 1155 890 1216 ad
913 1161 1132 1236 paupertatem
1155 1159 1186 1214 et
1241 1153 1377 1215 titudine
1406 1154 1475 1236 spei
1499 1172 1536 1216 ac
1561 1155 1677 1217 meriti.
1705 1155 1840 1237 Denique
1865 1173 1959 1218 omnes

438 1252 550 1314 muudi
571 1259 802 1335 contemptum,
824 1253 862 1316 ad
886 1253 1027 1315 diversos
1050 1251 1184 1324 labores,
1241 1250 1342 1312 sancti
1357 1251 1520 1332 Prophetae
1536 1259 1568 1313 et
1584 1251 1679 1314 multi
1695 1252 1799 1315 devoti
1818 1271 1897 1333 reges
1910 1253 1961 1314 val·

437 1349 671 1426 tribulationes,
688 1351 861 1432 augustias,
874 1369 952 1432 quas
967 1369 1077 1412 secum
1093 1348 1185 1412 susti·
1241 1349 1280 1410 de
1295 1349 1556 1412 desideraverunt
1574 1349 1680 1414 taliter
1694 1350 1848 1415 Christum
1861 1359 1888 1413 et
1901 1352 1960 1431 ejus

438 1449 725 1531 nuerunt.Propter
736 1450 819 1530 quod
833 1458 976 1531 tempore
990 1448 1093 1512 Coenae
1105 1447 1186 1509 dixit
1240 1454 1328 1528 gesta
1342 1447 1462 1523 videre,
1479 1467 1515 1510 ac
1531 1449 1629 1512 verba
1644 1450 1746 1532 ipsius
1760 1449 1862 1512 audire
1877 1467 1883 1512 :
1899 1468 1960 1512 uam

303 1559 357 1604 aaa.
370 1573 421 1614 aaa,
436 1545 596 1628 Apostolis
613 1565 620 1609 :
637 1547 698 1609 Vos
717 1546 794 1609 estis
815 1547 869 1629 qui
886 1545 1105 1628 permansistis
1122 1564 1187 1607 me·
1241 1554 1273 1608 et
1286 1546 1357 1627 ejus
1372 1547 1545 1608 adveutum
1564 1547 1786 1610 ardentissime
1800 1547 1959 1630 cupiebant

289 1628 324 1670 ³⁸·
437 1663 511 1708 cum
528 1645 560 1707 in
580 1645 809 1708 tentationibus
830 1645 919 1707 meis¹
937 1645 1057 1707 idcirco
1076 1661 1186 1707 conso·
1241 1643 1506 1708 Desideravcrunt
1526 1646 1633 1727 itaque
1654 1646 1738 1708 istud
1758 1647 1807 1708 vel
1825 1645 1961 1718 absolute,

288 1757 422 1812 braama.
437 1743 519 1806 latur
534 1763 570 1806 ac
585 1742 749 1807 beatificat
763 1761 828 1818 eos,
845 1743 980 1805 dicendo
997 1741 1094 1805 verba
1109 1761 1187 1823 prae-
1241 1741 1292 1804 vel
1314 1742 1582 1819 conditionaliter,
1599 1751 1709 1826 utpote
1730 1744 1757 1807 si
1779 1744 1882 1808 luisset
1903 1762 1963 1826 pos

436 1849 527 1906 tacta.
546 1843 704 1918 Secundo,
723 1843 799 1925 quia
820 1841 963 1904 Christus
986 1841 1092 1903 statim
1111 1847 1184 1902 ante
1203 1840 1335 1907 Bsihile
1366 1857 1373 1902 :
1404 1842 1620 1905 communiter
1651 1860 1790 1924 namque
1821 1844 1963 1906 sciverunt

437 1941 504 2005 haec
519 1940 617 2004 verba
631 1941 747 2022 gratias
762 1940 827 2021 egit
838 1940 902 2002 Deo
914 1939 1085 2022 Patri,quia
1097 1957 1185 2001 sacra
1240 1939 1325 2020 quod
1354 1938 1400 2002 eis
1424 1939 1608 2003 viventibus
1636 1939 1781 2004 Christus
1807 1958 1866 2004 nou
1891 1949 1963 2004 esset

437 2039 618 2103 christiana
630 2039 708 2102 fidei
724 2039 875 2122 mysteria
889 2038 1056 2101 abscondit
1069 2057 1088 2100 a
1102 2037 1186 2119 sapi·
1239 2044 1404 2100 venturus.

436 2138 565 2201 entibus
580 2145 676 2221 atque
692 2136 905 2220 prudentibus
917 2137 1025 2200 saculi
1039 2136 1186 2217 hujus,et
1280 2139 1324 2199 Et
1339 2156 1406 2197 ecce
1424 2139 1560 2217 quidam
1580 2141 1800 2216 leyieperitas,
1815 2139 1843 2200 id
1862 2146 1906 2201 est
1920 2139 1964 2202 do

437 2237 615 2299 humilibus
630 2237 697 2298 suis
712 2235 880 2318 discipulis
895 2236 1006 2298 eadem
1019 2235 1181 2297 revelavit.
1240 2243 1308 2298 ctor
1329 2235 1408 2316 legis
1430 2254 1487 2299 seu
1509 2235 1630 2312 Scriba,
1646 2239 1808 2310 surremit,
1827 2239 1909 2320 quasi
1927 2257 1964 2301 re

436 2336 557 2400 Idcirco
581 2337 694 2400 asserit
713 2336 822 2398 beatos
842 2353 912 2398 esse
931 2335 1040 2398 oculos
1060 2352 1181 2397 eorum.
1239 2335 1416 2397 verentium
1445 2335 1600 2398 exbibens
1632 2335 1770 2412 Christo,
1799 2337 1847 2400 vel
1874 2345 1907 2399 ut
1931 2337 1964 2400 ab

478 2435 539 2497 Sed
561 2434 660 2518 queri
683 2441 798 2517 potest,
814 2434 853 2496 de
873 2434 991 2516 quibus
1013 2433 1114 2497 oculis
1137 2433 1184 2496 in·
1239 2431 1390 2495 omnibus
1409 2433 1525 2496 melius
1542 2435 1718 2511 audiretur,
1735 2434 1786 2498 vel
1801 2443 1834 2497 ut
1846 2455 1964 2518 prasen-

437 2534 609 2615 telligenda
630 2539 705 2596 sunt
723 2534 800 2597 haec.
817 2533 885 2596 Non
905 2533 945 2596 de
966 2531 1184 2616 corporalibus
1239 2537 1286 2593 tes
1301 2532 1340 2594 ad
1356 2551 1451 2595 suum
1472 2533 1659 2616 adspectum
1678 2541 1774 2616 atque
1788 2534 1964 2617 preconium

437 2633 551 2707 oculis,
567 2650 641 2695 nam
662 2632 758 2695 Judas
782 2638 815 2693 et
838 2631 986 2696 Pharisaei
1011 2639 1043 2693 et
1066 2629 1185 2694 Scribas
1240 2629 1397 2704 incitaret,
1410 2639 1540 2692 tentans
1555 2652 1642 2704 eam,
1654 2632 1686 2694 id
1702 2639 1761 2708 est,
1773 2632 1964 2696 circumveni·

437 2731 657 2815 corporalibus
679 2729 781 2794 oculis
804 2729 966 2793 Christum
990 2729 1125 2812 ejusque
1146 2729 1186 2792 si·
1240 2747 1274 2791 re
1290 2735 1322 2791 et
1336 2727 1447 2792 lallere
1464 2729 1597 2812 cupiens
1612 2731 1786 2808 Christum,
1801 2739 1833 2796 et
1846 2733 1964 2796 dicens:
2063 2747 2064 2792 ς

436 2848 498 2911 gna
513 2830 673 2904 viderunt,
686 2834 718 2891 et
732 2827 830 2890 verba
846 2827 947 2910 ipsius
961 2827 1142 2902 audierunt,
1153 2835 1186 2890 et
1239 2829 1411 2905 Macister,
1427 2831 1510 2908 qaid
1528 2831 1681 2907 faciendo
1703 2832 1805 2893 vitam
1825 2841 1965 2892 oeoeraam

435 2936 542 2991 tamen
567 2926 711 2990 infelices
736 2925 869 2989 luerunt
888 2934 921 2989 et
941 2934 1025 2989 sunt.
1040 2927 1108 2990 hno
1130 2925 1184 2988 ille
1235 2927 1428 3002 possidebo?
1442 2925 1474 2988 id
1493 2933 1552 3002 est,
1574 2926 1692 3010 quibus
1711 2928 1861 3011 operibus
1879 2928 1966 2991 lelici·

436 3026 605 3109 adspectus
625 3032 657 3088 et
676 3024 803 3088 auditus
823 3023 886 3086 luit
905 3024 951 3088 eis
972 3024 1101 3106 majoris
1121 3023 1221 3088 rui-C
1240 3030 1337 3086 tatem
1362 3031 1512 3088 aeternam
1537 3031 1648 3108 potero
1670 3028 1844 3108 promereri
1867 3046 1902 3090 ac
1923 3025 1966 3089 ob

436 3145 486 3189 nae
497 3143 534 3186 ac
547 3123 759 3187 damnationis
774 3123 1088 3197 occasio‚secundum
1101 3124 1183 3205 quod
1239 3122 1342 3185 tinere
1355 3125 1367 3184 l

310 3263 353 3292 aaa
400 3262 421 3301 v,
437 3224 581 3289 Christus
597 3223 630 3286 in
645 3241 792 3286 sermone
807 3230 880 3306 post
895 3222 1024 3286 Coenam
1040 3223 1138 3287 dixit:
1152 3223 1183 3286 Si
1279 3224 1324 3284 At
1354 3223 1423 3292 itte,
1448 3221 1600 3285 videlieet
1626 3223 1729 3299 Jesus,
1755 3225 1811 3307 qui
1839 3225 1965 3288 cordium
1982 3238 2049 3281 ras-,22

436 3341 501 3387 nou
516 3322 677 3386 venissem
698 3329 730 3384 et
749 3322 874 3385 locutus
889 3321 935 3384 eis
951 3321 1095 3396 luissem,
1111 3341 1184 3404 pec·
1239 3319 1383 3401 cognitor
1411 3327 1469 3396 est,
1500 3322 1590 3382 daed
1618 3325 1663 3382 ad
1691 3324 1787 3384 illum
1813 3345 1825 3383 :
1845 3326 1886 3386 Ia
1912 3327 1967 3401 leae

436 3429 544 3485 catum
569 3438 633 3485 uon
658 3420 829 3500 haberent3
856 3439 943 3482 nuuc
967 3427 1073 3483 autem
1096 3420 1183 3484 vide·
1238 3418 1353 3500 bloysis
1368 3420 1451 3498 quid
1464 3421 1622 3495 scriptum
1637 3421 1710 3482 est?
1723 3425 1877 3501 qzcooaodo
1891 3424 1967 3500 leyr'r,

435 3529 521 3596 runt,
537 3528 570 3583 et
584 3521 720 3583 oderunt
736 3538 786 3582 me
801 3525 833 3581 et
847 3518 968 3581 Patrem
985 3537 1103 3581 meum.
1120 3517 1184 3582 Nec
1240 3516 1272 3577 in
1293 3515 1385 3578 libris
1400 3516 1543 3580 ldosaicae
1562 3516 1664 3598 legisl
1680 3516 1859 3582 Conabatur
1877 3529 1967 3583 auten

436 3620 475 3682 de
491 3618 696 3682 interioribus
711 3625 743 3681 et
758 3617 979 3701 spiritualibus
994 3617 1185 3699 oculisque
1239 3613 1292 3676 hio
1308 3614 1510 3698 legisperitus
1525 3614 1661 3696 probare
1675 3618 1761 3698 quod
1776 3618 1915 3682 Christus
1927 3619 1969 3681 ali

436 3717 524 3780 niam
543 3717 607 3780 illis
623 3717 724 3780 oculis
744 3717 845 3779 sancti
865 3735 954 3798 reges
969 3735 1006 3779 ae
1020 3715 1183 3798 Prophetas
1240 3712 1318 3794 quid
1334 3721 1443 3776 contra
1458 3713 1559 3794 legem
1575 3714 1690 3796 bloysis
1709 3725 1816 3796 ageret
1829 3725 1881 3778 aut
1894 3717 1969 3780 doce

436 3815 597 3880 Christum
622 3815 757 3898 ejusque
782 3814 865 3876 lacta
889 3814 1039 3877 viderunt
1062 3831 1069 3876 :
1092 3814 1184 3877 aliter
1240 3811 1380 3874 ret.ldeo
1394 3809 1537 3874 Christus
1553 3811 1688 3874 remittit
1703 3812 1794 3876 illum
1809 3814 1849 3877 ad
1865 3814 1968 3896 legem:

435 3932 498 3977 non
520 3913 764 3996 prophetassent
785 3913 824 3975 de
843 3913 901 3987 eis,
918 3931 977 3975 nec
999 3912 1070 3993 ejus
1090 3913 1183 3975 mira·
1240 3927 1298 3992 per
1317 3909 1402 3991 quod
1424 3910 1562 3972 ostendit
1583 3929 1618 3972 se
1640 3909 1742 3992 legem
1763 3913 1941 3995 approbare.

436 4013 508 4076 cula
534 4012 811 4095 praenuntiassent.
832 4011 943 4074 Nonne
965 4011 1125 4074 Christum
1150 4011 1182 4073 in
1280 4011 1342 4069 Ille
1366 4011 1573 4085 respondeas,
1597 4011 1687 4070 dimit
1702 4031 1714 4070 :
1728 4013 1855 4089 Dr‘liqes
1876 4015 1970 4076 Domi-

317 4135 349 4180 12.
361 4148 389 4189 n,
400 4138 420 4180 s.
435 4110 550 4192 spiritu
566 4109 647 4171 vidit
660 4108 766 4183 lsaias,
778 4128 878 4190 quum
894 4109 984 4183 dixit,
996 4108 1077 4171 Puer
1091 4117 1183 4172 natus
1240 4126 1320 4166 raom
1334 4109 1439 4168 Deum
1455 4115 1548 4167 tcum
1563 4127 1604 4166 ec
1620 4117 1684 4168 toto
1698 4111 1793 4169 corde
1808 4119 1875 4182 tao,
1889 4111 1969 4173 idest

436 4216 483 4272 est
498 4208 602 4282 nobie,
619 4207 708 4270 lilius
724 4207 815 4269 datus
836 4215 884 4269 est
904 4207 1013 4288 nobis3
1031 4207 1183 4289 itemque,
1199 4207 1224 4269 D
1239 4223 1278 4266 ex
1298 4210 1364 4267 toto
1379 4203 1553 4266 voluntatis
1572 4204 1702 4268 ellectu.
1721 4207 1836 4290 Sicque
1856 4227 1911 4292 per
1926 4226 1970 4272 cor

289 4330 420 4383 nsaw,
435 4309 523 4371 Tune
547 4307 732 4389 aperientur
756 4305 840 4368 oculi
865 4323 1033 4380 caseorum,
1055 4313 1133 4386 etc.;
1153 4313 1185 4368 et
1240 4303 1423 4383 designatur
1437 4301 1756 4386 voluutas,quoniam
1772 4305 1857 4370 sicut
1870 4313 1970 4372 corest

437 4425 557 4480 rursus,
584 4405 621 4466 Et
645 4405 786 4467 vidimus
816 4421 890 4466 eum
920 4421 984 4466 non
1013 4404 1184 4468 habentem
1240 4402 1380 4485 primum
1396 4402 1507 4464 vivens
1522 4403 1556 4464 iu
1571 4403 1872 4478 animali,etcetera
1886 4425 1970 4470 mem·

437 4504 578 4587 speciem
607 4521 711 4584 neque
736 4503 910 4565 decoreml
936 4501 1078 4565 Christus
1107 4521 1184 4585 quo·
1240 4500 1296 4562 bra
1322 4519 1464 4576 movens,
1491 4500 1537 4564 sic
1564 4501 1712 4566 voluntas
1742 4523 1798 4587 per
1822 4507 1969 4570 caritatem

288 4619 422 4675 canaam,
437 4621 500 4684 que
524 4601 604 4664 dixit
622 4601 737 4664 ludaeis
760 4617 766 4662 :
788 4600 945 4662 Abraham
967 4608 1056 4682 pater
1078 4609 1184 4664 vester
1240 4600 1346 4682 primo
1369 4599 1564 4674 vivificatur,
1584 4608 1617 4664 et
1638 4609 1759 4666 ceteras
1781 4605 1896 4669 anima
1918 4623 1970 4667 mo

290 4684 324 4726 Μ·
437 4700 607 4764 exsultavit
631 4708 666 4762 ut
686 4700 809 4763 videret
832 4700 917 4762 diem
942 4717 1069 4779 meum;
1091 4700 1182 4775 vidit,
1239 4705 1292 4761 vet
1307 4699 1473 4780 potentias.
1485 4701 1530 4760 Et
1544 4719 1585 4759 ecc
1601 4709 1667 4761 tota
1682 4705 1794 4763 aalma
1810 4713 1879 4776 tac,
1890 4705 1920 4768 id
1932 4711 1969 4767 est

436 4806 468 4862 et
482 4799 610 4882 gavisus
624 4806 681 4861 cst.
694 4798 974 4880 Respondendum,
985 4799 1070 4880 quod
1086 4799 1183 4861 verba
1239 4804 1303 4860 tota
1322 4797 1436 4860 anima
1459 4797 1646 4872 intentione,
1663 4809 1695 4860 et
1713 4821 1755 4860 ea·
1774 4806 1918 4864 omnibus
1934 4805 1969 4862 ri·

288 4397 421 4508 lhuuna.

436 4897 566 4959 inducta
585 4895 790 4977 intelligenda
811 4901 886 4957 sunt
900 4894 940 4956 de
955 4894 1026 4957 visu
1046 4903 1078 4958 et
1094 4896 1184 4958 audi·
1240 4897 1331 4956 ribos
1351 4898 1429 4966 tuis,
1446 4895 1477 4958 id
1497 4903 1546 4960 est
1562 4898 1686 4960 cunctis
1707 4898 1803 4962 etiam
1828 4901 1968 4965 inferiori·
2059 4965 2060 4984 ἶ

434 5002 470 5057 tu
491 4994 634 5057 interiori
655 4993 827 5076 conjuncto
842 4993 926 5056 visui
945 5001 977 5056 et
991 4993 1114 5056 auditui
1130 5014 1182 5058 ex·
1239 4993 1298 5056 bus
1313 4994 1477 5074 potentiis,
1494 5001 1529 5057 ut
1543 4996 1706 5077 appetitus
1722 5000 1968 5082 concupiscibilis
2059 4999 2060 5010 ¹

433 5093 611 5156 teriori.Sic
627 5092 775 5175 equidem
791 5091 847 5155 Dei
864 5091 1066 5172 Unigenitum
1083 5092 1182 5157 incar·
1237 5100 1269 5156 et
1289 5092 1459 5155 irascibilis
1484 5110 1659 5176 omnesque
1683 5114 1795 5160 sensus
1818 5099 1968 5174 interiores

433 5199 543 5255 natum
563 5191 698 5274 ejusque
719 5189 873 5253 miracula
893 5189 1021 5262 intueri,
1038 5197 1070 5252 ct
1085 5192 1182 5256 verba
1237 5201 1268 5255 et
1291 5193 1463 5256 exteriores
1487 5201 1637 5274 regantur
1659 5209 1717 5276 per
1738 5205 1833 5262 rectae
1854 5197 1969 5261 rationis

433 5290 535 5376 ipsius
553 5289 675 5364 audire,
691 5287 893 5351 divinitatem
915 5287 986 5368 ejus
1010 5288 1178 5367 credendo,
1236 5291 1405 5375 judicium,
1422 5291 1598 5357 secundum
1620 5293 1706 5376 quod
1727 5295 1843 5360 caritas
1861 5297 1915 5361 bei
1933 5313 1969 5362 rc
