4154 6258
417 467 477 533 tte
764 488 913 537 commea
933 489 985 535 rvr
1005 488 1079 534 rosr
1098 486 1293 534 mrunarmr.
1313 505 1353 516 -
1375 488 1472 535 sanxo
1492 488 1617 537 ranrrns

418 658 501 732 odio,
518 667 550 722 et
570 678 645 722 vere
667 678 701 723 se
722 659 843 740 diligat,
860 658 914 721 illa
935 657 1073 740 optando
1095 674 1166 739 qua
1182 657 1208 721 A
1222 656 1388 720 Psalmista
1413 674 1420 719 :
1447 657 1659 721 Exsultabunt
1681 657 1765 720 labia
1793 677 1865 722 mea
1887 658 1952 722 dum
1962 682 2049 730 rma

418 775 483 820 suae
505 758 599 820 saluti
623 758 805 841 expediunt.
1222 763 1390 819 cantavero
1409 755 1480 829 tibi,
1496 763 1528 818 et
1547 756 1654 818 anima
1676 774 1747 818 mea
1762 775 1858 839 quam
1880 759 1952 820 redc-

459 856 623 918 Secundus
643 856 788 938 portitor,
812 862 860 917 est
879 855 974 916 timor
991 853 1166 936 spiritualis
1222 853 1317 914 misti.
1344 855 1411 916 lmo
1436 872 1546 917 revera
1571 854 1744 936 impiorum
1769 854 1835 916 vita
1863 856 1953 917 multi·

418 954 613 1028 laboris,seu
628 954 772 1017 exercitii
788 953 998 1028 virtuosi,aut
1013 952 1167 1035 poeniten-
1221 950 1297 1034 plici
1323 951 1549 1033 inquietudini,
1571 951 1783 1025 tribulationi,
1804 951 1952 1026 anxietati,
2052 959 2053 1000 l

418 1053 479 1116 tiae.
497 1053 603 1115 llultis
624 1071 762 1134 namque
783 1052 909 1115 videtur
928 1051 1012 1133 quod
1032 1058 1096 1112 tam
1112 1051 1167 1112 du·
1221 1049 1333 1124 dolori,
1366 1051 1521 1113 remorsui
1553 1070 1590 1114 ac
1620 1051 1715 1114 taedio
1745 1050 1952 1132 permiscetur,

308 1207 312 1210 .
418 1169 490 1212 rum
516 1151 557 1212 sit
580 1151 645 1213 Deo
669 1150 800 1223 servire,
817 1149 1038 1233 poenitentiam
1061 1165 1165 1228 agere,
1221 1148 1490 1231 quemadmodum
1507 1149 1540 1211 in
1559 1149 1729 1232 Sapientia
1749 1148 1952 1218 librodicunt,

418 1247 569 1329 operibus
586 1248 732 1310 insistere
748 1248 908 1320 virtuosis,
926 1246 966 1308 ab
981 1245 1104 1308 actibus
1119 1263 1168 1306 re·
1222 1253 1253 1309 et
1273 1247 1305 1310 in
1327 1247 1378 1310 die
1396 1247 1511 1328 judicii
1532 1255 1607 1310 sunt
1625 1247 1743 1310 dicturi
1760 1265 1768 1309 ε
1784 1247 2054 1332 Erravimussaiar,

418 1344 500 1407 trahi
516 1345 651 1419 vitiosis,
667 1344 752 1427 quod
773 1363 831 1406 nec
847 1343 959 1407 volunt
974 1362 1032 1406 nee
1049 1343 1167 1405 audent
1219 1364 1240 1406 a
1253 1345 1304 1407 via
1320 1345 1473 1419 veritatis,
1490 1353 1522 1407 et
1535 1344 1667 1426 justitian
1682 1345 1792 1407 lumen
1809 1362 1872 1407 non
1886 1344 1953 1406 luxit
2053 1335 2054 1406 l

420 1443 480 1506 iter
493 1442 650 1505 virtutum
666 1443 807 1525 arripere
821 1450 916 1525 atque
932 1441 1089 1523 condigna
1104 1458 1168 1522 pte
1222 1442 1330 1522 nobis;
1352 1443 1458 1506 lassati
1482 1462 1593 1506 sumus
1613 1444 1646 1505 in
1665 1443 1718 1507 via
1740 1443 1910 1525 iniquitatis
1928 1451 1953 1506 et
2053 1455 2054 1460 ’

420 1541 561 1604 nitentiae
590 1559 687 1623 opera
709 1559 869 1614 exercere,
894 1541 949 1602 sed
978 1546 1108 1602 manent
1133 1539 1166 1600 in
1223 1541 1422 1624 perditionis,
1445 1549 1477 1604 et
1500 1541 1737 1604 ambulavimus
1761 1542 1830 1604 vias
1852 1541 1953 1604 diffici-

420 1639 564 1712 faecibus,
587 1639 784 1703 foeditatibus
808 1646 840 1702 et
864 1639 995 1701 malitiis
1020 1637 1095 1698 suis.
1113 1636 1166 1698 lsti
1223 1640 1277 1702 les.
1289 1639 1370 1702 ilinc
1385 1640 1591 1703 Ecclesiastes
1606 1641 1651 1702 ait
1667 1658 1674 1702 ι
1692 1640 1819 1703 Homini
1837 1640 1913 1704 bono
1926 1641 2049 1704 innatas

420 1755 483 1800 non
510 1737 643 1800 credunt
667 1737 793 1801 Christo
815 1737 871 1819 qui
894 1737 938 1800 ait
961 1754 968 1798 :
992 1736 1103 1798 Venite
1128 1735 1166 1797 ad
1223 1745 1396 1820 conspeetu
1420 1755 1478 1800 suo
1502 1739 1590 1801 dedit
1611 1739 1694 1801 Deus
1719 1738 1913 1821 sapientiam,
1929 1747 1954 1800 et

421 1853 483 1910 me,
500 1852 611 1899 omnes
634 1835 689 1916 qui
712 1834 861 1897 laboratis
884 1843 915 1896 et
936 1834 1057 1897 onerati
1077 1832 1164 1906 estis,
1187 1830 1401 1910 Bscientiam,
1427 1843 1459 1898 et
1484 1835 1645 1915 laetitiam3
1669 1837 1828 1919 peccatori
1851 1845 1953 1910 auum,
2054 1869 2055 1890 t

420 1941 452 1996 et
472 1951 530 2013 ego
551 1932 695 1995 reficiam
716 1950 790 2011 vos;
806 1932 907 1995 tollite
924 1932 1039 2013 jugum
1060 1948 1166 1993 meum
1223 1933 1432 1996 afflictionem
1449 1941 1481 1996 et
1495 1952 1605 1997 curam
1621 1933 1832 2016 superfluam.
1845 1933 1953 1997 [tinam

420 2049 599 2113 supervos,
616 2031 774 2094 etdiscite
790 2050 808 2092 a
824 2049 874 2093 me
895 2031 970 2112 quia
990 2030 1077 2092 mitis
1096 2048 1168 2091 sum
1224 2032 1333 2094 miseri
1358 2040 1514 2094 amatores
1539 2033 1644 2095 carnis
1667 2052 1705 2096 ac
1730 2033 1842 2095 mundi
1864 2041 1954 2094 essent

419 2138 452 2193 et
475 2129 607 2192 humilis
637 2131 743 2204 corde,
768 2137 800 2192 et
825 2129 995 2192 invenietis
1024 2128 1167 2210 requiem
1224 2131 1284 2192 ista
1298 2129 1438 2212 experti;
1455 2130 1578 2192 utinam
1593 2137 1752 2213 saperent,
1769 2139 1802 2194 et
1816 2130 2048 2211 intellige-nae.

420 2228 587 2290 animabus
603 2228 717 2291 vestris
728 2228 857 2308 :jugum
872 2228 959 2290 enim
977 2246 1084 2290 meum
1100 2245 1169 2288 sua·
1224 2237 1304 2302 rent,
1321 2247 1357 2292 ac
1379 2229 1553 2291 novissima
1574 2229 1790 2311 providerent.
1966 2216 1990 2255 ²⁹·

421 2345 460 2389 ve
480 2334 539 2400 est,
556 2333 588 2389 et
606 2342 686 2389 onus
708 2343 815 2388 meum
837 2325 916 2388 leve.
934 2325 958 2388 0
973 2325 1095 2387 utinam
1115 2324 1167 2386 isti
1263 2327 1387 2390 'lartius
1402 2327 1546 2409 portitor,
1566 2333 1615 2390 est
1629 2327 1797 2410 praesentis
1811 2327 1882 2390 vitat
1896 2345 1955 2409 pro
2055 2379 2056 2402 ,

421 2432 628 2504 agnoscerent
651 2441 747 2506 quam
771 2441 846 2485 vere
875 2423 1099 2485 dulcissimum
1128 2423 1170 2484 sit
1223 2426 1357 2508 speritas
1372 2444 1428 2488 seu
1444 2425 1659 2507 temporalium
1672 2424 1842 2488 affluentia
1856 2445 1954 2500 rerum¹

421 2524 485 2585 Deo
499 2522 655 2585 altissimo
670 2539 751 2604 puro
766 2522 860 2584 eorde
876 2522 1006 2596 servire,
1018 2521 1170 2604 tranquil·
1224 2544 1294 2606 quae
1309 2523 1428 2605 decipit
1447 2522 1576 2599 multos,
1593 2531 1624 2586 et
1638 2530 1792 2605 tanquam
1813 2524 1956 2586 tenacissi
2055 2595 2056 2602 ἵ

422 2621 451 2683 la
476 2627 581 2682 mente
602 2638 726 2695 vacare,
748 2618 922 2682 virtutibus
947 2619 1113 2681 insudaret
1131 2619 1169 2680 Et
1225 2641 1296 2685 mus
1317 2622 1422 2684 viscus
1442 2621 1564 2684 detinet
1583 2639 1636 2684 eos
1657 2622 1690 2684 in
1710 2622 1810 2696 vitiis,
1827 2622 1868 2685 ita
1885 2623 1955 2705 quod

422 2719 569 2802 quamvis
584 2737 667 2800 saepe
687 2718 729 2780 sit
748 2718 782 2779 in
802 2716 963 2799 principio
981 2717 1167 2791 difficultas,
1224 2720 1263 2782 ad
1292 2720 1400 2782 divina
1429 2727 1461 2782 et
1488 2719 1677 2801 spiritualia,
1703 2720 1742 2782 ad
1772 2719 1908 2784 coelestia
1931 2727 1956 2782 et

423 2819 456 2880 in
488 2834 638 2899 processu
665 2823 771 2878 tamen
801 2814 940 2878 suavitas
969 2823 1034 2894 est;
1060 2816 1168 2897 etqui
1224 2828 1341 2882 aeterna
1361 2837 1474 2900 parum
1495 2827 1550 2880 aut
1569 2817 1954 2882 nilafliciuutur.ldeoiu
2056 2871 2057 2880 ,

422 2922 603 2979 constanter
617 2913 775 2995 proficere
790 2913 1013 2995 satagitatque
1028 2913 1061 2975 in
1077 2913 1169 2977 bonis
1224 2915 1402 2978 Proverbiis
1427 2916 1590 2980 inducitur
1614 2933 1621 2978 :
1644 2916 1841 2998 Prosperitas
1863 2916 1955 2978 stulto
1965 2934 2046 2976 rena

422 3011 583 3076 exercitiis
598 3019 724 3074 strenue
739 3018 928 3093 perseverat,
938 3011 1169 3074 consolationes
1186 3011 1208 3074 G
1226 3035 1296 3076 rum
1322 3015 1434 3096 perdet
1457 3031 1521 3077 eos.
1540 3014 1638 3088 Unde,
1659 3015 1838 3079 secundum
1861 3015 1956 3095 Grego

423 3111 557 3184 divinas,
576 3109 732 3183 coelestes,
756 3109 909 3183 internas,
931 3108 1115 3190 frequenter
1133 3128 1169 3171 ac
1225 3113 1321 3187 rium,
1348 3112 1448 3175 servis
1473 3113 1530 3175 oei
1554 3113 1749 3196 prosperitas
1774 3115 1875 3177 multo
1897 3112 1956 3196 plus

424 3210 552 3290 copiose
583 3207 756 3288 experitur,
786 3206 1056 3288 quemadmodum
1084 3207 1169 3269 Jere·
1226 3231 1322 3294 quam
1344 3211 1518 3274 adversitas
1543 3219 1590 3274 est
1613 3211 1780 3275 timenda:
1798 3213 1955 3295 presertim

285 3333 409 3384 arania
425 3308 506 3370 mias
521 3306 635 3368 asserit
652 3321 659 3366 :
676 3305 810 3379 Quaerite
826 3323 897 3386 quaa
911 3306 953 3367 sit
967 3305 1019 3366 via
1035 3305 1128 3380 bona,
1140 3314 1171 3368 et
1226 3311 1301 3392 quia
1317 3310 1349 3372 in
1364 3309 1595 3391 temporalibus
1610 3311 1802 3392 prosperari,
1812 3311 1887 3374 solet
1900 3327 1956 3372 esse

425 3404 587 3469 ambulate
603 3403 636 3465 in
652 3422 699 3478 ea,
716 3411 748 3466 et
763 3403 933 3466 invenietis
948 3404 1093 3485 requiem
1107 3404 1172 3466 ani·
1227 3409 1353 3489 signum
1377 3407 1610 3489 reprobationis
1631 3426 1669 3470 ac
1693 3408 1902 3472 damnationis
1920 3407 1957 3468 fu·

426 3503 538 3566 mabus
567 3501 692 3564 vestris.
723 3501 803 3563 Hinc
832 3502 917 3582 apud
944 3502 1057 3564 lsaiam
1088 3502 1171 3564 oens
1225 3505 1957 3587 turae,quiaelectossuosDeusinsaeculoisto

279 3625 411 3676 ramira.
426 3600 492 3663 suis
508 3599 667 3680 promittit
681 3599 857 3661 cultoribus
874 3617 880 3660 ε
898 3600 1170 3673 Quemadmodum
1226 3603 1330 3684 arguit
1349 3610 1380 3665 et
1400 3603 1541 3683 castigat.
1558 3603 1594 3664 ln
1613 3603 1757 3666 adversis
1776 3622 1852 3685 ergo
1867 3603 1956 3685 potius

428 3704 529 3760 mater
557 3697 738 3760 consolatur
763 3697 848 3760 filios
876 3716 961 3772 suos,
986 3698 1028 3759 ita
1057 3705 1089 3759 et
1113 3715 1171 3777 ego
1226 3720 1322 3783 quam
1345 3700 1377 3762 in
1401 3699 1561 3782 prosperis
1581 3706 1629 3762 est
1649 3701 1865 3782 gaudendum,
1882 3701 1956 3781 juxta

287 3811 412 3864 acorna,
427 3794 614 3859 consolabor
629 3813 694 3858 vos.
707 3795 875 3877 Apostolus
890 3814 1017 3878 quoque
1031 3797 1076 3858 ait
1092 3814 1098 3858 :
1116 3796 1173 3858 Re·
1227 3799 1306 3860 illud
1329 3797 1437 3859 Jacobi
1457 3815 1464 3859 :
1484 3796 1584 3860 Omne
1607 3799 1761 3878 gaudium
1783 3799 2010 3868 existimataaca
2022 3807 2043 3846 :a

280 3878 301 3919 l.

427 3894 573 3957 nedictus
589 3892 671 3954 [leus
687 3893 741 3974 qui
763 3893 943 3955 consolatur
957 3912 1015 3956 nos
1035 3895 1067 3956 in
1083 3895 1171 3956 omni
1226 3895 1351 3968 fratrea,
1367 3913 1468 3976 quum
1485 3895 1517 3956 in
1533 3895 1636 3958 varias
1652 3897 1845 3960 tentationes
1858 3895 1956 3958 incide

427 3991 633 4055 tribulatione
654 3997 769 4052 nostra.
1227 3994 1305 4056 ritis.
1323 3993 1403 4055 lline
1418 3993 1462 4055 ait
1477 3993 1619 4056 Salvator
1636 4011 1642 4056 :
1660 3994 1713 4058 Vae
1727 4014 1831 4076 quum
1847 3993 1956 4057 benedi·
1967 4005 2045 4051 acas

468 4089 620 4163 Subinde,
630 4088 806 4151 secundum
821 4088 982 4171 theologos
997 4098 1092 4172 atque
1107 4090 1173 4172 phi·
1227 4093 1332 4156 xerint
1351 4092 1442 4155 vobis
1464 4093 1621 4155 homiues.
1638 4094 1707 4156 lrno
1727 4094 1890 4157 Psalmista
1907 4100 1955 4155 ter·

428 4188 587 4271 losophos,
604 4185 755 4269 quaelibet
769 4187 870 4249 virtus
885 4187 981 4250 habet
996 4188 1173 4251 delectatio
1187 4191 1212 4255 D
1227 4191 1365 4253 ribiliter
1394 4191 1535 4273 loquitur
1561 4209 1568 4253 :
1593 4191 1677 4254 Deus
1705 4192 1873 4275 dissipavit
1899 4209 1956 4253 ossa
1975 4207 2038 4248 nr·

427 4307 501 4351 nem
527 4286 725 4370 spiritualem
747 4305 784 4348 ae
806 4287 967 4369 propriam
990 4287 1052 4349 sibi
1076 4306 1172 4350 anne·
1227 4308 1337 4352 eorum
1368 4289 1422 4370 qui
1453 4288 1638 4352 hominibus
1667 4291 1820 4372 placent;
1849 4287 1955 4354 confusi

426 4406 509 4449 xant.
527 4387 656 4467 Propter
671 4385 754 4466 quod
771 4385 803 4446 in
819 4385 997 4448 Proverbiis
1016 4387 1172 4468 scriptum
1227 4395 1313 4462 sunt,
1344 4387 1495 4470 quoniam
1530 4388 1614 4450 Deus
1645 4389 1768 4470 sprevit
1799 4407 1863 4453 eos.
1890 4389 1956 4450 Ecce

293 4504 411 4558 ravan,
426 4492 474 4547 est
491 4503 498 4547 :
516 4484 673 4548 Gaudium
699 4490 746 4546 est
765 4483 852 4564 justo
873 4483 978 4546 facere
1001 4484 1168 4564 judicium.
1227 4504 1323 4568 quam
1352 4485 1532 4567 periculosa
1555 4493 1605 4548 est
1629 4487 1741 4550 mundi
1771 4486 1955 4570 prosperitas.

283 4569 316 4610 ¹⁵·
427 4583 464 4644 Et
479 4581 822 4661 Aristoteles:Signum
837 4581 970 4662 (inquit)
984 4583 1108 4644 virtutis
1124 4591 1173 4646 est
1227 4584 1286 4658 Qui
1308 4584 1414 4666 itaque
1437 4584 1526 4666 cupit
1547 4603 1617 4647 esse
1639 4586 1678 4648 de
1702 4605 1838 4649 numero
1860 4585 1956 4648 electo

426 4678 594 4742 delectatio
609 4678 692 4741 fiens
709 4678 741 4740 in
756 4697 862 4760 opere.
874 4678 1090 4753 ldcir00,dum
1106 4699 1173 4762 per·
1227 4701 1310 4757 rum,
1328 4701 1392 4746 non
1417 4691 1543 4746 recuset
1566 4685 1709 4748 exerceri
1732 4685 1897 4750 eventibus
1916 4681 1957 4745 ad·

426 4777 515 4840 venit
528 4774 624 4839 homo
639 4776 677 4837 ad
693 4776 919 4840 radicationem
935 4784 966 4839 et
981 4779 1174 4842 exercitatio
1226 4800 1401 4845 versorum.

426 4893 500 4938 nem
517 4893 573 4937 seu
593 4872 858 4937 assuefactionem
878 4875 1033 4938 virtutum
1053 4895 1108 4940 seu
1123 4897 1172 4940 ac·
1266 4879 1400 4952 Quartus
1415 4881 1560 4961 portitor,
1581 4887 1630 4944 est
1648 4881 1858 4946 immoderata
1874 4879 1956 4945 eonfi-

425 4981 518 5035 tuum
539 4971 766 5046 virtuosorum,
782 4980 859 5034 tuno
878 4989 975 5055 opera
994 4973 1078 5036 bona
1098 4983 1172 5038 sunt
1226 4977 1333 5039 dentia
1356 4978 1396 5040 do
1421 4978 1641 5042 misericordia
1665 4980 1732 5054 Dei,
1754 4981 1845 5064 quasi
1870 4981 1957 5042 minor

426 5070 487 5133 sibi
508 5067 709 5132 delectabilia
728 5070 830 5144 valde,
847 5078 878 5133 et
898 5072 983 5153 quod
1002 5072 1171 5136 mundanis
1226 5075 1267 5138 sit
1282 5075 1391 5138 divina
1403 5075 1528 5157 justitia
1547 5096 1643 5158 quam
1665 5079 1889 5143 misericordia.
1905 5077 1957 5140 lllis

425 5168 670 5249 carnalibusque
686 5166 869 5230 bominibus
884 5170 1011 5233 videtur
1026 5169 1169 5245 difficile,
1225 5173 1346 5254 quippe
1369 5173 1453 5236 Deus
1474 5191 1594 5255 pronus
1616 5182 1664 5237 est
1688 5177 1832 5240 misereri
1854 5175 1957 5258 quide

424 5273 472 5328 est
493 5266 521 5328 ei
544 5263 697 5348 perfacile
721 5281 758 5326 ac
781 5283 887 5328 suave.
904 5267 977 5330 ldeo
1001 5267 1082 5330 dixit
1106 5268 1170 5332 lieo
1225 5270 1368 5353 pristinis
1383 5271 1492 5334 dolent
1505 5271 1732 5356 abstineatque
1746 5272 1957 5358 peceatis3qni
