4164 6258
274 4520 331 4564 locu

269 4588 302 4628 1³.

415 465 474 534 {88
772 460 920 536 nonnum
941 487 976 534 ur
996 487 1069 535 rosr
1089 485 1283 534 rnrmrxrnx.
1303 505 1344 518 -·
1364 487 1463 536 sumo
1482 489 1607 538 rannus

413 660 481 738 Dei,
507 663 592 746 quod
617 680 681 726 non
706 660 768 723 luit
792 667 959 724 contentus
983 659 1160 742 producere
1175 659 1201 724 Α
1216 679 1287 742 quaa
1302 659 1400 724 Filius
1416 662 1472 724 Dei
1492 680 1550 746 pro
1564 662 1663 726 totius
1682 662 1809 745 generis
1828 663 1950 726 humani

411 760 576 824 hominem
597 761 630 823 in
650 759 740 844 puris
761 759 971 833 naturalibus,
989 760 1044 822 sed
1060 765 1090 821 et
1106 758 1159 821 do·
1215 760 1317 822 salute
1332 761 1515 843 assumpsit,
1529 760 1606 824 lecit
1619 780 1656 824 ac
1672 760 1814 844 pertulit,
1825 761 1952 844 quilibet

412 878 453 922 na
467 860 604 940 gratuita
619 857 872 941 supernaturalia
887 857 916 920 ei
931 858 1160 938 adjecitlluar-
1215 857 1440 922 Christilidelis
1462 859 1508 922 sic
1530 860 1626 924 debet
1643 861 1818 935 attendere,
1833 867 1952 942 tamque

411 965 455 1033 to,
477 959 510 1020 in
535 959 594 1021 hcc
616 958 702 1040 quod
724 976 825 1038 quum
847 964 911 1018 um
937 956 1031 1018 multi
1055 955 1158 1037 angeli
1214 963 1374 1036 gratanter
1393 957 1569 1040 adspicere,
1586 958 1676 1040 quasi
1696 976 1756 1040 pro
1775 977 1809 1020 se
1829 957 1895 1021 solo
1914 967 1952 1020 to·

411 1075 447 1119 ac
463 1056 560 1139 primi
576 1057 772 1119 corruissent
791 1062 949 1137 parentes,
967 1054 1160 1136 complacuit
1215 1063 1283 1116 tum
1299 1062 1383 1118 esset
1397 1057 1952 1139 peractum:potissimumquoniam

411 1155 475 1218 Deo
496 1154 632 1217 liberare
651 1173 752 1236 genus
775 1154 964 1228 humanum,
981 1172 1043 1215 non
1066 1171 1159 1233 ange·
1216 1153 1359 1216 Christus
1382 1173 1440 1237 pro
1461 1173 1654 1239 unoquoque
1673 1155 1780 1239 potius
1796 1154 1892 1218 vellet
1908 1157 1952 1218 ad·

411 1253 467 1316 los.
485 1251 611 1329 Quinto,
629 1253 662 1314 in
678 1253 738 1315 hoc
754 1253 839 1333 quod
855 1259 919 1314 tota
934 1252 1159 1334 supersapiens
1215 1252 1278 1314 huc
1295 1252 1401 1328 mori,
1427 1253 1453 1316 si
1479 1254 1633 1335 possibile
1661 1261 1717 1316 aut
1746 1254 1952 1317 necessarium

411 1352 709 1434 supergloriosaque
728 1351 865 1414 Trinitas
888 1351 1087 1413 concorditer
1108 1350 1158 1412 de·
1215 1356 1309 1426 esset,
1326 1369 1420 1433 quam
1437 1369 1523 1426 eum,
1539 1361 1696 1434 quantum
1716 1353 1751 1415 in
1768 1371 1803 1416 se
1818 1359 1876 1428 est,
1892 1372 1954 1434 per-

411 1451 513 1513 crcvit
533 1449 695 1513 homiuem
722 1449 858 1512 liberare
881 1468 938 1530 per
959 1449 1068 1512 aeterni
1091 1449 1159 1510 uni·
1216 1447 1261 1509 ire
1292 1449 1499 1531 permitteret.
1527 1450 1600 1513 ldeo
1629 1451 1709 1532 grati
1740 1468 1811 1512 esse
1839 1450 1954 1513 Christo

410 1548 510 1630 geniti
526 1548 598 1611 Filii
614 1547 713 1610 Patris
729 1547 839 1610 aeterni
856 1547 1107 1609 incarnationem
1122 1565 1158 1608 ac
1215 1547 1289 1609 totis
1322 1546 1502 1611 laboremus
1533 1548 1728 1630 praecordiis,
1762 1566 1827 1611 non
1858 1547 1954 1610 uerbis

410 1649 603 1731 passionem.
621 1647 726 1723 Sexto,
744 1647 777 1709 in
797 1647 857 1709 hoc
878 1648 963 1729 quod
979 1654 1043 1710 tota
1057 1647 1158 1710 Trini-
1215 1645 1379 1708 dumtaxat
1394 1665 1468 1708 eum
1485 1645 1714 1722 laudando,sed
1731 1646 1840 1729 ipsum
1852 1646 1885 1709 in
1899 1665 1955 1710 om-

411 1753 475 1809 tate
494 1754 694 1828 cooperante,
712 1747 801 1808 unita
820 1754 869 1808 est
888 1753 1000 1808 natura
1020 1746 1159 1809 humana
1215 1742 1322 1816 nibus,
1341 1750 1495 1825 quantum
1517 1745 1671 1820 valemus,
1688 1764 1745 1827 per
1765 1744 1851 1808 bona
1870 1762 1955 1827 opera

411 1845 515 1908 Verbo
539 1852 657 1908 aeterno
682 1846 714 1907 in
741 1844 861 1907 unitate
886 1862 1029 1926 persona
1047 1865 1054 1908 :
1073 1846 1158 1927 quod
1178 1840 1409 1916 Bhonorando,
1417 1844 1456 1905 ad
1465 1843 1572 1906 minus
1584 1843 1784 1906 observando
1797 1851 1953 1926 precepta

411 1941 474 2005 luit
495 1943 635 2006 caritatis
659 1942 866 2025 plenissimas,
887 1942 1080 2024 dignationis
1103 1943 1159 2005 im·
1254 1943 1398 2024 Insuper,
1416 1943 1580 2006 caritatem
1596 1949 1628 2004 et
1643 1941 1897 2006 misericordiam
1911 1961 1954 2003 su-

412 2060 541 2115 mensas,
568 2040 770 2104 liberalitatis
794 2041 968 2122 piissimae3
993 2043 1079 2123 quod
1101 2043 1160 2104 sci·
1214 2059 1266 2102 am
1283 2040 1425 2103 Christus
1440 2040 1627 2103 hominibus
1642 2041 1883 2116 demonstravit,
1898 2048 1954 2102 tam

411 2139 487 2201 licet
511 2140 593 2202 Deus
623 2140 666 2201 ita
695 2139 801 2201 univit
824 2147 1001 2201 creaturam
1031 2140 1160 2222 proprio
1215 2156 1359 2202 amorosa
1391 2158 1427 2201 ac
1457 2139 1594 2202 dulciter
1628 2141 1711 2202 inter
1741 2156 1797 2202 eos
1829 2157 1954 2202 conver·

412 2239 563 2314 Creatori,
591 2239 656 2301 imo
686 2246 831 2300 naturam
860 2237 1034 2301 humanam
1058 2259 1097 2302 ex
1126 2259 1159 2302 se
1215 2237 1324 2312 sando,
1344 2245 1376 2299 et
1395 2245 1588 2319 peccatores,
1610 2236 1851 2318 quantumlibet
1869 2237 1954 2300 vitio-

412 2337 559 2418 lragilem
575 2344 607 2399 et
622 2335 796 2410 infirmam,
813 2343 877 2399 tam
898 2337 1042 2419 proxime
1058 2338 1160 2401 Verbo
1215 2353 1277 2409 scs,
1299 2335 1351 2417 pie
1370 2335 1409 2398 ad
1430 2337 1650 2417 poenitentiam
1671 2335 1881 2408 exhortando,
1898 2355 1955 2418 poe·

412 2434 581 2516 conjunxit
609 2442 738 2508 aetemo,
763 2442 799 2496 ut
823 2454 886 2496 una
914 2442 997 2497 esset
1025 2454 1160 2519 persona
1215 2433 1352 2496 nitentes
1380 2434 1516 2514 gratiose
1545 2433 1762 2516 suscipiende,
1793 2434 1861 2497 imo
1889 2453 1954 2496 cum
1980 2453 2047 2494 aa,

413 2534 497 2595 Deus
521 2539 553 2595 et
574 2532 681 2606 homo,
703 2551 759 2614 per
781 2532 865 2614 quod
889 2532 970 2595 Deus
992 2553 1082 2595 suam
1105 2533 1159 2596 bo·
1215 2531 1396 2614 publicanis
1422 2540 1454 2594 et
1478 2532 1698 2614 peccatoribus
1728 2533 1954 2607 manducando,
1968 2518 2019 2563 Μ’

413 2631 545 2694 nitatem
561 2629 834 2693 abundantissime
848 2631 1093 2695 communicavit
1108 2651 1159 2693 na·
1214 2638 1371 2712 quatenus
1396 2631 1494 2694 verbo
1523 2639 1555 2693 et
1578 2631 1726 2714 exemplo
1750 2649 1807 2694 cos
1833 2633 1872 2694 ad
1895 2650 1955 2713 pce

411 2739 491 2794 turm
512 2731 669 2794 humauae.
1215 2728 1383 2791 nitentium
1418 2737 1612 2812 provocaret.
1645 2729 1762 2806 Tertio,
1798 2731 1956 2793 caritatem

452 2831 546 2892 Porro
568 2831 651 2892 Deus
673 2829 809 2892 Trinitas
830 2829 1052 2912 multipliciter
1066 2830 1158 2893 nobis
1215 2836 1246 2890 et
1271 2828 1524 2891 misericordiam
1548 2848 1638 2892 suam
1663 2829 1805 2892 ostendit
1829 2829 1956 2892 homini-

412 2946 502 2992 suam
532 2928 694 2991 caritatem
726 2927 1043 3010 misericordiamque
1072 2929 1160 2990 exhi·
1214 2927 1286 3000 bus,
1318 2945 1376 3008 pro
1405 2945 1516 2990 eorum
1545 2927 1772 2990 informatione
1802 2936 1836 2991 et
1864 2927 1956 2991 salute

412 3027 483 3090 buit
501 3034 534 3089 et
552 3026 715 3089 ostendit:
733 3027 809 3108 quia
830 3027 869 3088 ad
892 3027 1044 3108 Baptismi
1067 3029 1159 3108 grati·
1178 3029 1199 3093 C
1215 3025 1307 3087 toties
1329 3025 1540 3107 praedicando,
1556 3033 1622 3087 tam
1642 3025 1735 3106 longe
1754 3044 1791 3087 ac
1813 3026 1876 3088 late
1897 3045 1957 3107 per-

412 3143 464 3187 am
484 3142 542 3187 nos
562 3124 727 3207 perduxit3
743 3124 859 3187 deinde
874 3124 1051 3206 saepissime
1067 3124 1159 3187 nobis
1215 3123 1420 3197 transeundo,
1432 3141 1530 3205 seque
1546 3141 1585 3184 ex
1604 3123 1716 3186 itinere
1732 3122 1907 3204 fatigando,
1918 3131 1956 3186 tot
1975 3139 2042 3181 aaa:

412 3223 566 3306 pepercit,
578 3229 610 3284 et
625 3222 657 3283 in
674 3222 884 3303 pravitatibus
900 3223 1016 3285 nostris
1031 3241 1088 3284 nos
1104 3223 1159 3284 diu
1215 3222 1376 3302 operando
1399 3221 1563 3295 miracula,
1579 3228 1626 3284 tot
1647 3221 1837 3286 sustinendo
1856 3243 1875 3284 a
1894 3208 1982 3304 per-⁶¹

412 3321 581 3399 sustinuit;
593 3321 726 3402 gratiam
743 3321 918 3402 poenitendi
935 3321 1160 3394 concessit,Sa-
1215 3318 1408 3382 versissimis
1430 3318 1492 3380 illis
1506 3318 1623 3382 Judais
1641 3318 1827 3402 opprobria,
1846 3319 1956 3382 irrisio-

413 3425 575 3482 cramento
591 3419 733 3499 corporis
746 3426 777 3480 ct
789 3418 953 3499 sanguinis
967 3418 1081 3482 Christi
1097 3419 1161 3480 ani·
1215 3435 1283 3490 nes,
1299 3416 1526 3498 blasphemias
1544 3416 1712 3479 maledicta
1733 3437 1740 3480 :
1762 3437 1836 3499 quaa
1856 3418 1957 3482 omnia

416 3537 482 3580 mas
497 3523 620 3579 nostras
636 3515 821 3597 frequenter
836 3515 957 3590 reiecit,
975 3516 1108 3578 virtutes
1124 3536 1159 3580 ac
1216 3533 1273 3597 pro
1297 3514 1388 3578 nobis
1411 3515 1474 3595 egit
1496 3533 1532 3577 ac
1558 3515 1698 3597 pertulit.
1722 3515 1761 3577 Et
1784 3524 1894 3580 tamen
1917 3516 1956 3578 in-

415 3616 497 3677 dona
525 3613 663 3694 Spiritus
692 3612 797 3675 Sancti
827 3612 961 3692 inludit3
986 3614 1159 3696 unicuique
1214 3613 1295 3694 grati
1311 3631 1433 3686 sumus,
1451 3632 1510 3675 nec
1526 3612 1641 3676 Christi
1657 3613 1773 3695 capitis
1787 3633 1825 3676 ac
1841 3614 1955 3678 domini
1976 3631 2042 3686 aaa

415 3713 510 3775 etiam
531 3710 655 3773 homini
674 3709 823 3790 angelum
843 3718 987 3772 sanctum
1003 3711 1161 3773 ordinavit
1215 3711 1315 3773 nostri
1332 3711 1422 3792 sequi
1442 3710 1575 3791 vestigia
1592 3711 1739 3774 volumus
1760 3729 1767 3772 ε
1790 3713 1874 3775 nihil
1892 3699 1992 3794 pro-²³·

414 3811 587 3873 custodem.
1216 3817 1286 3892 pter
1309 3809 1415 3890 ipsum
1441 3809 1506 3891 pati
1530 3809 1710 3890 dignamur.
1736 3808 1865 3886 Quarto,
1888 3811 1958 3872 cari-

454 3908 514 3971 Sed
536 3925 622 3969 nunc
644 3905 825 3989 specialiter
845 3906 1082 3970 consideremus
1103 3926 1160 3990 pro
1214 3916 1312 3970 tatem
1332 3915 1363 3968 et
1384 3906 1636 3970 misericordiam
1657 3926 1747 3970 suam
1769 3909 1958 3973 excellenter

415 4025 507 4089 posse
531 4005 694 4068 caritatem
718 4013 750 4068 et
771 4005 1021 4068 misericordiam
1045 4006 1159 4070 Christi
1216 4007 1308 4069 nobis
1332 4005 1519 4068 monstravit
1541 4005 1574 4068 in
1595 4006 1690 4069 Coena
1712 4007 1900 4080 novissima,
1917 4007 1957 4068 in-

413 4105 453 4168 ³d
477 4104 635 4178 immines,
657 4123 727 4186 quat
752 4104 834 4166 sicut
855 4104 989 4185 ipsemet
1010 4112 1160 4185 protesta·
1216 4105 1376 4167 stituendo
1391 4105 1631 4168 Sacramentum
1649 4104 1878 4185 dignissimum
1897 4124 1957 4168 cor-
1987 4121 2035 4167 m

414 4211 478 4279 tur,
502 4203 535 4265 in
558 4202 617 4265 hoc
642 4203 818 4284 pracsertim
838 4203 997 4283 apparuit,
1017 4204 1102 4284 quod
1127 4224 1160 4266 se
1177 4205 1201 4266 D
1217 4204 1303 4285 poris
1327 4204 1376 4265 sui
1400 4222 1437 4265 ac
1462 4203 1637 4284 sanguinis,
1660 4203 1692 4266 in
1715 4222 1780 4286 quo
1800 4224 1835 4267 se
1856 4189 2045 4287 ipsumam-22·

416 4304 523 4386 ipsum
552 4319 609 4385 pro
639 4301 746 4364 nostra
774 4301 992 4382 redemptione
1022 4302 1161 4364 acerbis·
1217 4304 1309 4366 nobis
1331 4303 1473 4385 quotidie
1495 4302 1619 4378 tribuit,
1635 4303 1678 4365 ita
1699 4304 1784 4387 quod
1809 4304 1895 4368 idem
1915 4311 1958 4366 est

416 4404 505 4467 simae
525 4403 619 4465 morti
640 4400 796 4483 exposuit.
815 4401 944 4482 Propter
959 4402 1044 4483 quod
1063 4401 1163 4484 loqui·
1217 4404 1307 4467 dator
1328 4423 1364 4466 ac
1386 4404 1516 4466 donum.

334 4534 400 4572 an,
415 4509 467 4564 tur
485 4518 491 4561 :
508 4500 659 4580 llajorem
680 4499 739 4561 bac
760 4498 964 4561 dilectionem
990 4518 1085 4563 nemo
1111 4501 1163 4563 ha·
1251 4504 1350 4576 Quum
1362 4521 1437 4584 ergo
1450 4510 1536 4564 tanta
1548 4500 1646 4564 luerit
1657 4507 1689 4563 ct
1700 4501 1742 4563 sit
1753 4502 1869 4565 caritas
1881 4502 1960 4566 Chri·

415 4600 477 4672 bet,
485 4606 520 4660 nt
530 4597 670 4660 animam
686 4615 775 4659 suam
792 4605 887 4678 ponat
897 4597 969 4679 quis
985 4617 1042 4680 pro
1053 4600 1162 4663 amicis
1218 4603 1257 4666 sti
1274 4603 1312 4665 ad
1329 4620 1397 4674 nos,
1415 4620 1485 4681 quae
1501 4608 1549 4662 est
1563 4599 1622 4662 ista
1642 4599 1846 4681 negligentia,
1863 4603 1960 4683 ingra-

269 4719 401 4770 caaeuao.
415 4683 492 4760 suis.
510 4696 631 4758 ldcirco
646 4695 727 4758 dixit
741 4695 911 4777 Apostolus
929 4713 936 4756 :
953 4696 987 4757 ln
1008 4696 1074 4759 lide
1088 4698 1163 4761 vivo
1218 4701 1320 4763 titudo
1335 4706 1431 4781 atque
1447 4697 1637 4780 perversitas
1652 4705 1770 4772 nostra,
1780 4700 1865 4780 quod
1879 4700 1959 4761 hunc

415 4795 487 4858 Filii
503 4794 570 4868 Dei,
587 4793 642 4875 qui
658 4793 770 4855 dilexit
787 4811 837 4855 me
853 4800 884 4854 et
899 4793 1029 4857 tradidit
1049 4803 1163 4858 semet-
1218 4799 1410 4861 Salvatorem
1427 4796 1707 4878 superpiissimum
1723 4814 1787 4858 non
1803 4815 1957 4868 curamus,

415 4893 523 4974 ipsum
547 4909 604 4972 pro
634 4909 694 4953 me.
722 4889 811 4953 Circa
836 4909 905 4970 qnae
930 4891 1026 4953 verba
1051 4893 1163 4955 scribit
1218 4899 1282 4960 imo
1298 4915 1357 4958 nec
1374 4895 1532 4958 beneficia
1547 4895 1618 4976 ejus
1634 4895 1874 4978 perpendimus,
1888 4915 1959 4978 pra

418 4990 661 5072 Chrysostomus
679 5009 686 5051 :
703 4987 760 5050 Hic
785 4995 833 5050 cst
856 4987 992 5050 allectus
1018 4991 1101 5058 servi
1126 4991 1163 5053 li·
1218 5001 1310 5076 cepta
1332 4994 1402 5075 ejus
1425 4993 1687 5073 transgredimur,
1704 4993 1839 5056 consilia
1858 5013 1958 5078 asper·

416 5089 508 5163 delia,
525 5095 560 5149 ut
578 5086 662 5170 quod
683 5106 741 5168 pro
762 5086 912 5148 omnibus
931 5107 949 5148 a
969 5087 1093 5151 Christo
1113 5109 1163 5170 gc·
1218 5096 1354 5155 namuri
1370 5092 1451 5155 Ecce
1467 5100 1585 5173 quauta
1599 5099 1647 5155 est
1661 5091 1958 5166 vilitasexcascatio,

417 5196 502 5252 stum
518 5194 550 5251 et
564 5185 733 5249 toleratum
753 5193 811 5259 est,
829 5203 886 5267 pro
902 5205 936 5248 se
951 5186 1018 5249 solo
1039 5196 1164 5269 reputet
1219 5191 1340 5254 malitia
1356 5190 1535 5271 impiorum.
1543 5190 1622 5252 Nam
1638 5190 1743 5272 potius
1758 5190 1882 5271 eligunt
1895 5208 1958 5253 esse

416 5288 537 5353 iactum
558 5304 596 5348 ac
618 5283 797 5348 toleratum.
819 5284 858 5346 Et
880 5284 991 5367 utique
1016 5287 1163 5351 universa
1219 5289 1358 5352 ministri
1380 5308 1416 5351 ac
1441 5288 1586 5351 membra
1610 5287 1740 5363 diaboli,
1761 5307 1858 5371 quam
1879 5287 1960 5353 Chri-
