4288 6264
433 356 474 419 62
594 375 742 423 oculatos
764 377 838 424 POST
859 376 1070 424 nscuustouuu
1090 375 1208 422 uotttrtl.
1229 393 1269 406 -
1290 377 1331 422 ΑΙ)
1351 377 1546 440 auttolosos3
1569 377 1667 423 sonito
1688 376 1826 432 QUARTUS

432 543 553 606 colaria
574 546 760 628 operabilia,
778 547 811 610 in
834 547 951 630 quibus
973 555 1048 610 suut
1067 554 1113 608 tot
1132 565 1182 609 va·
1197 545 1223 609 A
1238 556 1327 610 sexto
1347 549 1385 609 ad
1408 548 1609 630 prudentiam
1633 548 1771 630 pertinet
1791 546 1910 618 cautio,
1926 564 1988 627 qua

431 641 560 706 rietates
575 651 608 706 et
622 645 869 709 circumstantiae
887 665 923 708 ac
942 644 1180 719 mutabilitates,

430 741 515 821 quod
536 759 595 802 uec
612 741 643 804 iu
665 743 766 818 brevi,
784 763 888 826 neque
904 744 942 806 de
958 743 1045 806 sacili
1060 750 1183 825 queunt

429 837 469 898 ab
491 856 555 901 uuo
574 856 684 902 omnes
706 841 918 920 considerari3
941 841 1059 903 idcirco
1079 840 1112 902 in
1133 839 1182 901 bis

430 936 601 1019 circaque
617 947 761 1002 versatur
782 940 962 1022 prudentia,
980 939 1117 1002 maxime
1135 937 1182 999 in·

430 1034 516 1114 diget
538 1037 633 1099 bomo
654 1037 694 1098 ab
718 1037 789 1100 aliis
812 1037 988 1112 informari,
1005 1037 1181 1120 praesertim

429 1152 448 1194 a
468 1134 649 1197 senioribus
674 1142 706 1198 et
727 1135 878 1218 expertis,
895 1145 926 1198 et
945 1155 963 1197 a
983 1135 1181 1217 sapientiori-

430 1231 490 1294 bus
512 1251 549 1294 ac
574 1233 672 1314 magis
697 1233 897 1308 illuminatis,
914 1243 946 1296 et
967 1235 1103 1315 desuper
1125 1253 1182 1294 un-

432 1330 500 1392 ctis.
524 1331 654 1412 Propter
677 1332 761 1414 quod
785 1341 873 1395 sexto
900 1333 1083 1395 Etbicorum
1105 1332 1182 1394 dicit

432 1428 653 1511 Philosophus,
670 1431 755 1512 quod
771 1439 896 1513 oportet
910 1431 1073 1492 attendere
1089 1437 1121 1492 et
1135 1448 1182 1491 es-

432 1544 466 1587 se
484 1526 642 1588 intentum
663 1529 937 1591 enuntiationibus
958 1537 989 1590 et
1003 1529 1183 1591 aestimatio-

432 1623 527 1686 nibus
552 1625 714 1687 seniorum
740 1634 772 1688 et
795 1635 1010 1708 expertorum,
1032 1635 1181 1707 tanquam

432 1821 526 1884 libus.

470 1921 573 1994 Quum
598 1940 672 2004 ergo
697 1924 736 1985 ad
766 1924 995 1986 docibilitatem
1025 1923 1182 2005 pertineat

432 2027 466 2082 ut
481 2040 538 2102 per
557 2041 627 2084 cam
646 2023 687 2084 sit
706 2024 803 2086 bomo
823 2022 1002 2104 disciplinae
1019 2031 1050 2085 ct
1067 2023 1181 2084 instru-

431 2119 546 2181 ctionis
563 2119 644 2182 bene
659 2140 695 2182 ac
711 2129 857 2204 prompte
877 2121 1089 2202 susceptivus,
1106 2121 1181 2183 binc

431 2224 544 2299 quarto
573 2219 612 2280 ad
641 2219 844 2301 prudentiam
874 2226 996 2301 spectat
1024 2219 1179 2291 docilitas,

432 2334 490 2397 per
514 2335 610 2397 quam
635 2317 731 2379 homo
755 2324 894 2380 mentem
919 2337 1009 2379 suam
1033 2316 1178 2390 sollicite,

432 2422 614 2477 reverenter
642 2421 736 2496 atque
765 2416 892 2478 assidue
920 2415 1058 2498 applicat
1087 2415 1181 2477 docu-

432 2513 548 2576 mentis
563 2522 596 2576 et
610 2514 841 2578 directionibus
861 2515 1018 2596 majorum
1034 2521 1066 2576 et
1080 2514 1181 2576 senio-

430 2629 503 2672 rum
527 2630 563 2673 ac
587 2612 778 2687 doctiorum,
799 2631 858 2675 uec
883 2613 1047 2694 negligens
1068 2632 1104 2674 ea
1123 2631 1180 2694 per

430 2707 602 2789 ignaviam,
627 2728 732 2792 neque
757 2719 966 2774 contemnens
990 2730 1047 2793 per
1070 2729 1179 2792 super-

429 2806 516 2870 biam
548 2825 556 2870 :
586 2810 671 2891 quod
702 2809 735 2872 in
762 2809 946 2890 junioribus
975 2818 1007 2872 et
1033 2809 1179 2892 inerper-

1238 644 1321 707 bona
1342 645 1387 708 sic
1407 653 1614 728 acceptentur
1630 646 1715 728 quod
1737 645 1819 706 mala
1834 644 1986 705 vitentur.

1236 742 1306 804 Alia
1326 761 1454 824 quoque
1475 743 1582 825 aliqua
1605 744 1644 805 ad
1669 742 1871 824 prudentiam
1897 740 1989 822 perti·

1237 848 1324 912 nent,
1342 847 1376 901 ut
1391 839 1472 902 bene
1492 841 1664 914 consiliari,
1681 847 1712 902 ct
1727 838 1895 902 consiliata
1914 856 1987 900 con-

1236 955 1314 1017 grue
1336 939 1476 1020 exsequi.

1278 1035 1316 1097 Et
1333 1037 1423 1116 juxta
1443 1037 1501 1099 ista
1520 1055 1591 1119 quan
1610 1037 1649 1099 ad
1669 1037 1873 1118 prudentiam
1895 1035 1987 1118 perti-

1238 1141 1324 1206 nent,
1351 1133 1475 1195 diversa
1503 1142 1578 1196 sunt
1600 1135 1679 1196 vitia
1707 1153 1779 1216 quat
1809 1133 1986 1215 prudentia

1237 1239 1454 1312 opponuntur,
1471 1231 1620 1293 videlicet
1638 1249 1644 1293 :
1663 1231 1892 1313 imprudentia,
1910 1249 1986 1312 prae·

1238 1328 1380 1410 cipitatio
1403 1336 1458 1390 aut
1481 1330 1643 1391 temeritas
1667 1331 1752 1411 (quae
1776 1329 1987 1411 praecipitatio

1238 1428 1447 1489 contrariatur
1471 1435 1564 1491 rectia
1589 1428 1829 1508 consiliationi),
1848 1428 1986 1490 inconsi-

1238 1527 1369 1600 deratio,
1384 1527 1605 1600 inconstantia,
1620 1526 1812 1598 indocilitas,
1825 1526 1987 1608 negligen-
2097 1589 2098 1604 ,

1239 1625 1291 1686 tia.
1313 1625 1386 1696 Quae
1410 1625 1518 1686 omnia
1537 1626 1637 1687 vitare
1660 1625 1793 1687 omnino
1817 1625 1985 1697 debemus,
2097 1621 2098 1710 l

431 1723 622 1804 quibusdam
655 1724 979 1788 demonstrationibus
1013 1725 1045 1786 in
1078 1743 1180 1788 mora·
1200 1728 1270 1790 Bct
1291 1741 1359 1784 esse
1380 1723 1529 1797 ordinati,
1551 1723 1787 1805 circumspecti,
1812 1723 1930 1785 maturi
1949 1741 1987 1784 ac
2097 1725 2098 1780 l

1238 1820 1405 1901 diligentes
1430 1822 1462 1881 in
1488 1822 1649 1895 omnibus,
1672 1828 1759 1884 tauto
1783 1820 1896 1903 utique
1924 1840 1987 1882 ma·
2097 1817 2098 1842 ¹

1236 1920 1295 1999 gis,
1313 1927 1431 2000 quanto
1447 1921 1591 2000 graviora
1610 1918 1702 1982 uobis
1723 1920 1843 1982 instant
1861 1920 1987 2001 pericu·

1238 2017 1275 2079 la.
1293 2018 1360 2089 Quo
1374 2018 1461 2079 enim
1482 2017 1602 2098 majora
1617 2017 1783 2100 dispendia
1803 2018 1984 2091 imminent,

1236 2133 1275 2176 eo
1290 2115 1402 2196 majori
1418 2116 1584 2196 diligentia
1597 2135 1634 2178 ac
1650 2115 1851 2198 providentia
1866 2116 1987 2196 indige-

1235 2313 1375 2395 pericula
1390 2314 1454 2375 sint
1470 2314 1758 2396 incomparabiliter
1773 2332 1887 2395 magna
1902 2323 1932 2376 et
1947 2314 1988 2375 ir·

1236 2412 1455 2475 remediabilia
1478 2412 1569 2475 mala.
1596 2414 1675 2475 Hinc
1700 2413 1987 2496 circumspectissi-

1236 2511 1280 2572 mi
1300 2529 1336 2572 ac
1355 2511 1438 2574 bona
1458 2512 1673 2574 sollicitudine
1692 2511 1781 2594 pleni
1800 2530 1871 2574 csse
1890 2511 1985 2574 debe-

1235 2610 1498 2691 muspraesertim
1513 2611 1659 2672 divinum
1675 2610 1855 2673 subsidium
1868 2610 1987 2692 jugiter

1235 2708 1422 2783 invocando,
1434 2728 1533 2790 quum
1550 2710 1688 2791 propriis
1704 2708 1828 2771 viribus
1843 2728 1903 2772 nec
1919 2729 1984 2772 me·

1235 2807 1343 2869 ritorie
1358 2807 1483 2890 operari
1504 2825 1684 2890 possumus
1701 2826 1761 2870 nec
1781 2808 1984 2871 imminentia

428 2905 564 2969 tionibus
586 2907 725 2970 maxime
744 2908 957 2990 vituperabile
979 2908 1175 2990 perhibetur.
1196 2913 1410 2987 Cpraacavere
1440 2905 1592 2987 pericula,
1617 2925 1677 2968 nec
1705 2907 1923 2969 callidissimis
1945 2927 1983 2970 ac

427 3004 506 3066 Nam
526 3005 674 3087 quamvis
693 3006 731 3068 ad
751 3024 873 3082 omnes,
890 3014 997 3069 tamen
1017 3006 1178 3088 precipue

427 3103 466 3165 ad
478 3121 532 3167 eos
544 3104 690 3168 docilitas
706 3105 854 3188 pertinet.
865 3142 906 3151 -
918 3105 1035 3179 Quinto
1049 3105 1088 3167 ad
1105 3123 1178 3186 pru-

427 3201 568 3264 dentiam
585 3203 725 3285 pertinet
740 3203 997 3286 circumspectio,
1010 3222 1067 3285 per
1081 3221 1178 3285 quam

427 3300 568 3380 prudeus
591 3301 770 3363 considerat
791 3301 966 3364 bonitatem
989 3301 1177 3383 prudentiae,

428 3414 493 3460 non
508 3398 612 3460 solum
628 3399 805 3462 secundum
821 3419 865 3473 se,
884 3399 939 3461 sed
955 3399 1053 3460 etiam
1069 3417 1179 3460 secun-

428 3495 506 3556 dum
529 3494 784 3558 circumstantias
806 3496 939 3558 debitas.
956 3497 990 3558 ln
1011 3496 1179 3578 operabili·

429 3592 489 3654 bus
509 3612 648 3676 namque
664 3593 910 3676 particularibus
926 3593 1010 3656 circa
1025 3613 1096 3676 quaa
1110 3613 1179 3656 ver·

428 3698 516 3754 satur
531 3693 708 3774 prudentia,
716 3699 820 3774 potest
835 3711 904 3754 esse
918 3691 1047 3773 aliquod
1063 3691 1179 3755 bouum

428 3790 605 3854 secundum
626 3809 671 3864 sc,
688 3790 773 3873 quod
793 3797 899 3852 tamen
918 3809 956 3852 ex
973 3790 1179 3853 circumstan-

430 3890 472 3950 tia
491 3906 555 3951 non
576 3895 624 3950 est
640 3888 760 3952 bouum
778 3908 785 3951 :
804 3889 1072 3969 quemadmodum
1095 3889 1126 3950 in
1146 3909 1179 3952 se

428 3987 549 4050 bouum
566 3994 614 4049 est
629 3987 746 4049 dilecto
764 3986 913 4049 amicitiae
933 3987 1023 4066 signa
1037 3989 1180 4050 osteude-

1233 3005 1436 3067 atrocissimis
1451 3013 1566 3069 nostra
1581 3006 1689 3068 salutis
1704 3007 1895 3069 adversariis
1909 3027 1985 3089 prae·

1233 3103 1347 3166 valere.
1365 3105 1485 3167 Idcirco
1506 3105 1538 3166 in
1558 3104 1706 3186 praesenti
1723 3105 1858 3187 epistola
1876 3106 1983 3168 admo·

1233 3221 1348 3264 namur
1377 3202 1409 3264 in
1438 3201 1635 3265 orationibus
1659 3202 1803 3283 vigilare,
1829 3203 1981 3285 quoniam
1998 3213 2098 3269 taetris

1233 3300 1333 3364 bostis
1362 3308 1469 3362 noster
1498 3299 1644 3362 diabolus
1673 3307 1825 3382 tauquam
1853 3300 1902 3364 leo
1930 3321 1982 3363 ru·
1997 3293 2017 3331 ⁹·

1233 3399 1323 3479 giens
1348 3399 1508 3474 circumit,
1532 3418 1677 3481 quaerens
1700 3418 1798 3481 quem
1822 3400 1980 3465 devoret:

1235 3497 1287 3558 cui
1307 3514 1363 3559 nos
1382 3505 1507 3579 oportet
1524 3497 1670 3559 resistere
1690 3497 1763 3560 lorti
1781 3506 1814 3561 et
1830 3498 1984 3580 infrangi-

1235 3593 1292 3656 bili
1314 3595 1389 3668 lide,
1406 3615 1477 3677 quaa
1499 3603 1547 3657 est
1566 3595 1723 3658 bonorum
1745 3596 1890 3659 omnium
1910 3596 1985 3660 iun-

1235 3695 1430 3756 damentum.
1458 3695 1653 3757 Resistamus
1682 3712 1757 3776 ergo
1786 3695 1923 3769 diabolo,
1949 3695 1981 3756 id

1235 3800 1283 3854 est
1305 3791 1566 3854 multitudinibus
1594 3792 1775 3854 daemonum
1805 3810 1862 3855 uos
1892 3793 1983 3855 undi-

1235 3909 1296 3972 quc
1321 3890 1530 3953 ambientium
1558 3898 1589 3950 et
1613 3890 1882 3972 impugnantium.
1909 3891 1982 3964 Oui-

2097 2037 2098 2090 l

1237 2215 1385 2276 musb'cc
1401 2215 1531 2277 dubium
1547 2216 1621 2296 quin
1637 2224 1759 2278 aeterne
1775 2215 1986 2278 damnationis

428 4106 473 4161 re,
496 4087 581 4168 quod
604 4093 710 4148 tamen
733 4106 771 4148 ex
794 4086 1033 4148 circumstantia
1058 4087 1177 4150 bonum
1194 4093 1219 4156 D
1235 4089 1348 4162 dendo,
1366 4089 1436 4168 ejus
1455 4087 1611 4149 auxilium
1631 4087 1792 4150 ferventer
1810 4107 1847 4150 ac
1864 4089 1983 4170 jugiter

428 4204 492 4249 non
514 4193 608 4260 esset,
631 4204 690 4248 nec
714 4186 752 4248 ad
778 4185 879 4248 finem
904 4185 1042 4248 caritatis
1067 4205 1180 4250 conve-

428 4285 531 4360 niens,
548 4291 584 4346 ut
606 4285 632 4346 si
655 4304 694 4347 ex
715 4284 769 4346 tali
793 4285 974 4347 ostensione
997 4293 1180 4348 nasceretur

427 4385 544 4446 dilecto
572 4383 763 4446 adulationis
792 4383 933 4465 suspicio
957 4391 1011 4445 aut
1035 4386 1179 4466 quaedam

428 4483 533 4545 elatio.
555 4482 737 4563 indigemus
761 4483 858 4563 igitur
880 4483 1178 4565 circumspectione,

428 4600 492 4664 qua
514 4581 643 4644 oculum
666 4582 783 4644 mentis
805 4582 867 4656 late
889 4582 1178 4658 circumducamus,

428 4681 658 4752 considerando
672 4700 712 4742 an
728 4681 803 4742 illud
820 4683 902 4763 quod
918 4681 1111 4744 intendimus
1127 4702 1180 4745 seu

427 4787 584 4863 optamus,
592 4786 646 4841 aut
662 4780 694 4841 in
709 4779 810 4842 linem
826 4779 966 4861 aliquem
983 4781 1178 4856 ordinamus,

427 4881 469 4942 sit
488 4879 672 4961 expediens,
689 4879 840 4942 omuibus
861 4879 1109 4941 circumstantiis
1127 4878 1180 4941 be·

428 4997 468 5041 no
493 4978 643 5061 pensatis.
670 5013 711 5024 -
736 4978 773 5039 Et
802 4977 878 5060 quia
903 4977 935 5038 in
962 4976 1179 5058 operabilibus

428 5079 514 5141 circa
533 5096 604 5159 quae
622 5083 767 5140 versatur
786 5075 967 5157 prudentia,
984 5093 1067 5156 saepe
1088 5075 1179 5138 bonis

428 5185 460 5244 ct
479 5176 564 5241 veris
585 5175 726 5238 admixta
748 5180 823 5236 sunt
845 5173 928 5235 mala
948 5182 981 5236 et
1000 5173 1090 5249 falsa,
1108 5175 1179 5238 ideo

1236 4188 1421 4260 invocando,
1438 4186 1629 4249 dominicam
1654 4187 1836 4268 passionem
1855 4187 1981 4250 assidue

1235 4305 1271 4348 ac
1295 4286 1408 4347 intime
1433 4285 1611 4359 recolendo,
1632 4286 1696 4348 otia
1720 4284 1882 4366 fugiendo,
1906 4304 1981 4367 qua-

1235 4391 1306 4446 tuor
1324 4383 1498 4446 novissima
1521 4383 1712 4457 meditando,
1728 4383 1925 4446 orationibus
1945 4402 1982 4445 ac

1235 4481 1421 4564 psalmodiis
1437 4481 1587 4553 vacando,
1604 4490 1636 4543 ct
1651 4500 1778 4564 semper
1791 4481 1913 4564 aliquid
1929 4481 1982 4544 bo

1235 4582 1267 4643 ni
1283 4581 1415 4662 agendo,
1432 4580 1594 4660 Virginem
1615 4598 1741 4662 quoque
1760 4580 1929 4660 gloriosam
1950 4588 1983 4642 ct

1235 4681 1365 4743 Sanctos
1384 4697 1420 4741 ac
1440 4678 1567 4758 angelos
1590 4685 1713 4741 nostros
1733 4679 1879 4742 custodes
1901 4678 1982 4741 fidu-

1235 4780 1357 4841 cialiter
1378 4778 1563 4840 invocando.

1268 4878 1401 4959 Insuper
1415 4895 1472 4939 nos
1488 4877 1631 4938 bortatur
1644 4896 1789 4940 summus
1803 4878 1980 4959 Apostolus,

1235 4984 1270 5039 ut
1284 4985 1356 5038 aute
1374 4975 1481 5038 omnia
1496 4983 1638 5037 mutuam
1660 4976 1692 5037 iu
1710 4975 1802 5039 uobis
1819 4977 1980 5040 caritatem
1996 5003 2098 5050 ratast

1235 5075 1408 5137 babeamus
1430 5074 1625 5148 continuam,
1647 5082 1754 5158 utpote
1776 5075 1981 5140 dilectionem

1234 5182 1376 5238 sanctam
1400 5194 1437 5237 ac
1461 5174 1661 5257 spiritualem
1685 5175 1741 5239 Dei
1766 5194 1803 5239 ac
1824 5177 1984 5259 proximo-

2097 3901 2098 3954 l

1235 3991 1295 4052 bus
1314 3990 1527 4052 resistendum
1543 3998 1600 4062 est,
1618 3989 1651 4051 in
1666 3991 1731 4052 Deo
1745 3989 1870 4052 sortiter
1885 3991 1982 4053 conli-

2097 4651 2098 4688 l
