4140 6258
177 861 589 990 DOMINICA
635 863 762 987 XII
810 861 1020 986 POST
1068 857 1592 987 TRINITATEM

532 1532 834 1620 unianimo
867 1532 923 1619 IN
955 1531 1246 1619 EPISTOLAM

221 1843 225 1850 .
278 1799 546 1847 monsteuranni
567 1797 711 1844 manuus
732 1797 791 1844 rua
812 1795 963 1844 onnrsruu
983 1797 1026 1843 an
1047 1797 1140 1856 nanu,
1162 1795 1225 1843 aro.
1243 1781 1268 1842 ll
1285 1780 1352 1844 Gor.
1371 1798 1415 1854 ur,
1432 1780 1495 1844 4-9.

185 2080 283 2144 OCET
308 2096 366 2143 nos
389 2085 517 2141 sanctus
537 2076 706 2159 Apostolus
729 2075 762 2137 in
784 2093 863 2157 prae·
878 2074 904 2137 A
919 2076 971 2138 cit.
998 2077 1086 2140 Unde
1109 2085 1142 2141 et
1165 2077 1308 2141 Christus
1336 2077 1453 2141 latetur
1478 2093 1485 2139 :
1510 2077 1585 2140 Sine
1610 2095 1661 2139 me
1682 2095 1808 2148 raanan,

198 2179 281 2242 senti
296 2177 432 2259 epistola
446 2176 516 2237 tria.
534 2175 675 2238 Primum
690 2181 737 2237 est
753 2173 862 2235 huma·
919 2174 999 2236 nihil
1021 2175 1153 2258 potestis
1174 2174 1288 2239 iacere.
1677 2163 1696 2203 ⁵·

120 2299 165 2342 nae
187 2275 369 2358 fragilitatis
394 2273 579 2348 infirmitas,
605 2291 669 2356 qua
693 2271 775 2334 nihil
800 2289 864 2332 me·
960 2273 1026 2340 Qui
1045 2281 1075 2331 et
1098 2274 1227 2333 idoneos
1248 2292 1305 2334 eos
1325 2275 1405 2350 fecit
1428 2274 1608 2343 ministros,
1630 2271 1662 2333 id

120 2376 261 2439 ritorium
287 2392 458 2456 possumus
482 2391 576 2454 agere
597 2371 719 2454 absque
743 2369 863 2432 auxilio
918 2377 966 2431 est
989 2368 1055 2431 vita
1081 2376 1113 2432 et
1141 2370 1274 2433 scientia
1301 2370 1414 2452 dignos
1441 2370 1663 2452 predicatores

118 2475 232 2556 gratia.
255 2472 438 2537 Secundum
461 2479 509 2534 ost
530 2470 716 2552 magnitudo
737 2475 770 2530 ct
790 2467 862 2532 alli·
917 2475 1012 2548 atquc
1036 2467 1205 2548 apostolos,
1228 2470 1304 2528 novi
1329 2470 1536 2538 Testamenti,
1560 2467 1593 2530 id
1617 2475 1665 2530 est

120 2574 200 2636 cacia
221 2571 350 2654 pietatis
373 2589 410 2632 ac
432 2569 540 2652 gratim
563 2569 629 2631 Dei.
651 2567 793 2630 Tertium
815 2573 863 2628 est
918 2565 1109 2646 evangelica
1131 2565 1227 2647 legis3
1248 2585 1313 2626 non
1336 2568 1461 2637 littera,
1477 2565 1509 2628 id
1531 2573 1663 2628 estnon

119 2669 304 2733 excellentia
325 2667 517 2749 evangelicae
538 2666 617 2748 legis
641 2683 739 2748 super
759 2664 862 2746 legem
919 2681 976 2745 per
1004 2663 1207 2745 scripturam,
1233 2667 1289 2724 ced
1312 2666 1448 2740 spiritu,
1474 2664 1506 2725 id
1535 2670 1584 2726 est
1607 2682 1664 2746 per

117 2768 293 2830 llosaicam.
319 2767 429 2847 ltaque
458 2765 503 2827 ait
528 2783 535 2828 :
560 2766 737 2826 Fiduciam
764 2765 862 2822 tatem
918 2761 1193 2843 supernaturalem
1217 2762 1354 2843 Spiritus
1376 2761 1482 2824 Sancti
1503 2761 1664 2824 illumina·

117 2867 268 2926 dedemus
288 2881 350 2941 per
370 2865 537 2925 Christum
555 2865 599 2922 ad
617 2865 735 2930 Deam,
750 2861 783 2923 id
802 2867 861 2933 ost,
917 2859 1048 2922 tionem.
1065 2859 1133 2922 Non
1148 2859 1235 2921 enim
1251 2879 1308 2941 per
1323 2859 1512 2922 exteriorem
1528 2859 1663 2941 scriptu-

118 2981 263 3044 magnam
285 2979 375 3044 spem
391 2968 422 3024 et
437 2959 667 3023 confidentiam
683 2959 812 3020 sirmam
829 2957 863 3019 in
919 2977 997 3032 ram,
1023 2958 1079 3020 scd
1108 2976 1165 3039 per
1194 2957 1336 3020 divinam
1366 2957 1607 3020 instructionem
1633 2965 1663 3020 et

117 3062 178 3123 lieo
201 3060 370 3132 habemus,
396 3075 459 3122 non
485 3058 570 3140 quod
595 3057 718 3120 viribus
747 3055 863 3119 nostris
919 3057 1102 3118 unctionem
1129 3063 1323 3138 acceperunt
1339 3055 1483 3138 Apostoli
1508 3055 1665 3137 evangeli-

117 3158 233 3241 aliquid
253 3157 327 3221 boni
345 3156 567 3239 principaliter
580 3153 864 3218 adscribamusld-
919 3173 963 3218 cae
984 3153 1062 3234 legis
1077 3154 1251 3217 doctrinam
1271 3173 1290 3216 a
1309 3153 1444 3228 Christo,
1462 3153 1518 3236 qui
1538 3154 1663 3215 nullum

116 3275 152 3320 eo
175 3256 287 3320 subdit
308 3271 315 3318 :
337 3275 400 3316 non
426 3257 513 3334 qaod
536 3255 738 3332 sufficientes
761 3249 900 3312 simusB
919 3251 1018 3314 edidit
1033 3251 1225 3326 librum,sed
1241 3268 1295 3314 ore
1310 3259 1403 3313 tenus
1419 3251 1569 3313 instruxit
1583 3251 1664 3333 Apo·

115 3359 271 3434 copitore,
287 3361 319 3418 et
333 3371 390 3436 por
405 3369 604 3434 consequens
619 3369 678 3414 nec
694 3352 788 3424 velle,
805 3369 864 3412 nec
919 3350 1026 3423 stolos‚
1043 3351 1098 3432 qui
1114 3369 1228 3432 parum
1243 3357 1298 3412 aut
1312 3349 1394 3411 nihil
1410 3350 1610 3412 retinuerunt
1625 3368 1663 3412 ex

117 3452 213 3534 loqui,
230 3469 292 3514 neo
311 3467 404 3531 agere
424 3465 606 3530 possumus,
622 3449 753 3527 aliquid
772 3447 866 3510 meri·
918 3448 1035 3512 Christi
1049 3448 1202 3511 doctrina.
1219 3448 1341 3511 idcireo
1356 3454 1428 3530 post
1446 3466 1537 3510 suam
1556 3465 1663 3510 ascen-

117 3550 232 3616 torium
254 3569 275 3610 a
298 3549 400 3618 nobis,
422 3547 454 3609 id
476 3553 524 3608 cst
546 3545 675 3628 propria
698 3551 863 3627 potestate,
918 3547 1040 3609 sionem
1057 3546 1144 3609 misit
1158 3546 1205 3609 eis
1220 3545 1374 3628 Spiritum
1389 3546 1552 3619 Sanctum,
1568 3565 1586 3607 a
1602 3563 1665 3628 quo

117 3633 211 3728 quasi
222 3669 266 3710 ere
282 3648 385 3718 nobis,
402 3645 434 3708 id
449 3651 498 3707 est
513 3652 664 3726 tanquam
680 3663 719 3706 ex
736 3643 866 3726 propria
918 3646 957 3708 de
978 3643 1129 3708 omnibus
1153 3643 1388 3726 pertinentibus
1410 3645 1450 3707 ad
1470 3643 1665 3707 informatio

116 3745 354 3828 principalique
378 3763 482 3808 causa.
507 3743 585 3806 Nam
611 3741 759 3824 quamvis
789 3740 865 3803 libe·
919 3762 991 3806 nem
1017 3742 1166 3806 Ecclesia
1190 3750 1223 3804 et
1245 3742 1379 3806 salutem
1406 3743 1591 3824 plenissimo
1616 3741 1665 3804 lu-

116 3863 185 3906 rum
201 3843 374 3906 arbitrium
391 3843 433 3905 sit
447 3841 556 3924 aliquo
572 3840 665 3903 modo
681 3857 776 3902 causa
790 3856 864 3920 ope·
919 3851 1013 3905 eruut
1034 3842 1192 3916 instructi,
1213 3842 1390 3904 secuudum
1415 3843 1499 3923 quod
1522 3841 1664 3904 Christus

115 3942 157 4004 ris
177 3941 348 4014 meritorii,
370 3939 447 4022 quia
466 3940 558 4002 aliter
578 3957 637 4001 nec
657 3955 863 4011 mereremur,
919 3941 965 4003 eis
986 3940 1171 4023 frequenter
1190 3940 1347 4022 predixit,
1365 3947 1430 4002 tam
1451 3947 1524 4002 ante
1546 3939 1664 4021 passio-

114 4059 171 4103 neo
197 4039 453 4122 praemiaremur,
479 4054 544 4100 non
567 4045 674 4099 tamen
699 4043 747 4098 est
771 4053 866 4098 causa
919 4058 991 4101 nem
1022 4058 1124 4112 suam,
1150 4038 1327 4121 prasertim
1357 4039 1389 4100 in
1420 4056 1566 4102 sermone
1595 4047 1665 4121 post

113 4137 306 4220 prineiptlis
331 4136 430 4210 illius,
451 4136 507 4198 sed
532 4135 654 4216 indiget
676 4142 742 4197 tam
765 4133 866 4214 gratia
920 4139 1172 4219 ennumquam
1193 4144 1369 4219 postsuam
1387 4137 1662 4200 resurrectionem.

112 4245 239 4317 gratum
262 4235 399 4299 iaciente
420 4241 452 4297 ot
466 4233 532 4297 lide
551 4241 583 4296 et
598 4233 727 4296 caritate
748 4232 863 4307 inlusa,
919 4235 997 4297 llinc
1014 4253 1129 4297 novum
1145 4235 1381 4297 Testamentum
1397 4242 1526 4297 vocatur
1540 4234 1590 4297 lex
1606 4236 1666 4317 spi-

111 4354 208 4418 quam
229 4333 348 4398 actuali
369 4333 509 4396 motione
529 4332 666 4414 Spiritus
686 4331 792 4394 Sancti
812 4349 864 4393 ex·
919 4335 1008 4398 ritus.
1026 4334 1120 4396 Porro
1141 4334 1191 4396 lex
1213 4333 1328 4415 lloysis
1347 4333 1526 4415 appellatur
1547 4333 1597 4395 lex
1616 4333 1664 4394 lit-

112 4435 241 4497 citantis
273 4435 381 4515 ipsum
409 4433 449 4495 ed
479 4431 571 4504 bona,
602 4439 637 4492 ut
665 4431 788 4494 dictum
817 4437 866 4492 ast
881 4429 903 4493 C
920 4440 1004 4505 tera,
1024 4431 1100 4514 quia
1122 4431 1155 4493 in
1179 4430 1297 4494 tabulis
1320 4450 1376 4514 per
1400 4432 1591 4514 scripturam
1616 4438 1664 4494 est

16 4555 35 4594 ι’
63 4571 96 4608 u.
110 4553 205 4616 sape.
235 4532 318 4596 lline
348 4530 424 4594 alibi
450 4529 529 4592 dicit
550 4529 721 4613 Apostolus
747 4545 754 4590 :
781 4529 864 4591 Deus
918 4532 1000 4606 data,
1017 4538 1052 4592 ut
1072 4537 1158 4612 patet
1177 4529 1210 4591 in
1230 4529 1347 4593 Exodo.
1369 4529 1414 4594 Ob
1434 4550 1531 4613 quam
1552 4529 1663 4592 distin·
1678 4547 1811 4598 caenam,

110 4640 266 4715 operatur
280 4631 314 4692 in
330 4629 421 4692 vobis
436 4636 468 4692 et
482 4628 564 4691 velle
578 4636 611 4691 at
625 4627 865 4710 perticensem
918 4630 1057 4693 ctionem
1077 4628 1313 4704 insinuandam,
1334 4628 1488 4692 Dominus
1512 4629 1556 4692 ait
1578 4629 1664 4712 apud
1679 4613 1811 4720 {{{¹‘¹¹'‘⁴'

109 4733 320 4810 aifficientia
335 4737 448 4790 nestra
463 4747 504 4787 ea·
519 4731 585 4790 lieo
600 4737 659 4798 est,
675 4727 706 4789 id
727 4735 784 4800 est,
801 4727 864 4788 vir·
916 4728 1085 4791 ieremiam
1103 4745 1110 4789 :
1128 4727 1209 4789 Ecce
1224 4726 1292 4789 dies
1308 4727 1451 4802 veniunt,
1468 4727 1546 4790 dioit
1560 4728 1666 4790 Domi·
1692 4752 1739 4796 re.
1753 4763 1809 4801 uxi,

110 4838 160 4891 tus
180 4839 214 4892 ct
228 4827 381 4892 ellicacia
401 4826 563 4890 meritorie
583 4825 753 4908 cogitandi,
770 4844 865 4908 appe·
917 4849 990 4904 nus,
1006 4835 1038 4891 et
1053 4826 1167 4890 leriam
1184 4826 1293 4889 domui
1307 4826 1402 4888 lsrael
1417 4834 1449 4888 et
1462 4827 1571 4890 domui
1586 4827 1665 4890 luda
1680 4821 1713 4866 ³¹·
1725 4819 1760 4863 ³²·

110 4929 211 5002 tendi,
230 4927 398 5011 loquendi,
416 4925 530 5007 agendi
552 4933 583 4988 ot
605 4925 757 5007 patiendi,
780 4924 865 5006 prin·
918 4935 1047 5010 pactum
1063 4943 1264 5000 novum,non
1280 4924 1342 4986 tale
1356 4924 1450 5006 quale
1466 4925 1573 5007 pepigi
1590 4943 1662 4988 cum

110 5024 263 5108 cipalitcr
282 5025 416 5108 profluit
434 5030 466 5086 ct
484 5024 644 5106 dependet
663 5041 702 5086 ex
716 5023 791 5097 Deo,
808 5040 864 5085 sou
919 5026 1063 5108 patribus
1084 5042 1207 5088 eorum.
1224 5025 1353 5084 Littera
1375 5024 1474 5093 enim,
1490 5022 1522 5085 id
1544 5032 1592 5087 est
1613 5024 1663 5088 lex

109 5143 147 5187 ex
178 5123 325 5187 motione
353 5131 385 5186 ot
413 5121 516 5205 gratia
541 5121 678 5204 Spiritus
702 5122 820 5196 Sancti,
846 5140 865 5183 a
918 5131 1009 5187 vetus
1034 5124 1162 5206 scripta,
1183 5125 1301 5184 occidit
1325 5121 1575 5197 occasionaliter,
1601 5142 1663 5188 non

16 5241 174 5307 e.1,n.quo
195 5239 298 5287 omne
319 5222 439 5285 donum
461 5220 620 5304 optimum
643 5227 675 5284 et
694 5238 790 5284 omne
813 5221 865 5284 da·
918 5223 1049 5297 directo,
1066 5223 1142 5305 quia
1158 5223 1190 5284 in
1207 5240 1240 5285 se
1256 5221 1339 5285 bona
1354 5220 1416 5282 luit
1432 5239 1439 5282 ε
1456 5221 1512 5284 sed
1530 5223 1664 5303 gratiam

108 5331 178 5388 tum
201 5319 388 5406 perfectum
407 5319 583 5395 deseendit,
604 5327 639 5384 ut
658 5320 794 5384 lacobus
815 5320 862 5384 di·
917 5338 981 5386 non
1011 5320 1194 5385 continebat
1222 5338 1281 5384 nec
1310 5319 1415 5395 dabat,
1439 5319 1665 5402 concupiscen-
