4206 6258
479 469 540 532 612
801 489 949 536 nournrcn
969 490 1046 535 xxru
1067 489 1139 535 rosa
1159 487 1352 534 rnrutrnrnu.
1371 505 1412 516 —
1433 489 1532 535 senno
1552 489 1701 537 succubus

479 659 666 733 ambulavit,
675 667 707 722 et
722 659 790 742 ipse
805 660 987 739 ambulare;
1004 659 1075 723 ideo
1090 658 1226 741 quilibet
1240 656 1267 721 A
1281 658 1441 740 patientia
1454 659 1589 741 gratiam
1605 659 1744 734 contulit,
1759 667 1841 743 atque
1853 660 1884 722 ab
1896 662 1962 745 inpr-

480 766 624 820 nostrum
648 759 738 839 juxta
763 759 928 822 modulum
957 779 1050 822 suum
1077 765 1108 821 et
1136 759 1226 839 iuxta
1280 757 1393 819 tientia
1414 775 1471 820 nos
1491 759 1703 841 praeservavit.

480 876 545 920 sua
572 857 748 920 vocationis
779 858 983 940 exigentiam,
1013 857 1103 941 sequi
1133 856 1227 919 debet
1320 857 1478 940 Amplius,
1495 859 1584 921 sitin
1600 876 1784 940 unoquoque
1802 865 1916 921 nostrum
1929 879 1963 922 ve

480 956 650 1019 Dominum
672 956 780 1020 lesum
802 957 833 1018 in
856 956 985 1038 praelata
1005 955 1125 1038 triplici
1145 955 1226 1018 veri·
1282 973 1316 1017 ra
1335 963 1367 1017 et
1388 955 1563 1038 spiritualis
1587 957 1725 1030 dilectio,
1746 965 1779 1018 ut
1797 957 1961 1038 proximoruu

478 1061 551 1117 tate.
569 1056 678 1138 ltaque
694 1055 799 1137 primo
814 1055 847 1116 in
867 1055 960 1118 nobis
979 1073 1048 1118 esse
1068 1054 1162 1116 debet
1176 1071 1226 1116 ve·
1282 1055 1548 1130 emendationem,
1579 1054 1765 1138 proiectum,
1789 1055 1899 1118 salutem
1919 1063 1963 1118 tan-

478 1153 555 1216 ritas
576 1154 660 1229 vitta,
677 1161 713 1217 ut
734 1154 835 1217 simus
858 1153 1012 1218 veraciter
1033 1152 1178 1226 virtuosi,
1195 1158 1226 1214 et
1281 1171 1378 1234 quam
1392 1153 1554 1236 propriam
1574 1153 1798 1216 beatitudinem
1815 1163 1962 1236 appetamus,

478 1259 543 1314 tota
564 1253 763 1315 conversatio
788 1260 894 1315 nostra
917 1251 1087 1315 concordet
1110 1250 1226 1313 divinae
1281 1269 1399 1334 cosque
1413 1253 1572 1316 adificare
1587 1253 1694 1316 verbis
1709 1261 1740 1315 et
1754 1253 1962 1328 matisconem,

479 1351 551 1432 legi.
570 1352 617 1414 Sit
631 1368 706 1434 ergo
721 1352 753 1413 in
774 1351 918 1434 quolibet
939 1359 1083 1414 nostrum
1098 1349 1226 1411 humili·
1280 1357 1312 1413 et
1327 1351 1544 1433 indigentibus
1561 1360 1625 1414 tam
1641 1353 1673 1415 iu
1694 1353 1887 1434 spiritualibus
1898 1373 1962 1434 quau

346 1464 410 1511 aean
411 1481 464 1520 xxxxx
478 1457 526 1510 tas
541 1449 610 1512 sine
624 1449 767 1524 fictione,
785 1451 860 1532 quia
874 1457 910 1512 ut
924 1450 967 1512 ait
983 1449 1155 1531 Scriptura,
1171 1448 1227 1510 Est
1281 1450 1544 1532 incorporalibus
1560 1470 1617 1534 pro
1632 1451 1754 1514 viribus
1766 1451 1868 1533 jugiter
1876 1471 1964 1514 suant·

332 1532 367 1572 ²³·
479 1548 533 1630 qui
549 1548 696 1630 nequiter
710 1567 744 1611 se
763 1546 922 1623 humiliat,
938 1555 970 1610 et
990 1548 1140 1610 interiora
1154 1546 1224 1626 ejus
1280 1567 1399 1622 ramus,
1419 1556 1589 1631 pensantes
1609 1549 1688 1611 illud
1702 1549 1820 1612 loannis
1834 1566 1840 1610 :
1853 1549 1905 1611 Non
1917 1550 2032 1610 dili-um

478 1645 572 1728 plena
587 1654 661 1709 sunt
676 1647 758 1709 dolo.
776 1647 844 1709 lrno
863 1646 994 1728 quidam
1014 1653 1088 1709 sunt
1103 1647 1146 1708 ita
1160 1664 1225 1707 am·
1278 1660 1390 1723 gamus
1411 1643 1510 1708 verbo
1530 1662 1634 1726 neque
1659 1644 1774 1725 lingua,
1793 1645 1841 1708 sed
1860 1663 1930 1727 opera
1943 1631 1990 1708 alst·

476 1743 596 1818 bitiosi,
613 1752 648 1807 ut
672 1744 796 1825 lingant
819 1763 853 1807 se
877 1744 1024 1818 honores,
1044 1743 1154 1806 ollicia
1178 1743 1224 1804 di·
1279 1743 1421 1806 veritate.

475 1841 675 1924 gnitatesque
701 1841 822 1924 sugere,
841 1849 998 1924 quatenus
1022 1861 1080 1924 per
1103 1842 1163 1905 hoc
1188 1843 1260 1906 eall
1318 1841 1426 1925 ltaque
1450 1860 1579 1905 omnem
1602 1843 1840 1916 simulationem,
1857 1843 1964 1905 callidita·

474 1939 601 2004 facilius
616 1941 835 2024 adipiscantur
851 1959 857 2003 :
875 1960 948 2003 nam
964 1941 1065 2004 honor
1079 1941 1224 2023 sequitur
1279 1948 1343 2004 tem
1367 1959 1404 2003 ac
1433 1941 1654 2023 duplicitatem
1683 1943 1821 2004 vitemus.
1845 1941 1964 2004 Simulato
1979 1968 2037 2009 ran.

473 2039 661 2122 fugientem.
678 2041 812 2116 Quidam
828 2058 956 2124 quoque
971 2059 1005 2104 se
1021 2041 1106 2123 ipsos
1123 2040 1223 2102 abun·
1279 2057 1329 2101 res
1344 2038 1430 2102 enim
1446 2047 1478 2101 ot
1493 2040 1600 2103 callidi
1615 2047 1787 2123 provocant
1800 2040 1866 2102 iram
1878 2040 1926 2102 llei.
1940 2040 1964 2101 lit
1974 2035 1992 2074 ¹²

435 2143 436 2146 ’
475 2137 586 2201 danter
605 2147 766 2214 accusant,
783 2147 815 2202 et
834 2146 941 2201 tamen
964 2139 990 2201 si
1011 2138 1224 2221 corripiantur
1276 2138 1411 2201 lacobus
1425 2139 1538 2202 asserit
1554 2157 1562 2201 :
1577 2139 1633 2202 Vir
1647 2139 1765 2222 duplex
1777 2139 1877 2212 animo,
1890 2139 2034 2200 incon-iasa

474 2237 515 2299 ab
535 2237 608 2314 alio,
626 2238 842 2320 indignantur,
860 2238 925 2300 imo
944 2256 1003 2301 nec
1020 2237 1222 2320 superiorum
1279 2243 1364 2299 stans
1379 2237 1475 2299 estin
1490 2237 1640 2300 omnibus
1656 2236 1966 2299 viissuislndcinlc·

475 2353 606 2398 suorum
627 2336 729 2417 justas
750 2336 1014 2419 reprehensiones
1038 2336 1223 2418 aequanimi·
1278 2334 1455 2397 clesiastico
1470 2334 1606 2397 habetur
1622 2353 1629 2396 :
1646 2335 1700 2398 l'ae
1720 2335 1831 2418 duplici
1844 2335 1923 2396 corde.
1935 2333 2009 2394 stra
2028 2349 2036 2384 s.

473 2441 523 2496 ter
537 2434 653 2498 lerunt.
671 2436 709 2498 Ili
724 2453 799 2517 ergo
815 2453 878 2499 non
894 2443 969 2498 sunt
983 2434 1149 2498 sinceriter
1163 2433 1221 2496 hu·
1278 2451 1352 2514 ergo
1368 2433 1505 2496 inomni
1525 2450 1620 2516 opere
1635 2441 1746 2496 nostro
1765 2433 1880 2496 intentio
1893 2441 1967 2495 nostra

476 2532 580 2607 miles,
597 2552 657 2597 nce
677 2534 750 2598 vita
771 2534 888 2596 veritas
910 2534 993 2597 inest
1013 2534 1070 2596 eis.
1278 2531 1414 2615 simplex
1430 2540 1461 2595 ct
1476 2539 1571 2606 reeta,
1589 2540 1624 2595 ut
1639 2533 1700 2596 soli
1717 2533 1777 2596 Deo
1791 2551 1894 2596 summe
1905 2530 1966 2592 acl·

512 2631 657 2714 Insuper,
675 2631 764 2695 sitin
780 2632 924 2714 quolibet
938 2639 1083 2696 nostrum
1098 2631 1221 2714 patien·
1277 2630 1392 2693 naliter
1406 2631 1604 2714 complacere
1620 2639 1868 2715 optemus,atque
1879 2632 1908 2693 ad
1919 2630 1967 2709 ejus

475 2729 519 2792 tia
542 2749 627 2806 vern,
654 2737 690 2792 ut
713 2749 772 2794 neo
797 2730 875 2794 ioris
900 2730 1107 2813 impatientia
1131 2730 1222 2811 signa
1277 2730 1430 2793 honorem
1452 2738 1484 2793 et
1503 2730 1636 2812 gloriam
1657 2731 1767 2794 omnia
1786 2731 1934 2793 relemuus.

472 2837 765 2902 monstremus‚neo
781 2828 866 2890 intus
883 2828 1050 2891 turbemur
1065 2835 1119 2890 aut
1135 2847 1221 2890 mnr-
1316 2829 1467 2894 Praetcrea
1497 2849 1670 2912 sequamur
1696 2831 1854 2894 Dominum
1873 2829 1968 2891 salvato

471 2946 648 3002 muremus,
664 2928 720 2990 sed
741 2935 847 2991 mente
863 2944 1049 2990 maneamus
1068 2927 1221 3008 tranquil·
1276 2946 1343 2990 rem
1360 2928 1393 2990 in
1412 2929 1545 2992 veritate
1564 2929 1730 3006 doctrina,
1746 2931 1831 2992 itaut
1846 2925 1968 2991 neclalsis

471 3025 503 3088 li.
529 3027 633 3100 Quum
659 3026 746 3089 enim
771 3027 867 3090 etiam
898 3044 1004 3090 coram
1034 3025 1219 3089 hominibus
1237 3030 1258 3095 c
1276 3026 1429 3090 doctrinis
1454 3029 1703 3104 consentiamus,
1725 3048 1782 3092 nec
1802 3028 1916 3110 aliquem
1934 3025 1969 3086 do

469 3126 640 3189 honestum
655 3125 697 3188 sit
712 3125 898 3208 patientiam
914 3142 1112 3199 conservare,
1122 3143 1158 3187 ac
1174 3125 1220 3186 in·
1277 3145 1406 3189 ceamus
1421 3126 1484 3189 nisi
1499 3128 1584 3209 quod
1599 3146 1715 3191 verum
1729 3135 1786 3203 est,
1800 3127 1873 3190 unde
1884 3143 1929 3188 nec
1939 3121 1970 3184 in-

470 3225 636 3288 honestum
649 3224 876 3307 impatientiam
888 3223 1219 3305 demonstrare(quum
1276 3233 1362 3288 certa
1381 3227 1625 3307 pronuntiemus
1640 3235 1676 3288 ut
1697 3236 1790 3290 certa.
1805 3227 1873 3288 llinc
1887 3225 1918 3286 ad
1931 3224 1970 3285 lla·

337 3329 456 3386 Pro-uu
473 3324 621 3388 Salomon
646 3330 840 3406 protestetur
857 3339 863 3385 :
881 3323 939 3397 Qui
964 3322 1135 3405 impatiens
1159 3329 1217 3397 est,
1276 3324 1375 3388 braeos
1390 3324 1685 3387 dicitur:lloctrinis
1697 3326 1791 3389 variis
1804 3331 1832 3388 et
1843 3321 1972 3408 peregrinis
1981 3337 2046 3384 neat

325 3397 445 3504 ¹⁷1'„·,1‚2„
472 3431 622 3506 operatur
637 3422 823 3502 stultitiam;
839 3428 871 3484 et
885 3440 1005 3497 rursus,
1022 3421 1080 3495 Qui
1096 3422 1219 3504 patiens
1276 3423 1374 3487 nolite
1397 3423 1530 3504 abduci3
1556 3431 1587 3486 et
1612 3423 1703 3499 alibi,
1729 3425 1795 3488 Non
1817 3421 2041 3494 circumlata-rau

473 3522 641 3598 est,multa
655 3521 851 3603 gubernatur
865 3520 1149 3603 prudentia);hinc
1164 3519 1221 3583 ali·
1276 3543 1349 3586 mur
1370 3523 1457 3586 omni
1477 3531 1571 3587 vento
1589 3524 1753 3590 doctrina.
1769 3521 1905 3606 Quidquid
1920 3505 2000 3600 ergo*

473 3621 529 3704 qui
552 3620 737 3702 versipelles
761 3639 795 3682 se
820 3619 972 3681 simulant
996 3619 1163 3702 patientes,
1179 3636 1220 3680 na
1276 3622 1401 3685 veritati
1417 3641 1513 3685 sacrae
1529 3623 1702 3705 Scriptura
1717 3632 1750 3687 et
1766 3617 1972 3686 determinationi

473 3721 514 3782 ob
541 3719 773 3800 impatientiam
796 3737 886 3781 suam
910 3717 1065 3780 vilescant
1085 3717 1222 3780 homiui·
1276 3739 1312 3783 ac
1326 3721 1476 3784 doctrina
1491 3721 1640 3786 Ecclesia
1655 3722 1975 3800 contrariatur,tcuquan

473 3818 535 3881 bus
562 3835 568 3880 :
594 3826 626 3880 et
653 3825 761 3880 tamen
786 3817 871 3880 intus
901 3817 1110 3900 impatientia,
1141 3817 1221 3879 indi·
1275 3819 1484 3882 falsissimum
1506 3819 1689 3901 abjiciatur.

474 3917 634 3999 guntione,
665 3917 876 3979 amaritudine
907 3916 993 3999 pleni
1023 3922 1108 3990 sunt,
1134 3923 1165 3978 et
1193 3915 1221 3978 si
1284 3982 1288 3991 ,
1316 3918 1477 3981 Postremo
1495 3937 1667 4001 sequamur
1687 3926 1721 3983 et
1740 3919 1885 3984 Christum
1901 3915 1925 3978 in
1940 3931 1976 3974 ve-

475 4015 696 4098 opportunitas
727 4015 773 4076 eis
804 4015 989 4088 occurrerit,
1021 4033 1055 4077 se
1083 4015 1222 4097 graviter
1277 4016 1369 4079 ritate
1388 4017 1528 4098 justitiae,
1544 4024 1580 4079 ut
1598 4025 1663 4081 tam
1684 4037 1759 4082 vere
1778 4037 1812 4080 ac
1831 4010 1976 4079 inviolabili

326 4131 460 4186 lauacro.
476 4116 684 4178 ulciscuntur.
705 4114 785 4176 Hinc
809 4113 854 4176 ait
877 4114 1032 4196 Sapiens:
1050 4114 1108 4187 Qui
1132 4113 1223 4176 dissi·
1277 4124 1325 4178 ter
1338 4116 1416 4197 justi
1432 4117 1543 4191 simus,
1561 4117 1646 4199 quod
1661 4136 1722 4200 pro
1741 4117 1825 4181 nulla
1843 4133 1898 4178 rea
1913 4107 1976 4174 recti·

476 4213 577 4276 mulat
597 4213 760 4293 injuriam,
777 4211 911 4274 callidus
931 4220 987 4274 est.
1004 4212 1059 4274 lsti
1080 4213 1152 4294 plus
1169 4231 1221 4274 ve·
1236 4211 1260 4274 D
1277 4216 1388 4278 tudine
1403 4215 1560 4298 equitatis
1575 4215 1757 4292 flectamur,
1774 4225 1808 4278 ut
1820 4233 1872 4279 nec
1883 4217 1976 4296 propte:

474 4321 586 4376 rentur
613 4311 798 4374 hominibus
826 4311 997 4393 displicere
1021 4329 1118 4392 quam
1145 4311 1219 4374 Deo.
1277 4314 1420 4390 adversa,
1435 4333 1540 4397 neque
1561 4313 1602 4377 ob
1627 4332 1781 4398 prospera
1800 4314 1977 4378 recedamusa

473 4411 592 4473 lterum
607 4409 718 4492 aliqui,
731 4426 769 4472 eo
784 4416 927 4491 tempore
942 4427 1006 4490 quo
1021 4409 1068 4471 eis
1083 4409 1221 4472 adversi·
1277 4412 1421 4487 veritate,
1438 4431 1497 4475 nec
1521 4431 1591 4475 eam
1614 4413 1691 4476 dum
1713 4412 1871 4497 pandenda
1889 4417 1926 4472 ast
1943 4422 1976 4468 oc·

473 4515 521 4571 tas
537 4527 592 4571 seu
609 4508 727 4589 injuria
741 4507 868 4581 accidit,
876 4506 1062 4588 patientiam
1078 4515 1220 4587 servant;
1278 4511 1436 4574 cultemus
1454 4529 1460 4573 :
1478 4511 1554 4593 quia
1573 4518 1608 4574 ut
1626 4511 1670 4574 ait
1685 4512 1919 4596 chrysostomus,
1932 4505 1978 4568 Non

474 4614 583 4688 postea
615 4623 689 4669 varo
723 4607 800 4669 dum
834 4605 986 4687 injuriam
1020 4606 1066 4668 eis
1100 4606 1220 4669 illatam
1277 4609 1380 4672 solum
1407 4616 1456 4672 est
1479 4610 1622 4691 proditor
1646 4611 1788 4674 veritatis
1817 4609 1866 4692 qui
1887 4603 1978 4669 monde

473 4705 630 4768 reducunt
653 4705 692 4767 ad
716 4710 869 4778 mentem,
886 4704 1085 4786 impatientia
1107 4724 1221 4786 magna
1277 4707 1363 4770 cium
1388 4707 1540 4790 loquitur,
1558 4709 1613 4771 sed
1637 4709 1735 4772 etiam
1759 4709 1814 4792 qui
1834 4725 1889 4771 non
1908 4704 1979 4767 libera

473 4805 659 4888 implentur,
681 4823 778 4885 seque
802 4803 877 4866 talia
901 4805 1121 4886 aequanimiter
1145 4805 1221 4868 tole·
1276 4807 1462 4890 pronuntiat
1491 4807 1658 4870 veritatem
1689 4828 1787 4890 quam
1815 4802 1979 4891 pronuntiare

472 4923 558 4967 rasse
581 4901 846 4976 verecundantur,
862 4909 956 4982 atque
981 4902 1019 4964 ad
1044 4901 1221 4989 retribuen-
1276 4912 1471 4987 oportet‚aut
1486 4923 1550 4968 non
1565 4905 1667 4969 libere
1680 4925 1752 4970 earn
1768 4905 1900 4970 defendit
1911 4916 1980 4984 quan

473 5003 550 5066 dum
567 5002 650 5065 mala
664 5018 722 5084 pro
739 4999 831 5062 malis
846 5019 880 5062 se
895 5007 1022 5062 acuunt.
1036 5000 1081 5063 Sit
1097 5020 1171 5082 ergo
1186 5001 1219 5064 in
1275 5011 1399 5086 oportet
1419 5003 1601 5068 defendere.
1618 5006 1749 5080 Rursus,
1771 5012 1895 5070 testante
1911 5000 1980 5080 Chip-

473 5102 566 5166 nobis
581 5100 735 5184 patientia
750 5099 844 5162 lirma
857 5118 894 5162 ac
910 5099 1043 5174 stabilis,
1059 5101 1145 5162 etde
1160 5100 1219 5164 hoc
1275 5110 1422 5177 sostomo,
1433 5103 1464 5167 Si
1480 5112 1610 5187 propter
1625 5104 1773 5168 timorem
1791 5104 1892 5168 mortis
1904 5109 1980 5163 tacere

473 5202 558 5285 quod
573 5200 706 5264 adversa
719 5197 940 5280 aequanimiter
954 5198 1094 5274 tulimus,
1106 5199 1219 5280 glorie·
1274 5202 1442 5265 veritatem
1463 5202 1610 5286 impietas
1629 5211 1688 5279 est,
1703 5205 1862 5286 quomodo
1881 5217 1933 5265 non
1949 5201 1982 5259 est

473 5321 546 5366 mur
568 5299 601 5363 in
621 5298 766 5372 Domino,
783 5297 988 5378 regratiantes
1008 5297 1112 5362 eidem
1133 5297 1219 5382 quod
1276 5300 1378 5383 major
1392 5301 1540 5384 impietas
1559 5309 1689 5385 propter
1704 5303 1856 5368 miserum
1871 5307 1982 5364 ventrem
