4214 6254
468 485 528 552 lit
839 506 987 554 noururca
1009 507 1018 551 ι
1038 506 1113 552 ιοιι
1132 505 1329 552 ιιιιιιιιτιιι.
1350 523 1389 533 -
1411 505 1511 552 suerro
1530 506 1656 552 romnus

470 675 569 739 homo
586 674 808 759 multipliciter
829 674 929 756 possit
947 674 1100 736 excedere
1121 673 1153 735 iu
1170 675 1263 737 ιι-ιι
1317 674 1433 747 Quarto
1452 675 1698 756 reprehenditur
1715 673 1805 736 dives
1824 673 1882 734 iste
1902 673 1937 734 de
1955 673 1998 736 im·

472 774 561 848 stitu,
578 783 610 836 et
629 774 733 856 qualis
750 791 820 835 esse
839 772 952 834 debeat
968 772 1219 835 Christianorum
1277 771 1495 835 misericordia
1524 771 1615 834 valde
1646 790 1771 853 magna,
1795 771 1879 852 quod
1904 769 1997 834 lazaro

324 889 456 947 ιιιιιιιι,
472 872 618 945 vestitus,
634 892 731 955 supra
750 888 935 953 expressum
956 878 1004 932 est
1025 871 1057 932 in
1074 886 1220 932 sermone
1277 877 1341 931 tam
1356 888 1456 952 egeno
1470 877 1502 933 ct
1516 887 1600 950 aegro
1616 887 1680 932 nou
1696 869 1860 932 condoluit
1872 887 1927 932 nec
1940 868 1997 931 sub

323 961 434 1015 Μ’·
472 978 584 1051 quarto
608 970 692 1031 circa
719 967 919 1049 evangelium
947 967 1095 1030 secundae
1121 965 1221 1028 domi·
1275 968 1364 1030 venit
1380 985 1387 1030 :
1405 969 1490 1050 quod
1510 968 1572 1030 luit
1591 975 1702 1031 contra
1723 967 1825 1048 legem
1846 967 1997 1028 naturalem

472 1065 552 1130 nicae
576 1066 738 1130 Adventus
765 1084 772 1127 :
798 1065 918 1128 idcirco
942 1065 981 1127 dc
1007 1065 1067 1127 hoc
1093 1065 1219 1146 require
1274 1073 1370 1147 atque
1385 1067 1538 1128 divinam.
1556 1067 1617 1128 lsta
1638 1065 1810 1128 crudelitas
1829 1063 1997 1126 summeab·

470 1163 603 1239 ibidem,
620 1173 655 1227 ut
670 1165 722 1227 hic
735 1165 854 1227 vitetur
868 1163 1043 1244 prolixitas.
1273 1164 1431 1226 horrenda
1445 1183 1482 1226 ac
1498 1163 1647 1245 lugienda
1661 1173 1710 1226 est
1723 1163 1907 1227 Christianis
1909 1182 1997 1244 ,quum

509 1262 615 1324 Tertio
634 1262 880 1344 reprehenditur
895 1261 983 1323 drvcs
1000 1261 1058 1321 rste
1078 1259 1116 1320 de
1131 1259 1216 1339 gula
1274 1260 1417 1324 Christus
1432 1269 1589 1324 testetur
1606 1261 1673 1335 Oua
1687 1280 1838 1324 mensura
1857 1260 1997 1322 mensilu·
2010 1286 2076 1332 m„

469 1378 545 1442 qura
559 1361 702 1442 quotidie
718 1361 907 1442 voluptuose
922 1366 954 1419 et
968 1359 1130 1441 crapulose
1145 1376 1219 1438 epu
1273 1359 1373 1433 eritis,
1384 1360 1570 1422 remetietur
1584 1369 1616 1422 et
1630 1358 1739 1423 vobrs
1732 1359 1904 1440 ,itemque
1913 1353 2027 1454 Estote}
2028 1421 2076 1458 Ι

469 1457 604 1521 labatur.
613 1459 733 1521 litium
748 1466 855 1521 autem
870 1457 952 1538 gule
967 1457 1054 1519 omni
1071 1455 1219 1518 Christia-
1274 1457 1496 1522 misericordes
1516 1459 1600 1520 sicut
1613 1465 1646 1522 et
1659 1459 1749 1521 Pater
1764 1465 1870 1519 vester
1883 1457 1997 1520 coelestis
2045 1430 2060 1460 ”

469 1575 511 1620 mo
525 1566 575 1620 cst
588 1559 796 1621 vehementer
810 1557 974 1619 vitandum
980 1573 1148 1637 quonlam
1164 1573 1218 1617 cor
1274 1556 1455 1623 misericors
1479 1563 1546 1636 est3
1568 1565 1599 1619 et
1624 1573 1761 1618 rursus:
1778 1555 1866 1618 Beati
1888 1555 2076 1636 (inquiquis-

468 1654 546 1719 lacit
568 1656 730 1731 obtusum,
756 1674 872 1737 corpus
901 1653 984 1716 male
1013 1652 1216 1734 dispositum,
1275 1655 1506 1730 misericordes,
1523 1655 1674 1736 quoniam
1691 1654 1753 1736 ipsr
1745 1654 1998 1716 'misericordium

468 1755 612 1817 animum
633 1755 672 1816 ad
688 1755 828 1818 virtuosa
847 1771 944 1834 opera
962 1752 1100 1824 tardum,
1115 1751 1154 1813 ad
1176 1751 1218 1814 lo
1273 1761 1518 1834 consequentur.
1535 1753 1689 1816 Universa
1703 1771 1780 1834 crgo
1795 1753 1998 1816 misericordie

469 1853 673 1934 quacitatem‚
689 1852 790 1926 ludos,
805 1853 906 1932 jocos,
922 1850 1106 1923 cachinnos,
1121 1857 1217 1930 atque
1235 1853 1257 1915 Β
1273 1869 1369 1933 opera
1384 1850 1521 1933 quilibet
1535 1851 1735 1914 Christianus
1749 1869 1899 1914 exercere
1913 1869 2000 1912 secun

469 1951 508 2013 ad
524 1951 768 2015 somnolentiam
785 1968 932 2033 pronum.
950 1949 1028 2010 lliuc
1044 1947 1089 2009 ait
1103 1948 1217 2029 Grego-
1273 1950 1350 2011 dum
1375 1949 1521 2031 proprias
1545 1948 1641 2012 debet
1663 1949 1767 2029 vires;
1793 1956 1826 2012 et
1850 1949 1931 2032 quod
1950 1965 1999 2010 nou

471 2051 538 2112 rius
560 2068 567 2112 :
589 2050 777 2113 [lominaute
801 2048 883 2130 gule
907 2047 997 2121 vitio,
1013 2065 1108 2110 omne
1133 2046 1218 2128 quod
1272 2047 1357 2109 valet
1371 2046 1502 2122 ellectu,
1518 2055 1590 2128 agat
1608 2047 1745 2128 allectu;
1761 2049 1868 2130 sitque
1887 2047 2000 2110 caritati-

470 2149 617 2212 homines
633 2148 757 2211 lortiter
771 2145 1078 2227 egerunt,pcrdunt;
1095 2151 1127 2206 ιι
1140 2145 1217 2206 dum
1273 2164 1343 2220 vus,
1364 2145 1517 2220 liberalis,
1538 2145 1690 2220 affabilis,
1709 2146 1783 2229 pius
1807 2146 1843 2208 in
1867 2164 2000 2230 pauperes

470 2255 583 2310 venter
597 2264 661 2309 uon
676 2245 888 2326 restringitur,
906 2252 1028 2308 cunctae
1045 2243 1141 2307 simul
1157 2243 1219 2305 vir·
1272 2253 1403 2326 propter
1424 2244 1598 2307 Christum.

469 2353 554 2408 tutes
573 2344 763 2408 obruuntur.
780 2344 898 2405 lterum
918 2343 996 2404 dicit
1013 2360 1020 2403 :
1036 2343 1118 2405 Pene
1138 2361 1219 2404 sem·
1312 2344 1475 2418 Praeterea,
1490 2361 1575 2406 nunc
1595 2343 1768 2406 dicendum
1788 2352 1840 2406 est
1856 2342 2000 2426 paululum

470 2461 529 2526 per
557 2443 668 2524 epulas
696 2441 928 2505 concomitatur
956 2439 1112 2522 voluptas.
1138 2441 1217 2503 Nem
1273 2441 1312 2504 de
1328 2439 1542 2504 imitatoribus
1557 2448 1590 2503 et
1604 2440 1683 2503 liliis
1705 2441 1803 2521 hujus
1823 2442 1928 2504 divitis
1941 2460 2000 2523 epu·

470 2541 548 2604 dum
564 2559 680 2623 corpus
695 2541 727 2603 im
743 2539 926 2602 relectionis
945 2538 1155 2602 delectatione
1171 2557 1218 2601 re·
1274 2540 1364 2602 lonis.
1378 2539 1455 2620 Ejus
1471 2558 1609 2622 namque
1626 2539 1800 2602 imitatores
1816 2549 1851 2602 et
1864 2538 1933 2612 lilii,
1943 2545 2001 2600 sunt

470 2640 616 2714 solvitur,
633 2656 688 2702 cor
705 2639 744 2701 ed
763 2639 857 2701 inane
874 2637 1027 2719 gaudium
1048 2636 1215 2699 relaxatur.
1272 2656 1383 2701 omnes
1398 2638 1498 2712 avari,
1514 2637 1629 2718 gulosi,
1646 2638 1794 2720 pomposi
1814 2638 1850 2700 in
1869 2637 2001 2708 vestibus,

470 2739 516 2800 Ex
545 2737 620 2818 gula
651 2737 781 2800 demum
813 2743 984 2818 generatur
1013 2735 1149 2798 luxuria.
1180 2734 1219 2797 Et
1273 2745 1304 2798 et
1329 2735 1597 2798 immisericordes
1626 2735 1836 2818 pauperibus.
1861 2737 2002 2799 Verumta-

468 2836 627 2921 quidquid
652 2855 738 2900 nunc
762 2842 871 2898 contra
893 2852 1061 2898 excessum
1086 2833 1120 2896 in
1145 2833 1218 2898 cibo
1274 2853 1347 2897 men
1362 2834 1463 2915 aliqui
1480 2840 1555 2896 sunt
1572 2833 1672 2908 avari,
1689 2851 1752 2896 non
1772 2841 1883 2897 tamen
1897 2833 2003 2896 eviden-

469 2935 641 3019 prolertur,
658 2935 754 2997 etiam
775 2940 886 2996 contra
906 2931 1164 3015 superfluitatem
1187 2940 1218 2996 ιι
1273 2941 1321 2996 ter
1335 2932 1450 3014 gulosi,
1462 2933 1538 3015 quia
1551 2939 1617 2995 tam
1632 2931 1747 2996 vitiose
1762 2951 1821 2996 sua
1836 2932 2001 3002 recondunt,

469 3053 636 3098 excessum
653 3035 686 3096 in
701 3041 779 3116 potu
799 3031 935 3113 intelligi
950 3031 1056 3094 debet.
1073 3032 1217 3114 lnsuper,
1235 3033 1257 3098 C
1274 3041 1309 3096 ut
1330 3035 1383 3096 vix
1406 3034 1446 3096 ad
1468 3032 1699 3096 sufficientiam
1721 3033 1769 3095 eis
1792 3034 1930 3097 audeant
1949 3030 2002 3108 uti;

470 3153 566 3216 quam
591 3132 776 3196 detestanda
800 3131 841 3193 sit
863 3130 949 3212 gula,
970 3137 1093 3194 constat
1117 3149 1156 3192 ex
1181 3147 1219 3192 eo
1274 3150 1432 3216 parceque
1451 3131 1576 3206 vivunt,
1593 3148 1657 3194 non
1678 3149 1788 3195 amore
1806 3130 1947 3213 justitio,
1961 3128 2003 3192 scd

323 3232 554 3322 p„„„„,‚qu0d
584 3232 623 3294 de
651 3230 772 3313 gulosis
800 3229 845 3292 ait
872 3228 1053 3311 Apostolus,
1078 3229 1218 3302 Quorum
1272 3231 1412 3294 avaritie
1425 3230 1594 3293 tenacitate
1612 3247 1620 3291 ε
1636 3229 1692 3313 qui
1707 3237 1739 3292 et
1753 3229 1960 3312 presentibus
1971 3234 2003 3289 ιι-

325 3331 358 3372 ¹⁹·
470 3331 549 3393 deus
577 3335 689 3392 venter
717 3333 766 3390 est
793 3344 801 3389 :
830 3326 931 3408 magis
960 3325 1080 3388 etenim
1110 3324 1220 3388 colunt
1273 3349 1336 3412 que
1351 3327 1545 3402 carnalibus,
1562 3327 1680 3391 luturis
1700 3327 2003 3411 quoqucacspiritu·

471 3427 637 3510 proprium
657 3431 813 3498 ventrem,
830 3443 927 3506 quam
949 3423 1049 3486 Deum
1069 3423 1219 3486 universa
1273 3427 1379 3490 alibus
1408 3425 1679 3490 consolationibus
1708 3426 1838 3509 privant
1867 3445 1901 3490 se
1924 3427 2000 3508 ipsos.

471 3533 644 3608 regentem.
660 3523 749 3587 Unde
768 3529 800 3585 et
817 3522 913 3584 ludas
932 3521 1122 3603 apostolus
1114 3541 1146 3583 ιιι
1161 3540 1219 3584 sua
1273 3525 1394 3600 Quibus
1416 3531 1520 3607 potest
1542 3523 1622 3586 illud
1641 3523 1797 3606 applicari
1821 3524 2000 3587 Psalmista:

471 3618 1215 3703 Cauomieecontraistosterribiliterloquitur:
1274 3623 1489 3696 Thesaurizat,
1520 3631 1551 3685 et
1579 3622 1703 3703 ignorat
1732 3623 1786 3684 cui
1817 3620 2074 3716 congregativum

345 3747 456 3798 mmm
470 3722 509 3784 lli
529 3729 604 3784 sunt
623 3720 656 3782 iu
675 3719 780 3802 epulis
800 3719 867 3781 suis
887 3717 1030 3790 maculae,
1047 3719 1218 3781 convivan-
1273 3742 1320 3784 ea
1342 3722 1451 3803 ltaque
1471 3721 1568 3801 hujus
1589 3720 1698 3783 divitis
1717 3721 1922 3784 condemnati
1941 3718 2025 3781 inle''
2073 3763 2074 3768 ι

325 3815 358 3856 ¹³·
471 3827 519 3882 tes
534 3817 604 3880 sine
619 3817 744 3890 timore,
761 3816 950 3897 semetipsos
967 3821 1144 3895 pascentes,
1160 3835 1218 3877 mu·
1275 3821 1351 3882 lices
1367 3825 1441 3880 sumt
1457 3817 1516 3880 lilii
1522 3837 1592 3900 ,qur
1584 3817 1750 3900 quotidie
1764 3818 1931 3900 splendide
1944 3835 2004 3899 epu

471 3916 568 3980 bes'
543 3935 613 3979 srne
632 3933 725 3998 aqua,
740 3914 870 3977 arbores
889 3913 1101 3987 autumnales,
1118 3913 1218 3976 inlru-
1275 3918 1391 3990 tantur,
1408 3922 1503 3997 atque
1518 3914 1653 3977 diversis
1669 3913 1816 3978 ciborum
1837 3934 1875 3979 ac
1890 3923 2003 3998 potuum

471 4024 599 4088 ctuosm,
612 4014 662 4077 bis
678 4019 821 4086 mortum,
837 4011 1013 4084 eradicate,
1026 4009 1144 4073 lluctus
1159 4012 1217 4074 leri
1276 4022 1410 4076 utuntur
1431 4011 1614 4094 generibus,
1631 4020 1663 4075 et
1685 4013 1741 4075 diu
1763 4014 1797 4076 in
1822 4014 1891 4076 suis
1912 4013 2005 4076 sedent

471 4113 568 4178 maris
584 4112 811 4196 despumantes
826 4129 898 4172 suas
918 4109 1133 4184 confusiones,
1149 4110 1218 4192 qui·
1274 4112 1442 4187 conviviis,
1468 4110 1595 4185 fabulis,
1618 4111 1711 4192 iocis,
1736 4111 1821 4175 ludis
1841 4112 2005 4193 risibusquc

470 4214 531 4277 bus
546 4211 687 4296 procella
703 4209 906 4272 tenebrarum
922 4215 1107 4271 conservata
1121 4217 1169 4271 est
1186 4211 1217 4272 in
1234 4216 1258 4278 D
1275 4219 1433 4285 vacantes,
1450 4211 1536 4272 etde
1552 4209 1619 4272 suis
1639 4210 1785 4293 reliquiis
1803 4219 1861 4274 aut
1875 4211 1950 4274 nihil
1963 4215 2005 4271 aut
2072 4257 2073 4268 .

469 4322 635 4378 oeternum.
654 4309 797 4392 Denique
813 4308 846 4370 in
861 4308 934 4371 cibo
953 4314 984 4370 et
1000 4315 1076 4389 potu
1097 4307 1219 4370 contin·
1275 4329 1387 4394 parum
1411 4308 1606 4392 pauperibus
1630 4309 1818 4390 largientes3
1834 4311 1891 4392 qui
1912 4319 1942 4372 et
1963 4327 2004 4370 cu·

469 4414 515 4495 git
530 4409 752 4493 multipliciter
767 4407 921 4470 excedere
935 4413 968 4468 et
982 4424 1115 4488 peccare
1133 4422 1139 4468 :
1157 4407 1220 4488 pri·
1275 4410 1374 4472 riosas
1397 4427 1434 4470 ac
1455 4407 1636 4490 superfluas
1660 4408 1780 4472 habent
1802 4418 1918 4483 vestes,
1932 4417 1961 4472 et
1979 4407 2003 4468 in

470 4509 705 4592 mo,superllue
720 4504 1128 4588 accipieud03secumdo‚in
1147 4503 1219 4566 cibo
1275 4506 1426 4571 mollibus
1442 4505 1605 4568 dormiunt
1619 4506 1736 4568 stratis.
1753 4507 1808 4568 lsti
1826 4507 1931 4589 potius
1944 4510 2004 4568 sunt

469 4615 501 4671 et
525 4615 603 4690 potu
624 4606 821 4688 voluptatem
848 4603 1008 4666 carnalem
1031 4602 1217 4685 quereud03
1274 4603 1425 4687 discipuli
1449 4603 1578 4686 Epicuri
1601 4622 1698 4686 quam
1723 4603 1860 4684 Christi3
1884 4612 1916 4668 et
1936 4604 2003 4666 sicut

469 4705 575 4780 tertio,
591 4704 689 4766 nimis
708 4703 848 4785 pretiosa
868 4701 1041 4783 querendo
1060 4719 1117 4762 seu
1140 4719 1219 4782 pre·
1274 4723 1360 4766 nunc
1382 4702 1622 4766 conformantur
1644 4703 1736 4766 diviti
1761 4703 1895 4785 epuloni
1917 4704 1947 4765 in
1968 4700 2003 4762 ri·

470 4804 631 4888 parand03
647 4808 771 4885 quarto,
783 4800 880 4862 nimis
898 4819 981 4883 saepe
997 4800 1219 4862 manducando
1273 4803 1338 4876 tiis,
1355 4801 1401 4864 sic
1417 4801 1512 4883 paulo
1532 4808 1603 4882 post
1622 4800 1911 4865 conformabuntur
1927 4809 1955 4864 ct
1966 4817 2003 4862 as
2071 4843 2072 4860 ι

470 4912 503 4968 ιι
526 4901 684 4980 bibendo;
706 4901 830 4982 quinto,
854 4899 945 4961 valde
970 4899 1025 4961 diu
1049 4899 1083 4961 in
1108 4917 1218 4961 mensu
1274 4900 1481 4964 sociabuntur
1502 4899 1532 4962 ei
1556 4898 1589 4961 in
1612 4899 1791 4982 suppliciis.

470 5001 631 5080 sedendo;
657 5007 757 5073 sexto,
783 5004 856 5060 ante
885 5005 1014 5080 tempus
1041 5015 1218 5077 congruum
1312 5000 1485 5074 Postremo,
1511 5016 1550 5060 ex
1573 4998 1739 5080 evangelio
1763 4998 1824 5062 isto
1850 4999 2004 5062 edocemur

470 5100 579 5164 eibum
595 5105 627 5162 et
642 5105 753 5181 potum
770 5095 944 5175 sumendo;
961 5094 1109 5176 septimo,
1121 5095 1218 5159 nimis
1274 5098 1307 5161 im
1328 5097 1449 5161 multis.
1473 5096 1590 5171 Primo,
1611 5115 1708 5178 quam
1728 5098 1866 5174 occulta,
1880 5097 1960 5179 justa
1974 5111 2002 5156 ιι

468 5201 596 5264 diversa
621 5217 659 5261 ac
683 5196 784 5260 multe
812 5213 929 5276 genera
957 5193 1152 5257 lerculorum
1180 5213 1217 5257 ac
1274 5196 1444 5261 metuenda
1473 5203 1548 5258 sunt
1571 5195 1627 5258 Dei
1654 5195 1788 5276 judicia,
1813 5197 1870 5279 qui
1899 5197 1931 5258 in
1952 5192 2002 5256 ιιιι

469 5300 659 5390 poculorum
680 5295 877 5379 accipiendo.
1273 5295 1421 5381 presenti
1450 5295 1567 5358 electos
1596 5311 1671 5358 suos
1699 5301 1747 5358 tot
1773 5292 2001 5359 adversitatibus
2070 5355 2071 5364 ,
