4164 6258
487 507 634 555 noururea
656 507 699 554 vu
719 505 793 554 rosr
813 505 1007 552 ramirarnrr.
1029 523 1069 535 -
1090 505 1189 554 suano
1209 507 1333 554 marrus
1625 485 1683 552 281

145 682 225 766 quod
254 701 293 746 er
317 681 496 746 certissima
524 681 721 763 experientia
744 679 888 744 latebun-
900 678 927 742 Α
941 678 986 742 Ει
1006 679 1106 743 veteri
1126 698 1253 763 quoque
1271 680 1472 743 Testameuto
1490 679 1599 743 omnia
1618 695 1688 761 pro-

31 803 135 852 retusa
145 790 194 844 tur
217 799 224 843 ε
249 781 349 855 Quam
375 799 488 862 magna
512 779 684 844 multitudo
707 777 887 843 dulcedinis
942 777 1057 840 bantur
1076 797 1147 861 quae
1166 778 1335 841 credimus.
1352 779 1411 842 Pro
1428 795 1493 861 quo
1514 796 1596 860 pane
1620 785 1688 840 orat

39 905 133 951 rima,
146 887 214 954 tue,
231 877 384 943 Domine!
402 879 545 961 Itemque
562 897 570 940 ι
586 877 690 941 Bonus
712 883 759 940 est
781 877 886 940 Domi·
940 877 1328 952 Psalmista,dieendo:lla
1343 878 1423 941 mihi
1437 877 1646 951 intellectum,
1656 885 1688 940 et
1715 897 1753 941 ra.
1765 911 1834 951 ιιιιιι,

31 970 54 1009 ³⁵·
146 998 201 1040 uus
217 977 420 1059 sperantibus
436 977 469 1040 iu
490 995 534 1050 se,
550 977 665 1040 anime
681 975 835 1059 querenti
853 975 887 1037 il·
941 976 1106 1039 scrutabor
1127 976 1228 1057 legem
1248 984 1347 1039 tuam.
1365 977 1422 1040 llic
1442 984 1549 1038 autem
1566 974 1688 1038 intelle·
1702 963 1735 1003 ³⁴·

145 1077 218 1139 lum.
237 1075 278 1139 De
298 1076 404 1139 taliter
424 1075 551 1139 refectis
570 1075 724 1157 Propheta
747 1073 888 1156 loquitur
941 1082 1012 1137 ctus
1027 1093 1090 1138 non
1106 1083 1154 1138 est
1175 1074 1332 1148 informis,
1349 1076 1404 1138 sed
1423 1075 1558 1138 formata
1575 1074 1687 1137 notitia

27 1193 132 1244 asnar.
145 1175 414 1238 Dcotllemoriam
428 1173 631 1236 abundantiae
646 1172 811 1236 suavitatis
825 1179 887 1234 tuae
942 1174 1185 1248 credendorum,
1204 1193 1260 1238 seu
1279 1175 1437 1238 rationum
1458 1183 1588 1257 propter
1608 1193 1686 1256 quas

144 1273 341 1338 eructabunt.
358 1273 444 1335 Istud
463 1271 629 1355 spirituale
649 1271 832 1334 convivium
849 1268 887 1331 fi·
942 1272 1112 1335 credimus.

143 1380 287 1455 gnratum
310 1379 358 1434 est
380 1389 437 1454 per
458 1370 622 1453 corporale
644 1369 827 1432 convivium
847 1369 886 1432 de
981 1371 1105 1434 Tertius
1129 1371 1233 1454 panis,
1254 1379 1302 1435 est
1325 1372 1445 1435 donum
1470 1370 1607 1446 consilii,
1631 1388 1687 1453 per

144 1471 251 1553 quoin
268 1469 433 1551 evangelio
448 1468 509 1532 isto
523 1467 562 1530 fit
576 1485 690 1530 sermo.
706 1467 815 1548 ltaque
831 1485 888 1548 per
941 1470 1026 1551 quod
1042 1468 1264 1533 illuminamur
1281 1477 1377 1552 atquo
1397 1469 1566 1552 dirigimur
1585 1469 1686 1551 aSpi·

144 1576 277 1650 quatuor
298 1567 400 1630 millia
420 1567 474 1630 illa
493 1585 564 1649 quae
584 1565 727 1630 Christus
742 1565 829 1648 pavit
847 1584 886 1627 ex
941 1567 1004 1630 ritu
1027 1569 1141 1632 Sancto
1159 1568 1198 1631 ad
1219 1568 1462 1650 intelligendum
1485 1569 1562 1650 quid
1587 1567 1686 1648 magis

144 1673 264 1748 septem
279 1664 417 1749 panibus
432 1683 469 1728 ae
484 1663 595 1747 paucis
615 1663 790 1746 pisciculis,
807 1663 887 1726 desi·
941 1667 1089 1750 expediat
1105 1669 1136 1729 in
1156 1667 1298 1749 agendis,
1314 1674 1346 1729 et
1367 1666 1443 1748 quid
1464 1667 1506 1729 sit
1520 1665 1686 1742 consulen-

141 1771 252 1846 gnatur
276 1763 467 1826 universitas
496 1763 607 1846 populi
632 1761 807 1834 christiani,
833 1762 886 1825 do
940 1765 1017 1828 dum
1041 1765 1073 1828 iu
1094 1765 1168 1839 illis,
1185 1766 1362 1848 praesertim
1388 1765 1420 1827 in
1444 1765 1494 1827 his
1514 1765 1546 1827 in
1569 1764 1687 1848 quibus

141 1863 273 1926 ctrinam
297 1869 433 1944 quatuor
454 1861 727 1943 Evangelistarum
751 1859 883 1942 impleri·
903 1861 927 1923 B
941 1865 1094 1927 naturalis
1109 1863 1220 1927 delicit
1234 1864 1324 1938 ratio,
1342 1872 1373 1926 et
1388 1883 1458 1946 quaa
1474 1864 1513 1926 ad
1529 1864 1686 1944 evangeli-

141 1962 224 2034 tinet
237 1969 375 2042 quatuor
389 1960 522 2022 virtutes
537 1958 713 2022 cardinales
729 1958 882 2022 habentis
940 1981 977 2025 ca
1006 1963 1120 2026 Christi
1151 1962 1284 2026 consilia
1307 1962 1477 2044 pertinent.
1505 1963 1540 2024 ln
1569 1961 1687 2045 quibus

140 2058 370 2122 christifideles
392 2075 467 2140 ergo
488 2057 673 2138 hujusmodi
694 2055 886 2120 reficiuntur
939 2061 1090 2124 omnihus
1109 2068 1156 2124 tot
1176 2068 1250 2122 sunt
1270 2060 1517 2124 circumstantiae
1537 2067 1569 2122 et
1589 2059 1687 2122 varie·

138 2176 156 2218 a
179 2157 305 2220 Christo
326 2163 449 2238 septem
471 2155 620 2239 panibus,
638 2156 668 2218 id
692 2162 740 2217 cst
761 2163 883 2238 septem
941 2167 1020 2222 tates
1045 2159 1292 2235 consideranda,
1318 2166 1448 2241 tamque
1477 2157 1612 2221 difficile
1640 2167 1688 2222 est

138 2254 229 2318 donis
250 2254 388 2337 Spiritus
410 2254 527 2317 Sancti.
942 2259 1085 2322 iuvenire
1097 2259 1174 2342 quid
1191 2258 1292 2340 magis
1307 2258 1465 2340 expediat,
1477 2257 1563 2340 quod
1578 2276 1687 2339 super-

176 2353 301 2418 Primus
317 2353 419 2436 panis,
432 2361 480 2416 est
494 2353 614 2416 donum
630 2353 802 2436 sapientiae.
814 2352 884 2416 llaec
940 2357 1076 2421 naturali
1095 2357 1270 2420 directione
1285 2366 1317 2419 et
1337 2356 1571 2419 illuminatione
1589 2355 1687 2438 Spiri-

138 2452 294 2534 sapientia
309 2461 357 2514 est
375 2453 514 2533 cognitio
532 2452 716 2515 divinorum
737 2469 885 2534 sapomsa
939 2464 991 2518 tus
1013 2455 1118 2518 Sancti
1134 2455 1416 2518 vehementissime
1434 2454 1624 2535 indigemus.
1642 2454 1687 2516 ld-

139 2559 169 2615 et
183 2550 427 2635 effectivaque
442 2569 506 2616 non
521 2552 658 2616 habetur
672 2552 734 2614 uisi
750 2551 790 2614 ab
806 2552 886 2614 exsi—
940 2573 978 2618 eo
993 2554 1125 2636 Sapiens
1140 2554 1254 2616 asserit
1271 2572 1277 2614 :
1295 2553 1371 2628 Quis
1386 2553 1553 2615 hominum
1572 2552 1688 2634 poterit
1702 2567 1835 2623 septais.

139 2649 295 2714 steutihus
317 2650 350 2712 in
371 2651 500 2714 caritate
521 2659 553 2713 et
571 2651 679 2732 gratia.
698 2651 742 2713 [le
761 2669 824 2732 qua
842 2651 887 2713 ait
940 2653 1022 2715 seire
1052 2653 1222 2715 consilium
1247 2650 1314 2726 Dei,
1340 2659 1393 2713 aut
1418 2651 1490 2732 quis
1519 2651 1687 2713 hominum
1704 2633 1736 2674 ¹⁷·

138 2749 308 2832 Apostolus
330 2767 337 2811 :
359 2749 422 2813 Nos
445 2758 551 2812 autem
576 2748 715 2812 revelata
739 2749 831 2823 facie,
854 2749 886 2811 id
942 2749 1057 2833 poterit
1078 2749 1216 2830 cogitare
1239 2749 1317 2832 quid
1339 2747 1418 2811 velit
1438 2747 1532 2824 Deus,
1548 2749 1611 2811 nisi
1640 2756 1686 2822 tu,

33 2863 38 2875 ·
138 2847 656 2929 estmonteilluminata,gloriam
673 2847 886 2932 Dominispc-
941 2849 1086 2923 Domine,
1117 2848 1242 2910 dederis
1272 2845 1473 2929 sapientiam,
1502 2854 1533 2909 et
1563 2846 1688 2910 miseris

139 2945 294 3020 culantes,
312 2946 342 3008 id
360 2951 408 3008 est
427 2945 543 3008 divinae
559 2945 734 3027 maiestatis
749 2945 887 3008 altitudi-
942 2947 1090 3031 spiritum
1112 2954 1204 3008 tuum
1227 2946 1266 3008 de
1288 2944 1401 3008 coelisl

138 3063 212 3105 nem
234 3061 272 3105 ac
297 3041 528 3106 beatitudinem
551 3042 811 3125 contemplantes.
829 3043 923 3108 Peri}
983 3045 1117 3119 Quartus
1142 3043 1245 3126 panis,
1264 3050 1313 3104 est
1335 3043 1455 3104 donum
1479 3041 1687 3116 fortitudinis,

138 3142 197 3204 hoc
211 3141 332 3204 etenim
349 3142 469 3204 donum
486 3141 647 3204 illuminat
661 3141 797 3223 Spiritus
811 3141 887 3204 San·
943 3164 1001 3226 per
1022 3143 1106 3225 quod
1127 3141 1412 3225 supernaturaliter
1431 3139 1650 3204 confortamur
1671 3160 1689 3203 a

137 3247 208 3302 ctus
227 3247 367 3302 mentem
384 3240 421 3302 ad
438 3259 572 3303 summe
586 3239 748 3303 Trinitatis
760 3258 796 3302 ac
812 3240 887 3302 sim·
943 3242 1063 3324 Spiritu
1080 3241 1194 3304 Sancto
1208 3240 1247 3302 ad
1263 3239 1502 3320 exsequendum
1519 3238 1637 3300 invicte
1652 3257 1689 3301 ea

138 3337 325 3421 plicissimae
349 3337 482 3400 Deitatis
507 3337 807 3420 contemplationem
831 3336 887 3399 ali·
943 3359 1013 3422 quaa
1034 3339 1228 3421 pardonum
1249 3337 1375 3400 consilii
1395 3337 1603 3418 eognovimus
1619 3355 1688 3399 esse

137 3437 267 3518 qualem
284 3437 316 3499 in
333 3437 392 3498 hae
408 3435 474 3498 vite
488 3435 678 3510 habendam,
695 3443 730 3498 ut
749 3434 888 3498 fideliter
942 3437 1073 3519 agenda,
1084 3437 1260 3498 secundum
1277 3435 1357 3497 illud
1371 3436 1410 3498 ad
1427 3434 1580 3517 Ephesios
1593 3452 1599 3498 :
1612 3435 1690 3498 Gon·
1714 3454 1836 3512 speech,

137 3535 396 3617 contemplemur
410 3553 506 3617 quam
523 3551 637 3614 magna
651 3541 683 3596 et
698 3532 825 3596 infinita
839 3543 889 3598 est
943 3536 1107 3600 fortamini
1124 3535 1156 3597 in
1175 3534 1311 3597 Domino
1329 3541 1361 3596 et
1380 3533 1412 3596 in
1434 3534 1575 3616 potentia
1589 3533 1688 3597 virtu·
1705 3522 1737 3562 ¹⁰·

136 3634 276 3708 bouitas,
302 3631 458 3715 perfectio
482 3641 513 3694 et
534 3631 670 3695 felicitas
695 3632 749 3694 Dei
775 3634 885 3706 nostri,
943 3637 984 3698 tis
1005 3635 1085 3715 ejus.

136 3731 409 3814 quemadmodum
440 3730 478 3793 ad
509 3729 663 3813 Ephesios
692 3737 760 3794 orat
783 3738 816 3793 et
843 3731 887 3793 ait
983 3733 1118 3807 Quintus
1133 3733 1236 3815 panis,
1253 3739 1301 3795 est
1314 3733 1434 3795 donum
1450 3732 1600 3796 scientiae.
1618 3734 1689 3797 llaee

61 3861 90 3891 a.
106 3864 120 3900 t,
134 3829 428 3913 Apostolus:Pater
442 3828 550 3909 glorie
565 3829 618 3891 det
632 3828 723 3890 vobis
737 3829 887 3912 spiritum
943 3840 1050 3894 autem
1075 3831 1209 3894 scientia
1232 3851 1302 3913 quae
1327 3839 1375 3894 est
1399 3831 1531 3908 donum,
1556 3837 1618 3896 hon
1643 3843 1691 3896 est

23 3939 28 3949 '
133 3929 314 4012 sapientie,
332 3929 364 3991 in
383 3929 543 4010 agnitione
559 3928 639 4008 ejus.
657 3927 713 3990 ilie
731 3936 779 3990 est
797 3929 886 3991 nobi·
944 3929 1077 3993 scientia
1091 3929 1246 4012 acquisita
1262 3929 1411 4006 humana,
1428 3931 1483 3993 sed
1503 3937 1689 4013 supernatu-

135 4027 283 4090 lissimus
306 4033 338 4089 et
363 4033 502 4089 menmm
527 4026 619 4089 valde
646 4025 827 4088 confortans
851 4046 887 4089 ae
945 4028 1019 4092 ralis
1043 4028 1159 4102 infusa,
1177 4048 1233 4110 per
1255 4047 1350 4110 quam
1373 4029 1412 4092 de
1433 4030 1586 4093 creaturis
1608 4029 1690 4094 bene

134 4125 307 4189 laetificans
323 4125 425 4207 panis,
442 4125 482 4187 ad
496 4123 589 4206 eujus
604 4133 733 4205 gustum
749 4133 781 4187 et
795 4145 886 4188 esum
944 4127 1100 4190 sentimus
1115 4145 1152 4188 ac
1166 4127 1358 4207 judicamus,
1376 4147 1493 4211 easque
1508 4146 1582 4190 vere
1599 4137 1631 4190 et
1645 4130 1690 4191 ai-

15 4245 117 4298 emh,
133 4224 284 4286 hortatur
306 4223 471 4305 Propheta,
497 4223 632 4285 diceudo
658 4241 665 4286 :
691 4224 831 4298 (instate,
856 4233 888 4286 et
904 4226 928 4288 D
944 4225 1060 4289 fective
1081 4225 1328 4307 cognoscimus:
1350 4234 1470 4308 utpote,
1487 4228 1571 4308 quod
1592 4227 1689 4290 ineis

131 4323 244 4386 videte
259 4323 411 4404 quoniam
427 4321 534 4384 suavis
549 4329 598 4384 est
612 4322 765 4386 Dominus
772 4340 780 4402 ;
798 4324 887 4386 item·
944 4343 1007 4388 non
1022 4325 1064 4386 sit
1080 4323 1155 4386 finis
1170 4323 1303 4386 ultimus
1318 4325 1515 4398 statuendus,
1525 4325 1589 4388 imo
1604 4328 1688 4408 quod

132 4441 211 4505 que,
233 4421 383 4484 decedito
404 4421 443 4482 ad
465 4439 550 4494 eum,
573 4427 605 4482 et
626 4421 864 4485 illuminamini.
944 4423 976 4487 in
993 4443 1026 4486 se
1047 4423 1125 4506 ipsis
1141 4422 1271 4485 vanitati
1293 4421 1445 4503 subjectae
1462 4423 1536 4499 sint,
1555 4424 1689 4508 ideoque
1720 4439 1836 4487 noman,

173 4520 346 4584 Secundus
369 4519 470 4601 panis,
488 4525 536 4581 est
554 4519 674 4582 donum
696 4519 885 4584 intellectus.
943 4523 981 4584 ad
1007 4523 1106 4584 [lenm
1133 4521 1197 4584 siut
1221 4519 1404 4596 referende,
1422 4539 1481 4584 nee
1503 4525 1689 4604 appetendae
1703 4505 1738 4544 ²⁰·

129 4619 323 4682 Intellectus
338 4618 436 4690 enim,
450 4618 482 4681 in
498 4625 652 4700 quantum
670 4626 718 4680 est
733 4638 833 4682 uuum
849 4622 887 4683 de
943 4622 1006 4683 nisi
1027 4621 1059 4683 in
1079 4626 1233 4704 quantum
1256 4619 1409 4702 proficue
1428 4629 1483 4683 aut
1504 4623 1690 4686 necessariae

129 4725 262 4802 septem
278 4716 370 4780 donis
385 4716 523 4799 Spiritus
543 4717 660 4790 Sancti,
677 4724 726 4779 est
739 4737 888 4800 superna·
944 4719 1036 4783 nobis
1052 4719 1180 4781 suntad
1196 4719 1441 4801 pertingendum
1457 4739 1494 4782 ac
1514 4721 1689 4804 adipiscen-

128 4817 251 4878 turalis
267 4824 299 4878 et
315 4815 441 4878 infusus
461 4811 589 4878 habitus
610 4834 778 4899 perquem
796 4817 888 4880 ratio-
943 4819 1020 4879 dum
1050 4816 1200 4878 ultimum
1230 4815 1340 4878 finem.
1366 4816 1438 4880 llaec
1467 4825 1515 4880 est
1544 4819 1690 4881 salutaris

128 4936 189 4979 nes
207 4914 443 4978 credendorum
459 4915 692 4995 cognoscimus,
709 4933 765 4976 seu
782 4915 889 4998 aliqua
943 4915 1075 4977 seientia
1090 4915 1129 4976 de
1144 4933 1204 4997 qua
1218 4913 1263 4975 ait
1277 4913 1454 4995 Scriptura:
1466 4915 1557 4976 Dedit
1572 4915 1618 4977 illi
1635 4918 1691 4979 sei·
1704 4937 1759 4992 sap.
1770 4951 1791 4988 ι,
1805 4939 1836 4979 ιιι.

126 5020 326 5097 argumenta
341 5013 484 5076 veritatis
499 5013 577 5076 fidei
593 5012 774 5076 christianae
789 5013 888 5096 inspi-
943 5015 1061 5076 entiam
1078 5021 1268 5076 sanctorum.
1287 5012 1407 5094 Deque
1423 5013 1564 5097 loquitur
1578 5017 1688 5079 lsaias:

126 5114 253 5186 cimus,
271 5119 381 5194 utpote
402 5111 553 5194 quoniam
580 5111 662 5174 Deus
685 5111 766 5174 hauc
788 5111 887 5175 fidem
943 5112 1066 5176 Divitiae
1089 5112 1211 5184 salutis,
1228 5110 1385 5193 sapientia
1405 5119 1437 5174 et
1457 5113 1601 5176 scientia.
1706 5134 1836 5186 lammae.

126 5230 189 5294 per
205 5211 337 5273 diversa
351 5209 555 5273 confirmavit
570 5209 734 5283 miracula,
749 5217 781 5272 et
796 5210 887 5272 iuuu-
983 5211 1095 5272 Sextus
1121 5210 1222 5293 panis,
1249 5217 1297 5272 est
1325 5210 1444 5273 donum
1469 5211 1606 5293 pietatis,
1633 5233 1690 5295 per

125 5308 310 5374 merabiles
325 5308 518 5372 sanctissimi
535 5307 594 5371 viri
611 5307 656 5370 sic
672 5308 884 5371 crediderunt.
942 5328 1038 5392 quam
1060 5308 1140 5371 hene
1160 5315 1191 5370 et
1212 5307 1263 5389 pie
1283 5307 1446 5370 afficimur
1466 5329 1522 5372 seu
1543 5310 1689 5374 benevoli
