4288 6264
523 503 554 550 ut
575 502 627 548 utu
648 501 763 549 sancto
784 501 999 550 pentocostes·
1022 520 1061 530 -
1082 501 1182 548 suano
1202 501 1355 549 SECUNDUS

680 915 871 1000 Sllllth
910 914 1206 1001 SECUNDUS

374 1182 413 1228 DE
435 1181 666 1228 PhAEotctttortlt
687 1180 903 1254 Aroerotohol
924 1179 956 1225 m
978 1179 1029 1226 DlE
1050 1179 1267 1227 SACllATlSSlllO
1289 1181 1504 1228 rememoras

229 1462 346 1524 TANS
370 1463 491 1522 Petrus
512 1479 585 1518 cum
611 1461 774 1528 undecim,
792 1457 911 1516 levavit
926 1456 950 1518 A
966 1475 1031 1530 sua,
1047 1455 1255 1519 exuberantia
1277 1458 1449 1540 gratiarum
1475 1459 1713 1524 inebriaverunt

240 1579 344 1618 vocem
359 1578 463 1618 meam.
480 1558 547 1618 Act.
565 1574 598 1628 u,
615 1554 662 1617 lt.
967 1560 1089 1616 mentes
1113 1572 1235 1628 eorum,
1253 1554 1467 1640 biberuntque
1490 1558 1601 1620 vinum
1627 1561 1712 1641 quod
1726 1587 1857 1641 pm„,.,‚5‚

203 1659 239 1720 lu
255 1655 390 1738 epistola
409 1655 609 1718 solennitatis
628 1653 805 1736 presentis,
829 1661 860 1715 et
879 1653 910 1715 in
966 1651 1109 1713 Christus
1134 1653 1290 1733 sapientia
1314 1655 1412 1716 Patris
1438 1656 1567 1718 miscuit
1590 1657 1646 1719 eis.
1674 1657 1712 1719 Et

165 1772 312 1817 sermone
330 1754 415 1816 circa
434 1752 601 1836 epistolam
618 1751 826 1834 praeinducte,
843 1769 912 1812 nar·
967 1748 1135 1830 impletum
1151 1749 1212 1811 luit
1229 1751 1323 1813 ineis
1344 1753 1427 1834 quod
1444 1753 1657 1836 Propheta-ait
1673 1757 1711 1818 ad

167 1861 269 1914 ratum
297 1861 345 1916 est
369 1851 508 1935 qualiter
535 1849 673 1932 Spiritus
702 1849 836 1912 Sanctus
860 1848 912 1911 die
966 1846 1136 1909 Dominum
1155 1865 1162 1909 :
1179 1847 1425 1912 Inebriabuntur
1439 1849 1478 1912 ab
1499 1851 1642 1914 ubertate
1661 1853 1713 1916 do·
1728 1872 1859 1924 ramae.

165 1951 225 2014 hoc
249 1951 365 2014 missus
386 1949 449 2012 luit
468 1949 585 2012 sanetis
604 1947 773 2030 Apostolis,
790 1953 821 2008 et
836 1965 912 2028 qua·
967 1963 1038 2006 mus
1066 1952 1139 2018 tuae,
1165 1954 1197 2008 et
1225 1953 1363 2009 torrente
1388 1948 1559 2031 voluptatis
1589 1949 1713 2032 potabis

166 2049 240 2111 liter
270 2067 324 2112 eos
356 2047 492 2130 replevit
522 2046 662 2120 caritate,
695 2045 851 2128 sapientia
880 2051 912 2106 et
965 2059 1036 2120 e0s;
1060 2051 1094 2105 et
1116 2044 1201 2125 quod
1225 2044 1366 2127 Sponsus
1391 2046 1528 2110 eoelestis
1553 2047 1631 2110 dicit
1654 2049 1714 2112 ele

165 2146 346 2227 linguarum
362 2145 485 2219 notitia,
502 2142 653 2225 omnique
668 2142 786 2204 virtute
801 2149 832 2203 et
846 2159 913 2223 gra·
966 2140 1025 2202 etis
1043 2157 1050 2201 :
1068 2140 1241 2215 comedite,
1266 2141 1372 2216 amici,
1393 2149 1425 2204 et
1449 2142 1570 2224 bibite3
1591 2153 1622 2208 et
1647 2146 1712 2210 ine·
1734 2167 1860 2222 canaan.

166 2243 231 2322 tia;
258 2245 345 2318 itam,
381 2243 517 2325 qualiter
545 2239 686 2324 Apostoli
715 2239 834 2322 aliique
863 2239 911 2301 di·
966 2237 1129 2312 briamiui,
1152 2239 1319 2302 carissimi.

164 2341 281 2423 scipuli
306 2359 379 2405 mox
403 2348 479 2402 tune
503 2339 637 2420 ingressi
659 2346 732 2400 sunt
755 2337 912 2420 templum
1005 2336 1109 2410 Quum
1131 2355 1206 2418 ergo
1228 2337 1459 2402 induratissimi
1480 2340 1528 2403 illi
1548 2341 1647 2405 ludaei
1669 2342 1714 2404 di-

162 2439 393 2514 Jerusalem,et
407 2439 660 2521 predicaverunt
676 2436 795 2499 ibidem
811 2434 914 2518 publi·
966 2435 1097 2510 xissent,
1123 2435 1225 2499 ldusto
1255 2436 1341 2518 pleni
1372 2445 1447 2500 suut
1476 2438 1539 2512 isti,
1567 2439 1713 2522 protinus

164 2557 200 2600 ce
224 2538 488 2601 resurrectionem
511 2545 542 2600 et
563 2535 697 2616 gloriam
723 2535 851 2610 Christi,
867 2541 912 2596 at·
967 2532 1170 2596 beatissimus
1201 2534 1311 2597 Petrus
1340 2543 1426 2598 stans
1457 2555 1532 2598 cum
1564 2537 1713 2600 undecim

164 2657 227 2720 que
251 2636 292 2699 ab
312 2636 463 2700 omnibus
484 2637 540 2718 qui
562 2635 691 2697 aderant
712 2634 911 2696 diversorum
928 2634 950 2696 Β
966 2632 1295 2715 Apostolis,tauquam
1313 2633 1546 2717 imperterritus
1561 2637 1649 2719 pugil
1665 2655 1715 2699 ve-

164 2736 257 2798 valde
279 2735 466 2798 idiomatum
487 2732 672 2796 homiuibus
693 2731 912 2814 intelligeban-
966 2731 1067 2793 ritatis
1083 2738 1115 2793 et
1130 2731 1385 2795 ferventissimus
1405 2733 1493 2796 testis
1509 2733 1636 2809 Christi,
1654 2736 1715 2798 ele·

164 2843 217 2896 tur
234 2852 241 2896 :
259 2842 389 2917 propter
412 2833 497 2916 quod
521 2832 667 2895 homines
692 2831 739 2894 illi
763 2831 911 2894 admirati
966 2830 1053 2892 vavit
1066 2847 1178 2892 vocem
1194 2849 1285 2894 suam
1303 2847 1309 2892 :
1327 2833 1402 2913 quia
1421 2851 1459 2894 ex
1481 2832 1618 2895 maxima
1637 2835 1715 2897 cari-

164 2941 239 2994 suut
263 2933 478 2995 vehementer.
504 2929 594 2992 Nune
619 2946 694 3010 ergo
719 2947 910 3012 prosequen-
967 2934 1029 2989 tate
1046 2927 1132 3010 loqui
1152 2929 1272 3012 incepit
1287 2947 1364 2992 voce
1383 2929 1484 2991 tubali
1501 2938 1535 2992 ut
1552 2931 1715 2994 audiretur

163 3032 241 3094 dum
257 3041 305 3094 est
319 3031 457 3114 plenius,
469 3028 546 3112 quid
562 3027 824 3110 predicaverunt,
833 3027 910 3109 quid
967 3025 1006 3088 ab
1030 3026 1198 3100 universis,
1216 3036 1248 3089 et
1269 3047 1308 3090 ne
1329 3046 1426 3110 opera
1447 3027 1583 3110 Spiritus
1608 3030 1715 3092 Sancti

164 3130 380 3212 proiecerunt,
397 3135 429 3191 ct
447 3127 525 3210 quid
545 3127 696 3208 deinceps
714 3133 855 3206 egerunt.
874 3125 912 3186 Et
967 3124 1224 3187 adscriberentur
1243 3126 1421 3189 Beelzebub
1442 3127 1581 3210 principi
1599 3128 1714 3192 damo-

163 3228 312 3310 quamvis
331 3227 432 3290 Lucas
453 3226 485 3288 iu
504 3225 643 3306 generali
664 3223 782 3286 scribat
801 3223 912 3306 praedi·
968 3224 1105 3286 uiorum.
1124 3225 1161 3286 Et
1181 3224 1262 3286 dixit
1278 3241 1285 3286 :
1302 3224 1366 3286 Viri
1381 3224 1492 3300 Judaei,
1509 3233 1541 3288 et
1556 3227 1611 3310 qui
1628 3227 1715 3290 habi·

163 3345 252 3389 easse
280 3325 458 3408 Apostolos,
487 3341 550 3387 nou
579 3330 685 3386 umen
716 3321 748 3384 in
779 3321 911 3404 speciali
968 3321 1040 3383 tatis
1054 3321 1228 3383 Jerusalem
1243 3322 1396 3396 universi,
1414 3323 1525 3385 scitote
1545 3326 1629 3407 quod
1649 3343 1713 3389 non

162 3423 378 3508 prosequitur,
403 3442 507 3504 neque
536 3421 690 3484 describit
717 3420 912 3504 praedicatio
968 3428 1053 3494 sunt,
1070 3419 1153 3481 sieut
1172 3419 1270 3502 aliqui
1287 3427 1429 3482 vestrum
1445 3428 1568 3502 putant,
1585 3423 1618 3486 hi
1634 3425 1714 3505 Apo·

161 3542 238 3586 uem
260 3522 357 3584 ullius
373 3521 525 3603 Apostoli,
542 3519 604 3582 nisi
623 3519 801 3582 beatissimi
816 3519 910 3593 Petri,
967 3516 1051 3592 stoli,
1067 3534 1203 3598 quorum
1225 3535 1308 3579 unus
1326 3535 1384 3598 ego
1403 3537 1486 3594 sum,
1503 3519 1596 3594 ebrii,
1613 3539 1713 3602 quum

160 3621 219 3702 qui
235 3627 386 3702 tanquam
407 3617 556 3700 princeps
576 3625 608 3680 et
626 3617 810 3700 capitaneus
829 3618 911 3700 Apo·
967 3615 1008 3676 sit
1029 3615 1106 3677 hora
1130 3615 1193 3677 diei
1218 3615 1321 3689 tertia,
1340 3616 1370 3678 id
1396 3623 1444 3678 est
1468 3635 1579 3696 maue;
1596 3626 1626 3680 et
1649 3625 1712 3680 tam

159 3718 316 3782 stolorum
340 3716 530 3799 loquebatur
550 3735 608 3799 pro
628 3715 788 3778 omnibus.
967 3731 1060 3774 mane
1085 3730 1148 3774 oon
1172 3713 1274 3774 solent
1297 3712 1444 3775 homines
1469 3713 1631 3776 inebriari.
1653 3716 1713 3778 Sed

202 3817 322 3898 ltaque,
340 3822 434 3898 prout
455 3814 555 3878 Lucas
577 3813 770 3894 evangelista
793 3812 911 3875 lidelis-
928 3815 950 3878 C
966 3810 1050 3872 istud
1066 3810 1151 3892 quod
1167 3809 1308 3884 cernitis,
1327 3817 1375 3872 est
1394 3811 1479 3893 quod
1495 3812 1577 3875 lleus
1594 3832 1650 3895 per
1663 3815 1712 3878 lo

159 3916 244 3978 sime
258 3915 366 3989 relert,
382 3933 482 3997 quum
498 3931 580 3995 pene
595 3931 706 3976 omnes
719 3911 818 3974 Judaei
835 3919 910 3974 tune
965 3909 1048 3970 elem
1072 3909 1260 3992 prophetam
1285 3911 1521 3991 praenuntiavit,
1543 3911 1679 3976 dicendo
1702 3933 1709 3976 :

159 4021 346 4096 praesentes,
362 4011 439 4074 visis
455 4018 501 4075 tot
517 4009 729 4084 mirabilibus,
746 4017 910 4092 stuperent
965 4007 1033 4068 Erit
1050 4007 1083 4068 in
1104 4007 1287 4069 novissimis
1307 4007 1420 4070 diebus
1435 4009 1481 4089 (id
1501 4017 1550 4071 est
1567 4018 1711 4093 tempore
1736 4034 1859 4090 earnm.

158 4121 193 4174 et
210 4111 411 4186 mirarentur,
424 4111 576 4184 dieentes,
593 4110 749 4184 Quidnam
765 4109 833 4170 vult
850 4109 909 4170 hoe
965 4105 1156 4186 evangelice
1171 4106 1260 4187 legis,
1277 4106 1361 4188 quod
1377 4106 1489 4168 ultima
1506 4111 1616 4172 mundi
1636 4118 1710 4174 aetas

159 4213 252 4272 esset
268 4209 397 4292 quidam
414 4207 602 4270 mirabiliter
619 4206 768 4269 obstinati
788 4224 823 4268 ac
840 4224 910 4287 pcr-
966 4205 1119 4284 vocatur),
1136 4205 1300 4266 ellundam
1321 4205 1475 4286 Spiritum
1492 4226 1599 4270 meum
1616 4229 1712 4292 super

158 4309 220 4371 lidi
246 4308 424 4382 irriserunt,
450 4307 592 4369 dicentes
614 4305 715 4379 :Quia
741 4312 856 4378 musta,
878 4304 910 4366 id
965 4321 1094 4364 omnem
1115 4320 1254 4376 earnem,
1272 4301 1303 4364 id
1323 4310 1370 4364 est
1386 4322 1482 4386 super
1501 4307 1654 4387 quosdam
1672 4311 1712 4372 de

158 4415 209 4470 est
226 4424 308 4470 novo
322 4407 408 4480 vino,
423 4405 510 4488 pleni
526 4411 600 4466 sunt
616 4403 678 4466 isti.
697 4404 777 4465 llece
792 4411 911 4485 quanta
965 4401 1052 4464 omni
1076 4419 1192 4483 genere
1217 4401 1404 4480 hominum;
1421 4410 1452 4464 et
1476 4405 1713 4486 prophetabunt

159 4506 224 4568 luit
246 4506 359 4567 horum
378 4504 568 4587 perversitas
587 4503 778 4576 iudeorum,
794 4503 850 4582 qui
871 4521 909 4564 ex
966 4500 1027 4562 lilii
1042 4499 1138 4561 vestri
1160 4507 1192 4561 et
1211 4499 1287 4562 lilim
1302 4507 1425 4576 vestrm,
1444 4500 1474 4562 id
1494 4510 1543 4564 est
1562 4504 1712 4588 discipuli

160 4610 208 4668 tot
231 4602 433 4666 mirabilibus
455 4620 518 4666 uon
544 4608 619 4663 sunt
644 4601 837 4682 compuncti,
854 4600 910 4663 scd
965 4607 1059 4680 alque
1082 4597 1248 4679 discipule
1273 4598 1399 4661 Christi.
1417 4600 1585 4684 Quumque
1610 4603 1642 4666 B.
1660 4605 1713 4666 Pe·

161 4704 289 4788 pejorcs
310 4702 431 4776 eflecti,
447 4709 576 4784 tamque
601 4699 792 4762 miraculosa
813 4717 909 4781 opera
965 4705 1033 4760 trus
1055 4696 1221 4778 probasset
1243 4697 1324 4758 hanc
1350 4699 1551 4780 prophetiam
1577 4701 1609 4764 in
1632 4704 1713 4785 Apo·

160 4803 300 4886 Spiritus
330 4801 436 4864 Sancti
461 4800 643 4863 vinolentiae
672 4799 910 4880 adscripserunt
965 4796 1053 4858 stolis
1077 4795 1296 4878 adimpletam,
1313 4803 1344 4857 et
1365 4815 1419 4859 eos
1441 4798 1561 4880 Spiritu
1586 4801 1711 4876 Sancto,

159 4913 193 4966 et
215 4902 307 4984 gulae,
324 4899 416 4983 quasi
438 4906 580 4962 mustum
599 4899 659 4961 hoe
680 4897 785 4960 lacere
804 4904 911 4978 posset
965 4913 1029 4957 non
1055 4901 1170 4968 must0,
1197 4913 1266 4956 esse
1291 4894 1451 4976 impletos,
1476 4898 1594 4978 adjecit
1616 4917 1623 4962 :
1647 4901 1713 4965 Viri

159 5002 248 5085 quod
277 5019 406 5064 omnem
437 4997 612 5060 naturalem
642 4995 835 5058 transcendit
861 5013 910 5078 po
925 5004 950 5066 D
965 4993 1125 5066 lsraelitae,
1140 4993 1247 5055 audite
1267 4993 1366 5056 verba
1387 4994 1454 5058 heac
1471 5012 1478 5056 ε
1493 4997 1601 5059 lesum
1620 5000 1714 5062 Naza-

160 5100 305 5163 tentiam.
333 5099 558 5161 Verumtamen
590 5095 799 5178 spiritualiter
828 5094 910 5157 ebrii
966 5111 1091 5166 renum,
1107 5093 1214 5153 virum
1228 5092 1473 5175 approbatuma
1492 5095 1555 5159 [leo
1573 5097 1606 5158 in
1621 5099 1713 5162 vobis

160 5201 294 5262 luerunt
322 5197 424 5259 sancti
447 5195 601 5277 Apostoli,
626 5193 776 5277 quoniam
805 5193 913 5257 fervor
966 5193 1140 5256 virtutibus
1164 5202 1196 5256 et
1219 5194 1373 5276 prodigiis
1398 5204 1430 5258 et
1449 5197 1647 5280 signisque
1669 5199 1713 5261 l·

159 5297 291 5374 amoris,
308 5295 472 5382 sapientiae
487 5311 591 5378 sapor,
604 5293 792 5378 gaudiorum
808 5311 913 5356 exeas
968 5295 1011 5357 cit
1031 5313 1089 5378 per
1109 5293 1200 5356 illum
1225 5295 1307 5358 [leus
1328 5295 1360 5356 iu
1381 5296 1486 5359 medio
1505 5299 1615 5374 vestri,
1631 5299 1714 5362 sicut
