4192 6258
432 425 493 492 508
671 445 818 494 potamion
839 446 915 493 xvttt
935 445 1008 494 POST
1028 443 1222 494 'flilNl'fA'l'llll-
1243 461 1283 476 ··
1303 444 1477 494 anennoeto
1497 445 1530 493 lli
1550 439 1745 495 uvhttoammt

433 616 583 700 peratrix,
595 616 671 693 vita,
682 625 803 693 vertex,
820 617 922 681 forms
937 636 973 680 ac
988 615 1064 680 finis
1079 617 1179 680 virtu-
1193 615 1220 680 t
1235 637 1307 678 eom
1330 618 1520 689 Dominam,
1540 619 1651 680 dicens
1666 639 1678 679 .·
1691 619 1790 680 Dtoir
1812 617 1961 690 omnino,
1980 642 2046 689 μιιιι

432 724 513 790 tum,
530 717 576 780 sic
591 725 679 780 actus
694 716 762 798 ejus
780 717 863 780 inter
882 736 991 781 omnes
1011 724 1100 780 actus
1119 717 1181 780 vir·
1235 715 1267 778 id
1290 724 1339 779 est
1357 717 1440 779 Deus
1460 717 1561 790 Pater,
1579 719 1718 779 Domino
1739 736 1820 786 meo,
1836 717 1962 780 videlieet

433 821 538 879 tuosos
554 815 808 898 perfectissimus
823 815 1019 897 perhibetur.
1038 837 1055 874 o
1066 815 1181 878 Secun·
1235 814 1370 888 Christo,
1386 819 1471 877 Sede
1489 835 1509 875 α
1527 818 1657 876 dextris
1675 817 1781 876 meis?
1796 815 1861 879 lloo
1880 816 1963 898 dupli·

432 915 509 977 dum
526 936 543 973 r
559 932 635 976 vero
653 911 836 977 mandatum
854 935 871 972 o
886 920 935 976 est
949 913 1055 976 simile
1071 913 1178 976 huic»
1235 915 1314 977 citer
1335 914 1374 976 de
1399 913 1524 977 Christo
1543 913 1725 996 exponitur.
1740 913 1857 988 Primo,
1873 933 1963 977 secun·

433 1012 538 1095 primo
568 1012 728 1086 mandato,
760 1029 824 1075 non
854 1019 961 1076 umen
992 1012 1114 1095 aequale
1146 1012 1179 1073 in
1235 1014 1311 1075 dum
1330 1012 1401 1093 ejus
1424 1012 1636 1086 divinitatem,
1653 1012 1715 1075 hoc
1734 1014 1851 1076 modo:
1872 1014 1963 1076 «Sme

432 1109 596 1192 dignitate,
614 1111 669 1172 sed
684 1109 829 1193 proxime
845 1129 992 1192 sequens,
1009 1109 1178 1172 videlicet:
1235 1129 1253 1173 a
1275 1111 1394 1173 dextris
1419 1110 1498 1173 meis
1513 1133 1542 1185 o,
1560 1110 1592 1172 id
1614 1117 1672 1184 est,
1690 1128 1819 1173 meeum
1844 1111 1963 1174 resideo·
2072 1115 2073 1202 l

432 1208 565 1289 diligere
588 1231 605 1268 «
626 1208 808 1291 proximum
829 1230 857 1282 o,
880 1206 910 1270 id
933 1216 981 1270 est
1003 1208 1180 1290 quemlibet
1235 1207 1286 1283 de,
1304 1209 1476 1289 regnando,
1493 1207 1639 1282 essendo,
1655 1214 1724 1270 esto
1741 1206 1821 1270 mihi
1840 1208 1962 1290 aequalis.
2072 1209 2073 1252 l

431 1306 596 1370 hominem
626 1307 660 1368 in
689 1307 808 1369 mundo
837 1306 897 1368 hoc
927 1314 1178 1381 conversantem,
1235 1306 1323 1369 Unde
1343 1306 1382 1368 ad
1397 1305 1545 1369 llebraeos
1560 1305 1729 1388 Apostolus
1747 1305 1826 1369 dicit
1843 1305 1883 1369 de
1896 1306 1965 1369 Chri-

433 1405 516 1468 sieut
535 1424 569 1468 se
593 1405 711 1488 ipsum,
733 1405 891 1487 spirituali
915 1422 1034 1478 amore,
1059 1405 1181 1468 deside·
1235 1411 1284 1468 sto
1301 1421 1307 1466 :
1325 1403 1382 1477 Qui
1405 1423 1505 1486 quum
1528 1403 1571 1465 sit
1589 1403 1739 1486 splendor
1760 1403 1879 1484 glorie,
1894 1405 1964 1467 sedet
1981 1427 2052 1472 aaa

432 1503 532 1567 vando
556 1504 626 1584 ejus
650 1503 797 1577 salutem,
821 1510 853 1565 et
874 1503 1072 1586 cooperando
1092 1503 1121 1565 ei
1140 1503 1179 1565 sd
1234 1503 1274 1564 ad
1289 1502 1450 1564 dexteram
1468 1501 1643 1582 majestatis
1658 1501 1690 1563 in
1706 1501 1850 1563 excelsis.
1867 1501 1965 1565 Setun

432 1601 521 1680 illam
539 1619 596 1684 pro
617 1618 720 1684 posse,
734 1599 825 1682 juxta
840 1601 1033 1683 exigentiam
1052 1620 1109 1664 seu
1126 1619 1180 1684 op·
1235 1601 1276 1664 do
1291 1599 1462 1682 exponitur
1477 1605 1632 1681 quantum
1648 1599 1686 1662 ad
1702 1597 1820 1664 Christi
1839 1599 1964 1662 humani·

432 1700 658 1783 portunitatem
680 1699 846 1783 temporis,
863 1700 924 1762 loci
945 1708 977 1762 et
994 1718 1106 1762 causae.
1123 1700 1180 1762 lle-
1235 1706 1331 1761 tatem
1349 1716 1357 1760 ε
1376 1697 1484 1761 «Sede
1499 1716 1517 1760 a
1533 1697 1652 1760 dextris
1668 1697 1788 1770 meisa,
1801 1697 1833 1760 id
1847 1705 1964 1780 est,pra

432 1798 529 1880 nique
561 1798 741 1879 diligendus
773 1806 821 1860 est
852 1799 1017 1881 proximus
1049 1797 1360 1881 proptechuuctis
1381 1795 1534 1858 creaturis
1553 1802 1621 1859 esto
1641 1794 1721 1858 mihi
1733 1795 1883 1870 vicinior,
1897 1805 1923 1859 et
1939 1797 1964 1859 iu

296 1917 351 1960 oen.
360 1931 374 1968 ι,
383 1920 417 1968 re,
432 1898 544 1972 Deum,
562 1898 593 1960 id
616 1904 675 1972 est,
693 1897 767 1980 quia
782 1897 864 1959 Deus
886 1896 1038 1979 pracepit
1057 1896 1127 1970 hoe,
1149 1904 1181 1958 et
1236 1895 1414 1978 potioribus
1439 1894 1531 1957 bonis
1561 1894 1642 1956 meis
1668 1894 1817 1968 consiste,
1842 1894 1965 1977 repletus
2073 1969 2074 1980 χ

285 1981 319 2022 ²⁷·
432 1995 507 2077 quia
526 1996 564 2058 ad
584 1995 639 2058 Dei
660 1995 831 2076 imaginem
858 1993 960 2057 factus
981 2003 1038 2068 est,
1060 2003 1092 2057 et
1114 2013 1180 2075 gra·
1235 1994 1335 2075 gratia
1350 2001 1382 2055 et
1397 1991 1691 2074 honore‚omnique
1707 1990 1858 2054 felicitate
1873 2000 1903 2054 et
1914 1993 1965 2074 glo
2073 1985 2074 2062 l

432 2094 484 2157 tire
503 2112 613 2176 capax,
634 2101 729 2175 atque
749 2093 890 2156 finaliter
911 2091 952 2157 ob
972 2092 1043 2168 hoo,
1061 2101 1095 2155 ut
1115 2093 1179 2155 Deo
1234 2092 1282 2154 ria
1306 2111 1371 2174 prae
1394 2090 1481 2154 omni
1505 2090 1633 2174 penitus
1658 2097 1814 2164 ereatura,
1834 2091 1965 2154 omuibus

432 2193 561 2254 uniatur
579 2192 717 2255 feliciter
736 2193 768 2254 in
791 2200 955 2255 [aternum.
1235 2207 1362 2272 quoque
1388 2189 1546 2272 praelatus.
1568 2192 1676 2251 Donec
1689 2207 1812 2265 ponem
1836 2191 1966 2250 inimicos

471 2291 897 2351 Iobisduobusmondatie
916 2289 1088 2373 implendis
1105 2292 1180 2351 urti-
1236 2298 1317 2359 tuos,
1344 2287 1375 2349 id
1405 2294 1454 2350 est
1481 2305 1592 2349 omnes
1622 2286 1787 2369 reprobos,
1812 2290 1965 2348 medellam

433 2409 525 2448 uersa
548 2391 602 2447 icoo
623 2385 747 2470 Moysis,
770 2387 835 2450 imo
857 2395 887 2450 et
910 2387 1084 2470 Evangelii,
1101 2407 1179 2464 pen·
1230 2390 1352 2464 pedum
1378 2395 1523 2456 tuorum,
1543 2385 1575 2446 id
1600 2392 1659 2459 est,
1680 2402 1734 2448 eos
1759 2385 1818 2447 tibi
1843 2385 1965 2468 perfecte

432 2488 498 2555 det,
513 2496 545 2546 et
566 2487 751 2561 Prophetae,
773 2486 803 2547 id
827 2493 885 2560 est,
903 2486 1022 2568 scripta
1042 2486 1178 2568 Prophe·
1234 2483 1405 2594 subjiciam
1431 2499 1439 2544 ι
1465 2483 1550 2592 quod
1574 2483 1635 2544 erit
1661 2481 1693 2544 iu
1723 2482 1776 2544 die
1803 2483 1964 2564 judiciii

431 2590 536 2645 tarum
561 2583 731 2665 pendent'
723 2603 755 2644 m
778 2583 850 2646 eis.
867 2584 927 2646 hoc
950 2591 1007 2658 est,
1029 2584 1178 2646 universa
1234 2581 1395 2664 principio
1419 2580 1540 2662 quippe
1565 2580 1794 2644 incarnationis
1818 2581 1888 2643 Filii
1908 2579 1962 2652 Dei,

432 2689 601 2764 praecepta,
618 2680 817 2744 hortamenta
837 2688 867 2744 et
882 2681 1028 2762 dogmata
1048 2681 1126 2763 legis
1147 2690 1179 2744 et
1234 2681 1305 2743 data
1320 2688 1368 2742 est
1383 2679 1507 2743 Christo
1525 2679 1649 2742 homini
1668 2679 1775 2742 omnis
1794 2687 1924 2762 potestas
1937 2681 1962 2740 iu
1993 2698 2038 2798 ''⁶ss

390 2829 392 2834 .
430 2779 668 2862 Prophetarum,
690 2780 878 2843 ordinantur
901 2780 939 2842 ad
965 2779 1078 2841 horum
1104 2779 1177 2842 duo·
1234 2778 1315 2842 eoelo
1339 2786 1372 2840 et
1396 2777 1428 2840 in
1454 2785 1548 2852 terra,
1570 2786 1727 2859 quantum
1751 2779 1791 2840 ad
1816 2767 2038 2860 potestatisui

431 2895 500 2939 rum
531 2877 765 2940 observantiam
796 2886 1040 2988 praeceptorum,
1063 2883 1094 2939 et
1118 2877 1179 2939 vir·
1233 2877 1330 2958 hujus
1346 2875 1597 2959 possessionem;
1610 2877 1642 2938 in
1657 2876 1964 2940 resurrectionevero

431 2973 559 3037 tualiter
584 2975 818 3038 continentur'
810 2995 843 3037 ru
868 2976 925 3049 eis,
947 2975 1029 3037 sicut
1053 2975 1179 3038 conclu·
1195 2977 1218 3040 C
1233 2985 1265 3038 et
1279 2976 1430 3057 deinceps
1446 2975 1518 3037 data
1533 2981 1582 3038 est
1595 2974 1625 3037 ei
1642 2974 1702 3038 ista
1717 2981 1864 3057 potestas,
1875 2975 1964 3057 quoad
2074 2963 2075 2986 ¹

432 3072 538 3135 siones
558 3073 591 3134 in
612 3073 725 3154 primis
748 3073 926 3156 principiis.
944 3074 1074 3155 Propter
1094 3073 1178 3155 quod
1233 3074 1303 3154 ejus
1325 3073 1626 3146 manifestationem,
1643 3072 1720 3154 quia
1734 3091 1774 3136 ex
1788 3080 1863 3136 tuuc
1882 3073 1965 3154 coepit

297 3197 415 3249 mma,
431 3173 470 3235 ad
492 3171 694 3234 Timotheum
714 3172 758 3233 ait
779 3171 947 3253 Apostolus
966 3172 1075 3233 :Finis
1099 3190 1177 3253 prae-
1233 3170 1394 3253 praecipue
1418 3188 1571 3252 apparere
1595 3189 1632 3232 ac
1654 3171 1820 3251 praedieari
1843 3179 1965 3252 potestas

431 3270 516 3352 cepti
540 3276 588 3332 est
612 3269 725 3331 caritas
749 3269 788 3330 de
814 3270 908 3332 corde
933 3287 1023 3352 puro,
1050 3276 1081 3331 et
1107 3286 1178 3331 con·
1232 3288 1269 3331 ao
1288 3269 1425 3351 dignitas
1446 3269 1581 3349 Christf3
1598 3270 1652 3331 sed
1675 3269 1707 3331 in
1728 3269 1780 3332 die
1797 3267 1907 3349 judicii
1923 3270 1966 3330 da·

430 3368 564 3431 scientia
583 3366 676 3440 bona,
693 3374 725 3429 et
743 3367 809 3429 fide
827 3385 890 3430 non
914 3365 999 3429 ficta.
1018 3367 1055 3430 Et
1074 3367 1175 3431 alibi:
1232 3367 1320 3430 bitur
1344 3367 1373 3429 ei
1398 3367 1458 3429 ista
1487 3375 1637 3449 potestas,
1663 3375 1818 3450 quantum
1847 3367 1885 3429 ad
1906 3367 1965 3446 ejus

296 3487 360 3530 aaa.
371 3501 414 3538 ιιιι,
430 3465 595 3528 Plenitudo
609 3465 743 3547 (inquit)
758 3465 847 3546 legis,
860 3473 907 3527 est
922 3465 1050 3527 dileetio
1067 3485 1074 3528 :
1090 3484 1176 3538 nam,
1233 3467 1409 3549 plenariam
1431 3465 1681 3541 exsecutionem,
1702 3465 1778 3549 quia
1798 3473 1871 3528 tunc
1892 3466 1965 3529 Chri·

284 3554 316 3602 ‘⁰‘
327 3553 347 3592 ⁹·
430 3582 494 3627 non
515 3563 652 3637 occides,
670 3581 733 3626 non
753 3562 958 3634 adulterabis,
975 3580 1038 3625 non
1056 3561 1177 3624 furtum
1233 3573 1300 3628 stus
1325 3572 1479 3648 potestate
1501 3564 1563 3626 sibi
1583 3583 1601 3626 a
1621 3565 1710 3627 Patre
1735 3565 1847 3627 collata
1866 3581 1963 3628 ornnes

430 3660 541 3736 facies,
558 3679 621 3724 non
642 3661 758 3723 falsum
780 3661 1000 3723 testimonium
1024 3662 1126 3739 dices3
1147 3668 1179 3722 et
1232 3663 1430 3726 adversarios
1444 3681 1518 3726 suos
1533 3663 1627 3745 plene
1642 3663 1822 3744 dejiciebat
1836 3664 1867 3725 in
1882 3663 1963 3724 infer·
2075 3729 2076 3740 p

430 3759 456 3822 si
473 3761 559 3842 quod
574 3760 660 3822 aliud
676 3767 724 3822 est
740 3760 935 3834 mandatum,
952 3759 985 3821 in
1005 3760 1064 3822 hoc
1080 3758 1178 3822 verbo
1233 3781 1310 3825 num
1334 3761 1484 3836 retrudet,
1501 3761 1637 3824 dicendo
1655 3779 1662 3822 :
1679 3763 1736 3835 lte,
1756 3761 1920 3833 maledicti,
1935 3760 1961 3821 in
1984 3781 2017 3822 ra·
2030 3791 2050 3818 ιιι

431 3858 635 3932 instauratur,
653 3857 769 3938 Diliges
787 3857 970 3940 proximum
986 3864 1077 3919 tuum
1096 3857 1178 3919 siout
1233 3860 1339 3941 ignem
1355 3866 1519 3922 aeternum.
1531 3859 1573 3920 Si
1586 3859 1658 3941 (pro
1673 3859 1767 3941 Quia)
1781 3879 1853 3936 ergo
1866 3861 1963 3921 Dauid
1973 3849 1998 3886 ⁴¹·

430 3963 461 4018 te
484 3956 601 4038 ipsum.
1232 3968 1323 4019 vocet
1338 3978 1411 4018 eum
1426 3959 1615 4028 Dominum,
1632 3961 1789 4036 quomodo
1802 3960 1890 4036 filias
1903 3959 1963 4034 ejus

471 4053 625 4135 Denique,
642 4053 758 4116 Christi
781 4053 986 4136 responsione
1006 4053 1175 4136 descripta,
1232 4066 1290 4127 eat,
1306 4055 1482 4138 praesertim
1505 4073 1606 4137 quum
1631 4055 1731 4119 David
1756 4054 1851 4118 fuerit
1869 4061 1963 4117 tantus

430 4151 643 4214 introducitur
657 4151 791 4234 quaestio
807 4170 903 4233 quam
923 4152 991 4234 ipse
1012 4151 1178 4234 proposuit
1192 4150 1217 4212 D
1233 4154 1387 4236 propheta
1409 4160 1441 4215 et
1461 4169 1516 4216 rex
1532 4156 1544 4215 l

428 4250 593 4315 Pharisaeis
618 4257 649 4312 et
672 4249 803 4313 Scribis.
830 4252 1040 4327 Conprepotis
1068 4259 1177 4310 autem
1273 4255 1316 4314 Ει
1340 4271 1431 4312 acmo
1455 4251 1685 4316 Pharisaeorum
1710 4260 1742 4315 et
1766 4252 1961 4316 Scribarum:

429 4351 622 4419 Pharisaeis,
634 4350 851 4426 interrogavit
867 4369 918 4408 eoa
931 4351 1034 4418 laeua,
1045 4351 1156 4408 dicens
1166 4367 1177 4406 .·
1232 4369 1306 4413 nam
1327 4349 1427 4432 aliqui
1442 4349 1590 4414 Pharisaei
1606 4349 1739 4414 fuerunt
1754 4351 1876 4425 Scribat,
1891 4351 1962 4414 sieut

430 4451 517 4518 Quid
540 4449 626 4508 vobis
645 4449 779 4508 videtur
797 4450 837 4507 dc
852 4447 1004 4507 Christo?
1019 4448 1121 4524 Cujus
1138 4453 1178 4523 fi·
1232 4467 1318 4510 nunc
1334 4448 1464 4530 quidam
1484 4449 1625 4529 religiosi
1646 4458 1721 4512 sunt
1736 4450 1874 4512 doctores
1889 4450 1963 4510 theo

429 4548 495 4606 lius
516 4556 561 4606 est
583 4545 761 4608 dicendusf
780 4547 905 4608 Dicunt
929 4547 961 4604 ei
974 4566 985 4604 .·
1002 4547 1124 4614 David,
1145 4544 1176 4606 id
1233 4546 1339 4627 logiae3
1351 4557 1481 4623 poterat
1503 4549 1535 4607 ei
1556 4551 1752 4625 respondere
1773 4551 1898 4609 verbum
1916 4547 1963 4608 ali-

430 4650 488 4718 est,
513 4643 601 4706 filius
627 4644 709 4724 regis
734 4644 833 4707 David
858 4643 1012 4706 dicendus
1037 4650 1093 4706 est.
1117 4643 1176 4706 No·
1232 4645 1317 4727 quod
1331 4645 1369 4707 ad
1387 4645 1595 4727 questionem
1612 4654 1810 4728 protactam3
1825 4647 1960 4728 quianon

428 4749 540 4805 verant
558 4743 644 4804 euim
664 4743 763 4806 Judaei
783 4742 996 4804 communiter
1016 4741 1174 4804 Christum
1232 4742 1460 4826 exspectabant
1485 4743 1645 4807 Christum
1673 4745 1736 4808 nisi
1761 4753 1795 4808 ut
1814 4746 1962 4808 hominem

430 4841 469 4904 de
492 4841 590 4904 David
612 4841 733 4904 semine
755 4841 953 4904 nasciturum
975 4840 1083 4903 fuisse.
1232 4860 1369 4924 purum;
1389 4849 1421 4904 et
1443 4843 1621 4906 secundum
1643 4844 1715 4916 hoc,
1733 4861 1796 4907 non
1817 4851 1894 4906 esset
1913 4843 1963 4904 llo

469 4941 529 5002 Ait
546 4942 614 5000 iltis
630 4961 641 5000 .·
657 4942 818 5009 Quomodo
837 4959 912 5018 erpo
926 4942 1037 5002 David
1057 4941 1092 5000 io
1112 4942 1176 5016 spi·
1232 4941 1338 5003 minus
1353 4940 1463 5003 David.
1480 4941 1513 5004 Si
1528 4949 1635 5005 autem
1652 4949 1881 5025 exspectassent
1895 4959 1962 5003 eum

430 5040 513 5110 rite,
534 5038 566 5100 fd
588 5046 646 5112 est,
668 5038 844 5120 inspirante
866 5056 902 5101 ae
924 5039 1076 5101 edocente
1101 5057 1174 5100 eum
1232 5045 1267 5100 ut
1281 5039 1381 5101 Deum
1402 5045 1434 5100 et
1453 5039 1628 5114 hominem,
1645 5040 1783 5104 faciliter
1802 5039 1964 5122 respondis·

430 5135 551 5218 Spiritu
567 5137 698 5216 Sanct03
715 5136 776 5211 vel,
795 5158 811 5194 «
828 5137 859 5198 in
876 5136 990 5218 spiritu
1008 5158 1036 5210 o,
1054 5137 1113 5198 hoc
1128 5144 1176 5198 est
1231 5143 1312 5210 sent,
1329 5137 1414 5218 quod
1438 5138 1614 5200 seeundum
1640 5138 1791 5202 deitatem
1814 5144 1890 5201 esset
1914 5137 1964 5199 [to

429 5235 461 5298 in
482 5235 642 5318 spirituali
667 5254 703 5298 ae
727 5235 906 5318 prophetali
931 5234 1064 5314 intuitu3
1086 5245 1175 5295 vocat
1232 5234 1338 5297 minus
1358 5235 1467 5309 David,
1483 5236 1659 5300 secundum
1681 5237 1902 5300 humanitatem
1917 5253 1963 5296 ve·
