4164 6258
435 457 495 522 260
781 475 930 524 noumrca
950 477 981 523 vr
1002 477 1075 524 rosr
1095 473 1288 521 ramnum.
1308 492 1348 504 -
1370 472 1468 522 annuo
1488 474 1642 522 sacunnus

305 671 361 716 cen.
375 681 423 719 m,
436 646 482 710 lle
504 645 686 711 irascamini
710 647 742 711 in
764 647 825 711 via.
848 649 978 712 Sextum
1001 655 1060 722 est,
1080 645 1182 711 consi·
1199 645 1223 709 Α
1239 644 1415 727 sepissime
1444 654 1477 709 ct
1504 663 1563 730 pro
1591 643 1694 709 causis
1724 643 1890 708 levissimis
1912 643 1960 709 ira-

291 736 326 778 2⁴.

439 745 560 808 deratio
578 746 804 809 adversitatum
826 766 897 828 quar
915 753 1049 830 possunt
1062 745 1185 808 accide—
1239 752 1382 820 scuntur,
1401 753 1440 824 ,et
1469 745 1635 808 irascendo
1662 744 1783 825 jurant,
1809 742 1959 825 perjurant,

440 862 484 919 re,
501 851 533 906 et
548 851 657 907 contra
676 863 729 907 eas
749 864 783 907 se
803 864 861 926 per
879 846 1034 908 rationem
1051 852 1083 906 et
1099 863 1185 906 man·
1238 842 1382 925 aliosque
1403 842 1602 925 perturbant,
1624 841 1823 914 contristant,
1843 848 1872 903 et
1890 859 1906 902 a
1923 842 1962 904 de-

438 942 640 1005 suetudinem
670 945 874 1025 praemunire,
900 944 1050 1025 quoniam
1079 941 1186 1024 jacula
1239 941 1367 1004 votione
1396 960 1433 1004 ac
1462 959 1540 1024 pace
1571 941 1689 1004 mentis
1720 939 1904 1022 impediunt,
1927 950 1962 1002 at·

437 1040 572 1121 praevisa
592 1040 699 1104 minus
720 1041 849 1104 feriunt.
867 1042 981 1123 Atque,
999 1049 1034 1102 ut
1053 1041 1097 1102 ait
1112 1039 1185 1102 Gre-
1239 1057 1301 1120 que
1323 1046 1387 1101 tam
1408 1039 1595 1102 irrefrenate
1620 1058 1654 1102 se
1679 1037 1800 1101 habent
1824 1045 1855 1099 ut
1878 1037 1960 1100 bruta

434 1138 553 1218 gorius,
571 1138 652 1201 mala
669 1140 780 1202 mundi
804 1140 977 1222 patientius
999 1138 1182 1212 toleramus,
1238 1137 1291 1198 lsti
1314 1145 1389 1200 sunt
1413 1138 1551 1200 ministri
1576 1144 1608 1201 et
1633 1136 1779 1200 membra
1800 1136 1918 1210 diaboli,
1937 1147 1961 1198 et

434 1236 460 1298 si
482 1244 592 1300 contra
612 1256 648 1300 ea
669 1256 727 1320 per
750 1238 910 1321 patientiae
933 1238 1082 1320 clypeum
1104 1255 1184 1318 prae-
1238 1254 1302 1299 non
1327 1238 1453 1301 Christi.
1476 1239 1656 1301 Emendent
1677 1255 1754 1318 ergo
1778 1255 1813 1300 sc
1837 1237 1922 1319 ipsos,
1937 1245 1960 1298 et

435 1336 610 1398 munimur.
627 1336 705 1399 Nam
725 1337 780 1419 qni
804 1335 959 1418 corporali
982 1335 1182 1416 congressuri
1238 1342 1356 1416 quanta
1384 1337 1468 1398 mala
1496 1355 1535 1400 ex
1563 1353 1676 1400 eorum
1708 1334 1892 1418 proveniant
1914 1335 1959 1408 ira,

434 1441 510 1497 sunt
530 1434 627 1509 bello,
643 1436 750 1517 primo
768 1435 897 1498 discunt
917 1442 1017 1497 artem
1041 1452 1183 1517 pugnan·
1237 1442 1383 1514 pensent.

434 1533 465 1595 di
482 1540 514 1595 et
528 1541 654 1595 armant
668 1552 713 1607 se,
723 1541 755 1594 et
769 1533 846 1615 quid
862 1533 909 1595 eis
923 1533 1067 1595 accidere
1082 1531 1183 1614 possit
1278 1532 1398 1594 Recitat
1415 1533 1612 1613 Augustinus
1632 1532 1665 1595 in
1688 1531 1772 1594 libro
1792 1533 1832 1594 de
1851 1531 1961 1595 Ciuitate
2067 1551 2069 1620 p

434 1631 651 1713 praecogitant,
669 1639 704 1693 ut
718 1650 755 1694 ea
770 1632 914 1694 evadant.
927 1631 1105 1713 Septimum
1121 1638 1180 1704 est,
1237 1629 1304 1703 Dei,
1329 1630 1600 1711 quemadmodum
1627 1629 1758 1712 quidam
1790 1629 1960 1712 philosophi,
2067 1621 2069 1710 l

434 1727 539 1791 lacere
560 1729 622 1792 sibi
645 1730 911 1792 consuetudinem
931 1730 1098 1792 resistendi
1119 1729 1182 1811 pri·
1237 1727 1360 1790 scilicet
1390 1727 1499 1803 Stoici,
1533 1729 1694 1804 dixerunt,
1724 1745 1838 1791 omnes
1868 1727 1962 1790 anima

436 1827 496 1888 mis
516 1827 658 1890 motibus
678 1829 743 1902 irae,
761 1829 928 1911 ipsamque
944 1828 1023 1890 iram
1045 1827 1127 1890 intra
1146 1825 1217 1890 seB
1237 1826 1412 1907 passiones,
1428 1827 1579 1890 videlicet
1596 1827 1688 1901 iram,
1704 1827 1878 1900 tristitiam,
1890 1826 1964 1888 timo

434 1925 574 1988 clausam
595 1934 704 1989 tenere
727 1933 759 1989 et
777 1925 947 2000 suffocare,
963 1945 1004 1989 ne
1024 1926 1102 1988 loris
1124 1945 1181 2008 per
1236 1943 1316 1998 rem,
1342 1933 1416 1999 ete,
1446 1944 1516 1988 esse
1543 1925 1786 2008 vituperabiles,
1812 1935 1844 1988 et
1869 1927 1962 1988 anima

434 2023 532 2087 verba
546 2032 579 2086 et
593 2025 684 2106 signa
702 2033 858 2108 erumpat.
876 2024 1029 2088 Octavum
1049 2033 1107 2096 est,
1124 2024 1180 2087 Dei
1237 2023 1374 2086 morbos.
1396 2025 1565 2107 Quumque
1590 2044 1674 2087 uuus
1696 2025 1736 2087 dc
1758 2023 1825 2086 illis
1847 2024 1962 2106 pbilose

433 2122 628 2202 adjutorium
647 2122 767 2204 jugiter
786 2130 881 2206 atque
901 2142 973 2186 cum
994 2123 1082 2185 omni
1098 2122 1181 2184 lidu—
1236 2121 1309 2202 phis
1331 2130 1416 2184 esset
1436 2123 1573 2205 quadam
1596 2122 1666 2185 vioe
1689 2122 1723 2185 in
1744 2121 1832 2195 navi,
1848 2121 1963 2184 adesset·

434 2219 484 2281 cia
503 2220 660 2284 invocare.
679 2221 716 2283 Et
732 2221 792 2284 hoc
812 2221 1017 2303 potissimum
1038 2239 1180 2283 necessa·
1235 2239 1298 2301 que
1319 2221 1400 2283 alius
1425 2221 1555 2303 quidam
1580 2222 1766 2284 adolescens
1792 2221 1921 2284 lascivus
1939 2229 1964 2284 et

434 2318 516 2381 rium
534 2326 583 2381 est
597 2319 648 2382 bis
662 2319 718 2401 qui
731 2320 781 2382 vel
798 2338 836 2382 ex
851 2319 987 2382 naturali
1003 2319 1181 2402 dispositio
1236 2318 1326 2393 levis,
1342 2327 1410 2382 orta
1429 2326 1478 2382 est
1497 2319 1530 2382 in
1550 2320 1629 2382 mari
1649 2320 1780 2400 grandis
1800 2328 1961 2402 tempestas

434 2436 485 2490 ne,
496 2424 551 2480 aut
565 2436 604 2480 ex
618 2418 860 2492 consuetudine,
871 2419 910 2480 ad
925 2418 1006 2480 iram
1021 2417 1178 2500 proclives
1235 2417 1338 2500 Coepit
1356 2436 1432 2499 ergo
1451 2418 1662 2501 philosophus
1685 2418 1740 2480 ille
1759 2418 1924 2481 formidare
1939 2427 1962 2480 et

433 2525 508 2580 sunt
525 2535 532 2579 :
550 2537 623 2580 nam
638 2525 670 2580 et
684 2517 820 2600 quilibet
835 2526 944 2581 contra
964 2518 1019 2580 illa
1033 2518 1111 2581 vitia
1126 2519 1179 2580 de·
1235 2517 1373 2598 pallidus
1393 2517 1477 2592 lieri,
1494 2518 1550 2581 sed
1568 2517 1698 2599 juvenis
1718 2518 1774 2581 ille
1791 2517 1963 2601 imperterri-

433 2615 487 2678 bet
511 2616 681 2698 specialius
706 2617 941 2698 instantiusque
964 2635 1117 2698 pugnare,
1139 2617 1179 2679 ad
1234 2623 1285 2678 tus
1306 2617 1434 2691 mansit,
1450 2615 1540 2680 laetus
1562 2625 1594 2679 et
1614 2625 1756 2681 cantans.
1779 2617 1963 2680 Postmodum

432 2732 503 2796 quaa
522 2733 556 2777 se
576 2715 758 2797 proniorem
779 2715 951 2797 cognoscit.
970 2715 1105 2797 Superbi
1124 2733 1178 2776 au·
1233 2714 1463 2797 tranquillitate
1487 2734 1624 2790 reversa,
1649 2716 1838 2779 adolescens
1861 2715 1909 2778 ille
1929 2715 1964 2776 in-

430 2819 496 2875 tem
520 2820 553 2874 et
576 2813 682 2895 magni
709 2814 742 2875 in
765 2813 866 2876 oculis
887 2813 964 2887 suis,
987 2813 1122 2875 celerius
1147 2821 1179 2875 et
1234 2813 1364 2875 sultavit
1378 2813 1582 2896 philosopho,
1598 2831 1638 2877 eo
1656 2814 1742 2896 quod
1762 2814 1963 2886 timuisset,et

430 2910 666 2994 implacabilius
696 2913 909 2975 irascuntur:
935 2929 999 2994 quo
1028 2913 1114 2974 enim
1143 2931 1177 2974 se
1234 2911 1303 2992 ipse
1318 2912 1488 2974 mansisset
1502 2911 1738 2993 imperterritus
1757 2920 1791 2975 et
1810 2911 1961 2994 jucundus.

429 3009 516 3091 ipsos
545 3010 739 3074 arbitrantur
763 3011 910 3092 majores,
936 3010 1176 3074 excellentiores
1195 3004 1217 3067 G
1234 3010 1406 3092 Respondit
1430 3010 1640 3092 philosophus
1667 3027 1674 3072 :
1700 3011 1784 3085 Quid
1815 3010 1962 3074 mirumst

430 3115 485 3170 aut
513 3109 685 3190 digniores,
710 3127 749 3172 eo
778 3108 900 3171 illatam
931 3108 992 3172 sibi
1023 3109 1175 3191 injuriam
1231 3117 1342 3171 tutam
1359 3110 1474 3172 malam
1491 3110 1624 3192 perdere
1639 3111 1738 3173 vitam
1753 3129 1821 3174 non
1836 3109 1961 3182 timuisti,

430 3207 530 3286 magis
545 3214 745 3289 exaggerant,
762 3214 794 3269 et
808 3207 937 3288 gravius
952 3207 1115 3270 vindicare
1130 3208 1176 3270 ni·
1230 3224 1288 3288 ego
1307 3215 1413 3270 autem
1429 3215 1494 3269 tam
1515 3207 1631 3271 bonam
1651 3209 1801 3272 amittere
1816 3209 1908 3272 vitam
1922 3227 1961 3270 ex·

428 3311 551 3378 tuntur,
568 3307 715 3387 quamvis
737 3306 779 3368 sit
799 3324 906 3387 parva.
1230 3305 1431 3387 pavilllujus
1446 3307 1552 3369 simile
1568 3307 1724 3389 contingit
1738 3306 1960 3391 quotidiellam

468 3402 640 3476 Postremo,
664 3402 863 3485 quadruplex
892 3409 940 3464 est
968 3402 1174 3464 irascentium
1229 3405 1359 3487 quidam
1379 3406 1453 3469 vitas
1472 3405 1595 3470 vitiosae
1613 3425 1651 3468 ac
1672 3406 1819 3488 perditae,
1835 3415 1959 3488 tempore

428 3518 539 3581 genus.
556 3501 634 3563 Nam
659 3502 691 3563 in
713 3501 904 3583 quibusdam
927 3501 1032 3563 fervor
1050 3501 1175 3563 iracun·
1229 3510 1455 3585 tempestatum
1481 3510 1513 3566 et
1537 3503 1703 3585 fulgurum
1728 3521 1794 3567 non
1817 3511 1959 3574 verentur,

429 3598 489 3661 dim
511 3599 574 3661 cito
596 3599 787 3673 incenditur,
810 3607 842 3661 et
863 3600 926 3663 cito
950 3599 1172 3680 exstinguitur.
1228 3601 1303 3682 quia
1317 3621 1351 3664 so
1366 3601 1451 3683 ipsos
1466 3619 1528 3664 non
1543 3610 1648 3664 amant
1659 3603 1887 3678 veraciter,nec
1899 3601 1959 3684 quid

380 3753 387 3768 ,
429 3698 465 3760 ln
484 3698 555 3760 aliis
571 3699 634 3761 cito
648 3699 843 3772 accenditur,
861 3699 916 3762 sed
932 3698 1109 3761 difficulter
1124 3718 1175 3762 ex·
1228 3699 1275 3761 eis
1294 3700 1438 3763 accidere
1459 3700 1559 3783 possit
1577 3701 1784 3784 perpendunt
1800 3702 1959 3784 sapienter;

430 3797 604 3878 stinguitur
634 3815 641 3860 ε
672 3804 705 3860 ct
735 3798 787 3860 isti
820 3806 894 3861 sunt
924 3798 1106 3860 deteriores.
1138 3799 1173 3861 ln
1229 3798 1328 3880 aliqui
1353 3817 1428 3862 vero
1454 3799 1530 3861 boni
1556 3806 1588 3862 et
1611 3799 1773 3882 sapientes
1802 3801 1836 3862 in
1861 3799 1960 3862 talibus

429 3895 622 3976 quibusdam
640 3895 728 3958 tarde
747 3896 941 3970 accenditur,
962 3903 994 3957 et
1012 3897 1101 3958 tarde
1121 3914 1174 3958 ex·
1230 3905 1388 3972 metuunt,
1406 3897 1529 3979 etquid
1550 3897 1735 3979 contingere
1748 3899 1799 3962 eis
1815 3898 1912 3962 valcat
1924 3897 1960 3958 in·

430 3994 613 4075 stinguitur.
631 3995 664 4056 ln
688 3994 802 4056 ceteris
823 3995 911 4056 tarde
932 3994 1127 4067 accenditur,
1143 4001 1175 4056 et
1228 4002 1367 4058 tuentur.
1385 3996 1453 4058 Non
1474 4003 1580 4058 tamen
1604 3997 1637 4058 in
1658 3996 1777 4060 talibus
1800 4006 1849 4060 est
1867 3998 1961 4059 immo·

431 4093 496 4155 cito
510 4093 723 4172 exstinguitur
739 4111 746 4157 :
763 4100 794 4154 et
810 4092 861 4154 isti
883 4100 958 4154 sunt
976 4092 1048 4154 aliis
1066 4092 1174 4155 melio·
1228 4095 1375 4157 deranter
1398 4095 1590 4170 timendum,
1617 4095 1672 4158 sed
1702 4094 1802 4159 homo
1825 4095 1914 4160 debet
1934 4111 1960 4156 se

430 4211 490 4254 res.
518 4191 589 4266 Sed,
611 4191 672 4254 heu
692 4198 699 4253 t
726 4191 817 4254 multi
844 4198 918 4252 sunt
940 4190 1082 4264 nomine,
1109 4208 1172 4254 uon
1187 4195 1213 4257 l)
1228 4193 1292 4256 Deo
1307 4194 1517 4268 committere,
1535 4194 1641 4276 ipsum
1657 4192 1820 4269 invocare,
1836 4213 1871 4258 ac
1885 4194 1961 4273 signo

428 4289 602 4353 virtutibus
628 4289 805 4362 christiani,
831 4289 886 4370 qui
916 4289 1014 4350 instar
1043 4307 1170 4365 canum,
1227 4311 1261 4355 se
1282 4293 1387 4355 crucis
1409 4294 1547 4356 munire.
