4192 6258
317 495 466 545 nortmrca
486 497 562 544 xvru
583 499 656 546 rosr
676 499 869 546 ministrari.
891 518 931 530 -
953 502 995 548 an
1015 503 1209 569 na1.rcrosos;
1230 505 1329 552 suano
1349 505 1477 562 onrnrns
1610 482 1669 548 blf

119 682 154 726 ra
169 671 201 727 et
217 665 369 732 inviolata
387 671 515 754 Regula
529 681 585 734 aut
603 673 799 737 Statutorum
815 673 869 736 ob·
884 674 910 737 A
926 681 1030 738 temus
1047 692 1054 737 :
1071 675 1224 752 Tenuisti,
1244 677 1389 752 Domine,
1408 696 1539 740 manum
1563 677 1669 740 dexte·
1694 689 1735 734 rs.
1748 702 1813 744 auu,

120 765 301 829 servatione
333 769 489 833 distemus
519 789 556 833 ac
587 771 777 834 deficiamus
805 779 870 834 tam

120 861 260 928 infinite.
278 866 448 932 Videamus
468 888 508 932 an
527 870 608 933 nihil
629 870 721 934 nohis
740 871 822 934 desit
837 871 869 934 in

119 961 314 1040 humilitate,
340 965 410 1029 sine
436 986 498 1049 qua
524 969 588 1032 Deo
613 987 675 1032 non
700 987 869 1051 possumus

119 1061 333 1144 complacere.
354 1065 386 1128 Si
411 1073 518 1128 autem
542 1084 580 1129 en
607 1066 669 1130 levi
691 1067 868 1141 occasione,

118 1158 158 1221 ad
190 1159 371 1238 elationem,
396 1164 435 1226 ad
460 1183 574 1227 vanarn
602 1165 735 1246 gloriam
761 1167 870 1229 incita-

119 1275 204 1332 mur,
221 1266 277 1321 aut
299 1269 409 1324 contra
427 1261 506 1326 alios
528 1263 741 1344 indignamur,
756 1271 788 1326 et
810 1264 869 1326 fra-

118 1362 201 1418 trem
230 1356 425 1440 despicimus
449 1367 504 1422 aut
527 1367 647 1424 temere
673 1361 867 1443 judicamus,

117 1455 258 1518 multum
275 1457 367 1520 nohis
382 1459 471 1522 deest
484 1458 683 1522 humilitatis.
693 1458 868 1524 Conformi-

925 791 991 835 ram
1015 791 1130 850 meam,
1154 775 1236 838 etin
1256 776 1418 839 voluntate
1438 783 1493 838 tua
1511 774 1670 838 deduxisti
1683 755 1717 797 ²⁸·

926 889 987 946 me,
1011 879 1139 935 etcum
1164 875 1265 956 gloria
1288 875 1457 958 suscepisti
1482 893 1543 938 me.
1565 874 1669 946 Quum

924 970 1010 1033 enim
1027 980 1185 1055 precepta
1197 972 1254 1035 Dei
1270 973 1420 1048 sciamus,
1438 981 1470 1036 et
1485 972 1561 1055 quid
1576 989 1670 1053 agen-

924 1068 1001 1131 dum
1017 1069 1060 1130 sit
1074 1070 1166 1133 nobis
1182 1088 1245 1134 non
1261 1071 1454 1153 ignoremus,
1472 1071 1549 1154 quid
1564 1088 1671 1134 neces-

924 1167 1014 1230 sarie
1029 1167 1121 1231 nobis
1137 1177 1212 1231 sunt
1226 1177 1383 1252 praetactae
1402 1170 1560 1233 orationes
1578 1176 1611 1231 et
1625 1168 1671 1231 eis

924 1265 1118 1340 consimiles,
1135 1267 1197 1329 nisi
1214 1267 1290 1350 quia
1303 1268 1342 1330 ad
1357 1267 1440 1330 bene
1455 1285 1492 1330 ac
1509 1266 1670 1329 meritorie

922 1364 1131 1446 operandum,
1148 1365 1364 1447 cogitandum,
1382 1365 1609 1449 appetendum,
1626 1363 1670 1426 lo·

922 1463 1085 1545 quendum
1105 1463 1224 1544 jugiter
1244 1464 1426 1545 indigemus
1445 1462 1562 1526 actuali
1581 1463 1671 1525 moti·

117 1561 166 1616 ter
188 1555 409 1619 examinemus
431 1574 499 1632 nos,
516 1576 556 1620 an
577 1557 657 1620 nihil
674 1557 767 1621 nobis
787 1559 869 1621 desit
922 1578 982 1624 one
1000 1568 1033 1623 et
1056 1561 1232 1626 directione
1252 1563 1389 1646 Spiritus
1414 1563 1531 1636 Sancti,
1553 1579 1614 1644 ope
1639 1569 1670 1624 et

117 1651 151 1713 in
169 1653 869 1737 mansuetudine,patientia,fortitudine,ju·
922 1659 1118 1742 protectione
1142 1660 1310 1735 Altissimi,
1336 1671 1372 1724 ut
1400 1661 1510 1724 unctio
1535 1661 1606 1741 ejus
1635 1659 1668 1722 in
1690 1671 1814 1724 tamam

117 1751 216 1826 stitia,
241 1753 431 1828 ohedientia,
457 1755 638 1828 sobrietate,
663 1755 865 1830 discretione,
922 1757 1045 1820 cunctis
1066 1774 1123 1820 nos
1142 1757 1264 1832 doceat,
1280 1765 1312 1820 et
1333 1759 1481 1821 universa
1501 1775 1575 1820 cum
1594 1775 1669 1820 vera
1682 1737 1718 1779 ²⁷·

118 1851 262 1924 caritate,
289 1853 467 1936 ceterisque
491 1853 683 1934 virtutibus3
704 1863 810 1937 atque,
834 1855 904 1918 niB
922 1855 1113 1918 discretione
1132 1873 1273 1936 agamus,
1290 1874 1413 1919 errores
1433 1862 1464 1918 et
1479 1855 1557 1919 vitia
1574 1863 1669 1937 atque

117 1949 224 2024 fallor,
244 1950 277 2012 in
301 1951 452 2014 omnihus
476 1952 677 2015 inveniemus
700 1971 757 2016 nos
782 1953 868 2016 dele·
923 1953 1078 2016 malorum
1095 1953 1324 2035 permixtiones
1345 1962 1500 2036 quantum
1518 1952 1670 2036 possibile

119 2055 249 2111 ctuosos
270 2067 306 2111 ac
328 2067 494 2131 pauperes.
921 2058 970 2115 est
990 2050 1196 2114 declinantes.

159 2145 240 2220 Quid
264 2146 372 2228 itaque
396 2155 503 2220 restat,
520 2146 582 2210 nisi
608 2155 643 2210 ut
668 2149 810 2230 quotidie
835 2149 866 2210 in
962 2151 1001 2213 Ut
1023 2157 1129 2212 autem
1152 2151 1219 2214 hee
1240 2151 1349 2214 omnia
1371 2170 1390 2213 a
1413 2151 1478 2214 Deo
1501 2151 1671 2233 impetrare

117 2250 229 2307 nostro
243 2251 365 2308 secreto
379 2262 484 2308 coram
502 2246 566 2308 Deo
580 2263 636 2308 nos
650 2245 866 2321 discutiamus,
923 2247 1094 2333 possimus,
1111 2265 1184 2310 cum
1208 2247 1295 2310 omni
1318 2247 1498 2310 humilitate
1522 2255 1554 2310 et
1578 2246 1672 2309 filiali

118 2359 320 2416 accusemus,
337 2342 559 2426 corripiamus,
576 2343 764 2418 defleamus,
776 2345 868 2408 casti·
923 2345 1042 2410 fiducia
1064 2344 1266 2409 confidamus
1289 2345 1321 2408 in
1343 2363 1392 2420 eo,
1409 2353 1441 2408 et
1461 2346 1532 2426 ejus
1553 2343 1673 2408 auxilio

117 2459 244 2522 gemus,
265 2439 488 2515 conliteamur,
510 2441 753 2516 satisfaciamus,
773 2451 868 2524 atque
923 2444 1156 2508 incessabiliter
1172 2444 1356 2507 innitamur.
1374 2443 1421 2507 Ad
1442 2444 1548 2526 ipsum
1569 2443 1671 2526 suspi-

117 2539 151 2600 in
170 2538 329 2600 universis
345 2556 402 2602 uos
417 2539 491 2602 totis
506 2539 630 2603 viribus
645 2540 868 2603 emendemusl
923 2550 972 2606 ret
996 2559 1050 2604 cor
1074 2548 1230 2616 nostrum,
1252 2542 1503 2623 invocemusque
1532 2559 1618 2615 eum,
1641 2547 1673 2603 et

117 2637 166 2700 Ad
196 2637 274 2719 qnid
304 2637 463 2713 venimus,
490 2639 617 2702 assidue
647 2639 868 2719 revolvamus3
924 2641 1142 2704 indesinenter
1165 2640 1266 2702 simus
1288 2639 1418 2702 solliciti
1442 2658 1483 2702 ne
1508 2639 1615 2721 ipsum
1638 2639 1672 2700 in

118 2734 275 2817 temporis
305 2733 536 2799 infructuosam
566 2737 790 2800 deductionem
815 2757 869 2802 ve·
924 2739 1031 2822 aliquo
1045 2738 1258 2812 offendamus,
1271 2737 1529 2801 informationem
1545 2755 1673 2820 quoque

118 2832 364 2896 hementissime
388 2834 605 2914 detestemur3
626 2836 755 2910 orando,
775 2837 872 2900 medi·
924 2857 943 2900 a
957 2835 1177 2919 superioribus
1192 2835 1309 2898 nostris
1325 2843 1356 2897 et
1375 2833 1622 2916 sapientioribus
1638 2834 1673 2896 li-

121 2931 229 3006 tando,
258 2930 423 3013 psallendo
453 2939 628 3014 occupetur
657 2953 785 3016 semper
817 2953 872 2998 cor
925 2935 1037 2998 beuter
1058 2933 1263 3016 accipiamus.
1285 2933 1373 2997 Unde
1395 2940 1427 2996 et
1448 2932 1606 2996 Climacus
1628 2933 1673 2995 lo-

120 3037 270 3093 nostrum
300 3030 333 3092 in
361 3031 435 3094 Deo.
463 3030 634 3094 Dominum
665 3033 765 3096 Deum
796 3052 869 3097 cum
886 3035 908 3098 C
926 3035 1035 3116 quitur
1048 3050 1054 3095 :
1067 3032 1266 3114 Quicumque
1282 3032 1393 3096 volunt
1407 3031 1530 3095 discere
1546 3031 1673 3095 Domini

9 3159 103 3197 ..aare
119 3129 278 3212 Propheta
298 3147 426 3192 oremus
444 3147 451 3192 :
468 3131 576 3194 Deduc
598 3150 661 3206 me,
677 3132 821 3207 Domine,
837 3133 870 3196 in
926 3131 1123 3195 voluntatem
1153 3137 1186 3192 et
1216 3129 1453 3212 beneplacitum
1487 3129 1569 3210 ejus,
1600 3149 1672 3194 suas

119 3228 173 3292 via
189 3235 255 3302 tua,
272 3235 303 3290 et
323 3227 483 3310 ingrediar
502 3229 684 3292 inveritate
705 3236 774 3309 tua3
790 3231 872 3294 late·
926 3230 1069 3312 ipsorum
1084 3228 1263 3292 voluntates
1278 3235 1310 3290 et
1324 3227 1570 3310 complacentias
1586 3229 1673 3311 prius

121 3335 175 3390 tur
200 3343 255 3389 cor
280 3343 399 3400 meum,
423 3333 459 3388 ut
482 3326 593 3390 timeat
617 3345 733 3390 nomen
757 3337 869 3408 tnum;
927 3326 1122 3391 mortificare
1141 3332 1290 3388 tenentur
1307 3332 1339 3388 et
1359 3325 1487 3400 debent,
1504 3333 1535 3388 et
1555 3327 1588 3388 in
1607 3325 1673 3389 fide

9 3457 103 3496 ..cnm
120 3426 276 3506 itemque,
300 3423 432 3488 Gressus
458 3443 545 3487 meos
568 3425 670 3506 dirige
694 3427 870 3490 secundum
925 3445 961 3489 ac
977 3425 1182 3507 simplicitate
1197 3424 1317 3506 absque
1338 3423 1458 3486 malitia
1476 3425 1582 3487 Patres
1599 3442 1673 3488 suos

9 3509 21 3548 ³·
120 3522 288 3604 eloquium
318 3529 421 3596 tuum,
446 3530 477 3584 et
507 3541 570 3586 non
600 3523 783 3586 dominetur
807 3525 869 3587 mei
925 3531 980 3587 aut
1000 3524 1096 3586 etiam
1116 3523 1238 3585 Fratres
1259 3523 1462 3602 interrogare,
1479 3528 1511 3585 et
1529 3521 1674 3585 consulta

9 3645 103 3690 aare.
119 3621 228 3684 omnis
258 3620 438 3701 injustitia;
467 3640 654 3704 rursusque,
680 3622 792 3686 Notum
821 3623 870 3685 fac
926 3623 1063 3704 henigne
1088 3621 1260 3704 suscipere.
1283 3621 1321 3683 tt
1345 3638 1420 3701 ergo
1444 3620 1524 3682 nihil
1550 3621 1583 3682 in
1607 3621 1674 3684 ulla

9 3739 41 3780 aa.
56 3742 88 3782 m.
119 3719 204 3782 mihi
218 3719 304 3782 viam
325 3719 357 3780 in
377 3738 439 3799 qua
457 3718 642 3800 ambulem;
659 3727 700 3794 et,
716 3721 799 3784 Doce
819 3740 871 3783 me
925 3723 1026 3803 gratia
1049 3721 1131 3783 desit
1159 3719 1262 3794 nobis,
1289 3718 1530 3800 infatigabiliter
1554 3727 1672 3800 sataga-

118 3818 227 3880 facere
250 3817 445 3880 voluntatem
472 3825 576 3896 tuam;
594 3826 629 3880 ut
650 3820 778 3882 tandem
801 3838 870 3901 per·
927 3839 998 3883 mus
1024 3820 1115 3900 juxta
1144 3826 1258 3882 nostras
1285 3817 1493 3900 professionis
1520 3818 1672 3900 exigenti-

118 3916 295 3979 fectionem
314 3916 421 3997 adepti
441 3915 736 3999 beatitudinemque
754 3918 868 3991 sortiti,
924 3938 975 3980 am
999 3916 1175 3980 efficaciter
1196 3915 1387 3990 conversari,
1410 3916 1449 3978 ad
1471 3915 1597 3978 laudem
1619 3915 1673 3978 Al-

117 4033 195 4078 eum
211 4021 322 4078 sancto
338 4013 406 4078 viro
419 4022 507 4095 grata
521 4033 557 4078 ao
573 4015 667 4078 hilari
683 4023 789 4078 mente
801 4035 870 4078 can·
924 4016 1049 4080 tissimi.

657 4390 847 4478 SERMD
884 4390 1137 4495 QUINTUS

339 4641 481 4697 ououono
503 4641 684 4688 niniasunns
706 4641 752 4687 sir
772 4641 849 4687 naus
868 4624 1114 4704 (oonnnnnonnn
1136 4639 1226 4686 rnron
1247 4639 1367 4685 nrnnxrr
1386 4623 1458 4703 nos)

605 4740 765 4796 suavunn,
786 4739 956 4786 sacrarum
976 4739 1013 4784 ar
1034 4739 1189 4785 ronrrrna.

115 4996 199 5161 IN
210 4996 262 5055 lais
277 4995 401 5054 duobus
420 4995 586 5053 mandatis
602 5003 667 5054 tota
687 4997 739 5053 tea
750 4997 869 5069 pendet
884 4995 909 5056 D
925 4993 1087 5056 uberrime
1103 5009 1160 5055 nos
1180 4992 1370 5056 cohortatur.
1390 4992 1476 5056 Unde
1493 4990 1524 5055 in
1541 5009 1672 5072 evange·

175 5103 207 5154 et
222 5094 408 5168 Prophetae.
423 5091 529 5154 llatth.
547 5109 623 5166 xxti,
639 5090 688 5156 40.
926 5092 969 5155 lio
993 5092 1149 5154 hodierno
1172 5090 1315 5153 Christus
1341 5097 1475 5152 testatur
1498 5089 1583 5171 quod
1607 5095 1671 5151 tota

159 5193 268 5266 Quum
289 5189 402 5252 caritas
418 5189 459 5252 sit
477 5190 622 5252 omnium
643 5189 719 5252 finis
738 5209 773 5252 ac
794 5189 872 5269 regi·
927 5191 976 5252 lex
1006 5189 1131 5272 Moysis
1159 5189 1223 5250 imo
1247 5195 1278 5251 et
1307 5188 1479 5269 Evangelii,
1505 5194 1537 5249 et
1560 5203 1671 5249 omues

116 5311 163 5355 na
189 5291 358 5364 virtutum,
383 5289 546 5371 Scriptura
570 5289 678 5352 divina
705 5289 744 5352 ad
769 5289 870 5370 ipsam
926 5288 1087 5371 Prophetae
1104 5287 1240 5370 pendant
1256 5286 1288 5348 in
1304 5285 1424 5348 duobus
1440 5284 1579 5348 caritatis
1594 5302 1673 5366 prae-
