<?xml version="1.0" encoding="UTF-8"?>
<!DOCTYPE html PUBLIC "-//W3C//DTD XHTML 1.0 Transitional//EN"
    "http://www.w3.org/TR/xhtml1/DTD/xhtml1-transitional.dtd">
<html xmlns="http://www.w3.org/1999/xhtml" xml:lang="en" lang="en">
 <head>
  <title>
</title>
<meta http-equiv="Content-Type" content="text/html;charset=utf-8" />
  <meta name='ocr-system' content='tesseract 3.04.00' />
  <meta name='ocr-capabilities' content='ocr_page ocr_carea ocr_par ocr_line ocrx_word'/>
</head>
<body>
  <div class='ocr_page' id='page_1' title='image "./doctorisecstati01unkngoog/doctorisecstati01unkngoog_0279.png"; bbox 0 0 4164 6258; ppageno 0'>
   <div class='ocr_carea' id='block_1_1' title="bbox 289 1939 323 1978">
    <p class='ocr_par' dir='ltr' id='par_1_1' title="bbox 289 1939 323 1978">
     <span class='ocr_line' id='line_1_1' title="bbox 289 1939 323 1978; baseline 0 0"><span class='ocrx_word' id='word_1_1' title='bbox 289 1939 323 1978; x_wconf 73' lang='lat' dir='ltr'><strong>tl.</strong></span> 
     </span>
    </p>
   </div>
   <div class='ocr_carea' id='block_1_2' title="bbox 430 485 1712 554">
    <p class='ocr_par' dir='ltr' id='par_1_2' title="bbox 430 485 1712 554">
     <span class='ocr_line' id='line_1_2' title="bbox 430 485 1712 554; baseline 0 -2"><span class='ocrx_word' id='word_1_2' title='bbox 430 485 491 552; x_wconf 72' lang='lat'><strong>250</strong></span> <span class='ocrx_word' id='word_1_3' title='bbox 706 505 855 554; x_wconf 63' lang='lat' dir='ltr'><strong>uoluitur</strong></span> <span class='ocrx_word' id='word_1_4' title='bbox 876 507 906 553; x_wconf 84' lang='lat' dir='ltr'><strong>vt</strong></span> <span class='ocrx_word' id='word_1_5' title='bbox 929 505 1001 552; x_wconf 79' lang='lat' dir='ltr'>POST</span> <span class='ocrx_word' id='word_1_6' title='bbox 1021 505 1215 552; x_wconf 73' lang='lat' dir='ltr'><strong>&#39;l&#39;lllNl&#39;l&#39;A&#39;l&#39;lllL</strong></span> <span class='ocrx_word' id='word_1_7' title='bbox 1236 523 1276 536; x_wconf 89' lang='lat'><strong>··</strong></span> <span class='ocrx_word' id='word_1_8' title='bbox 1296 505 1471 553; x_wconf 66' lang='lat' dir='ltr'><strong>mumulo</strong></span> <span class='ocrx_word' id='word_1_9' title='bbox 1492 505 1524 552; x_wconf 80' lang='lat' dir='ltr'><strong>ut</strong></span> <span class='ocrx_word' id='word_1_10' title='bbox 1544 505 1712 553; x_wconf 72' lang='lat' dir='ltr'><strong>uersuum</strong></span> 
     </span>
    </p>
   </div>
   <div class='ocr_carea' id='block_1_3' title="bbox 432 675 2060 1841">
    <p class='ocr_par' dir='ltr' id='par_1_3' title="bbox 432 675 2060 1841">
     <span class='ocr_line' id='line_1_3' title="bbox 432 675 1958 762; baseline 0.002 -22"><span class='ocrx_word' id='word_1_11' title='bbox 432 677 508 741; x_wconf 89' lang='lat' dir='ltr'><strong>dore</strong></span> <span class='ocrx_word' id='word_1_12' title='bbox 533 675 642 760; x_wconf 84' lang='lat' dir='ltr'><strong>gratiae</strong></span> <span class='ocrx_word' id='word_1_13' title='bbox 665 695 701 739; x_wconf 88' lang='lat' dir='ltr'><strong>ae</strong></span> <span class='ocrx_word' id='word_1_14' title='bbox 721 676 876 740; x_wconf 90' lang='lat' dir='ltr'><strong>virtutum</strong></span> <span class='ocrx_word' id='word_1_15' title='bbox 902 677 1051 740; x_wconf 79' lang='lat' dir='ltr'><strong>refloreat</strong></span> <span class='ocrx_word' id='word_1_16' title='bbox 1073 675 1220 741; x_wconf 74' lang='lat' dir='ltr'><strong>animab</strong></span> <span class='ocrx_word' id='word_1_17' title='bbox 1236 676 1333 740; x_wconf 90' lang='lat' dir='ltr'><strong>fuerit</strong></span> <span class='ocrx_word' id='word_1_18' title='bbox 1351 676 1463 740; x_wconf 91' lang='lat' dir='ltr'><strong>oculus</strong></span> <span class='ocrx_word' id='word_1_19' title='bbox 1482 685 1557 740; x_wconf 89' lang='lat' dir='ltr'><strong>tuus</strong></span> <span class='ocrx_word' id='word_1_20' title='bbox 1578 695 1726 760; x_wconf 86' lang='lat' dir='ltr'><strong>nequam,</strong></span> <span class='ocrx_word' id='word_1_21' title='bbox 1742 683 1844 740; x_wconf 89' lang='lat' dir='ltr'><strong>totum</strong></span> <span class='ocrx_word' id='word_1_22' title='bbox 1862 696 1958 762; x_wconf 89' lang='lat' dir='ltr'><strong>eorpus</strong></span> 
     </span>
     <span class='ocr_line' id='line_1_4' title="bbox 432 774 1958 841; baseline 0.001 -2"><span class='ocrx_word' id='word_1_23' title='bbox 432 785 549 840; x_wconf 88' lang='lat' dir='ltr'><strong>nostra.</strong></span> <span class='ocrx_word' id='word_1_24' title='bbox 1236 783 1327 838; x_wconf 91' lang='lat' dir='ltr'><strong>tunm</strong></span> <span class='ocrx_word' id='word_1_25' title='bbox 1356 774 1562 840; x_wconf 89' lang='lat' dir='ltr'><strong>tenebrosum</strong></span> <span class='ocrx_word' id='word_1_26' title='bbox 1590 775 1661 838; x_wconf 89' lang='lat' dir='ltr'><strong>erit.</strong></span> <span class='ocrx_word' id='word_1_27' title='bbox 1687 811 1728 822; x_wconf 95' lang='lat'><em>-</em></span> <span class='ocrx_word' id='word_1_28' title='bbox 1755 776 1958 841; x_wconf 76' lang='lat' dir='ltr'><strong>Verumtamen</strong></span> 
     </span>
     <span class='ocr_line' id='line_1_5' title="bbox 471 873 1960 956; baseline 0.002 -20"><span class='ocrx_word' id='word_1_29' title='bbox 471 877 513 936; x_wconf 88' lang='lat' dir='ltr'><strong>Si</strong></span> <span class='ocrx_word' id='word_1_30' title='bbox 530 875 617 934; x_wconf 84' lang='lat' dir='ltr'><strong>enim</strong></span> <span class='ocrx_word' id='word_1_31' title='bbox 635 875 849 951; x_wconf 80' lang='lat' dir='ltr'><strong>comptantati</strong></span> <span class='ocrx_word' id='word_1_32' title='bbox 865 875 950 952; x_wconf 83' lang='lat' dir='ltr'><strong>faeti</strong></span> <span class='ocrx_word' id='word_1_33' title='bbox 964 894 1077 935; x_wconf 81' lang='lat' dir='ltr'><strong>sumas</strong></span> <span class='ocrx_word' id='word_1_34' title='bbox 1091 873 1181 933; x_wconf 83' lang='lat' dir='ltr'><strong>simi·</strong></span> <span class='ocrx_word' id='word_1_35' title='bbox 1235 874 1363 936; x_wconf 91' lang='lat' dir='ltr'><strong>videtur</strong></span> <span class='ocrx_word' id='word_1_36' title='bbox 1383 874 1436 936; x_wconf 91' lang='lat' dir='ltr'><strong>hic</strong></span> <span class='ocrx_word' id='word_1_37' title='bbox 1459 893 1571 956; x_wconf 87' lang='lat' dir='ltr'><strong>passus</strong></span> <span class='ocrx_word' id='word_1_38' title='bbox 1589 874 1682 938; x_wconf 89' lang='lat' dir='ltr'><strong>aliter</strong></span> <span class='ocrx_word' id='word_1_39' title='bbox 1700 883 1732 936; x_wconf 88' lang='lat' dir='ltr'><strong>et</strong></span> <span class='ocrx_word' id='word_1_40' title='bbox 1753 873 1853 956; x_wconf 85' lang='lat' dir='ltr'><strong>magis</strong></span> <span class='ocrx_word' id='word_1_41' title='bbox 1871 891 1960 939; x_wconf 85' lang='lat' dir='ltr'><strong>conso</strong></span> 
     </span>
     <span class='ocr_line' id='line_1_6' title="bbox 433 971 1960 1056; baseline 0.003 -24"><span class='ocrx_word' id='word_1_42' title='bbox 433 973 574 1033; x_wconf 73' lang='lat' dir='ltr'><strong>titudine·</strong></span> <span class='ocrx_word' id='word_1_43' title='bbox 596 974 712 1032; x_wconf 83' lang='lat' dir='ltr'><strong>mortis</strong></span> <span class='ocrx_word' id='word_1_44' title='bbox 736 973 820 1051; x_wconf 84' lang='lat' dir='ltr'><strong>ejus,</strong></span> <span class='ocrx_word' id='word_1_45' title='bbox 849 972 910 1035; x_wconf 92' lang='lat' dir='ltr'><strong>hoc</strong></span> <span class='ocrx_word' id='word_1_46' title='bbox 938 979 996 1046; x_wconf 91' lang='lat' dir='ltr'><strong>cst,</strong></span> <span class='ocrx_word' id='word_1_47' title='bbox 1026 971 1053 1033; x_wconf 89' lang='lat' dir='ltr'><strong>si</strong></span> <span class='ocrx_word' id='word_1_48' title='bbox 1083 971 1182 1033; x_wconf 91' lang='lat' dir='ltr'><strong>instar</strong></span> <span class='ocrx_word' id='word_1_49' title='bbox 1236 980 1349 1034; x_wconf 88' lang='lat' dir='ltr'><strong>nanter</strong></span> <span class='ocrx_word' id='word_1_50' title='bbox 1362 974 1401 1035; x_wconf 89' lang='lat' dir='ltr'><strong>ad</strong></span> <span class='ocrx_word' id='word_1_51' title='bbox 1418 972 1554 1035; x_wconf 87' lang='lat' dir='ltr'><strong>litteram</strong></span> <span class='ocrx_word' id='word_1_52' title='bbox 1571 973 1617 1035; x_wconf 91' lang='lat' dir='ltr'><strong>sic</strong></span> <span class='ocrx_word' id='word_1_53' title='bbox 1633 989 1725 1056; x_wconf 89' lang='lat' dir='ltr'><strong>posse</strong></span> <span class='ocrx_word' id='word_1_54' title='bbox 1742 973 1856 1054; x_wconf 83' lang='lat' dir='ltr'>exponi</span> <span class='ocrx_word' id='word_1_55' title='bbox 1870 991 1877 1034; x_wconf 93' lang='lat'><strong>:</strong></span> <span class='ocrx_word' id='word_1_56' title='bbox 1892 993 1960 1036; x_wconf 80' lang='lat' dir='ltr'><strong>nse</strong></span> 
     </span>
     <span class='ocr_line' id='line_1_7' title="bbox 432 1069 1960 1154; baseline 0.001 -22"><span class='ocrx_word' id='word_1_57' title='bbox 432 1071 548 1154; x_wconf 71' lang='lat' dir='ltr'><strong>plantat</strong></span> <span class='ocrx_word' id='word_1_58' title='bbox 572 1089 629 1133; x_wconf 87' lang='lat' dir='ltr'><strong>seu</strong></span> <span class='ocrx_word' id='word_1_59' title='bbox 653 1070 786 1146; x_wconf 87' lang='lat' dir='ltr'><strong>arboris,</strong></span> <span class='ocrx_word' id='word_1_60' title='bbox 813 1071 962 1134; x_wconf 88' lang='lat' dir='ltr'><strong>eradicati</strong></span> <span class='ocrx_word' id='word_1_61' title='bbox 986 1070 1143 1134; x_wconf 81' lang='lat' dir='ltr'><strong>fuerimus</strong></span> <span class='ocrx_word' id='word_1_62' title='bbox 1163 1088 1181 1130; x_wconf 89' lang='lat' dir='ltr'><strong>a</strong></span> <span class='ocrx_word' id='word_1_63' title='bbox 1236 1078 1287 1133; x_wconf 89' lang='lat' dir='ltr'><strong>tus</strong></span> <span class='ocrx_word' id='word_1_64' title='bbox 1301 1072 1397 1134; x_wconf 90' lang='lat' dir='ltr'><strong>homo</strong></span> <span class='ocrx_word' id='word_1_65' title='bbox 1412 1079 1519 1134; x_wconf 86' lang='lat' dir='ltr'><strong>noster</strong></span> <span class='ocrx_word' id='word_1_66' title='bbox 1533 1093 1562 1146; x_wconf 87' lang='lat' dir='ltr'><strong>n,</strong></span> <span class='ocrx_word' id='word_1_67' title='bbox 1578 1071 1610 1134; x_wconf 91' lang='lat' dir='ltr'><strong>id</strong></span> <span class='ocrx_word' id='word_1_68' title='bbox 1625 1078 1674 1133; x_wconf 91' lang='grc' dir='ltr'><strong>θεῖ</strong></span> <span class='ocrx_word' id='word_1_69' title='bbox 1687 1069 1824 1153; x_wconf 86' lang='lat' dir='ltr'><strong>quilibet</strong></span> <span class='ocrx_word' id='word_1_70' title='bbox 1838 1079 1960 1134; x_wconf 86' lang='lat' dir='ltr'><strong>nostrum</strong></span> 
     </span>
     <span class='ocr_line' id='line_1_8' title="bbox 432 1166 1960 1251; baseline 0.003 -23"><span class='ocrx_word' id='word_1_71' title='bbox 432 1166 594 1250; x_wconf 89' lang='lat' dir='ltr'><strong>prioribus</strong></span> <span class='ocrx_word' id='word_1_72' title='bbox 624 1168 739 1251; x_wconf 89' lang='lat' dir='ltr'><strong>culpis,</strong></span> <span class='ocrx_word' id='word_1_73' title='bbox 766 1176 798 1230; x_wconf 91' lang='lat' dir='ltr'><strong>et</strong></span> <span class='ocrx_word' id='word_1_74' title='bbox 826 1168 965 1232; x_wconf 88' lang='lat' dir='ltr'><strong>firmiter</strong></span> <span class='ocrx_word' id='word_1_75' title='bbox 993 1167 1181 1231; x_wconf 89' lang='lat' dir='ltr'><strong>conformati</strong></span> <span class='ocrx_word' id='word_1_76' title='bbox 1236 1169 1412 1233; x_wconf 89' lang='lat' dir='ltr'><strong>secundum</strong></span> <span class='ocrx_word' id='word_1_77' title='bbox 1429 1189 1519 1232; x_wconf 90' lang='lat' dir='ltr'><strong>suam</strong></span> <span class='ocrx_word' id='word_1_78' title='bbox 1536 1169 1681 1232; x_wconf 91' lang='lat' dir='ltr'><strong>vitiosam</strong></span> <span class='ocrx_word' id='word_1_79' title='bbox 1701 1187 1737 1231; x_wconf 88' lang='lat' dir='ltr'><strong>ae</strong></span> <span class='ocrx_word' id='word_1_80' title='bbox 1753 1176 1960 1232; x_wconf 84' lang='lat' dir='ltr'><strong>veteremeon·</strong></span> 
     </span>
     <span class='ocr_line' id='line_1_9' title="bbox 432 1265 2060 1348; baseline -0.001 -20"><span class='ocrx_word' id='word_1_81' title='bbox 432 1265 590 1328; x_wconf 88' lang='lat' dir='ltr'><strong>fuerimus</strong></span> <span class='ocrx_word' id='word_1_82' title='bbox 607 1266 813 1329; x_wconf 90' lang='lat' dir='ltr'><strong>similitudini</strong></span> <span class='ocrx_word' id='word_1_83' title='bbox 829 1268 940 1330; x_wconf 91' lang='lat' dir='ltr'><strong>mortis</strong></span> <span class='ocrx_word' id='word_1_84' title='bbox 961 1268 1042 1348; x_wconf 88' lang='lat' dir='ltr'><strong>ejus,</strong></span> <span class='ocrx_word' id='word_1_85' title='bbox 1059 1266 1182 1329; x_wconf 90' lang='lat' dir='ltr'><strong>scilicet</strong></span> <span class='ocrx_word' id='word_1_86' title='bbox 1236 1268 1460 1342; x_wconf 79' lang='lat' dir='ltr'><strong>versationem,</strong></span> <span class='ocrx_word' id='word_1_87' title='bbox 1491 1290 1508 1326; x_wconf 80' lang='lat' dir='ltr'><strong>n</strong></span> <span class='ocrx_word' id='word_1_88' title='bbox 1538 1267 1635 1330; x_wconf 91' lang='lat' dir='ltr'><strong>simul</strong></span> <span class='ocrx_word' id='word_1_89' title='bbox 1670 1266 1846 1330; x_wconf 82' lang='lat' dir='ltr'><strong>crucifixus</strong></span> <span class='ocrx_word' id='word_1_90' title='bbox 1872 1275 1915 1330; x_wconf 88' lang='lat' dir='ltr'><strong>est</strong></span> <span class='ocrx_word' id='word_1_91' title='bbox 1937 1293 1960 1340; x_wconf 80' lang='lat' dir='ltr'><strong>n,</strong></span> <span class='ocrx_word' id='word_1_92' title='bbox 2059 1303 2060 1338; x_wconf 68' lang='grc'>,</span> 
     </span>
     <span class='ocr_line' id='line_1_10' title="bbox 434 1357 1961 1446; baseline 0 -20"><span class='ocrx_word' id='word_1_93' title='bbox 434 1362 562 1437; x_wconf 88' lang='lat' dir='ltr'><strong>Christi,</strong></span> <span class='ocrx_word' id='word_1_94' title='bbox 580 1364 640 1426; x_wconf 90' lang='lat' dir='ltr'><strong>hoe</strong></span> <span class='ocrx_word' id='word_1_95' title='bbox 656 1370 704 1426; x_wconf 90' lang='lat' dir='ltr'><strong>est</strong></span> <span class='ocrx_word' id='word_1_96' title='bbox 719 1364 863 1446; x_wconf 89' lang='lat' dir='ltr'><strong>vestigiis</strong></span> <span class='ocrx_word' id='word_1_97' title='bbox 878 1365 1046 1428; x_wconf 77' lang='lat' dir='ltr'><strong>dominice</strong></span> <span class='ocrx_word' id='word_1_98' title='bbox 1063 1363 1180 1446; x_wconf 92' lang='lat' dir='ltr'><strong>passio·</strong></span> <span class='ocrx_word' id='word_1_99' title='bbox 1236 1357 1296 1427; x_wconf 87' lang='lat' dir='ltr'><strong>hoc</strong></span> <span class='ocrx_word' id='word_1_100' title='bbox 1315 1373 1363 1428; x_wconf 91' lang='grc' dir='ltr'><strong>θεῖ</strong></span> <span class='ocrx_word' id='word_1_101' title='bbox 1382 1364 1478 1428; x_wconf 89' lang='lat' dir='ltr'><strong>simul</strong></span> <span class='ocrx_word' id='word_1_102' title='bbox 1504 1384 1578 1428; x_wconf 89' lang='lat' dir='ltr'><strong>curn</strong></span> <span class='ocrx_word' id='word_1_103' title='bbox 1598 1364 1723 1428; x_wconf 90' lang='lat' dir='ltr'><strong>Christo</strong></span> <span class='ocrx_word' id='word_1_104' title='bbox 1744 1365 1832 1426; x_wconf 90' lang='lat' dir='ltr'><strong>cruci</strong></span> <span class='ocrx_word' id='word_1_105' title='bbox 1852 1363 1961 1438; x_wconf 79' lang='lat' dir='ltr'><strong>affirm,</strong></span> 
     </span>
     <span class='ocr_line' id='line_1_11' title="bbox 434 1461 1963 1546; baseline 0.003 -24"><span class='ocrx_word' id='word_1_106' title='bbox 434 1461 496 1535; x_wconf 92' lang='lat' dir='ltr'><strong>nis,</strong></span> <span class='ocrx_word' id='word_1_107' title='bbox 512 1461 741 1525; x_wconf 88' lang='lat' dir='ltr'><strong>conformando</strong></span> <span class='ocrx_word' id='word_1_108' title='bbox 763 1481 820 1525; x_wconf 92' lang='lat' dir='ltr'><strong>nos</strong></span> <span class='ocrx_word' id='word_1_109' title='bbox 847 1463 986 1546; x_wconf 92' lang='lat' dir='ltr'><strong>passioni</strong></span> <span class='ocrx_word' id='word_1_110' title='bbox 1009 1462 1124 1525; x_wconf 86' lang='lat' dir='ltr'><strong>Christi</strong></span> <span class='ocrx_word' id='word_1_111' title='bbox 1148 1461 1181 1522; x_wconf 94' lang='lat' dir='ltr'><strong>in</strong></span> <span class='ocrx_word' id='word_1_112' title='bbox 1236 1481 1294 1544; x_wconf 89' lang='lat' dir='ltr'><strong>per</strong></span> <span class='ocrx_word' id='word_1_113' title='bbox 1310 1463 1601 1545; x_wconf 78' lang='lat' dir='ltr'><strong>prefigurationem</strong></span> <span class='ocrx_word' id='word_1_114' title='bbox 1622 1471 1654 1526; x_wconf 93' lang='lat' dir='ltr'><strong>et</strong></span> <span class='ocrx_word' id='word_1_115' title='bbox 1671 1462 1903 1545; x_wconf 89' lang='lat' dir='ltr'><strong>obligationem.</strong></span> <span class='ocrx_word' id='word_1_116' title='bbox 1918 1464 1963 1526; x_wconf 82' lang='lat' dir='ltr'><strong>Per</strong></span> 
     </span>
     <span class='ocr_line' id='line_1_12' title="bbox 434 1559 1962 1646; baseline 0.002 -27"><span class='ocrx_word' id='word_1_117' title='bbox 434 1559 640 1640; x_wconf 90' lang='lat' dir='ltr'><strong>castigatione</strong></span> <span class='ocrx_word' id='word_1_118' title='bbox 664 1560 784 1642; x_wconf 90' lang='lat' dir='ltr'><strong>proprii</strong></span> <span class='ocrx_word' id='word_1_119' title='bbox 808 1561 961 1642; x_wconf 86' lang='lat' dir='ltr'><strong>eorporis,</strong></span> <span class='ocrx_word' id='word_1_120' title='bbox 983 1570 1015 1624; x_wconf 91' lang='lat' dir='ltr'><strong>et</strong></span> <span class='ocrx_word' id='word_1_121' title='bbox 1039 1578 1182 1642; x_wconf 87' lang='lat' dir='ltr'><strong>compas-</strong></span> <span class='ocrx_word' id='word_1_122' title='bbox 1237 1560 1296 1624; x_wconf 90' lang='lat' dir='ltr'><strong>hoc</strong></span> <span class='ocrx_word' id='word_1_123' title='bbox 1312 1581 1450 1643; x_wconf 91' lang='lat' dir='ltr'><strong>namque</strong></span> <span class='ocrx_word' id='word_1_124' title='bbox 1466 1562 1550 1646; x_wconf 91' lang='lat' dir='ltr'><strong>qnod</strong></span> <span class='ocrx_word' id='word_1_125' title='bbox 1566 1562 1743 1625; x_wconf 82' lang='lat' dir='ltr'><strong>crucifixus</strong></span> <span class='ocrx_word' id='word_1_126' title='bbox 1764 1569 1813 1624; x_wconf 91' lang='grc' dir='ltr'><strong>θεῖ</strong></span> <span class='ocrx_word' id='word_1_127' title='bbox 1829 1561 1962 1632; x_wconf 76' lang='lat' dir='ltr'><strong>Christus,</strong></span> 
     </span>
     <span class='ocr_line' id='line_1_13' title="bbox 434 1656 1962 1742; baseline 0.001 -23"><span class='ocrx_word' id='word_1_128' title='bbox 434 1656 520 1720; x_wconf 90' lang='lat' dir='ltr'><strong>sione</strong></span> <span class='ocrx_word' id='word_1_129' title='bbox 537 1657 653 1720; x_wconf 91' lang='lat' dir='ltr'><strong>mentis</strong></span> <span class='ocrx_word' id='word_1_130' title='bbox 669 1677 705 1720; x_wconf 90' lang='lat' dir='ltr'><strong>ac</strong></span> <span class='ocrx_word' id='word_1_131' title='bbox 722 1659 966 1722; x_wconf 84' lang='lat' dir='ltr'><strong>mortificatione</strong></span> <span class='ocrx_word' id='word_1_132' title='bbox 981 1659 1117 1742; x_wconf 83' lang='lat' dir='ltr'><strong>propriae</strong></span> <span class='ocrx_word' id='word_1_133' title='bbox 1132 1675 1182 1720; x_wconf 94' lang='lat' dir='ltr'><strong>vo·</strong></span> <span class='ocrx_word' id='word_1_134' title='bbox 1236 1659 1424 1722; x_wconf 88' lang='lat' dir='ltr'><strong>monstravit</strong></span> <span class='ocrx_word' id='word_1_135' title='bbox 1437 1660 1523 1742; x_wconf 91' lang='lat' dir='ltr'><strong>quod</strong></span> <span class='ocrx_word' id='word_1_136' title='bbox 1543 1659 1766 1742; x_wconf 91' lang='lat' dir='ltr'><strong>unusquisque</strong></span> <span class='ocrx_word' id='word_1_137' title='bbox 1782 1658 1929 1732; x_wconf 86' lang='lat' dir='ltr'><strong>fidelium,</strong></span> <span class='ocrx_word' id='word_1_138' title='bbox 1943 1662 1962 1720; x_wconf 90' lang='lat' dir='ltr'><strong>si</strong></span> 
     </span>
     <span class='ocr_line' id='line_1_14' title="bbox 435 1755 1964 1841; baseline 0.001 -24"><span class='ocrx_word' id='word_1_139' title='bbox 435 1755 565 1818; x_wconf 86' lang='lat' dir='ltr'><strong>luntatis</strong></span> <span class='ocrx_word' id='word_1_140' title='bbox 584 1755 682 1838; x_wconf 85' lang='lat' dir='ltr'><strong>(sicut</strong></span> <span class='ocrx_word' id='word_1_141' title='bbox 701 1757 850 1841; x_wconf 91' lang='lat' dir='ltr'><strong>princeps</strong></span> <span class='ocrx_word' id='word_1_142' title='bbox 871 1759 1092 1841; x_wconf 82' lang='lat' dir='ltr'><strong>Apostolorum</strong></span> <span class='ocrx_word' id='word_1_143' title='bbox 1109 1757 1180 1820; x_wconf 92' lang='lat' dir='ltr'><strong>hor·</strong></span> <span class='ocrx_word' id='word_1_144' title='bbox 1236 1757 1314 1819; x_wconf 88' lang='lat' dir='ltr'><strong>velit</strong></span> <span class='ocrx_word' id='word_1_145' title='bbox 1333 1757 1459 1832; x_wconf 90' lang='lat' dir='ltr'><strong>salvari,</strong></span> <span class='ocrx_word' id='word_1_146' title='bbox 1479 1757 1593 1819; x_wconf 89' lang='lat' dir='ltr'><strong>debeat</strong></span> <span class='ocrx_word' id='word_1_147' title='bbox 1615 1757 1777 1821; x_wconf 83' lang='lat' dir='ltr'><strong>Christum</strong></span> <span class='ocrx_word' id='word_1_148' title='bbox 1801 1757 1899 1839; x_wconf 88' lang='lat' dir='ltr'><strong>sequi,</strong></span> <span class='ocrx_word' id='word_1_149' title='bbox 1919 1757 1964 1818; x_wconf 92' lang='lat' dir='ltr'><strong>tol·</strong></span> 
     </span>
    </p>
   </div>
   <div class='ocr_carea' id='block_1_4' title="bbox 242 1843 2061 1939">
    <p class='ocr_par' dir='ltr' id='par_1_4' title="bbox 242 1843 2061 1939">
     <span class='ocr_line' id='line_1_15' title="bbox 242 1843 2061 1939; baseline 0.001 -25"><span class='ocrx_word' id='word_1_150' title='bbox 242 1843 246 1852; x_wconf 68' lang='grc'><strong>“</strong></span> <span class='ocrx_word' id='word_1_151' title='bbox 305 1873 420 1923; x_wconf 68' lang='lat' dir='ltr'><strong>irena,</strong></span> <span class='ocrx_word' id='word_1_152' title='bbox 434 1861 538 1916; x_wconf 92' lang='lat' dir='ltr'><strong>tatur:</strong></span> <span class='ocrx_word' id='word_1_153' title='bbox 552 1854 695 1918; x_wconf 89' lang='lat' dir='ltr'><strong>Christus</strong></span> <span class='ocrx_word' id='word_1_154' title='bbox 711 1876 823 1938; x_wconf 92' lang='lat' dir='ltr'><strong>passus</strong></span> <span class='ocrx_word' id='word_1_155' title='bbox 838 1864 887 1918; x_wconf 88' lang='lat' dir='ltr'><strong>est</strong></span> <span class='ocrx_word' id='word_1_156' title='bbox 902 1873 959 1939; x_wconf 92' lang='lat' dir='ltr'><strong>pro</strong></span> <span class='ocrx_word' id='word_1_157' title='bbox 974 1855 1179 1929; x_wconf 91' lang='lat' dir='ltr'><strong>nobis,vobis</strong></span> <span class='ocrx_word' id='word_1_158' title='bbox 1198 1858 1221 1920; x_wconf 91' lang='lat' dir='ltr'><strong>B</strong></span> <span class='ocrx_word' id='word_1_159' title='bbox 1237 1855 1331 1918; x_wconf 93' lang='lat' dir='ltr'><strong>lendo</strong></span> <span class='ocrx_word' id='word_1_160' title='bbox 1353 1875 1481 1918; x_wconf 87' lang='lat' dir='ltr'><strong>crucem</strong></span> <span class='ocrx_word' id='word_1_161' title='bbox 1501 1874 1591 1918; x_wconf 91' lang='lat' dir='ltr'><strong>suam</strong></span> <span class='ocrx_word' id='word_1_162' title='bbox 1616 1855 1771 1937; x_wconf 91' lang='lat' dir='ltr'><strong>quotidie,</strong></span> <span class='ocrx_word' id='word_1_163' title='bbox 1799 1863 1889 1937; x_wconf 92' lang='lat' dir='ltr'><strong>prout</strong></span> <span class='ocrx_word' id='word_1_164' title='bbox 1911 1856 1964 1936; x_wconf 86' lang='lat' dir='ltr'><strong>ipse</strong></span> <span class='ocrx_word' id='word_1_165' title='bbox 2060 1855 2061 1888; x_wconf 69' lang='lat'><em>³</em></span> 
     </span>
    </p>
   </div>
   <div class='ocr_carea' id='block_1_5' title="bbox 435 1952 2047 2039">
    <p class='ocr_par' dir='ltr' id='par_1_5' title="bbox 435 1952 2047 2039">
     <span class='ocr_line' id='line_1_16' title="bbox 435 1952 2047 2039; baseline 0 -25"><span class='ocrx_word' id='word_1_166' title='bbox 435 1952 620 2036; x_wconf 90' lang='lat' dir='ltr'><strong>relinquens</strong></span> <span class='ocrx_word' id='word_1_167' title='bbox 645 1956 841 2039; x_wconf 84' lang='lat' dir='ltr'><strong>exemplum,</strong></span> <span class='ocrx_word' id='word_1_168' title='bbox 866 1963 901 2018; x_wconf 93' lang='lat' dir='ltr'><strong>nt</strong></span> <span class='ocrx_word' id='word_1_169' title='bbox 924 1955 1102 2037; x_wconf 89' lang='lat' dir='ltr'><strong>sequamini</strong></span> <span class='ocrx_word' id='word_1_170' title='bbox 1128 1974 1180 2016; x_wconf 87' lang='lat' dir='ltr'><strong>ve·</strong></span> <span class='ocrx_word' id='word_1_171' title='bbox 1237 1953 1379 2016; x_wconf 89' lang='lat' dir='ltr'><strong>Salvator</strong></span> <span class='ocrx_word' id='word_1_172' title='bbox 1402 1953 1553 2017; x_wconf 88' lang='lat' dir='ltr'><strong>disseruit</strong></span> <span class='ocrx_word' id='word_1_173' title='bbox 1575 1971 1581 2014; x_wconf 75' lang='grc' dir='ltr'>ε</span> <span class='ocrx_word' id='word_1_174' title='bbox 1603 1953 1663 2027; x_wconf 80' lang='lat' dir='ltr'><strong>Qui</strong></span> <span class='ocrx_word' id='word_1_175' title='bbox 1686 1953 1756 2015; x_wconf 82' lang='lat' dir='ltr'><strong>vult</strong></span> <span class='ocrx_word' id='word_1_176' title='bbox 1782 1954 1888 2016; x_wconf 82' lang='lat' dir='ltr'><strong>venire</strong></span> <span class='ocrx_word' id='word_1_177' title='bbox 1909 1963 2047 2035; x_wconf 46' lang='lat' dir='ltr'><strong>postulor</strong></span> 
     </span>
    </p>
   </div>
   <div class='ocr_carea' id='block_1_6' title="bbox 290 2051 2062 2726">
    <p class='ocr_par' dir='ltr' id='par_1_6' title="bbox 290 2051 2062 2626">
     <span class='ocr_line' id='line_1_17' title="bbox 435 2051 1965 2136; baseline 0 -25"><span class='ocrx_word' id='word_1_178' title='bbox 435 2051 528 2132; x_wconf 89' lang='lat' dir='ltr'><strong>stigie</strong></span> <span class='ocrx_word' id='word_1_179' title='bbox 543 2052 634 2133; x_wconf 89' lang='lat' dir='ltr'><strong>ejus;</strong></span> <span class='ocrx_word' id='word_1_180' title='bbox 651 2052 727 2115; x_wconf 91' lang='lat' dir='ltr'><strong>alibi</strong></span> <span class='ocrx_word' id='word_1_181' title='bbox 743 2073 871 2136; x_wconf 87' lang='lat' dir='ltr'><strong>quoqne</strong></span> <span class='ocrx_word' id='word_1_182' title='bbox 886 2054 1026 2135; x_wconf 89' lang='lat' dir='ltr'><strong>loquitur</strong></span> <span class='ocrx_word' id='word_1_183' title='bbox 1041 2054 1154 2115; x_wconf 91' lang='lat' dir='ltr'><strong>Paulus</strong></span> <span class='ocrx_word' id='word_1_184' title='bbox 1172 2070 1179 2113; x_wconf 92' lang='lat'>:</span> <span class='ocrx_word' id='word_1_185' title='bbox 1238 2070 1299 2125; x_wconf 89' lang='lat' dir='ltr'><strong>mc,</strong></span> <span class='ocrx_word' id='word_1_186' title='bbox 1325 2051 1460 2132; x_wconf 80' lang='lat' dir='ltr'><strong>abneget</strong></span> <span class='ocrx_word' id='word_1_187' title='bbox 1489 2052 1710 2134; x_wconf 84' lang='lat' dir='ltr'><strong>semetipsum,</strong></span> <span class='ocrx_word' id='word_1_188' title='bbox 1736 2059 1771 2114; x_wconf 88' lang='lat' dir='ltr'><strong>et</strong></span> <span class='ocrx_word' id='word_1_189' title='bbox 1799 2051 1886 2115; x_wconf 91' lang='lat' dir='ltr'><strong>tollat</strong></span> <span class='ocrx_word' id='word_1_190' title='bbox 1910 2070 1965 2112; x_wconf 85' lang='lat' dir='ltr'><strong>crn-</strong></span> 
     </span>
     <span class='ocr_line' id='line_1_18' title="bbox 290 2148 1965 2233; baseline -0.005 -15"><span class='ocrx_word' id='word_1_191' title='bbox 290 2174 422 2224; x_wconf 66' lang='lat' dir='ltr'><strong>nanunsr.</strong></span> <span class='ocrx_word' id='word_1_192' title='bbox 435 2148 493 2221; x_wconf 82' lang='lat' dir='ltr'><strong>Qui</strong></span> <span class='ocrx_word' id='word_1_193' title='bbox 508 2157 615 2213; x_wconf 88' lang='lat' dir='ltr'><strong>autem</strong></span> <span class='ocrx_word' id='word_1_194' title='bbox 632 2159 706 2213; x_wconf 91' lang='lat' dir='ltr'><strong>sunt</strong></span> <span class='ocrx_word' id='word_1_195' title='bbox 721 2151 848 2226; x_wconf 90' lang='lat' dir='ltr'><strong>Christi,</strong></span> <span class='ocrx_word' id='word_1_196' title='bbox 860 2170 988 2214; x_wconf 92' lang='lat' dir='ltr'><strong>carnem</strong></span> <span class='ocrx_word' id='word_1_197' title='bbox 1005 2170 1094 2214; x_wconf 90' lang='lat' dir='ltr'><strong>suam</strong></span> <span class='ocrx_word' id='word_1_198' title='bbox 1111 2169 1180 2212; x_wconf 88' lang='lat' dir='ltr'><strong>cru·</strong></span> <span class='ocrx_word' id='word_1_199' title='bbox 1237 2170 1306 2212; x_wconf 88' lang='lat' dir='ltr'><strong>cem</strong></span> <span class='ocrx_word' id='word_1_200' title='bbox 1334 2169 1423 2213; x_wconf 91' lang='lat' dir='ltr'><strong>suam</strong></span> <span class='ocrx_word' id='word_1_201' title='bbox 1448 2151 1602 2232; x_wconf 90' lang='lat' dir='ltr'><strong>quotidie,</strong></span> <span class='ocrx_word' id='word_1_202' title='bbox 1624 2158 1655 2212; x_wconf 91' lang='lat' dir='ltr'><strong>et</strong></span> <span class='ocrx_word' id='word_1_203' title='bbox 1679 2156 1833 2233; x_wconf 89' lang='lat' dir='ltr'><strong>sequatur</strong></span> <span class='ocrx_word' id='word_1_204' title='bbox 1857 2168 1912 2210; x_wconf 89' lang='lat' dir='ltr'><strong>me.</strong></span> <span class='ocrx_word' id='word_1_205' title='bbox 1930 2149 1965 2210; x_wconf 78' lang='lat' dir='ltr'><strong>ld</strong></span> 
     </span>
     <span class='ocr_line' id='line_1_19' title="bbox 435 2245 1965 2332; baseline -0.001 -24"><span class='ocrx_word' id='word_1_206' title='bbox 435 2245 610 2310; x_wconf 87' lang='lat' dir='ltr'><strong>cifixerunt</strong></span> <span class='ocrx_word' id='word_1_207' title='bbox 628 2269 701 2312; x_wconf 92' lang='lat' dir='ltr'><strong>cnm</strong></span> <span class='ocrx_word' id='word_1_208' title='bbox 722 2249 808 2313; x_wconf 89' lang='lat' dir='ltr'><strong>vitiis</strong></span> <span class='ocrx_word' id='word_1_209' title='bbox 828 2258 859 2314; x_wconf 89' lang='lat' dir='ltr'><strong>et</strong></span> <span class='ocrx_word' id='word_1_210' title='bbox 878 2249 1179 2332; x_wconf 85' lang='lat' dir='ltr'><strong>concupiscentiis);</strong></span> <span class='ocrx_word' id='word_1_211' title='bbox 1236 2249 1296 2312; x_wconf 91' lang='lat' dir='ltr'><strong>hoc</strong></span> <span class='ocrx_word' id='word_1_212' title='bbox 1317 2266 1445 2331; x_wconf 90' lang='lat' dir='ltr'><strong>quoque</strong></span> <span class='ocrx_word' id='word_1_213' title='bbox 1465 2266 1522 2311; x_wconf 92' lang='lat' dir='ltr'><strong>nos</strong></span> <span class='ocrx_word' id='word_1_214' title='bbox 1541 2247 1660 2329; x_wconf 87' lang='lat' dir='ltr'><strong>obligat</strong></span> <span class='ocrx_word' id='word_1_215' title='bbox 1679 2246 1851 2310; x_wconf 84' lang='lat' dir='ltr'><strong>crucifixio</strong></span> <span class='ocrx_word' id='word_1_216' title='bbox 1870 2247 1965 2310; x_wconf 87' lang='lat' dir='ltr'><strong>Christi</strong></span> 
     </span>
     <span class='ocr_line' id='line_1_20' title="bbox 435 2347 2062 2428; baseline 0.001 -24"><span class='ocrx_word' id='word_1_217' title='bbox 435 2347 536 2406; x_wconf 82' lang='lat' dir='ltr'><strong>simul</strong></span> <span class='ocrx_word' id='word_1_218' title='bbox 564 2356 595 2408; x_wconf 86' lang='lat' dir='ltr'><strong>et</strong></span> <span class='ocrx_word' id='word_1_219' title='bbox 621 2351 871 2409; x_wconf 81' lang='lat' dir='ltr'><strong>resurrectionis</strong></span> <span class='ocrx_word' id='word_1_220' title='bbox 899 2351 1035 2419; x_wconf 82' lang='lat' dir='ltr'><strong>erimus,</strong></span> <span class='ocrx_word' id='word_1_221' title='bbox 1060 2349 1091 2410; x_wconf 93' lang='lat' dir='ltr'><strong>id</strong></span> <span class='ocrx_word' id='word_1_222' title='bbox 1121 2355 1179 2421; x_wconf 87' lang='grc' dir='ltr'>θεῖ,</span> <span class='ocrx_word' id='word_1_223' title='bbox 1237 2347 1362 2409; x_wconf 87' lang='lat' dir='ltr'><strong>Domini</strong></span> <span class='ocrx_word' id='word_1_224' title='bbox 1393 2347 1503 2422; x_wconf 83' lang='lat' dir='ltr'><strong>nostri,</strong></span> <span class='ocrx_word' id='word_1_225' title='bbox 1529 2347 1682 2428; x_wconf 89' lang='lat' dir='ltr'><strong>quoniam</strong></span> <span class='ocrx_word' id='word_1_226' title='bbox 1711 2364 1778 2408; x_wconf 86' lang='lat' dir='ltr'><strong>nou</strong></span> <span class='ocrx_word' id='word_1_227' title='bbox 1803 2352 1852 2409; x_wconf 97' lang='grc' dir='ltr'><strong>θεῖ</strong></span> <span class='ocrx_word' id='word_1_228' title='bbox 1873 2362 2062 2408; x_wconf 54' lang='grc' dir='ltr'>εθηύεῖηῖῖυ</span> 
     </span>
     <span class='ocr_line' id='line_1_21' title="bbox 435 2433 2000 2529; baseline 0 -25"><span class='ocrx_word' id='word_1_229' title='bbox 435 2450 513 2505; x_wconf 91' lang='lat' dir='ltr'><strong>tunc</strong></span> <span class='ocrx_word' id='word_1_230' title='bbox 527 2445 623 2508; x_wconf 90' lang='lat' dir='ltr'><strong>etiam</strong></span> <span class='ocrx_word' id='word_1_231' title='bbox 640 2445 924 2529; x_wconf 87' lang='lat' dir='ltr'><strong>complantabimur</strong></span> <span class='ocrx_word' id='word_1_232' title='bbox 939 2466 994 2510; x_wconf 91' lang='lat' dir='ltr'><strong>seu</strong></span> <span class='ocrx_word' id='word_1_233' title='bbox 1007 2447 1182 2509; x_wconf 90' lang='lat' dir='ltr'><strong>conforma·</strong></span> <span class='ocrx_word' id='word_1_234' title='bbox 1237 2446 1339 2526; x_wconf 89' lang='lat' dir='ltr'><strong>major</strong></span> <span class='ocrx_word' id='word_1_235' title='bbox 1354 2445 1483 2508; x_wconf 90' lang='lat' dir='ltr'><strong>domino</strong></span> <span class='ocrx_word' id='word_1_236' title='bbox 1499 2463 1565 2508; x_wconf 91' lang='lat' dir='ltr'><strong>suo.</strong></span> <span class='ocrx_word' id='word_1_237' title='bbox 1583 2445 1650 2520; x_wconf 80' lang='lat' dir='ltr'><strong>Vel,</strong></span> <span class='ocrx_word' id='word_1_238' title='bbox 1669 2453 1795 2508; x_wconf 79' lang='lat' dir='ltr'><strong>«vetus</strong></span> <span class='ocrx_word' id='word_1_239' title='bbox 1817 2445 1909 2508; x_wconf 92' lang='lat' dir='ltr'><strong>homo</strong></span> <span class='ocrx_word' id='word_1_240' title='bbox 1926 2461 1968 2505; x_wconf 85' lang='lat' dir='ltr'><strong>no</strong></span> <span class='ocrx_word' id='word_1_241' title='bbox 1979 2433 2000 2470; x_wconf 73' lang='lat'><strong>¹⁵·</strong></span> 
     </span>
     <span class='ocr_line' id='line_1_22' title="bbox 436 2539 1967 2626; baseline 0 -24"><span class='ocrx_word' id='word_1_242' title='bbox 436 2539 544 2604; x_wconf 93' lang='lat' dir='ltr'><strong>bimur</strong></span> <span class='ocrx_word' id='word_1_243' title='bbox 567 2543 771 2606; x_wconf 89' lang='lat' dir='ltr'><strong>similitudini</strong></span> <span class='ocrx_word' id='word_1_244' title='bbox 793 2545 1033 2607; x_wconf 88' lang='lat' dir='ltr'><strong>resurrectionis</strong></span> <span class='ocrx_word' id='word_1_245' title='bbox 1053 2544 1179 2617; x_wconf 89' lang='lat' dir='ltr'><strong>Christi,</strong></span> <span class='ocrx_word' id='word_1_246' title='bbox 1237 2553 1345 2618; x_wconf 86' lang='lat' dir='ltr'><strong>ster»,</strong></span> <span class='ocrx_word' id='word_1_247' title='bbox 1370 2545 1467 2607; x_wconf 88' lang='lat' dir='ltr'><strong>idest</strong></span> <span class='ocrx_word' id='word_1_248' title='bbox 1486 2543 1623 2626; x_wconf 86' lang='lat' dir='ltr'><strong>quilibet</strong></span> <span class='ocrx_word' id='word_1_249' title='bbox 1642 2550 1789 2607; x_wconf 91' lang='lat' dir='ltr'><strong>nostrum</strong></span> <span class='ocrx_word' id='word_1_250' title='bbox 1810 2543 1967 2606; x_wconf 87' lang='lat' dir='ltr'><strong>secundnm</strong></span> 
     </span>
    </p>

    <p class='ocr_par' dir='ltr' id='par_1_7' title="bbox 290 2639 2063 2968">
     <span class='ocr_line' id='line_1_23' title="bbox 290 2640 1968 2726; baseline -0.001 -24"><span class='ocrx_word' id='word_1_251' title='bbox 290 2659 354 2704; x_wconf 75' lang='lat' dir='ltr'><strong>nom.</strong></span> <span class='ocrx_word' id='word_1_252' title='bbox 365 2663 422 2711; x_wconf 64' lang='lat' dir='ltr'><strong>aa.</strong></span> <span class='ocrx_word' id='word_1_253' title='bbox 436 2640 629 2704; x_wconf 91' lang='lat' dir='ltr'><strong>ambulando</strong></span> <span class='ocrx_word' id='word_1_254' title='bbox 646 2641 677 2704; x_wconf 91' lang='lat' dir='ltr'><strong>in</strong></span> <span class='ocrx_word' id='word_1_255' title='bbox 693 2643 832 2705; x_wconf 90' lang='lat' dir='ltr'><strong>novitate</strong></span> <span class='ocrx_word' id='word_1_256' title='bbox 848 2643 1011 2725; x_wconf 63' lang='lat' dir='ltr'><strong>vitaeque</strong></span> <span class='ocrx_word' id='word_1_257' title='bbox 1026 2661 1083 2726; x_wconf 92' lang='lat' dir='ltr'><strong>per</strong></span> <span class='ocrx_word' id='word_1_258' title='bbox 1098 2643 1183 2706; x_wconf 93' lang='lat' dir='ltr'><strong>Chri·</strong></span> <span class='ocrx_word' id='word_1_259' title='bbox 1237 2643 1390 2724; x_wconf 84' lang='lat' dir='ltr'><strong>originale</strong></span> <span class='ocrx_word' id='word_1_260' title='bbox 1411 2651 1577 2725; x_wconf 88' lang='lat' dir='ltr'><strong>peecatum</strong></span> <span class='ocrx_word' id='word_1_261' title='bbox 1596 2642 1636 2705; x_wconf 87' lang='lat' dir='ltr'><strong>ab</strong></span> <span class='ocrx_word' id='word_1_262' title='bbox 1656 2641 1756 2706; x_wconf 83' lang='lat' dir='ltr'><strong>Adam</strong></span> <span class='ocrx_word' id='word_1_263' title='bbox 1777 2648 1968 2710; x_wconf 87' lang='lat' dir='ltr'><strong>contractum,</strong></span> 
     </span>
    </p>
   </div>
   <div class='ocr_carea' id='block_1_7' title="bbox 435 2737 2064 4897">
    <p class='ocr_par' dir='ltr' id='par_1_8' title="bbox 435 2737 2064 4897">
     <span class='ocr_line' id='line_1_24' title="bbox 436 2737 1970 2823; baseline 0.001 -24"><span class='ocrx_word' id='word_1_264' title='bbox 436 2737 476 2800; x_wconf 91' lang='lat' dir='ltr'><strong>sti</strong></span> <span class='ocrx_word' id='word_1_265' title='bbox 492 2739 758 2803; x_wconf 88' lang='lat' dir='ltr'><strong>resurrectionem</strong></span> <span class='ocrx_word' id='word_1_266' title='bbox 778 2740 943 2822; x_wconf 90' lang='lat' dir='ltr'><strong>figuratur.</strong></span> <span class='ocrx_word' id='word_1_267' title='bbox 961 2742 1042 2804; x_wconf 89' lang='lat' dir='ltr'><strong>llors</strong></span> <span class='ocrx_word' id='word_1_268' title='bbox 1062 2740 1181 2823; x_wconf 85' lang='lat' dir='ltr'><strong>quippe</strong></span> <span class='ocrx_word' id='word_1_269' title='bbox 1239 2765 1255 2802; x_wconf 83' lang='lat' dir='ltr'><strong>u</strong></span> <span class='ocrx_word' id='word_1_270' title='bbox 1275 2742 1372 2804; x_wconf 90' lang='lat' dir='ltr'><strong>simul</strong></span> <span class='ocrx_word' id='word_1_271' title='bbox 1397 2740 1572 2804; x_wconf 87' lang='lat' dir='ltr'><strong>crucifixus</strong></span> <span class='ocrx_word' id='word_1_272' title='bbox 1591 2749 1639 2803; x_wconf 90' lang='lat' dir='ltr'><strong>est</strong></span> <span class='ocrx_word' id='word_1_273' title='bbox 1654 2763 1683 2814; x_wconf 82' lang='lat' dir='ltr'><strong>a,</strong></span> <span class='ocrx_word' id='word_1_274' title='bbox 1700 2741 1731 2803; x_wconf 93' lang='lat' dir='ltr'><strong>id</strong></span> <span class='ocrx_word' id='word_1_275' title='bbox 1753 2748 1804 2803; x_wconf 89' lang='grc' dir='ltr'><strong>θεῖ</strong></span> <span class='ocrx_word' id='word_1_276' title='bbox 1822 2738 1895 2802; x_wconf 89' lang='lat' dir='ltr'><strong>huic</strong></span> <span class='ocrx_word' id='word_1_277' title='bbox 1912 2757 1970 2821; x_wconf 89' lang='lat' dir='ltr'><strong>pec·</strong></span> 
     </span>
     <span class='ocr_line' id='line_1_25' title="bbox 435 2837 1971 2922; baseline -0.001 -23"><span class='ocrx_word' id='word_1_278' title='bbox 435 2844 468 2899; x_wconf 89' lang='lat' dir='ltr'><strong>et</strong></span> <span class='ocrx_word' id='word_1_279' title='bbox 483 2838 673 2902; x_wconf 87' lang='lat' dir='ltr'><strong>resurrectio</strong></span> <span class='ocrx_word' id='word_1_280' title='bbox 689 2838 805 2903; x_wconf 92' lang='lat' dir='ltr'><strong>Christi</strong></span> <span class='ocrx_word' id='word_1_281' title='bbox 824 2857 887 2902; x_wconf 89' lang='lat' dir='ltr'><strong>non</strong></span> <span class='ocrx_word' id='word_1_282' title='bbox 907 2840 1009 2903; x_wconf 90' lang='lat' dir='ltr'><strong>solnm</strong></span> <span class='ocrx_word' id='word_1_283' title='bbox 1030 2847 1104 2901; x_wconf 89' lang='lat' dir='ltr'><strong>sunt</strong></span> <span class='ocrx_word' id='word_1_284' title='bbox 1119 2859 1179 2913; x_wconf 88' lang='lat' dir='ltr'><strong>res,</strong></span> <span class='ocrx_word' id='word_1_285' title='bbox 1238 2850 1307 2905; x_wconf 91' lang='lat' dir='ltr'><strong>cato</strong></span> <span class='ocrx_word' id='word_1_286' title='bbox 1330 2839 1552 2915; x_wconf 88' lang='lat' dir='ltr'><strong>mortificatus,</strong></span> <span class='ocrx_word' id='word_1_287' title='bbox 1576 2839 1651 2922; x_wconf 90' lang='lat' dir='ltr'><strong>quia</strong></span> <span class='ocrx_word' id='word_1_288' title='bbox 1675 2840 1707 2901; x_wconf 95' lang='lat' dir='ltr'><strong>in</strong></span> <span class='ocrx_word' id='word_1_289' title='bbox 1730 2839 1850 2902; x_wconf 89' lang='lat' dir='ltr'><strong>Christi</strong></span> <span class='ocrx_word' id='word_1_290' title='bbox 1872 2837 1971 2920; x_wconf 85' lang='lat' dir='ltr'><strong>passio</strong></span> 
     </span>
     <span class='ocr_line' id='line_1_26' title="bbox 437 2933 2063 3019; baseline -0.002 -24"><span class='ocrx_word' id='word_1_291' title='bbox 437 2934 492 2996; x_wconf 90' lang='lat' dir='ltr'><strong>sed</strong></span> <span class='ocrx_word' id='word_1_292' title='bbox 508 2935 604 2997; x_wconf 89' lang='lat' dir='ltr'><strong>etiam</strong></span> <span class='ocrx_word' id='word_1_293' title='bbox 621 2945 817 3000; x_wconf 81' lang='lat' dir='ltr'><strong>sacramenta</strong></span> <span class='ocrx_word' id='word_1_294' title='bbox 837 2955 892 2998; x_wconf 89' lang='lat' dir='ltr'><strong>sen</strong></span> <span class='ocrx_word' id='word_1_295' title='bbox 909 2937 1021 3018; x_wconf 89' lang='lat' dir='ltr'><strong>signa:</strong></span> <span class='ocrx_word' id='word_1_296' title='bbox 1040 2937 1082 2999; x_wconf 91' lang='lat' dir='ltr'><strong>ita</strong></span> <span class='ocrx_word' id='word_1_297' title='bbox 1097 2933 1181 3018; x_wconf 94' lang='lat' dir='ltr'><strong>quod</strong></span> <span class='ocrx_word' id='word_1_298' title='bbox 1238 2959 1277 3002; x_wconf 89' lang='lat' dir='ltr'><strong>ne</strong></span> <span class='ocrx_word' id='word_1_299' title='bbox 1303 2939 1427 3002; x_wconf 91' lang='lat' dir='ltr'><strong>liberati</strong></span> <span class='ocrx_word' id='word_1_300' title='bbox 1454 2957 1565 3000; x_wconf 89' lang='lat' dir='ltr'><strong>sumus</strong></span> <span class='ocrx_word' id='word_1_301' title='bbox 1590 2937 1630 3000; x_wconf 92' lang='lat' dir='ltr'><strong>ab</strong></span> <span class='ocrx_word' id='word_1_302' title='bbox 1655 2937 1716 3000; x_wconf 88' lang='lat' dir='ltr'><strong>isto</strong></span> <span class='ocrx_word' id='word_1_303' title='bbox 1740 2944 1884 3019; x_wconf 89' lang='lat' dir='ltr'><strong>peccato.</strong></span> <span class='ocrx_word' id='word_1_304' title='bbox 1908 2933 1970 2996; x_wconf 78' lang='lat' dir='ltr'><strong>uit</strong></span> <span class='ocrx_word' id='word_1_305' title='bbox 2062 2969 2063 3006; x_wconf 70' lang='grc'>,</span> 
     </span>
     <span class='ocr_line' id='line_1_27' title="bbox 437 3033 1971 3119; baseline -0.001 -26"><span class='ocrx_word' id='word_1_306' title='bbox 437 3048 523 3094; x_wconf 91' lang='lat' dir='ltr'><strong>mors</strong></span> <span class='ocrx_word' id='word_1_307' title='bbox 545 3033 661 3097; x_wconf 90' lang='lat' dir='ltr'><strong>Christi</strong></span> <span class='ocrx_word' id='word_1_308' title='bbox 684 3035 844 3116; x_wconf 89' lang='lat' dir='ltr'><strong>significat</strong></span> <span class='ocrx_word' id='word_1_309' title='bbox 865 3036 987 3099; x_wconf 79' lang='lat' dir='ltr'><strong>vitiose</strong></span> <span class='ocrx_word' id='word_1_310' title='bbox 1007 3055 1044 3098; x_wconf 90' lang='lat' dir='ltr'><strong>ac</strong></span> <span class='ocrx_word' id='word_1_311' title='bbox 1066 3037 1219 3101; x_wconf 90' lang='lat' dir='ltr'><strong>veterisC</strong></span> <span class='ocrx_word' id='word_1_312' title='bbox 1238 3040 1419 3101; x_wconf 89' lang='lat' dir='ltr'><strong>destruatur</strong></span> <span class='ocrx_word' id='word_1_313' title='bbox 1438 3053 1554 3119; x_wconf 92' lang='lat' dir='ltr'><strong>corpus</strong></span> <span class='ocrx_word' id='word_1_314' title='bbox 1574 3035 1695 3118; x_wconf 87' lang='lat' dir='ltr'><strong>peccati</strong></span> <span class='ocrx_word' id='word_1_315' title='bbox 1712 3058 1740 3110; x_wconf 85' lang='lat' dir='ltr'><strong>n,</strong></span> <span class='ocrx_word' id='word_1_316' title='bbox 1758 3035 1821 3097; x_wconf 90' lang='lat' dir='ltr'><strong>hoc</strong></span> <span class='ocrx_word' id='word_1_317' title='bbox 1841 3041 1897 3108; x_wconf 93' lang='lat' dir='ltr'><strong>est,</strong></span> <span class='ocrx_word' id='word_1_318' title='bbox 1912 3049 1971 3094; x_wconf 83' lang='lat' dir='ltr'><strong>caro</strong></span> 
     </span>
     <span class='ocr_line' id='line_1_28' title="bbox 436 3130 1970 3218; baseline -0.001 -26"><span class='ocrx_word' id='word_1_319' title='bbox 436 3130 509 3194; x_wconf 77' lang='lat' dir='ltr'><strong>vita</strong></span> <span class='ocrx_word' id='word_1_320' title='bbox 538 3133 798 3216; x_wconf 82' lang='lat' dir='ltr'><strong>exstirpationem</strong></span> <span class='ocrx_word' id='word_1_321' title='bbox 817 3151 825 3213; x_wconf 92' lang='lat'>;</span> <span class='ocrx_word' id='word_1_322' title='bbox 856 3135 1046 3197; x_wconf 88' lang='lat' dir='ltr'><strong>resurrectio</strong></span> <span class='ocrx_word' id='word_1_323' title='bbox 1074 3141 1180 3196; x_wconf 89' lang='lat' dir='ltr'><strong>aulem</strong></span> <span class='ocrx_word' id='word_1_324' title='bbox 1238 3146 1345 3200; x_wconf 92' lang='lat' dir='ltr'><strong>nostra</strong></span> <span class='ocrx_word' id='word_1_325' title='bbox 1365 3135 1474 3198; x_wconf 92' lang='lat' dir='ltr'><strong>multis</strong></span> <span class='ocrx_word' id='word_1_326' title='bbox 1495 3134 1634 3218; x_wconf 87' lang='lat' dir='ltr'><strong>peccatis</strong></span> <span class='ocrx_word' id='word_1_327' title='bbox 1655 3133 1774 3197; x_wconf 89' lang='lat' dir='ltr'><strong>foedata</strong></span> <span class='ocrx_word' id='word_1_328' title='bbox 1796 3134 1970 3204; x_wconf 85' lang='lat' dir='ltr'><strong>destruatur,</strong></span> 
     </span>
     <span class='ocr_line' id='line_1_29' title="bbox 437 3227 1970 3316; baseline -0.002 -24"><span class='ocrx_word' id='word_1_329' title='bbox 437 3227 565 3304; x_wconf 91' lang='lat' dir='ltr'><strong>Christi,</strong></span> <span class='ocrx_word' id='word_1_330' title='bbox 581 3231 780 3314; x_wconf 88' lang='lat' dir='ltr'><strong>spiritualem</strong></span> <span class='ocrx_word' id='word_1_331' title='bbox 797 3232 912 3295; x_wconf 88' lang='lat' dir='ltr'><strong>mentis</strong></span> <span class='ocrx_word' id='word_1_332' title='bbox 931 3234 1180 3307; x_wconf 89' lang='lat' dir='ltr'><strong>renovationem,</strong></span> <span class='ocrx_word' id='word_1_333' title='bbox 1237 3254 1301 3298; x_wconf 92' lang='lat' dir='ltr'><strong>non</strong></span> <span class='ocrx_word' id='word_1_334' title='bbox 1324 3242 1479 3316; x_wconf 87' lang='lat' dir='ltr'><strong>qnantum</strong></span> <span class='ocrx_word' id='word_1_335' title='bbox 1500 3235 1539 3296; x_wconf 90' lang='lat' dir='ltr'><strong>ad</strong></span> <span class='ocrx_word' id='word_1_336' title='bbox 1559 3253 1628 3296; x_wconf 90' lang='lat' dir='ltr'><strong>esse</strong></span> <span class='ocrx_word' id='word_1_337' title='bbox 1647 3241 1780 3306; x_wconf 81' lang='lat' dir='ltr'><strong>naturae,</strong></span> <span class='ocrx_word' id='word_1_338' title='bbox 1797 3232 1854 3294; x_wconf 90' lang='lat' dir='ltr'><strong>sed</strong></span> <span class='ocrx_word' id='word_1_339' title='bbox 1873 3230 1970 3311; x_wconf 84' lang='lat' dir='ltr'><strong>culpa,</strong></span> 
     </span>
     <span class='ocr_line' id='line_1_30' title="bbox 436 3328 1970 3417; baseline -0.003 -27"><span class='ocrx_word' id='word_1_340' title='bbox 436 3328 527 3409; x_wconf 82' lang='lat' dir='ltr'><strong>juxta</strong></span> <span class='ocrx_word' id='word_1_341' title='bbox 541 3329 620 3392; x_wconf 93' lang='lat' dir='ltr'><strong>illud</strong></span> <span class='ocrx_word' id='word_1_342' title='bbox 634 3330 674 3392; x_wconf 93' lang='lat' dir='ltr'><strong>ad</strong></span> <span class='ocrx_word' id='word_1_343' title='bbox 690 3330 891 3393; x_wconf 89' lang='lat' dir='ltr'><strong>Colossenses</strong></span> <span class='ocrx_word' id='word_1_344' title='bbox 909 3347 915 3392; x_wconf 93' lang='lat'><strong>:</strong></span> <span class='ocrx_word' id='word_1_345' title='bbox 933 3330 965 3393; x_wconf 92' lang='lat' dir='ltr'><strong>Si</strong></span> <span class='ocrx_word' id='word_1_346' title='bbox 985 3331 1182 3393; x_wconf 87' lang='lat' dir='ltr'><strong>consurrexi·</strong></span> <span class='ocrx_word' id='word_1_347' title='bbox 1238 3332 1508 3417; x_wconf 88' lang='lat' dir='ltr'><strong>quemadmodum</strong></span> <span class='ocrx_word' id='word_1_348' title='bbox 1537 3331 1614 3394; x_wconf 94' lang='lat' dir='ltr'><strong>alibi</strong></span> <span class='ocrx_word' id='word_1_349' title='bbox 1644 3330 1756 3393; x_wconf 89' lang='lat' dir='ltr'><strong>scribit</strong></span> <span class='ocrx_word' id='word_1_350' title='bbox 1785 3328 1946 3413; x_wconf 83' lang='lat' dir='ltr'><strong>Apostolus</strong></span> <span class='ocrx_word' id='word_1_351' title='bbox 1965 3345 1970 3386; x_wconf 95' lang='lat'>:</span> 
     </span>
     <span class='ocr_line' id='line_1_31' title="bbox 438 3428 2064 3514; baseline -0.003 -25"><span class='ocrx_word' id='word_1_352' title='bbox 438 3428 495 3488; x_wconf 91' lang='lat' dir='ltr'><strong>stis</strong></span> <span class='ocrx_word' id='word_1_353' title='bbox 518 3446 592 3490; x_wconf 89' lang='lat' dir='ltr'><strong>eum</strong></span> <span class='ocrx_word' id='word_1_354' title='bbox 612 3428 748 3503; x_wconf 90' lang='lat' dir='ltr'><strong>Christo,</strong></span> <span class='ocrx_word' id='word_1_355' title='bbox 768 3448 839 3511; x_wconf 84' lang='lat' dir='ltr'><strong>quaa</strong></span> <span class='ocrx_word' id='word_1_356' title='bbox 858 3447 985 3490; x_wconf 90' lang='lat' dir='ltr'><strong>sursum</strong></span> <span class='ocrx_word' id='word_1_357' title='bbox 1004 3437 1080 3491; x_wconf 90' lang='lat' dir='ltr'><strong>sunt</strong></span> <span class='ocrx_word' id='word_1_358' title='bbox 1099 3449 1183 3511; x_wconf 76' lang='lat' dir='ltr'><strong>quan·</strong></span> <span class='ocrx_word' id='word_1_359' title='bbox 1237 3431 1425 3495; x_wconf 87' lang='lat' dir='ltr'><strong>Mortificate</strong></span> <span class='ocrx_word' id='word_1_360' title='bbox 1440 3429 1584 3493; x_wconf 88' lang='lat' dir='ltr'><strong>membra</strong></span> <span class='ocrx_word' id='word_1_361' title='bbox 1598 3437 1702 3493; x_wconf 87' lang='lat' dir='ltr'><strong>vestra</strong></span> <span class='ocrx_word' id='word_1_362' title='bbox 1715 3448 1789 3510; x_wconf 85' lang='lat' dir='ltr'><strong>quae</strong></span> <span class='ocrx_word' id='word_1_363' title='bbox 1804 3436 1878 3490; x_wconf 90' lang='lat' dir='ltr'><strong>sunt</strong></span> <span class='ocrx_word' id='word_1_364' title='bbox 1891 3443 1972 3507; x_wconf 82' lang='lat' dir='ltr'><strong>super</strong></span> <span class='ocrx_word' id='word_1_365' title='bbox 1988 3439 2064 3514; x_wconf 61' lang='lat' dir='ltr'><strong>aa}</strong></span> 
     </span>
     <span class='ocr_line' id='line_1_32' title="bbox 438 3513 2042 3611; baseline 0 -24"><span class='ocrx_word' id='word_1_366' title='bbox 438 3525 505 3588; x_wconf 90' lang='lat' dir='ltr'><strong>rite.</strong></span> <span class='ocrx_word' id='word_1_367' title='bbox 523 3525 555 3588; x_wconf 92' lang='lat' dir='ltr'><strong>Si</strong></span> <span class='ocrx_word' id='word_1_368' title='bbox 573 3544 648 3608; x_wconf 89' lang='lat' dir='ltr'><strong>ergo</strong></span> <span class='ocrx_word' id='word_1_369' title='bbox 669 3526 700 3589; x_wconf 93' lang='lat' dir='ltr'><strong>in</strong></span> <span class='ocrx_word' id='word_1_370' title='bbox 721 3527 872 3589; x_wconf 92' lang='lat' dir='ltr'><strong>vitiorum</strong></span> <span class='ocrx_word' id='word_1_371' title='bbox 888 3527 1133 3590; x_wconf 89' lang='lat' dir='ltr'><strong>mortificatione</strong></span> <span class='ocrx_word' id='word_1_372' title='bbox 1149 3528 1182 3590; x_wconf 92' lang='lat' dir='ltr'><strong>in</strong></span> <span class='ocrx_word' id='word_1_373' title='bbox 1238 3539 1366 3594; x_wconf 91' lang='lat' dir='ltr'><strong>terram.</strong></span> <span class='ocrx_word' id='word_1_374' title='bbox 1393 3530 1430 3592; x_wconf 88' lang='grc' dir='ltr'><strong>Εῖ</strong></span> <span class='ocrx_word' id='word_1_375' title='bbox 1456 3529 1599 3592; x_wconf 91' lang='lat' dir='ltr'><strong>Christus</strong></span> <span class='ocrx_word' id='word_1_376' title='bbox 1623 3535 1757 3608; x_wconf 87' lang='lat' dir='ltr'><strong>testatur</strong></span> <span class='ocrx_word' id='word_1_377' title='bbox 1784 3544 1791 3589; x_wconf 77' lang='grc' dir='ltr'>ε</span> <span class='ocrx_word' id='word_1_378' title='bbox 1818 3525 1850 3590; x_wconf 88' lang='lat' dir='ltr'><strong>Si</strong></span> <span class='ocrx_word' id='word_1_379' title='bbox 1875 3513 2042 3611; x_wconf 30' lang='lat' dir='ltr'><strong>confusa,</strong></span> 
     </span>
     <span class='ocr_line' id='line_1_33' title="bbox 437 3622 2019 3706; baseline -0.002 -21"><span class='ocrx_word' id='word_1_380' title='bbox 437 3625 599 3706; x_wconf 89' lang='lat' dir='ltr'><strong>Baptismo</strong></span> <span class='ocrx_word' id='word_1_381' title='bbox 621 3625 733 3688; x_wconf 88' lang='lat' dir='ltr'><strong>collata</strong></span> <span class='ocrx_word' id='word_1_382' title='bbox 759 3626 980 3700; x_wconf 90' lang='lat' dir='ltr'><strong>manserimus,</strong></span> <span class='ocrx_word' id='word_1_383' title='bbox 1006 3644 1070 3688; x_wconf 93' lang='lat' dir='ltr'><strong>non</strong></span> <span class='ocrx_word' id='word_1_384' title='bbox 1095 3627 1181 3689; x_wconf 90' lang='lat' dir='ltr'><strong>rede·</strong></span> <span class='ocrx_word' id='word_1_385' title='bbox 1238 3637 1313 3692; x_wconf 51' lang='lat' dir='ltr'><strong>¹tnns</strong></span> <span class='ocrx_word' id='word_1_386' title='bbox 1333 3627 1525 3691; x_wconf 88' lang='lat' dir='ltr'><strong>scandalizat</strong></span> <span class='ocrx_word' id='word_1_387' title='bbox 1545 3635 1587 3701; x_wconf 88' lang='lat' dir='ltr'><strong>te,</strong></span> <span class='ocrx_word' id='word_1_388' title='bbox 1610 3645 1687 3689; x_wconf 91' lang='lat' dir='ltr'><strong>erue</strong></span> <span class='ocrx_word' id='word_1_389' title='bbox 1711 3644 1787 3688; x_wconf 87' lang='lat' dir='ltr'><strong>eum</strong></span> <span class='ocrx_word' id='word_1_390' title='bbox 1812 3632 1845 3688; x_wconf 90' lang='lat' dir='ltr'><strong>et</strong></span> <span class='ocrx_word' id='word_1_391' title='bbox 1867 3622 2019 3706; x_wconf 60' lang='lat' dir='ltr'><strong>profluam</strong></span> 
     </span>
     <span class='ocr_line' id='line_1_34' title="bbox 438 3723 1972 3800; baseline -0.003 -16"><span class='ocrx_word' id='word_1_392' title='bbox 438 3723 523 3785; x_wconf 93' lang='lat' dir='ltr'><strong>undo</strong></span> <span class='ocrx_word' id='word_1_393' title='bbox 545 3724 583 3784; x_wconf 90' lang='lat' dir='ltr'><strong>ad</strong></span> <span class='ocrx_word' id='word_1_394' title='bbox 606 3723 694 3798; x_wconf 89' lang='lat' dir='ltr'><strong>vitia,</strong></span> <span class='ocrx_word' id='word_1_395' title='bbox 719 3730 796 3785; x_wconf 91' lang='lat' dir='ltr'><strong>tune</strong></span> <span class='ocrx_word' id='word_1_396' title='bbox 821 3725 1044 3786; x_wconf 90' lang='lat' dir='ltr'><strong>resurrectioni</strong></span> <span class='ocrx_word' id='word_1_397' title='bbox 1067 3725 1181 3788; x_wconf 88' lang='lat' dir='ltr'><strong>Christi</strong></span> <span class='ocrx_word' id='word_1_398' title='bbox 1238 3728 1295 3792; x_wconf 92' lang='lat' dir='ltr'><strong>abs</strong></span> <span class='ocrx_word' id='word_1_399' title='bbox 1318 3736 1358 3790; x_wconf 91' lang='lat' dir='ltr'><strong>te.</strong></span> <span class='ocrx_word' id='word_1_400' title='bbox 1385 3731 1424 3789; x_wconf 84' lang='lat' dir='ltr'><strong>Ut</strong></span> <span class='ocrx_word' id='word_1_401' title='bbox 1444 3730 1535 3786; x_wconf 86' lang='lat' dir='ltr'><strong>ultra</strong></span> <span class='ocrx_word' id='word_1_402' title='bbox 1556 3745 1621 3786; x_wconf 82' lang='lat' dir='ltr'><strong>nou</strong></span> <span class='ocrx_word' id='word_1_403' title='bbox 1642 3726 1827 3785; x_wconf 79' lang='lat' dir='ltr'><strong>serviamus</strong></span> <span class='ocrx_word' id='word_1_404' title='bbox 1847 3730 1972 3800; x_wconf 79' lang='lat' dir='ltr'><strong>peccota,</strong></span> 
     </span>
     <span class='ocr_line' id='line_1_35' title="bbox 437 3821 1974 3905; baseline -0.003 -22"><span class='ocrx_word' id='word_1_405' title='bbox 437 3821 559 3884; x_wconf 90' lang='lat' dir='ltr'><strong>similes</strong></span> <span class='ocrx_word' id='word_1_406' title='bbox 579 3822 710 3896; x_wconf 88' lang='lat' dir='ltr'><strong>erimus,</strong></span> <span class='ocrx_word' id='word_1_407' title='bbox 727 3821 888 3885; x_wconf 90' lang='lat' dir='ltr'><strong>coelestem</strong></span> <span class='ocrx_word' id='word_1_408' title='bbox 910 3825 1182 3888; x_wconf 89' lang='lat' dir='ltr'><strong>conversationem</strong></span> <span class='ocrx_word' id='word_1_409' title='bbox 1240 3828 1299 3890; x_wconf 89' lang='lat' dir='ltr'><strong>hoc</strong></span> <span class='ocrx_word' id='word_1_410' title='bbox 1315 3834 1372 3901; x_wconf 89' lang='lat' dir='ltr'><strong>est,</strong></span> <span class='ocrx_word' id='word_1_411' title='bbox 1394 3843 1458 3888; x_wconf 92' lang='lat' dir='ltr'><strong>non</strong></span> <span class='ocrx_word' id='word_1_412' title='bbox 1479 3824 1664 3898; x_wconf 89' lang='lat' dir='ltr'><strong>subdamur,</strong></span> <span class='ocrx_word' id='word_1_413' title='bbox 1681 3842 1740 3886; x_wconf 90' lang='lat' dir='ltr'><strong>nee</strong></span> <span class='ocrx_word' id='word_1_414' title='bbox 1760 3837 1974 3905; x_wconf 86' lang='lat' dir='ltr'><strong>superemnra</strong></span> 
     </span>
     <span class='ocr_line' id='line_1_36' title="bbox 437 3919 2058 4007; baseline -0.002 -25"><span class='ocrx_word' id='word_1_415' title='bbox 437 3920 584 3983; x_wconf 88' lang='lat' dir='ltr'><strong>habendo</strong></span> <span class='ocrx_word' id='word_1_416' title='bbox 606 3920 639 3982; x_wconf 91' lang='lat' dir='ltr'><strong>in</strong></span> <span class='ocrx_word' id='word_1_417' title='bbox 661 3929 753 3982; x_wconf 89' lang='lat' dir='ltr'><strong>terra.</strong></span> <span class='ocrx_word' id='word_1_418' title='bbox 1240 3925 1338 4000; x_wconf 91' lang='lat' dir='ltr'><strong>vitiis,</strong></span> <span class='ocrx_word' id='word_1_419' title='bbox 1350 3925 1426 4007; x_wconf 90' lang='lat' dir='ltr'><strong>quia</strong></span> <span class='ocrx_word' id='word_1_420' title='bbox 1441 3931 1474 3986; x_wconf 88' lang='lat' dir='ltr'><strong>ut</strong></span> <span class='ocrx_word' id='word_1_421' title='bbox 1488 3922 1573 4004; x_wconf 89' lang='lat' dir='ltr'><strong>apud</strong></span> <span class='ocrx_word' id='word_1_422' title='bbox 1587 3922 1739 3985; x_wconf 80' lang='lat' dir='ltr'><strong>loannem</strong></span> <span class='ocrx_word' id='word_1_423' title='bbox 1754 3921 1902 3994; x_wconf 86' lang='lat' dir='ltr'><strong>hahetur,</strong></span> <span class='ocrx_word' id='word_1_424' title='bbox 1917 3919 2027 3982; x_wconf 61' lang='lat' dir='ltr'><strong>Omra«</strong></span> <span class='ocrx_word' id='word_1_425' title='bbox 2051 3954 2058 3965; x_wconf 88' lang='lat'><em>·</em></span> 
     </span>
     <span class='ocr_line' id='line_1_37' title="bbox 478 4004 2007 4106; baseline -0.005 -20"><span class='ocrx_word' id='word_1_426' title='bbox 478 4024 546 4082; x_wconf 82' lang='lat' dir='ltr'><strong>Iloe</strong></span> <span class='ocrx_word' id='word_1_427' title='bbox 570 4021 705 4080; x_wconf 82' lang='lat' dir='ltr'><strong>scientes</strong></span> <span class='ocrx_word' id='word_1_428' title='bbox 732 4022 811 4099; x_wconf 83' lang='lat' dir='ltr'><strong>quia</strong></span> <span class='ocrx_word' id='word_1_429' title='bbox 836 4029 926 4080; x_wconf 81' lang='lat' dir='ltr'><strong>vetus</strong></span> <span class='ocrx_word' id='word_1_430' title='bbox 949 4021 1040 4082; x_wconf 79' lang='lat' dir='ltr'><strong>homo</strong></span> <span class='ocrx_word' id='word_1_431' title='bbox 1063 4031 1181 4083; x_wconf 80' lang='lat' dir='ltr'><strong>noster.</strong></span> <span class='ocrx_word' id='word_1_432' title='bbox 1241 4025 1290 4087; x_wconf 94' lang='lat' dir='ltr'><strong>nis</strong></span> <span class='ocrx_word' id='word_1_433' title='bbox 1305 4024 1360 4106; x_wconf 92' lang='lat' dir='ltr'><strong>qui</strong></span> <span class='ocrx_word' id='word_1_434' title='bbox 1376 4022 1453 4085; x_wconf 90' lang='lat' dir='ltr'><strong>facit</strong></span> <span class='ocrx_word' id='word_1_435' title='bbox 1467 4028 1646 4103; x_wconf 89' lang='lat' dir='ltr'><strong>peccatum,</strong></span> <span class='ocrx_word' id='word_1_436' title='bbox 1663 4039 1774 4083; x_wconf 87' lang='lat' dir='ltr'><strong>servus</strong></span> <span class='ocrx_word' id='word_1_437' title='bbox 1790 4027 1840 4083; x_wconf 90' lang='lat' dir='ltr'><strong>est</strong></span> <span class='ocrx_word' id='word_1_438' title='bbox 1855 4017 1972 4102; x_wconf 87' lang='lat' dir='ltr'><strong>peceati.</strong></span> <span class='ocrx_word' id='word_1_439' title='bbox 1984 4004 2007 4041; x_wconf 72' lang='lat'><strong>³⁶·</strong></span> 
     </span>
     <span class='ocr_line' id='line_1_38' title="bbox 438 4117 2029 4203; baseline -0.007 -21"><span class='ocrx_word' id='word_1_440' title='bbox 438 4120 640 4203; x_wconf 80' lang='lat' dir='ltr'><strong>Expositores</strong></span> <span class='ocrx_word' id='word_1_441' title='bbox 660 4136 740 4200; x_wconf 88' lang='lat' dir='ltr'><strong>quos</strong></span> <span class='ocrx_word' id='word_1_442' title='bbox 761 4117 833 4199; x_wconf 89' lang='lat' dir='ltr'><strong>legi,</strong></span> <span class='ocrx_word' id='word_1_443' title='bbox 853 4119 895 4181; x_wconf 90' lang='lat' dir='ltr'><strong>ita</strong></span> <span class='ocrx_word' id='word_1_444' title='bbox 914 4127 1077 4201; x_wconf 83' lang='lat' dir='ltr'><strong>exponunt</strong></span> <span class='ocrx_word' id='word_1_445' title='bbox 1097 4119 1183 4181; x_wconf 89' lang='lat' dir='ltr'><strong>hunc</strong></span> <span class='ocrx_word' id='word_1_446' title='bbox 1241 4124 1279 4185; x_wconf 85' lang='lat' dir='ltr'><strong>Et</strong></span> <span class='ocrx_word' id='word_1_447' title='bbox 1293 4123 1402 4185; x_wconf 87' lang='lat' dir='ltr'><strong>Petrus</strong></span> <span class='ocrx_word' id='word_1_448' title='bbox 1417 4121 1529 4184; x_wconf 86' lang='lat' dir='ltr'><strong>asserit</strong></span> <span class='ocrx_word' id='word_1_449' title='bbox 1546 4137 1553 4182; x_wconf 92' lang='lat'><strong>:</strong></span> <span class='ocrx_word' id='word_1_450' title='bbox 1570 4120 1674 4202; x_wconf 92' lang='lat' dir='ltr'><strong>lniqni</strong></span> <span class='ocrx_word' id='word_1_451' title='bbox 1690 4127 1765 4182; x_wconf 89' lang='lat' dir='ltr'><strong>sunt</strong></span> <span class='ocrx_word' id='word_1_452' title='bbox 1781 4118 1867 4182; x_wconf 90' lang='lat' dir='ltr'><strong>servi</strong></span> <span class='ocrx_word' id='word_1_453' title='bbox 1883 4135 1975 4181; x_wconf 87' lang='lat' dir='ltr'><strong>cornu·</strong></span> <span class='ocrx_word' id='word_1_454' title='bbox 1993 4132 2029 4174; x_wconf 84' lang='lat' dir='ltr'><strong>nn</strong></span> 
     </span>
     <span class='ocr_line' id='line_1_39' title="bbox 438 4201 2007 4306; baseline -0.003 -24"><span class='ocrx_word' id='word_1_455' title='bbox 438 4219 543 4282; x_wconf 90' lang='lat' dir='ltr'><strong>locum</strong></span> <span class='ocrx_word' id='word_1_456' title='bbox 562 4236 569 4280; x_wconf 93' lang='lat'><strong>:</strong></span> <span class='ocrx_word' id='word_1_457' title='bbox 587 4241 604 4277; x_wconf 83' lang='lat' dir='ltr'><strong>n</strong></span> <span class='ocrx_word' id='word_1_458' title='bbox 620 4227 711 4281; x_wconf 92' lang='lat' dir='ltr'><strong>vetus</strong></span> <span class='ocrx_word' id='word_1_459' title='bbox 726 4218 822 4280; x_wconf 91' lang='lat' dir='ltr'><strong>homo</strong></span> <span class='ocrx_word' id='word_1_460' title='bbox 838 4225 944 4280; x_wconf 93' lang='lat' dir='ltr'><strong>noster</strong></span> <span class='ocrx_word' id='word_1_461' title='bbox 959 4239 987 4291; x_wconf 85' lang='lat' dir='ltr'><strong>n,</strong></span> <span class='ocrx_word' id='word_1_462' title='bbox 1001 4218 1060 4280; x_wconf 91' lang='lat' dir='ltr'><strong>boc</strong></span> <span class='ocrx_word' id='word_1_463' title='bbox 1075 4224 1124 4279; x_wconf 88' lang='lat' dir='ltr'><strong>est</strong></span> <span class='ocrx_word' id='word_1_464' title='bbox 1140 4219 1183 4280; x_wconf 91' lang='lat' dir='ltr'><strong>fo·</strong></span> <span class='ocrx_word' id='word_1_465' title='bbox 1200 4224 1225 4287; x_wconf 84' lang='lat' dir='ltr'><strong>l)</strong></span> <span class='ocrx_word' id='word_1_466' title='bbox 1241 4223 1359 4306; x_wconf 89' lang='lat' dir='ltr'><strong>ptionis</strong></span> <span class='ocrx_word' id='word_1_467' title='bbox 1376 4241 1384 4302; x_wconf 74' lang='grc' dir='ltr'>ς</span> <span class='ocrx_word' id='word_1_468' title='bbox 1410 4240 1427 4284; x_wconf 87' lang='lat' dir='ltr'><strong>a</strong></span> <span class='ocrx_word' id='word_1_469' title='bbox 1449 4239 1512 4304; x_wconf 91' lang='lat' dir='ltr'><strong>qno</strong></span> <span class='ocrx_word' id='word_1_470' title='bbox 1533 4220 1620 4282; x_wconf 88' lang='lat' dir='ltr'><strong>enim</strong></span> <span class='ocrx_word' id='word_1_471' title='bbox 1644 4219 1715 4301; x_wconf 90' lang='lat' dir='ltr'><strong>quis</strong></span> <span class='ocrx_word' id='word_1_472' title='bbox 1740 4225 1909 4300; x_wconf 89' lang='lat' dir='ltr'><strong>superatus</strong></span> <span class='ocrx_word' id='word_1_473' title='bbox 1926 4223 1974 4287; x_wconf 88' lang='lat' dir='ltr'><strong>est,</strong></span> <span class='ocrx_word' id='word_1_474' title='bbox 1987 4201 2007 4236; x_wconf 63' lang='lat'>&#39;&#39;¹&#39;&#39;</span> 
     </span>
     <span class='ocr_line' id='line_1_40' title="bbox 438 4317 1602 4403; baseline -0.004 -20"><span class='ocrx_word' id='word_1_475' title='bbox 438 4339 504 4384; x_wconf 86' lang='lat' dir='ltr'><strong>mes</strong></span> <span class='ocrx_word' id='word_1_476' title='bbox 528 4320 661 4402; x_wconf 85' lang='lat' dir='ltr'><strong>peccati,</strong></span> <span class='ocrx_word' id='word_1_477' title='bbox 678 4322 779 4379; x_wconf 74' lang='lat' dir='ltr'><strong>situel</strong></span> <span class='ocrx_word' id='word_1_478' title='bbox 796 4319 980 4396; x_wconf 75' lang='lat' dir='ltr'><strong>crucr&#39;fiaeus</strong></span> <span class='ocrx_word' id='word_1_479' title='bbox 999 4327 1057 4389; x_wconf 81' lang='lat' dir='ltr'><strong>esf,</strong></span> <span class='ocrx_word' id='word_1_480' title='bbox 1074 4317 1105 4378; x_wconf 90' lang='lat' dir='ltr'><strong>id</strong></span> <span class='ocrx_word' id='word_1_481' title='bbox 1124 4325 1183 4390; x_wconf 88' lang='grc' dir='ltr'>θεῖ,</span> <span class='ocrx_word' id='word_1_482' title='bbox 1240 4322 1337 4403; x_wconf 84' lang='lat' dir='ltr'><strong>hujus</strong></span> <span class='ocrx_word' id='word_1_483' title='bbox 1359 4329 1390 4383; x_wconf 87' lang='lat' dir='ltr'><strong>et</strong></span> <span class='ocrx_word' id='word_1_484' title='bbox 1412 4339 1523 4383; x_wconf 88' lang='lat' dir='ltr'><strong>servus</strong></span> <span class='ocrx_word' id='word_1_485' title='bbox 1545 4327 1602 4381; x_wconf 88' lang='lat' dir='ltr'><strong>est.</strong></span> 
     </span>
     <span class='ocr_line' id='line_1_41' title="bbox 436 4416 1976 4500; baseline -0.007 -17"><span class='ocrx_word' id='word_1_486' title='bbox 436 4421 553 4483; x_wconf 90' lang='lat' dir='ltr'><strong>virtute</strong></span> <span class='ocrx_word' id='word_1_487' title='bbox 570 4427 605 4482; x_wconf 86' lang='lat' dir='ltr'><strong>et</strong></span> <span class='ocrx_word' id='word_1_488' title='bbox 625 4419 738 4482; x_wconf 91' lang='lat' dir='ltr'><strong>merito</strong></span> <span class='ocrx_word' id='word_1_489' title='bbox 760 4418 917 4500; x_wconf 90' lang='lat' dir='ltr'><strong>passionis</strong></span> <span class='ocrx_word' id='word_1_490' title='bbox 938 4418 1053 4481; x_wconf 89' lang='lat' dir='ltr'><strong>Christi</strong></span> <span class='ocrx_word' id='word_1_491' title='bbox 1074 4416 1185 4479; x_wconf 88' lang='lat' dir='ltr'><strong>debili·</strong></span> <span class='ocrx_word' id='word_1_492' title='bbox 1282 4423 1347 4490; x_wconf 82' lang='lat' dir='ltr'><strong>Qui</strong></span> <span class='ocrx_word' id='word_1_493' title='bbox 1361 4422 1448 4480; x_wconf 80' lang='lat' dir='ltr'><strong>euim</strong></span> <span class='ocrx_word' id='word_1_494' title='bbox 1463 4429 1612 4480; x_wconf 86' lang='lat' dir='ltr'><strong>mortuus</strong></span> <span class='ocrx_word' id='word_1_495' title='bbox 1630 4427 1676 4478; x_wconf 84' lang='lat' dir='ltr'><strong>est</strong></span> <span class='ocrx_word' id='word_1_496' title='bbox 1695 4424 1838 4500; x_wconf 86' lang='lat' dir='ltr'><strong>peccato,</strong></span> <span class='ocrx_word' id='word_1_497' title='bbox 1856 4416 1887 4477; x_wconf 94' lang='lat' dir='ltr'><strong>id</strong></span> <span class='ocrx_word' id='word_1_498' title='bbox 1905 4420 1976 4476; x_wconf 90' lang='lat' dir='ltr'><strong>esta</strong></span> 
     </span>
     <span class='ocr_line' id='line_1_42' title="bbox 437 4515 1976 4596; baseline 0.001 -17"><span class='ocrx_word' id='word_1_499' title='bbox 437 4526 519 4580; x_wconf 87' lang='lat' dir='ltr'><strong>tatus</strong></span> <span class='ocrx_word' id='word_1_500' title='bbox 535 4526 591 4580; x_wconf 92' lang='grc' dir='ltr'>θεῖ.</span> <span class='ocrx_word' id='word_1_501' title='bbox 605 4519 672 4592; x_wconf 89' lang='lat' dir='ltr'><strong>Vel,</strong></span> <span class='ocrx_word' id='word_1_502' title='bbox 686 4541 702 4577; x_wconf 91' lang='lat'>«</span> <span class='ocrx_word' id='word_1_503' title='bbox 714 4525 804 4581; x_wconf 90' lang='lat' dir='ltr'><strong>vetus</strong></span> <span class='ocrx_word' id='word_1_504' title='bbox 819 4517 915 4579; x_wconf 92' lang='lat' dir='ltr'><strong>homo</strong></span> <span class='ocrx_word' id='word_1_505' title='bbox 931 4523 1038 4580; x_wconf 89' lang='lat' dir='ltr'><strong>noster</strong></span> <span class='ocrx_word' id='word_1_506' title='bbox 1049 4538 1077 4591; x_wconf 84' lang='lat' dir='ltr'><strong>a,</strong></span> <span class='ocrx_word' id='word_1_507' title='bbox 1091 4517 1122 4578; x_wconf 95' lang='lat' dir='ltr'><strong>id</strong></span> <span class='ocrx_word' id='word_1_508' title='bbox 1138 4524 1186 4578; x_wconf 89' lang='lat' dir='ltr'><strong>est</strong></span> <span class='ocrx_word' id='word_1_509' title='bbox 1241 4520 1328 4583; x_wconf 92' lang='lat' dir='ltr'><strong>vitiis</strong></span> <span class='ocrx_word' id='word_1_510' title='bbox 1344 4517 1550 4595; x_wconf 83' lang='lat' dir='ltr'><strong>emundatus3</strong></span> <span class='ocrx_word' id='word_1_511' title='bbox 1566 4516 1628 4591; x_wconf 86' lang='lat' dir='ltr'><strong>vel,</strong></span> <span class='ocrx_word' id='word_1_512' title='bbox 1641 4537 1658 4575; x_wconf 92' lang='lat'>«</span> <span class='ocrx_word' id='word_1_513' title='bbox 1668 4515 1724 4596; x_wconf 90' lang='lat' dir='ltr'><strong>qni</strong></span> <span class='ocrx_word' id='word_1_514' title='bbox 1742 4523 1888 4577; x_wconf 92' lang='lat' dir='ltr'><strong>mortuus</strong></span> <span class='ocrx_word' id='word_1_515' title='bbox 1902 4521 1944 4575; x_wconf 91' lang='grc' dir='ltr'><strong>θεῖ</strong></span> <span class='ocrx_word' id='word_1_516' title='bbox 1955 4535 1976 4580; x_wconf 77' lang='lat' dir='ltr'><strong>n,</strong></span> 
     </span>
     <span class='ocr_line' id='line_1_43' title="bbox 438 4613 1977 4699; baseline -0.006 -20"><span class='ocrx_word' id='word_1_517' title='bbox 438 4618 636 4680; x_wconf 88' lang='lat' dir='ltr'><strong>conversatio</strong></span> <span class='ocrx_word' id='word_1_518' title='bbox 653 4625 744 4680; x_wconf 90' lang='lat' dir='ltr'><strong>vetus</strong></span> <span class='ocrx_word' id='word_1_519' title='bbox 764 4625 796 4678; x_wconf 89' lang='grc' dir='ltr'><strong>θῖ</strong></span> <span class='ocrx_word' id='word_1_520' title='bbox 814 4635 921 4699; x_wconf 90' lang='lat' dir='ltr'><strong>prava,</strong></span> <span class='ocrx_word' id='word_1_521' title='bbox 939 4637 955 4674; x_wconf 89' lang='lat'>«</span> <span class='ocrx_word' id='word_1_522' title='bbox 972 4615 1067 4678; x_wconf 92' lang='lat' dir='ltr'><strong>simul</strong></span> <span class='ocrx_word' id='word_1_523' title='bbox 1084 4615 1184 4678; x_wconf 85' lang='lat' dir='ltr'><strong>cruci·</strong></span> <span class='ocrx_word' id='word_1_524' title='bbox 1241 4620 1302 4683; x_wconf 89' lang='lat' dir='ltr'><strong>hoe</strong></span> <span class='ocrx_word' id='word_1_525' title='bbox 1331 4625 1378 4682; x_wconf 92' lang='lat' dir='ltr'><strong>est</strong></span> <span class='ocrx_word' id='word_1_526' title='bbox 1407 4617 1624 4697; x_wconf 82' lang='lat' dir='ltr'><strong>configuratus</strong></span> <span class='ocrx_word' id='word_1_527' title='bbox 1654 4614 1747 4676; x_wconf 84' lang='lat' dir='ltr'><strong>morli</strong></span> <span class='ocrx_word' id='word_1_528' title='bbox 1779 4613 1907 4685; x_wconf 89' lang='lat' dir='ltr'><strong>Christi,</strong></span> <span class='ocrx_word' id='word_1_529' title='bbox 1932 4627 1977 4692; x_wconf 82' lang='lat' dir='ltr'><strong>per</strong></span> 
     </span>
     <span class='ocr_line' id='line_1_44' title="bbox 439 4711 1977 4801; baseline -0.007 -22"><span class='ocrx_word' id='word_1_530' title='bbox 439 4717 524 4780; x_wconf 86' lang='lat' dir='ltr'><strong>fixus</strong></span> <span class='ocrx_word' id='word_1_531' title='bbox 542 4725 635 4790; x_wconf 88' lang='grc' dir='ltr'>θεῖ»,</span> <span class='ocrx_word' id='word_1_532' title='bbox 655 4718 714 4779; x_wconf 91' lang='lat' dir='ltr'><strong>hoc</strong></span> <span class='ocrx_word' id='word_1_533' title='bbox 736 4723 794 4789; x_wconf 89' lang='lat' dir='ltr'><strong>est,</strong></span> <span class='ocrx_word' id='word_1_534' title='bbox 817 4723 918 4778; x_wconf 89' lang='lat' dir='ltr'><strong>morte</strong></span> <span class='ocrx_word' id='word_1_535' title='bbox 943 4715 1058 4779; x_wconf 91' lang='lat' dir='ltr'><strong>Christi</strong></span> <span class='ocrx_word' id='word_1_536' title='bbox 1083 4716 1186 4778; x_wconf 92' lang='lat' dir='ltr'><strong>deleta</strong></span> <span class='ocrx_word' id='word_1_537' title='bbox 1242 4718 1477 4801; x_wconf 85' lang='lat' dir='ltr'><strong>susceptionem</strong></span> <span class='ocrx_word' id='word_1_538' title='bbox 1492 4711 1977 4796; x_wconf 77' lang='lat' dir='ltr'><strong>Baptismatis3juatificatusest</strong></span> 
     </span>
     <span class='ocr_line' id='line_1_45' title="bbox 440 4807 1977 4897; baseline -0.005 -19"><span class='ocrx_word' id='word_1_539' title='bbox 440 4824 499 4891; x_wconf 90' lang='lat' dir='ltr'><strong>est,</strong></span> <span class='ocrx_word' id='word_1_540' title='bbox 515 4815 666 4897; x_wconf 90' lang='lat' dir='ltr'><strong>qnoniam</strong></span> <span class='ocrx_word' id='word_1_541' title='bbox 684 4814 827 4878; x_wconf 89' lang='lat' dir='ltr'><strong>Christus</strong></span> <span class='ocrx_word' id='word_1_542' title='bbox 846 4813 978 4875; x_wconf 90' lang='lat' dir='ltr'><strong>abstulit</strong></span> <span class='ocrx_word' id='word_1_543' title='bbox 997 4833 1054 4876; x_wconf 89' lang='lat' dir='ltr'><strong>sua</strong></span> <span class='ocrx_word' id='word_1_544' title='bbox 1069 4814 1187 4896; x_wconf 90' lang='lat' dir='ltr'><strong>passio·</strong></span> <span class='ocrx_word' id='word_1_545' title='bbox 1242 4839 1262 4878; x_wconf 87' lang='lat' dir='ltr'><strong>a</strong></span> <span class='ocrx_word' id='word_1_546' title='bbox 1276 4823 1415 4894; x_wconf 82' lang='lat' dir='ltr'><strong>peccalo,</strong></span> <span class='ocrx_word' id='word_1_547' title='bbox 1431 4812 1491 4874; x_wconf 92' lang='lat' dir='ltr'><strong>hoc</strong></span> <span class='ocrx_word' id='word_1_548' title='bbox 1513 4819 1571 4886; x_wconf 89' lang='lat' dir='ltr'><strong>est,</strong></span> <span class='ocrx_word' id='word_1_549' title='bbox 1589 4811 1670 4872; x_wconf 92' lang='lat' dir='ltr'><strong>liber</strong></span> <span class='ocrx_word' id='word_1_550' title='bbox 1689 4809 1793 4872; x_wconf 89' lang='lat' dir='ltr'><strong>factus</strong></span> <span class='ocrx_word' id='word_1_551' title='bbox 1812 4817 1863 4872; x_wconf 89' lang='lat' dir='ltr'><strong>est</strong></span> <span class='ocrx_word' id='word_1_552' title='bbox 1880 4807 1919 4871; x_wconf 91' lang='lat' dir='ltr'><strong>ab</strong></span> <span class='ocrx_word' id='word_1_553' title='bbox 1936 4823 1977 4871; x_wconf 81' lang='lat' dir='ltr'><strong>ec.</strong></span> 
     </span>
    </p>
   </div>
   <div class='ocr_carea' id='block_1_8' title="bbox 299 4905 1977 4998">
    <p class='ocr_par' dir='ltr' id='par_1_9' title="bbox 299 4905 1977 4998">
     <span class='ocr_line' id='line_1_46' title="bbox 299 4905 1977 4998; baseline -0.01 -17"><span class='ocrx_word' id='word_1_554' title='bbox 299 4934 479 4990; x_wconf 68' lang='lat' dir='ltr'><strong>ravennana</strong></span> <span class='ocrx_word' id='word_1_555' title='bbox 502 4922 631 4998; x_wconf 90' lang='lat' dir='ltr'><strong>peccata</strong></span> <span class='ocrx_word' id='word_1_556' title='bbox 654 4912 776 4986; x_wconf 91' lang='lat' dir='ltr'><strong>mundi,</strong></span> <span class='ocrx_word' id='word_1_557' title='bbox 798 4912 906 4975; x_wconf 85' lang='lat' dir='ltr'><strong>delens</strong></span> <span class='ocrx_word' id='word_1_558' title='bbox 928 4912 1012 4994; x_wconf 88' lang='lat' dir='ltr'><strong>quod</strong></span> <span class='ocrx_word' id='word_1_559' title='bbox 1034 4913 1186 4975; x_wconf 89' lang='lat' dir='ltr'><strong>adversus</strong></span> <span class='ocrx_word' id='word_1_560' title='bbox 1242 4933 1302 4978; x_wconf 87' lang='lat' dir='ltr'><strong>nec</strong></span> <span class='ocrx_word' id='word_1_561' title='bbox 1317 4912 1461 4993; x_wconf 86' lang='lat' dir='ltr'><strong>subjacet</strong></span> <span class='ocrx_word' id='word_1_562' title='bbox 1476 4910 1563 4972; x_wconf 94' lang='lat' dir='ltr'><strong>vitio.</strong></span> <span class='ocrx_word' id='word_1_563' title='bbox 1580 4909 1761 4992; x_wconf 80' lang='lat' dir='ltr'><strong>baptismus</strong></span> <span class='ocrx_word' id='word_1_564' title='bbox 1781 4907 1930 4991; x_wconf 87' lang='lat' dir='ltr'><strong>equidem</strong></span> <span class='ocrx_word' id='word_1_565' title='bbox 1950 4905 1977 4965; x_wconf 91' lang='lat' dir='ltr'><strong>li-</strong></span> 
     </span>
    </p>
   </div>
   <div class='ocr_carea' id='block_1_9' title="bbox 440 5009 1977 5195">
    <p class='ocr_par' dir='ltr' id='par_1_10' title="bbox 440 5009 1977 5195">
     <span class='ocr_line' id='line_1_47' title="bbox 441 5009 1663 5094; baseline -0.007 -17"><span class='ocrx_word' id='word_1_566' title='bbox 441 5033 498 5077; x_wconf 91' lang='lat' dir='ltr'><strong>nos</strong></span> <span class='ocrx_word' id='word_1_567' title='bbox 518 5021 586 5076; x_wconf 87' lang='lat' dir='ltr'><strong>erat</strong></span> <span class='ocrx_word' id='word_1_568' title='bbox 601 5011 848 5094; x_wconf 80' lang='lat' dir='ltr'><strong>chirographum</strong></span> <span class='ocrx_word' id='word_1_569' title='bbox 865 5011 995 5086; x_wconf 91' lang='lat' dir='ltr'><strong>decreti,</strong></span> <span class='ocrx_word' id='word_1_570' title='bbox 1017 5019 1051 5074; x_wconf 91' lang='lat' dir='ltr'><strong>nt</strong></span> <span class='ocrx_word' id='word_1_571' title='bbox 1071 5013 1109 5074; x_wconf 95' lang='lat' dir='ltr'><strong>ad</strong></span> <span class='ocrx_word' id='word_1_572' title='bbox 1131 5013 1186 5076; x_wconf 91' lang='lat' dir='ltr'><strong>Co·</strong></span> <span class='ocrx_word' id='word_1_573' title='bbox 1243 5013 1332 5077; x_wconf 91' lang='lat' dir='ltr'><strong>berat</strong></span> <span class='ocrx_word' id='word_1_574' title='bbox 1351 5032 1371 5075; x_wconf 92' lang='lat' dir='ltr'><strong>a</strong></span> <span class='ocrx_word' id='word_1_575' title='bbox 1393 5029 1486 5093; x_wconf 89' lang='lat' dir='ltr'><strong>poena</strong></span> <span class='ocrx_word' id='word_1_576' title='bbox 1507 5015 1538 5071; x_wconf 89' lang='lat' dir='ltr'><strong>et</strong></span> <span class='ocrx_word' id='word_1_577' title='bbox 1560 5009 1663 5090; x_wconf 89' lang='lat' dir='ltr'><strong>culpa.</strong></span> 
     </span>
     <span class='ocr_line' id='line_1_48' title="bbox 440 5107 1977 5195; baseline -0.006 -17"><span class='ocrx_word' id='word_1_578' title='bbox 440 5115 597 5178; x_wconf 85' lang='lat' dir='ltr'><strong>lensenses</strong></span> <span class='ocrx_word' id='word_1_579' title='bbox 614 5111 740 5195; x_wconf 88' lang='lat' dir='ltr'><strong>plenius</strong></span> <span class='ocrx_word' id='word_1_580' title='bbox 755 5111 866 5174; x_wconf 89' lang='lat' dir='ltr'><strong>scribit</strong></span> <span class='ocrx_word' id='word_1_581' title='bbox 882 5111 1066 5193; x_wconf 82' lang='lat' dir='ltr'><strong>Apostolns3</strong></span> <span class='ocrx_word' id='word_1_582' title='bbox 1082 5121 1119 5172; x_wconf 82' lang='lat' dir='ltr'><strong>ut</strong></span> <span class='ocrx_word' id='word_1_583' title='bbox 1134 5115 1187 5172; x_wconf 83' lang='lat' dir='ltr'><strong>do·</strong></span> <span class='ocrx_word' id='word_1_584' title='bbox 1282 5113 1453 5174; x_wconf 79' lang='lat' dir='ltr'><strong>Stantem</strong></span> <span class='ocrx_word' id='word_1_585' title='bbox 1476 5109 1601 5169; x_wconf 84' lang='lat' dir='ltr'><strong>mortui</strong></span> <span class='ocrx_word' id='word_1_586' title='bbox 1621 5127 1733 5167; x_wconf 83' lang='lat' dir='ltr'><strong>sumus</strong></span> <span class='ocrx_word' id='word_1_587' title='bbox 1754 5127 1828 5166; x_wconf 85' lang='lat' dir='ltr'><strong>cum</strong></span> <span class='ocrx_word' id='word_1_588' title='bbox 1850 5107 1977 5169; x_wconf 76' lang='lat' dir='ltr'><strong>Christo.</strong></span> 
     </span>
    </p>
   </div>
   <div class='ocr_carea' id='block_1_10' title="bbox 298 5201 1977 5302">
    <p class='ocr_par' dir='ltr' id='par_1_11' title="bbox 298 5201 1977 5302">
     <span class='ocr_line' id='line_1_49' title="bbox 298 5201 1977 5302; baseline -0.006 -24"><span class='ocrx_word' id='word_1_589' title='bbox 298 5249 425 5302; x_wconf 49' lang='lat' dir='ltr'><strong>mum</strong></span> <span class='ocrx_word' id='word_1_590' title='bbox 440 5221 594 5274; x_wconf 81' lang='lat' dir='ltr'><strong>struatur</strong></span> <span class='ocrx_word' id='word_1_591' title='bbox 615 5228 732 5286; x_wconf 83' lang='lat' dir='ltr'><strong>corpus</strong></span> <span class='ocrx_word' id='word_1_592' title='bbox 751 5212 887 5286; x_wconf 84' lang='lat' dir='ltr'><strong>peccati,</strong></span> <span class='ocrx_word' id='word_1_593' title='bbox 904 5209 934 5271; x_wconf 93' lang='lat' dir='ltr'><strong>id</strong></span> <span class='ocrx_word' id='word_1_594' title='bbox 957 5217 1005 5272; x_wconf 89' lang='lat' dir='ltr'><strong>est</strong></span> <span class='ocrx_word' id='word_1_595' title='bbox 1024 5210 1187 5291; x_wconf 89' lang='lat' dir='ltr'><strong>congeries</strong></span> <span class='ocrx_word' id='word_1_596' title='bbox 1243 5211 1275 5274; x_wconf 94' lang='lat' dir='ltr'><strong>id</strong></span> <span class='ocrx_word' id='word_1_597' title='bbox 1295 5217 1343 5272; x_wconf 89' lang='lat' dir='ltr'><strong>est</strong></span> <span class='ocrx_word' id='word_1_598' title='bbox 1362 5209 1433 5290; x_wconf 87' lang='lat' dir='ltr'><strong>ejus</strong></span> <span class='ocrx_word' id='word_1_599' title='bbox 1455 5207 1595 5290; x_wconf 90' lang='lat' dir='ltr'><strong>passioni</strong></span> <span class='ocrx_word' id='word_1_600' title='bbox 1618 5212 1650 5268; x_wconf 90' lang='lat' dir='ltr'><strong>et</strong></span> <span class='ocrx_word' id='word_1_601' title='bbox 1671 5204 1764 5267; x_wconf 91' lang='lat' dir='ltr'><strong>morti</strong></span> <span class='ocrx_word' id='word_1_602' title='bbox 1787 5201 1977 5267; x_wconf 85' lang='lat' dir='ltr'><strong>conformati.</strong></span> 
     </span>
    </p>
   </div>
   <div class='ocr_carea' id='block_1_11' title="bbox 441 5301 1980 5392">
    <p class='ocr_par' dir='ltr' id='par_1_12' title="bbox 441 5301 1980 5392">
     <span class='ocr_line' id='line_1_50' title="bbox 441 5301 1980 5392; baseline -0.012 -18"><span class='ocrx_word' id='word_1_603' title='bbox 441 5310 603 5374; x_wconf 87' lang='lat' dir='ltr'><strong>vitiorum.</strong></span> <span class='ocrx_word' id='word_1_604' title='bbox 622 5307 665 5372; x_wconf 81' lang='lat' dir='ltr'><strong>lle</strong></span> <span class='ocrx_word' id='word_1_605' title='bbox 681 5326 744 5392; x_wconf 94' lang='lat' dir='ltr'><strong>quo</strong></span> <span class='ocrx_word' id='word_1_606' title='bbox 760 5325 892 5390; x_wconf 87' lang='lat' dir='ltr'><strong>corpore</strong></span> <span class='ocrx_word' id='word_1_607' title='bbox 911 5307 956 5369; x_wconf 94' lang='lat' dir='ltr'><strong>ait</strong></span> <span class='ocrx_word' id='word_1_608' title='bbox 972 5307 1114 5372; x_wconf 87' lang='lat' dir='ltr'><strong>Salvator</strong></span> <span class='ocrx_word' id='word_1_609' title='bbox 1131 5325 1137 5370; x_wconf 94' lang='lat'><strong>:</strong></span> <span class='ocrx_word' id='word_1_610' title='bbox 1155 5309 1187 5370; x_wconf 91' lang='lat' dir='ltr'><strong>Si</strong></span> <span class='ocrx_word' id='word_1_611' title='bbox 1243 5317 1338 5391; x_wconf 88' lang='lat' dir='ltr'><strong>atque</strong></span> <span class='ocrx_word' id='word_1_612' title='bbox 1362 5326 1381 5370; x_wconf 87' lang='lat' dir='ltr'><strong>a</strong></span> <span class='ocrx_word' id='word_1_613' title='bbox 1409 5305 1513 5388; x_wconf 89' lang='lat' dir='ltr'><strong>culpis</strong></span> <span class='ocrx_word' id='word_1_614' title='bbox 1540 5303 1696 5378; x_wconf 92' lang='lat' dir='ltr'><strong>mundati,</strong></span> <span class='ocrx_word' id='word_1_615' title='bbox 1721 5304 1889 5363; x_wconf 83' lang='lat' dir='ltr'><strong>credimus</strong></span> <span class='ocrx_word' id='word_1_616' title='bbox 1912 5301 1980 5380; x_wconf 73' lang='lat' dir='ltr'><strong>quib</strong></span> 
     </span>
    </p>
   </div>
   <div class='ocr_carea' id='block_1_12' title="bbox 0 0 2093 6258">
    <p class='ocr_par' dir='ltr' id='par_1_13' title="bbox 0 0 2093 6258">
     <span class='ocr_line' id='line_1_51' title="bbox 0 0 2093 6258; baseline 0 0"><span class='ocrx_word' id='word_1_617' title='bbox 0 0 2093 6258; x_wconf 95' lang='lat' dir='ltr'><strong> </strong></span> 
     </span>
    </p>
   </div>
  </div>
 </body>
</html>
