4206 6258
432 449 493 524 640
631 479 780 527 noururca
800 481 874 526 xxiv
894 481 968 528 rosr
988 481 1182 528 rnmrrarsrr.
1204 500 1243 511 -
1264 483 1306 530 uu
1327 484 1522 550 nntrcrosos3
1544 486 1643 534 sunzo
1662 486 1790 542 ournrus

431 649 615 731 adequatus
645 657 693 713 est
722 649 857 726 Christo,
883 671 943 714 nec
973 651 1086 716 caritas
1111 653 1221 734 ejusd
1238 654 1404 730 hortando,
1430 655 1655 739 exemplariter
1678 655 1904 730 conversando,
1923 655 1965 719 bo

432 747 554 810 caritati
571 748 688 812 Christi
702 768 761 831 par
779 757 891 823 exstet,
909 750 983 832 quia
1000 759 1034 812 et
1052 758 1183 833 propter
1237 772 1315 815 num
1340 770 1457 817 nomen
1481 754 1643 834 hebeud03
1666 761 1698 816 et
1719 753 1808 817 omni
1830 754 1919 816 modo
1934 755 1966 816 si-

432 847 598 928 proprium
622 847 700 908 lacit
720 847 781 910 hoc
803 849 983 930 premium,
1000 867 1059 911 nec
1081 849 1113 911 in
1136 867 1183 912 re·
1237 851 1269 913 hi
1290 852 1435 934 possibili
1460 853 1614 935 proximis
1634 860 1845 936 cooperentur
1862 853 1900 914 ad
1913 871 1966 934 gra-

432 944 618 1008 missionem
640 951 844 1027 peccatorum
859 947 1037 1010 alienorum
1057 946 1182 1028 sangui·
1236 949 1313 1012 tiam
1334 957 1365 1013 et
1382 950 1530 1026 salutem,
1549 951 1640 1032 juxta
1661 950 1869 1034 apostolicam
1893 950 1965 1014 illan

432 1061 506 1106 uem
531 1042 637 1108 lundit
665 1062 769 1106 suum.
797 1044 880 1108 Telis
908 1054 1014 1108 tamen
1042 1044 1181 1109 multum
1236 1049 1412 1113 doctrinam
1435 1066 1442 1110 ε
1464 1049 1546 1113 Dum
1568 1057 1695 1132 tempus
1719 1048 1886 1122 babemus,
1905 1067 1965 1132 ope
1985 1075 2057 1124 nn„

431 1141 662 1224 propinquaret
694 1142 938 1224 perfectissime
969 1143 1091 1207 caritati
1124 1142 1180 1206 Dei
1236 1165 1344 1209 remur
1377 1146 1496 1209 bonum
1530 1147 1570 1210 ad
1603 1165 1726 1224 omnes,
1756 1147 1895 1210 maxime
1919 1141 1999 1212 ιιι-Μ·

430 1239 558 1303 Domini
577 1242 650 1304 lesu
670 1241 796 1305 Christi.
1235 1251 1300 1306 tem
1324 1243 1363 1305 ad
1388 1243 1578 1306 domesticos
1602 1243 1701 1325 lidei3
1728 1244 1881 1326 itemque,
1905 1244 1964 1319 due
1984 1273 2057 1324 res.

457 1338 633 1414 l’reteree
660 1339 807 1421 quamvis
831 1356 896 1403 non
920 1340 959 1403 ad
984 1358 1112 1424 semper
1135 1347 1179 1404 te·
1235 1343 1322 1424 pacis
1346 1349 1432 1417 sunt,
1454 1349 1625 1418 sectemur,
1649 1351 1777 1425 etque
1801 1342 1965 1408 edificatio
1976 1340 1998 1378 ¹¹·

430 1455 564 1499 neamur
579 1438 744 1500 caritatem
759 1437 876 1502 Christi
891 1447 956 1501 tam
975 1438 1116 1520 perlecto
1132 1456 1179 1503 se·
1235 1440 1285 1502 nis
1307 1447 1392 1515 sunt,
1408 1440 1440 1503 in
1465 1441 1604 1504 invicem
1628 1441 1858 1506 custodiamus.
1877 1443 1964 1526 Siqui-

429 1535 519 1610 ctari,
536 1536 639 1600 nihilo
659 1537 766 1600 miuus
786 1538 1002 1600 necessarium
1023 1537 1116 1600 uobis
1132 1545 1180 1600 est
1235 1539 1307 1602 dem
1322 1557 1370 1602 ve
1384 1539 1509 1602 homiui
1528 1558 1586 1622 per
1605 1558 1700 1621 quem
1723 1540 1906 1604 scandalum
1921 1561 1963 1604 re·
1991 1569 2047 1614 m

429 1634 467 1696 ad
493 1635 627 1698 salutem
654 1642 689 1698 ut
713 1634 876 1698 fimbriam
903 1635 973 1716 ejus
999 1644 1178 1718 tangamus,
1234 1637 1290 1699 nit.
1317 1637 1356 1699 llt
1380 1637 1437 1720 qui
1467 1638 1550 1702 inter
1579 1638 1736 1721 plurimos
1763 1649 1962 1718 conversatur,
1972 1637 2030 1682 ΝΜ·

428 1749 499 1794 eam
529 1732 640 1796 saltem
671 1732 852 1814 aliqualiter
881 1733 1046 1808 imitando,
1073 1733 1115 1796 ito
1144 1741 1180 1796 ut
1234 1742 1383 1798 autenm
1410 1736 1530 1818 ingenti
1554 1736 1662 1801 iructu
1685 1757 1723 1801 ac
1747 1739 1862 1802 merito
1884 1739 1964 1803 babet

429 1838 560 1914 propter
583 1830 682 1896 Deum
706 1832 927 1914 equanimiter
947 1833 1106 1916 patiamur
1126 1833 1179 1896 ad·
1196 1831 1219 1894 B
1235 1853 1269 1898 se
1293 1834 1518 1918 exemplariter
1538 1843 1571 1898 et
1591 1836 1715 1910 devote,
1734 1844 1791 1900 aut
1815 1857 1887 1901 cum
1908 1856 1964 1920 gra·

428 1948 530 2006 versa,
556 1937 588 1994 et
617 1930 846 2011 injuriantibus
876 1931 1089 2012 ignoscamus,
1119 1949 1178 2014 pro
1234 1933 1265 1998 vi
1294 1933 1439 2016 periculo
1462 1941 1494 1996 et
1518 1942 1648 2016 peccato
1676 1935 1862 2000 scandaloso
1884 1945 1964 2020 atque

428 2029 687 2110 persecutoribus
712 2029 828 2093 nostris
852 2046 992 2104 oremus,
1014 2030 1098 2093 bona
1119 2049 1178 2113 pro
1233 2032 1376 2095 remisse.
1394 2033 1445 2096 lle
1467 2032 1515 2095 illi
1538 2033 1595 2115 qui
1619 2053 1677 2096 sua
1698 2034 1914 2110 dissolutione,
1928 2037 1963 2100 lo

429 2127 521 2190 malis
546 2129 727 2203 reddamus,
750 2128 860 2210 sicque
886 2128 1104 2210 proximorum
1129 2147 1179 2192 co
1232 2131 1401 2212 quacitate,
1422 2131 1561 2206 levitate,
1583 2132 1778 2207 camelitato,
1799 2133 1858 2208 iro,
1880 2135 1964 2218 impa-

427 2243 599 2308 operemur
618 2227 723 2289 saluti.
740 2227 814 2301 Que
832 2235 947 2291 cuncta
964 2246 1066 2310 quum
1085 2228 1129 2291 ita
1143 2247 1176 2292 se
1232 2227 1354 2305 tientia,
1377 2230 1600 2312 inquietudine
1624 2230 1703 2294 alios
1727 2233 1827 2294 trahit
1850 2234 1889 2296 ad
1908 2234 1964 2296 cul-

427 2323 576 2399 babeant,
607 2326 710 2407 qualis
741 2325 869 2389 illorum
899 2333 948 2389 est
976 2327 1088 2390 caritas
1120 2326 1175 2408 qui
1231 2346 1318 2409 pam,
1334 2328 1373 2391 ad
1394 2329 1667 2410 inquietationem,
1681 2329 1722 2392 ad
1741 2331 1914 2395 devotionis
1933 2351 1963 2394 ac

428 2423 583 2504 proximis
594 2430 626 2485 et
640 2423 792 2486 iratribus
807 2425 873 2486 suis
892 2432 1009 2506 negant
1023 2444 1090 2487 rem
1106 2443 1176 2507 par·
1231 2425 1394 2508 proiectus
1415 2426 1590 2502 obstacula,
1610 2428 1667 2509 qui
1692 2447 1751 2490 sua
1772 2431 1963 2511 perversitate

428 2539 512 2596 vam,
530 2521 686 2584 modicam
703 2539 808 2604 opem,
820 2542 955 2605 parvum
970 2523 1173 2605 obsequium,
1230 2525 1361 2588 alterius
1388 2525 1594 2601 alacritatem,
1619 2527 1893 2608 tranquillitatem,
1915 2549 1963 2612 pu-

428 2621 667 2684 concessionem
683 2628 714 2684 et
729 2641 822 2684 usum
838 2641 945 2684 rerum
961 2623 1175 2686 exteriorumt
1231 2624 1357 2687 ritatem
1386 2624 1564 2699 conturbet,
1589 2632 1621 2686 et
1647 2625 1804 2708 Spiritum
1829 2627 1963 2690 Sanctum

427 2718 482 2801 qui
502 2718 597 2781 facile
616 2718 837 2794 offenduntur,
854 2719 1044 2794 irascuntur,
1061 2727 1093 2784 et
1113 2739 1176 2783 ma·
1231 2723 1427 2786 habitantem
1444 2722 1476 2785 in
1492 2723 1538 2785 eis
1554 2723 1644 2804 quasi
1666 2725 1841 2788 contristat.
1857 2727 1962 2808 Nempe

425 2836 521 2899 gnam
537 2817 736 2880 aversionem
752 2817 1054 2901 displicentiamque
1069 2819 1176 2882 conci·
1230 2822 1257 2883 si
1282 2841 1382 2884 unum
1411 2821 1625 2884 scandalizare
1648 2823 1805 2904 pusillum
1830 2832 1891 2887 tam
1913 2825 1962 2886 im·

426 2914 529 2998 piunt,
547 2915 590 2978 ita
609 2923 645 2977 ut
665 2914 847 2998 proximum
869 2935 963 2978 suum
984 2917 1038 2978 vix
1058 2923 1176 2998 queant
1230 2919 1321 3002 pium
1343 2927 1402 2995 est,
1424 2925 1459 2981 ut
1480 2919 1566 2982 dicet
1587 2919 1769 2984 infallibilis
1789 2923 1898 2997 ludex,
1912 2923 1961 2997 Oui
1982 2939 2041 2982 cac

426 3013 598 3096 tranquille
612 3013 788 3096 adspicere,
799 3013 967 3076 sinceriter
982 3015 1131 3096 cogitare,
1143 3020 1175 3077 et
1190 3021 1212 3085 C
1231 3017 1491 3082 scandalizaverit
1506 3037 1607 3080 unum
1622 3019 1661 3081 de
1680 3020 1809 3101 pusillis
1829 3022 1905 3096 istis,
1919 3041 1963 3084 ex-

427 3112 559 3194 cupiant
578 3112 698 3175 malum
718 3129 776 3194 pro
798 3112 881 3175 malo
901 3112 1099 3194 rependeret
1114 3113 1174 3176 Sed
1231 3117 1319 3200 pedit
1337 3117 1367 3179 oi
1389 3123 1425 3178 ut
1445 3118 1659 3198 suspendatur
1679 3118 1764 3181 mola
1784 3118 1917 3182 asinaria
1934 3121 1962 3182 in

426 3210 579 3290 quoniam
598 3229 709 3274 omues
729 3210 915 3274 blandimur
933 3212 1175 3293 persuademus·
1230 3214 1313 3277 collo
1337 3214 1418 3296 ejuS,
1440 3222 1472 3277 et
1496 3215 1698 3296 demergatur
1721 3215 1755 3278 in
1780 3217 1963 3298 profundum

427 3325 489 3389 quo
505 3307 597 3371 nobis
613 3308 697 3390 quod
716 3309 827 3390 utique
841 3308 955 3372 iratres
970 3316 1095 3374 nostros
1111 3309 1174 3392 spi·
1230 3313 1326 3376 maris
1354 3331 1361 3375 :
1387 3332 1481 3395 quam
1509 3330 1641 3377 enorme
1665 3321 1696 3376 et
1720 3315 1900 3380 damnabile
1925 3324 1965 3379 est

426 3406 584 3470 ritualiter
614 3405 796 3488 diligamus,
827 3415 861 3470 ut
889 3407 1051 3472 valeamus
1080 3425 1174 3490 agno·
1229 3412 1386 3495 plurimos
1408 3411 1632 3487 scandalizare,
1648 3420 1680 3475 et
1698 3421 1801 3476 totum
1824 3415 1966 3498 inquieto·

427 3523 517 3568 scere
540 3524 581 3567 an
605 3523 680 3567 vere
709 3505 751 3567 sit
779 3504 833 3580 ita,
865 3507 1065 3568 attendamus
1088 3507 1172 3588 quod
1229 3529 1263 3572 re
1284 3517 1488 3584 conventum,
1503 3510 1670 3573 autetiam
1689 3512 1911 3594 presidentem
1928 3512 1966 3575 ol·

428 3603 587 3667 Climocus
616 3602 661 3666 ait
684 3619 691 3664 :
718 3602 750 3665 Si
780 3603 942 3666 caritatem
972 3611 1060 3666 tuam
1089 3605 1174 3668 circe
1229 3608 1360 3671 tendere
1374 3616 1407 3670 et
1420 3611 1570 3689 gravaret
1585 3609 1638 3672 Ve
1653 3609 1700 3672 eis
1715 3609 1771 3692 qui
1786 3629 1845 3673 sua
1859 3612 1966 3673 auimo

426 3702 557 3766 tratrem
582 3702 631 3765 vis
655 3701 806 3784 experiri,
823 3702 896 3764 vide
917 3721 956 3766 an
979 3704 1055 3765 dum
1082 3702 1173 3765 illum
1229 3707 1321 3770 sitate
1343 3715 1375 3769 et
1395 3707 1557 3770 cervicosa
1580 3709 1799 3790 responsione,
1816 3718 1871 3772 aut
1890 3719 1965 3773 certe

424 3801 507 3865 forte
535 3800 718 3883 adspexeris
747 3800 980 3876 contristatum,
1011 3801 1172 3864 turbatum
1228 3806 1349 3880 acedia,
1365 3813 1420 3867 aut
1438 3805 1501 3867 alia
1518 3805 1661 3887 qualibet
1679 3807 1828 3889 passione
1851 3809 1964 3871 irrelre-

424 3907 480 3962 aut
494 3899 630 3980 lapsum,
646 3905 712 3962 toto
730 3898 899 3962 condoleas
914 3898 1019 3974 corde,
1035 3907 1067 3962 et
1083 3899 1173 3982 quasi
1228 3913 1311 3979 nata,
1332 3906 1371 3967 ad
1396 3903 1578 3967 consimilia
1602 3905 1684 3968 mala
1708 3907 1893 3990 quempiam
1913 3916 1964 3969 tra-

425 4016 522 4080 super
542 4005 572 4060 te
593 3997 699 4080 ipsum
722 3998 867 4060 lacrimas
886 3996 1012 4073 fundas,
1029 4006 1062 4062 et
1080 3999 1173 4062 illum
1227 4004 1316 4075 hunt,
1324 4001 1379 4085 qui
1395 4002 1435 4065 ad
1450 4000 1615 4064 remissius
1630 4001 1804 4066 vivendum
1819 4004 1962 4077 alliciunt

424 4114 482 4180 pro
501 4113 595 4180 posse
614 4097 755 4160 relevare
775 4097 908 4160 coneris.
924 4097 1015 4160 Nunc
1034 4116 1109 4179 ergo
1128 4106 1173 4161 at·
1228 4121 1364 4186 quorum
1387 4101 1536 4184 exemplo
1559 4100 1614 4163 alii
1639 4101 1724 4164 liunt
1746 4102 1895 4177 audaces,
1910 4101 1963 4166 sibi

422 4197 556 4260 tendant
579 4195 713 4278 qualiter
732 4212 806 4258 suos
826 4195 958 4277 diligant
976 4195 1099 4271 iratres,
1117 4197 1172 4280 qui
1187 4202 1212 4263 D
1226 4201 1400 4285 placentes,
1417 4199 1647 4274 inobedientes,
1665 4199 1806 4263 carnales
1826 4209 1859 4264 et
1876 4201 1963 4264 disse

423 4295 498 4358 dum
519 4311 572 4358 eos
594 4302 703 4359 contra
722 4295 920 4376 superiorem
939 4295 1111 4357 autolium
1130 4297 1173 4360 vi·

423 4393 529 4456 derint
557 4392 751 4467 conturbari,
777 4392 905 4466 tristari,
930 4400 986 4454 aut
1013 4393 1170 4470 altercari,

424 4509 480 4555 seu
505 4492 697 4566 discordare,
719 4509 783 4554 non
807 4490 926 4566 dolent,
948 4509 1011 4554 non
1034 4491 1170 4574 plorant,

423 4590 479 4654 sed
505 4590 612 4673 potius
641 4589 746 4652 rident
769 4597 801 4652 et
825 4589 1089 4672 complacentiam
1119 4592 1172 4654 ba·

422 4688 501 4752 bont
515 4688 670 4771 iniquam,
687 4696 742 4751 aut
756 4707 852 4750 unam
867 4689 1020 4769 adjuvant
1034 4697 1168 4772 partem,

423 4796 456 4852 et
471 4795 588 4870 augent
603 4787 827 4850 turbationem.
845 4786 899 4849 lsti
920 4804 981 4850 non
1001 4804 1171 4870 cooperan-

422 4894 485 4962 tur,
502 4887 557 4950 sed
575 4887 783 4949 adversantur
801 4885 1021 4967 proximorum
1041 4886 1144 4949 saluti.

463 4985 494 5048 Si
511 4985 618 5067 itaque
634 4983 746 5046 volunt
764 4983 891 5058 salvari,
908 4984 1072 5048 fimbriam
1091 4985 1169 5049 cari-

421 5085 495 5148 tatis
518 5082 633 5148 Christi
659 5089 788 5163 tangere
812 5083 970 5158 studeant,
990 5084 1170 5148 discordan-

421 5192 469 5250 tes
485 5182 670 5268 pacificent,
681 5181 720 5243 de
735 5180 989 5244 adversariorum
1005 5183 1170 5246 tristentur

422 5282 525 5356 ruina,
542 5280 687 5345 omnium
702 5278 869 5361 deplorent
884 5288 1023 5360 peccata,
1038 5281 1167 5358 orando,

1226 4300 1297 4374 luti,
1314 4317 1377 4362 nou
1398 4298 1550 4373 timorati,
1567 4297 1677 4373 sobrii,
1693 4298 1833 4364 humiles
1853 4307 1885 4363 et
1898 4297 1963 4363 sub·

1224 4399 1311 4480 jecti.
1333 4397 1413 4460 Hinc
1435 4397 1577 4460 seniores
1600 4396 1632 4458 in
1654 4396 1809 4478 religiono
1833 4399 1963 4462 maxime

1225 4497 1406 4578 obligantur
1419 4496 1563 4576 juniores
1577 4494 1749 4571 edificare,
1764 4505 1861 4579 atque
1875 4498 1964 4562 totius

1225 4595 1425 4670 obedientie,
1441 4592 1643 4669 humilitatis,
1660 4595 1853 4658 maturitatis
1875 4603 1907 4658 et
1926 4595 1964 4656 di·

1225 4692 1371 4758 lectionis
1396 4692 1443 4755 eis
1468 4692 1609 4775 prebere
1634 4692 1811 4775 exempla:
1834 4691 1964 4776 quodsi

1225 4792 1420 4856 contrarium
1441 4790 1575 4872 egerint,
1591 4809 1639 4854 ve
1659 4789 1707 4854 eis
1729 4790 1763 4854 in
1784 4798 1945 4856 eternum.

1263 4891 1398 4974 Insuper
1425 4889 1519 4953 uobis
1546 4888 1704 4970 religiosis
1732 4890 1896 4972 precipue
1922 4895 1964 4952 est

1224 5006 1354 5053 necesse
1383 4995 1419 5050 ut
1448 4987 1611 5050 fimbriam
1638 4986 1829 5051 humilitatis
1854 4987 1964 5051 Christi

1222 5095 1399 5171 tangamus.
1420 5086 1499 5150 Nam
1519 5105 1584 5150 sue
1603 5085 1796 5149 humilitatis
1816 5086 1963 5150 verticem

1223 5202 1280 5247 seu
1309 5183 1540 5266 perlectionem
1569 5184 1677 5246 nullus
1706 5191 1836 5265 tangere
1866 5189 1963 5267 potest

1225 5283 1418 5360 mortalium,
1435 5303 1495 5347 nec
1511 5303 1592 5368 pura
1608 5280 1716 5365 aliqua
1731 5283 1964 5366 creatura.1psc
