4164 6258
189 821 606 946 DOMINIGA
652 822 744 946 IV
789 822 1001 946 POST
1048 822 1575 947 TRINITATEM

523 1490 829 1577 manuario
861 1492 916 1578 IN
950 1492 1243 1580 EPISTOLAM

149 1758 291 1804 nxrsrnro
312 1755 393 1812 ouon
413 1756 475 1803 non
496 1756 573 1802 sorr
593 1755 754 1803 couniens
775 1757 941 1805 rnssrours
961 1759 1053 1805 nurus
1074 1758 1224 1805 rauronrs
1244 1760 1287 1804 nn
1308 1759 1450 1806 rmonnrr
1471 1759 1616 1818 ocenias,

489 1855 556 1911 oua
576 1854 787 1902 narratorum
809 1857 841 1903 rn
861 1857 960 1904 noers.
982 1840 1068 1904 ilorn.
1086 1858 1151 1914 rrn,
1173 1838 1275 1902 ls-tt.

174 2135 298 2199 ustus
319 2134 502 2216 Apostolus,
523 2132 562 2196 ad
586 2132 744 2196 fervidum
770 2143 858 2198 mter·
873 2135 899 2198 Α
915 2135 1033 2208 latitia,
1049 2143 1149 2199 status
1169 2137 1314 2201 omnium
1336 2137 1493 2201 bonorum
1511 2155 1659 2219 aggrega-

188 2254 236 2298 nae
251 2231 460 2296 beatitudinis
476 2231 682 2306 desiderium,
700 2232 739 2294 ad
755 2251 858 2314 aequa-
913 2233 999 2296 tione
1030 2234 1202 2315 perlectus
1233 2243 1515 2317 consummataque
1544 2235 1659 2300 anima

112 2335 223 2396 nimem
235 2350 359 2416 quoque
373 2330 596 2394 adversitatum
609 2331 856 2413 perpessionem,
913 2341 944 2394 et
973 2333 1114 2414 corporis
1143 2332 1335 2413 glorificatio
1364 2333 1560 2416 sempiterna
1586 2335 1658 2397 :ad

112 2441 201 2513 atque
217 2440 252 2493 ut
268 2430 394 2494 Christo
409 2429 691 2511 compatiamur,in
710 2431 857 2511 prasenti
912 2449 1008 2513 quam
1034 2431 1288 2512 promerendam,
1315 2431 1478 2513 passiones
1506 2433 1659 2513 temporis

112 2548 165 2592 nos
189 2531 335 2593 bortatur
358 2526 503 2611 epistola,
525 2545 563 2590 eo
585 2528 669 2610 quod
695 2528 858 2592 beatitudo
912 2528 1004 2609 hujus
1019 2545 1082 2591 non
1097 2536 1222 2591 exstant
1236 2529 1520 2610 condignus—Sed
1536 2529 1660 2592 videtur

112 2628 162 2689 illa
187 2634 219 2690 et
243 2627 345 2709 gloria
369 2625 662 2708 incomparabiliter
688 2627 789 2707 major
817 2627 857 2690 sit
912 2627 1118 2701 contrarium,
1134 2627 1210 2709 quia
1231 2627 1407 2690 secundum
1432 2628 1587 2702 doctores,
1606 2628 1660 2692 ho·

111 2727 193 2789 omni
217 2725 326 2788 labore
347 2733 379 2787 et
404 2723 609 2787 tribulatione
632 2743 687 2787 seu
711 2726 857 2807 passione
913 2741 964 2786 mo
986 2725 1017 2786 in
1039 2724 1168 2787 caritate
1188 2725 1356 2801 exsistam,
1375 2733 1514 2788 meretur
1528 2726 1567 2788 de
1588 2743 1660 2790 con-

111 2825 181 2888 ritao
202 2824 379 2906 praesentis.
403 2823 511 2905 ltaque
533 2824 577 2884 ait
600 2839 607 2884 ε
911 2821 1008 2902 digno
1030 2823 1127 2885 vitam
1149 2830 1311 2886 aeternam.
1330 2823 1366 2884 Et
1388 2823 1657 2905 respondendum,

149 2925 314 2986 Existimo
334 2939 392 3002 ego
413 2921 527 2985 Paulus
552 2921 725 3002 apostolus,
743 2921 775 2982 id
797 2929 855 2996 est,
911 2919 995 3001 quod
1016 2920 1179 3002 passiones
1199 2920 1296 3000 hujus
1317 2919 1470 3002 temporis
1490 2939 1546 2984 seu
1563 2938 1659 3003 opera

112 3039 255 3104 agnosco,
273 3021 330 3102 qui
355 3021 394 3082 de
416 3017 533 3081 talibus
558 3019 714 3081 veraciter
735 3019 854 3100 judico.
912 3017 1051 3079 caritatis
1073 3017 1315 3081 considerantur
1339 3017 1520 3100 dupliciter.
1541 3018 1657 3092 Primo,

114 3121 191 3183 Dicit
214 3127 336 3190 autern,
360 3139 376 3176 n
392 3117 583 3190 existimo»,
609 3135 671 3180 non
696 3117 787 3199 quasi
813 3117 858 3179 in·
912 3117 1088 3178 secundum
1111 3116 1196 3198 quod
1217 3116 1433 3198 procedunto
1455 3117 1555 3180 libero
1576 3117 1658 3180 arbi-

112 3223 212 3276 rertus
232 3224 290 3277 aut
309 3213 470 3288 dubitans,
486 3214 542 3275 sed
562 3213 703 3276 sobrium
725 3214 855 3276 modum
913 3213 983 3286 trio,
1010 3213 1059 3275 rel
1083 3221 1289 3295 acceptantur
1312 3213 1352 3276 ab
1376 3231 1413 3276 eo
1438 3232 1444 3276 :
1468 3222 1499 3276 et
1524 3215 1569 3278 sic
1594 3233 1657 3278 non

113 3313 260 3396 loquendi
286 3331 427 3387 servans,
450 3331 486 3374 ac
511 3312 648 3375 edocens
672 3331 711 3374 ne
737 3308 894 3374 incautiB
913 3319 1075 3374 merentur
1099 3312 1138 3374 de
1168 3313 1325 3394 condigno
1355 3311 1540 3374 felicitatem
1571 3321 1659 3376 aeter-

111 3412 208 3472 simus
237 3411 271 3472 in
302 3410 471 3473 asserendo
495 3429 531 3472 ac
554 3410 737 3490 judicando.
765 3413 857 3478 Quod
911 3409 1109 3484 nemetiam
1132 3410 1243 3473 habitu
1267 3411 1406 3473 caritatis
1426 3411 1587 3492 adjuncto.
1605 3411 1657 3476 Se-

111 3529 172 3569 non
187 3519 264 3570 sunt
286 3510 467 3584 condr'yncr,
483 3508 515 3570 id
536 3514 583 3570 est
602 3507 751 3590 aequales,
766 3507 856 3568 suffi-
911 3509 1027 3581 eunde,
1043 3516 1137 3590 prout
1152 3509 1290 3591 Spiritus
1305 3509 1438 3572 Sanctus
1459 3508 1597 3571 liberum
1612 3529 1658 3572 ar-

111 3608 227 3670 cicutes
249 3615 283 3669 et
302 3606 559 3689 proportionatae,
576 3605 751 3668 secundum
775 3606 856 3686 rigo·
910 3605 1043 3667 bitrium
1060 3623 1202 3680 movens,
1219 3612 1266 3668 est
1281 3605 1502 3688 hujuscemodi
1523 3607 1658 3670 actionis

112 3723 174 3768 rem
187 3705 332 3786 justitiae,
347 3705 512 3780 passiones
527 3704 627 3780 liujus
643 3705 808 3778 ternporr's,
824 3704 856 3765 id
911 3703 961 3765 vel
983 3703 1210 3786 acceptationis
1231 3703 1427 3787 principium
1445 3705 1580 3787 :sicque
1601 3725 1659 3788 per
1685 3721 1689 3729 ·

110 3813 154 3866 est
170 3803 419 3885 persecutiones,
430 3801 631 3873 tentationes,
646 3799 768 3862 labores
784 3801 856 3864 vitae
911 3820 964 3864 eas
980 3808 1120 3864 meretur
1135 3801 1230 3863 bomo
1246 3801 1342 3864 vitam
1364 3811 1514 3866 aternam
1530 3804 1569 3866 de
1585 3823 1657 3867 con·

111 3902 284 3983 praesentis,
300 3903 512 3977 adfuturam
528 3901 683 3976 pieriam,
700 3898 730 3960 id
750 3907 799 3961 est
817 3900 855 3962 ad
911 3899 1102 3981 digno,quia
1119 3898 1314 3980 principium
1330 3901 1435 3962 meriti
1451 3909 1498 3963 est
1513 3901 1657 3982 ejusdem

111 4008 256 4062 aeternam
274 3998 505 4062 beatitudinem
521 3997 857 4079 promerendamque*
911 3997 1062 4060 bonitatis
1096 4017 1170 4059 curn
1205 3998 1345 4079 praemio.
1380 3999 1549 4082 Apostolus
1582 4018 1658 4063 vero

113 4100 310 4158 revelabitur
325 4099 361 4157 fn
376 4097 478 4166 nobis,
491 4095 521 4157 id
538 4103 593 4168 est,
605 4095 688 4157 clare
704 4103 735 4158 et
750 4114 855 4158 coram
910 4115 996 4158 nunc
1013 4096 1153 4178 loquitur
1168 4097 1206 4159 de
1222 4096 1425 4178 passionibus
1440 4098 1544 4178 primo
1564 4099 1658 4161 modo

111 4196 256 4258 omnibus
273 4193 544 4258 intellectualibus
560 4194 721 4270 creaturis,
731 4193 823 4257 nobis
839 4214 857 4256 a
910 4195 1059 4276 acceptis.

110 4295 170 4357 Deo
184 4293 296 4357 electis
311 4292 521 4376 praestabitur.
538 4293 631 4372 (Nam
646 4301 801 4374 quantum
817 4295 855 4356 ad
951 4293 1055 4368 Porro,
1073 4293 1157 4376 quod
1172 4293 1272 4374 gloria
1293 4293 1352 4356 ista
1372 4292 1465 4356 nobis
1481 4295 1658 4375 praestanda

111 4411 222 4475 corpus
246 4401 280 4454 et
302 4392 441 4453 animam
470 4383 739 4472 glorificabuntur
763 4392 855 4455 electi
910 4391 961 4464 sit,
979 4398 1210 4474 consequenter
1224 4391 1346 4472 probat.
1362 4393 1449 4454 Nam
1464 4395 1658 4468 cnspectatr'o

112 4490 141 4552 in
167 4499 312 4554 extremo
339 4489 470 4570 judicio.
495 4489 561 4552 lmo
585 4497 617 4551 et
641 4491 696 4571 qui
726 4490 854 4552 interim
870 4491 893 4555 (l
909 4499 1083 4560 crentnroe,
1100 4491 1131 4552 id
1156 4497 1204 4551 cst
1227 4497 1370 4552 creatura
1395 4497 1592 4572 exspectans
1614 4491 1658 4553 vi-

110 4589 329 4668 glorificantur
357 4587 389 4648 in
413 4587 520 4649 anima
543 4587 647 4669 quoad
673 4606 752 4660 rem,
779 4596 856 4650 tunc
910 4587 1026 4650 deliret
1050 4587 1145 4651 horno
1169 4587 1279 4650 viator.
1307 4588 1428 4650 Dicitur
1451 4589 1537 4652 euim
1562 4589 1658 4652 homo

111 4705 234 4769 quoqne
250 4685 284 4748 in
300 4685 406 4748 anima
420 4684 689 4768 glorificabuntur
701 4695 855 4767 quantum
909 4685 1015 4748 omnis
1031 4693 1184 4760 creatura,
1196 4687 1372 4748 secundum
1390 4686 1658 4762 illud,Prasdicate
1679 4704 1806 4755 unere,

112 4784 147 4844 ad
162 4783 450 4846 manifestationem
469 4801 476 4844 ε
494 4783 601 4864 itaque
616 4790 691 4844 tunc
708 4784 857 4846 omnibns
912 4783 1119 4864 Evangelium
1140 4785 1227 4847 omni
1250 4793 1401 4849 creaturae
1424 4803 1431 4848 :
1453 4787 1567 4868 primo,
1584 4787 1659 4869 quia
1675 4770 1707 4810 ¹⁵·

113 4883 294 4945 ostendetur
310 4881 411 4963 gloria
430 4881 644 4962 eorumdem.)
659 4881 737 4945 ilinc
759 4882 858 4964 loqui·
911 4900 985 4943 curn
1016 4882 1102 4944 omni
1128 4889 1272 4945 creatura
1301 4884 1335 4944 in
1357 4884 1465 4966 aliquo
1490 4885 1658 4963 convenit;

11 4989 45 5035 aa
57 5009 99 5048 nn,
114 4987 162 5042 tur
182 4981 326 5044 Christus
344 4997 350 5041 :
367 4980 469 5053 Quum
494 4979 634 5042 feceritis
655 4981 763 5043 omnia
787 5001 857 5063 quea
911 4981 1062 5054 secundo,
1075 4989 1205 5063 propter
1219 4982 1537 5064 excellentiamquia
1553 4984 1660 5045 omnia

11 5067 19 5094 ''
115 5087 269 5161 praecepta
284 5085 358 5140 sunt
373 5077 580 5152 vobis,dicitc
598 5096 605 5142 :
623 5079 710 5141 Servi
728 5079 858 5141 inutiles
912 5079 1088 5161 corporalia
1109 5089 1238 5162 proptor
1257 5081 1363 5162 ipsum
1380 5088 1483 5143 creata
1499 5089 1582 5143 sunt.
1599 5085 1659 5144 Ite-
1683 5097 1738 5140 oen.
1750 5099 1806 5147 nas.

115 5196 232 5240 sumus.
259 5176 330 5240 Haec
358 5175 477 5240 etenim
501 5175 611 5257 gloria,
638 5185 686 5238 ost
709 5176 859 5238 beatifica
914 5179 1105 5239 ascensionem
1119 5182 1267 5257 filiorum
1283 5182 1345 5241 Dei
1359 5189 1532 5256 enspecrar,
1550 5179 1581 5241 id
1602 5187 1659 5252 est,

115 5274 227 5340 divinas
242 5275 387 5339 essentis
403 5273 599 5357 visio,plena
616 5275 731 5338 mentis
747 5275 779 5337 in
796 5276 859 5338 Deo
916 5275 1203 5342 manifestationem
1227 5278 1432 5342 beatitudinis
1453 5297 1508 5341 seu
1530 5278 1661 5341 manile-
