4140 6258
328 499 477 550 bonulfus
497 501 529 548 ΣΙ
549 501 623 548 eost
642 499 836 548 ulmeam.
857 517 898 532 ···

918 499 960 548 sn
980 501 1174 566 nmrorosos3
1196 503 1295 552 suano
1315 505 1427 554 snxrns
1590 488 1650 554 att

106 674 145 740 tis
167 674 209 738 sit
228 674 336 748 homo,
352 679 459 736 umen
481 679 628 755 respectu
648 672 850 755 superiorum
864 672 889 737 Α
905 691 987 754 qua,
1004 672 1110 754 qualia
1131 680 1162 736 et
1182 681 1301 756 quanta
1319 675 1539 739 commisimus
1557 676 1649 751 mala,

107 783 137 838 et
159 772 423 836 intellectualium
447 778 495 834 est
518 789 639 852 magna
660 771 850 834 defectuosi-

107 874 176 936 tatis
197 889 204 934 :
226 890 302 934 nam
322 871 405 933 sicut
423 889 457 933 se
477 869 572 933 hahet
595 871 725 932 materia
748 871 851 953 prima

107 973 137 1034 in
157 971 269 1035 ordine
288 969 423 1044 entium,
441 969 474 1032 in
493 968 612 1051 quihus
634 969 784 1032 infimum
807 969 850 1032 lo·

106 1089 177 1134 cum
202 1075 299 1144 tenet,
323 1069 366 1130 ita
387 1086 421 1130 se
443 1067 539 1130 habet
559 1067 666 1131 anima
688 1068 850 1132 rationalis

106 1171 272 1234 inordina
298 1168 563 1232 intellectualium
588 1168 848 1231 substantiarum.

143 1270 269 1344 Quarta,
289 1287 353 1351 qua
374 1266 612 1331 consideramus
633 1267 773 1330 animam
794 1283 850 1329 no-

107 1377 201 1431 stram
218 1366 395 1430 secundum
411 1364 571 1428 naturales
591 1383 663 1427 suas
680 1365 848 1446 potentias,

106 1467 136 1529 in
158 1465 277 1548 quihus
300 1463 451 1528 omnibus
470 1467 518 1526 est
539 1462 747 1526 ineffabiliter
765 1462 851 1526 defe-

106 1572 222 1627 ctuosa.
240 1562 423 1626 Intellectus
438 1579 577 1643 namque
592 1561 684 1624 valde
700 1569 748 1623 est
763 1560 850 1622 dehi-

105 1663 153 1734 lis,
165 1663 229 1726 cito
244 1661 400 1736 fallibilis,
413 1660 590 1742 ignorantia
605 1660 799 1734 vulneratus,
811 1660 849 1722 ad

105 1779 227 1825 errores
247 1759 418 1843 proclivis;
438 1765 470 1822 et
494 1779 530 1822 ea
553 1779 623 1842 quas
643 1758 774 1833 scimus,
792 1759 849 1820 im-

905 777 936 833 et
959 771 1127 835 omisimus
1146 773 1239 836 bona.
1262 774 1333 837 Haec
1356 775 1568 838 consideratio
1587 795 1652 858 prae

905 870 1020 932 ceteris
1044 878 1148 953 potest
1173 880 1204 934 et
1224 872 1319 935 dehet
1344 891 1401 936 nos
1425 874 1464 936 ad
1490 874 1653 956 insupera-

905 967 1015 1042 bilem,
1042 970 1326 1050 profundissimam
1347 978 1441 1054 atque
1462 972 1652 1035 immensam

905 1067 1131 1143 humilitatem,
1143 1068 1356 1150 abjectionem
1372 1077 1404 1132 et
1418 1069 1651 1151 subjectionem

906 1165 1068 1229 inducere.

949 1264 1112 1340 Praeterea,
1138 1267 1349 1330 consideratio
1378 1286 1442 1349 qua
1470 1286 1509 1330 ex
1533 1267 1651 1330 intuitu

906 1363 1061 1427 Creatoris
1094 1365 1134 1426 ad
1167 1365 1425 1428 humiliationem
1456 1365 1650 1442 inducimur,

905 1461 1001 1524 etiam
1040 1462 1210 1545 multiplex
1248 1463 1437 1545 assignatur,
1474 1465 1650 1530 secundum

905 1561 989 1642 quod
1012 1561 1250 1644 supersimplici
1274 1563 1338 1624 [teo
1357 1563 1491 1626 diversae
1510 1563 1652 1646 proprie-

905 1665 984 1720 tates
1002 1677 1039 1721 ac
1059 1660 1146 1722 varia
1160 1660 1312 1723 attributa
1327 1661 1532 1724 conveniunt.
1550 1662 1654 1724 Prima

906 1774 981 1838 ergo
995 1765 1122 1840 estque
1137 1777 1176 1820 ex
1192 1759 1444 1821 consideratione
1459 1759 1576 1824 divinat
1593 1779 1654 1823 ma-

104 1861 244 1944 perfectc
261 1861 391 1934 scimus,
407 1867 439 1922 et
451 1859 587 1922 minima
607 1867 681 1921 sunt
701 1866 846 1941 respectu
868 1852 1028 1936 Bjestatis
1048 1874 1104 1918 seu
1128 1855 1297 1919 infinitatis
1316 1865 1349 1920 et
1367 1857 1574 1933 excellentia,
1595 1875 1653 1920 nos

105 1977 214 2022 eorum
239 1977 310 2040 qua
331 1957 526 2039 ignoramus.
546 1957 698 2019 Voluntas
721 1974 849 2039 quoque

106 2057 227 2119 malitia
245 2063 294 2119 est
313 2055 442 2128 infecta,
461 2055 500 2117 ad
520 2055 598 2118 vitia
619 2053 716 2116 nimis
739 2072 848 2136 prona,

105 2156 141 2217 ad
161 2154 301 2217 carnalia
321 2161 353 2216 et
375 2154 494 2216 caduca
513 2152 666 2215 facillime
684 2171 703 2214 a
722 2171 851 2215 sensua-

105 2255 189 2316 litate
205 2251 408 2316 attrahihilis.
425 2251 576 2314 lllemoria
594 2268 670 2315 vero
688 2259 754 2313 tota
773 2269 851 2332 vaga

104 2351 326 2433 instabilisque
341 2349 594 2413 consistitPorro
609 2349 767 2432 appetitus
783 2368 850 2412 sen·

104 2450 218 2512 silivus
248 2448 435 2510 infirmitate
461 2455 492 2509 et
516 2447 776 2529 concupiscentia
803 2455 851 2509 est

104 2548 254 2622 infectus,
282 2547 396 2610 rationi
422 2546 562 2620 rebellis,
586 2547 625 2609 ad
652 2546 735 2608 mala
758 2546 851 2608 veho-

105 2653 229 2708 menter
260 2645 426 2708 inclinans.
462 2644 519 2707 Per
551 2643 723 2706 exteriores
753 2643 849 2705 etiam

104 2763 214 2807 sensus
229 2761 313 2806 mors
328 2743 428 2825 culpae
445 2742 585 2824 undique
601 2742 775 2823 ingreditur
788 2743 852 2805 ani·

105 2860 211 2922 mam;
237 2841 469 2924 interioresque
493 2859 605 2903 sensus
630 2840 851 2922 inquietudine

103 2961 159 3004 sua
182 2941 370 3022 frequenter
392 2959 410 3002 a
434 2937 702 3020 contemplatione
731 2938 852 3000 divino·

906 1953 1003 2036 ipsos,
1020 1962 1052 2016 et
1072 1961 1169 2017 totam
1188 1954 1399 2018 substantiam
1416 1963 1556 2019 nostram
1572 1974 1653 2019 esse·

905 2071 967 2135 que
992 2060 1148 2128 nostrum,
1174 2054 1265 2136 quasi
1291 2055 1429 2117 nihilum
1453 2061 1483 2117 ct
1506 2055 1599 2116 inane
1621 2062 1653 2117 et

906 2168 970 2213 non
992 2169 1061 2214 esse
1083 2160 1280 2234 reputamus,
1300 2152 1391 2234 juxta
1414 2153 1493 2215 illud
1516 2153 1548 2216 in
1571 2152 1652 2216 Psal-

906 2266 958 2312 mo
973 2266 979 2312 :
997 2249 1180 2313 Substantia
1195 2269 1265 2313 mea
1280 2259 1430 2333 tanquam
1446 2251 1583 2313 nihilum
1598 2271 1651 2314 an·
1664 2274 1704 2318 1³2.
1713 2288 1799 2328 marn,

905 2356 937 2412 te
959 2356 1006 2428 te;
1029 2355 1061 2410 et
1083 2349 1186 2411 alibi:
1208 2349 1324 2412 Omnes
1346 2356 1456 2431 gentes
1475 2350 1564 2432 quasi
1587 2369 1651 2414 non
1666 2339 1703 2444 ἦ,

906 2447 980 2520 sint,
998 2447 1043 2509 sic
1064 2455 1139 2509 sunt
1160 2465 1266 2511 coram
1288 2465 1337 2510 eo.
1359 2448 1594 2531 secundaque
1613 2467 1653 2511 ex

906 2545 1159 2608 consideratione
1176 2545 1310 2610 infinitae
1325 2547 1489 2630 sapientia
1505 2547 1572 2622 Dei,
1589 2565 1654 2610 om·

906 2663 980 2706 nem
997 2643 1030 2706 in
1046 2643 1139 2706 nobis
1156 2644 1361 2706 exsistentem
1377 2645 1579 2726 sapientiam,
1596 2645 1654 2707 sci-

906 2742 1036 2816 entiam,
1061 2742 1220 2815 notitiam,
1248 2743 1339 2824 quasi
1370 2741 1588 2826 insipientiam
1617 2761 1653 2805 ac

907 2840 1117 2921 ignorantiam
1141 2839 1344 2914 arbitramur,
1371 2841 1548 2903 secundum
1573 2841 1653 2903 illud

907 2939 939 3000 in
961 2939 1120 3001 Ieremia:
1138 2937 1260 3001 Stultus
1283 2937 1385 3000 factus
1407 2945 1454 3000 est
1475 2937 1580 3000 omnis
1601 2939 1654 3001 ho·
1680 2959 1799 3011 amau.

1706 2413 1752 2452 .xu,
1762 2404 1793 2444 ll.

103 3059 173 3102 rum
188 3038 416 3120 exercitiisque
431 3037 564 3100 internis
579 3036 755 3119 impediunt
768 3055 851 3098 men·
868 3037 890 3102 C
907 3053 959 3098 mo
974 3055 991 3098 a
1007 3036 1141 3098 scientia
1161 3054 1227 3097 sua.
1245 3035 1360 3109 Tertia,
1378 3053 1440 3116 qua
1455 3054 1493 3098 ex
1510 3037 1653 3099 conside-

102 3147 176 3200 tem.
203 3138 286 3200 Ecce
311 3145 429 3219 quanta
452 3155 605 3209 aerumna,
627 3143 744 3217 quanta
765 3135 851 3198 defe-

103 3237 266 3310 ctuositaS,
283 3236 400 3308 vilitas,
418 3235 556 3316 pravitas
572 3233 670 3296 latent
685 3233 717 3295 in
732 3234 848 3296 anima.

141 3335 269 3410 Quinta,
296 3352 359 3416 qua
387 3333 625 3396 consideramus
653 3349 769 3413 corpus
796 3349 849 3394 no·

102 3443 204 3498 strum
220 3439 378 3516 qnantum
393 3431 431 3494 ad
449 3432 480 3492 id
498 3431 581 3492 unde
596 3429 767 3492 formatum
782 3437 848 3492 est:

102 3533 185 3616 quod
206 3531 270 3594 fuit
294 3549 404 3593 semen
428 3529 642 3591 immundum.
664 3528 766 3602 Sexta,
788 3547 851 3611 qua

102 3632 344 3694 consideramus
369 3628 446 3690 illud
473 3627 576 3710 quoad
600 3627 630 3689 id
656 3627 740 3708 quod
765 3645 849 3688 nunc

102 3731 183 3793 inse
200 3737 250 3792 est
267 3745 273 3790 :
292 3728 376 3810 quod
392 3735 440 3788 est
458 3725 550 3789 valde
565 3725 748 3788 defectuosa
763 3731 851 3787 natu-

101 3849 143 3891 ra.
161 3828 317 3910 Septima,
335 3845 397 3907 qua
416 3824 655 3887 consideramus
676 3823 755 3885 illud
774 3841 851 3904 quo-

101 3929 138 3992 ad
155 3947 192 3992 ea
209 3946 283 4009 quae
299 3925 397 3988 latent
411 3932 444 3986 et
458 3931 533 3986 sunt
548 3922 580 3984 in
601 3923 680 4005 ipso,
697 3929 792 4004 atque
812 3922 850 3984 de

102 4029 170 4110 ipso
192 4025 431 4106 egrediuntur:
453 4041 524 4104 qua
546 4029 620 4084 sunt
640 4020 851 4084 immunditiae

100 4144 235 4210 prorsus
262 4122 455 4196 foedissima,
479 4121 523 4184 ita
547 4121 631 4202 quod
656 4137 772 4201 corpus
796 4135 850 4181 no-

907 3134 1028 3196 ratione
1061 3133 1300 3216 omnipotentiae
1332 3133 1398 3206 Dei,
1431 3151 1526 3196 omne
1556 3135 1654 3197 robur

906 3240 1048 3294 nostrum
1072 3232 1162 3313 quasi
1183 3249 1302 3294 meram
1326 3250 1494 3294 censemus
1516 3232 1652 3295 infirmi·

906 3338 1013 3404 tatem,
1029 3330 1120 3411 juxta
1139 3329 1218 3391 illud
1241 3347 1248 3390 :
1270 3329 1414 3404 Domine,
1436 3348 1489 3392 rex
1509 3331 1652 3414 omnipo·
1665 3354 1799 3410 nicaeam,

905 3435 986 3502 tens,
1004 3427 1172 3489 inditione
1193 3434 1247 3489 tua
1267 3435 1382 3489 cuncta
1401 3435 1474 3488 sunt
1490 3428 1602 3510 posita,
1620 3436 1651 3493 et
1666 3422 1686 3462 ⁹·

906 3543 969 3588 non
985 3525 1103 3607 estqui
1119 3533 1180 3587 tuae
1201 3524 1302 3606 possit
1321 3525 1468 3588 resistere
1484 3526 1648 3590 voluntati.

905 3625 1031 3698 Quarta,
1052 3642 1116 3705 qua
1134 3642 1173 3686 ex
1196 3624 1465 3706 contemplatione
1488 3624 1651 3689 immensae

905 3721 1065 3806 puritatis,
1093 3721 1270 3783 sanctitatis
1299 3728 1394 3804 atque
1421 3722 1554 3803 justitiae
1582 3724 1649 3798 Dei,

907 3839 1035 3884 omnem
1062 3827 1203 3883 nostram
1233 3820 1501 3904 qualemcumque
1525 3823 1651 3884 mundi·

906 3920 994 3992 tiam,
1012 3919 1223 3992 sanctitatem,
1239 3919 1408 3999 justitiam,
1425 3920 1513 3983 velut
1531 3920 1652 3984 foedita-

906 4026 982 4092 tem,
1008 4017 1297 4099 imperfectionem,
1325 4017 1516 4100 injustitiam
1544 4039 1651 4102 asper-

906 4135 1031 4190 namur,
1048 4134 1123 4177 cum
1137 4117 1217 4179 lsaia
1233 4117 1376 4179 dicentes
1394 4118 1510 4192 :Quasi
1525 4137 1650 4200 pannus
1677 4139 1797 4190 ramea.

100 4236 204 4289 strum
231 4231 281 4286 est
302 4242 357 4285 vas
378 4221 475 4284 nimis
496 4219 711 4293 immundum,
734 4225 766 4280 et
786 4236 851 4280 sac·
865 4213 890 4276 D
906 4216 1418 4297 menstruatae,universaejustitias
1431 4217 1651 4291 nostreouin·

99 4345 156 4388 cus
179 4324 336 4388 foetorum
364 4339 400 4384 ac
424 4328 611 4384 stercorum.
638 4318 763 4390 Octava,
788 4336 851 4399 qua

100 4425 346 4488 consideramus
361 4439 476 4504 corpus
492 4426 636 4482 nostrum
657 4418 760 4500 quoad
779 4436 851 4480 suas

99 4523 267 4588 naturales
288 4519 496 4604 proprietates
515 4527 547 4581 ot
567 4517 757 4598 indigentias
775 4533 851 4599 quo-

99 4623 241 4685 tidianas
269 4637 276 4682 :
303 4619 412 4701 sicque
441 4617 623 4680 invenimus
652 4615 732 4678 illud
761 4616 851 4678 valde

98 4719 362 4804 pauperrimum,
396 4715 559 4800 passibile,
589 4713 788 4777 vulnerabile
821 4721 853 4776 et

100 4819 249 4884 mortale.
281 4817 380 4890 Nona,
410 4834 472 4898 qua
505 4814 745 4877 consideramus
774 4813 852 4874 illud

98 4919 205 5000 quoad
223 4933 349 4998 eaquae
364 4913 434 4987 erit,
451 4913 586 4996 qualiter
601 4910 723 4974 scilicet
739 4911 771 4973 in
787 4930 855 4974 ver-

101 5037 181 5090 mes,
205 5012 397 5098 putredines
415 5019 447 5075 et
468 5011 595 5074 foetores
615 5010 785 5073 horribiles
808 5028 854 5071 re-

100 5117 260 5178 solvetur.
287 5111 426 5185 Decima,
450 5129 513 5192 qua
537 5109 774 5173 consideramus
799 5127 856 5170 nos

102 5214 191 5297 ipsos
209 5211 316 5294 quoad
338 5209 420 5273 mala
438 5209 552 5291 culpae,
569 5228 639 5290 quae
659 5208 856 5270 committen-

101 5315 144 5378 do
169 5320 202 5375 et
226 5309 405 5374 omittendo
424 5307 608 5382 incidimus,
629 5306 858 5370 considerando

906 4323 947 4389 ta,
965 4334 1027 4397 qua
1042 4334 1081 4376 ex
1096 4314 1349 4377 consideratione
1369 4315 1651 4398 incircumscripti-

905 4413 981 4476 bilis
997 4413 1159 4494 dignitatis
1174 4413 1491 4496 honorabilitatisque
1506 4416 1573 4489 Dei,
1584 4433 1651 4478 om-

907 4531 981 4574 nem
998 4513 1132 4587 cultum,
1144 4513 1297 4575 honorem
1313 4521 1345 4575 et
1359 4513 1550 4596 obsequium
1567 4517 1652 4598 quod

907 4613 936 4674 ei
953 4612 1179 4695 impendimus,
1198 4630 1255 4695 pro
1270 4612 1372 4676 nihilo
1385 4613 1577 4693 judicamus,
1595 4617 1654 4678 sci-

908 4719 997 4774 entes
1012 4711 1097 4794 quod
1114 4711 1182 4794 ipse
1199 4711 1325 4774 infinita
1344 4713 1522 4776 reverentia
1538 4715 1653 4796 dignus

908 4811 960 4884 sit,
977 4829 1098 4892 nosque
1117 4828 1135 4871 a
1156 4811 1313 4891 condigna
1328 4812 1531 4875 veneratione
1553 4814 1653 4896 ipsius

909 4909 942 4970 in
959 4908 1123 4970 infinitum
1138 4907 1277 4970 deficere
1295 4926 1301 4969 :
1319 4915 1414 4990 atque
1434 4929 1491 4991 per
1510 4911 1570 4973 hoc
1588 4930 1654 4974 cer-

911 5007 1018 5069 nimus
1038 5008 1123 5089 quod
1146 5025 1296 5088 magnum
1321 5008 1367 5070 nil
1391 5009 1525 5089 agimus.
1551 5011 1654 5074 hlultae

911 5106 1093 5170 consimiles
1109 5114 1240 5188 possent
1258 5126 1295 5169 ex
1316 5115 1404 5190 parte
1420 5108 1575 5172 lineatoris
1589 5117 1656 5173 tan-

911 5206 941 5287 gi
968 5206 1247 5278 considerationeS,
1275 5224 1313 5268 ex
1339 5206 1455 5287 quibus
1484 5225 1541 5269 nos
1570 5209 1655 5289 ipsos

912 5304 1192 5368 vehementissime
1215 5305 1383 5366 humiliare
1404 5304 1567 5367 debemus.
