4140 6258
420 472 481 538 332
641 492 791 543 nouvarai
812 494 844 540 ιιι
865 493 939 541 rosv
959 494 1153 543 mmrrarun.
1174 513 1215 526 -
1234 495 1277 542 an
1297 494 1471 542 aaarcrosos
1482 495 1491 560 ;
1514 495 1613 543 senno
1634 495 1746 544 sexsus

420 663 501 726 cutit
524 683 640 741 mores,
663 664 798 728 ventilat
819 683 922 741 curas,
945 672 1105 728 scrutatur
1125 662 1208 729 afri
1223 683 1282 748 pro
1301 665 1394 729 nobis
1409 685 1506 748 quam
1527 672 1636 730 contra
1655 683 1723 730 nos.
1739 664 1944 732 Nihilominus

419 761 535 838 fectus,
552 771 584 826 et
605 763 650 826 ibi
673 763 788 846 quaerit
809 782 919 826 causas
943 764 1091 838 nocendi,
1113 763 1168 826 ubi
1223 765 1324 828 simus
1340 783 1468 847 semper
1483 763 1750 846 solliciti,jugiter
1764 766 1946 844 custoditi3et

420 861 537 924 viderit
551 862 738 944 quempiam
753 861 937 944 diligentius
952 863 1113 944 occupari.
1130 863 1170 924 At
1224 861 1347 925 minora
1370 881 1406 924 ac
1432 861 1617 945 quotidiana
1643 860 1804 943 fugiamus
1828 871 1945 944 peccata

420 978 497 1022 vero
516 968 596 1023 teste
616 960 788 1035 bernardo,
806 960 895 1023 Viros
915 960 1074 1042 perfectos
1088 979 1168 1043 quos
1223 980 1263 1024 ne
1288 980 1354 1043 per·
1374 961 1428 1024 illa
1458 961 1595 1024 introeat
1617 960 1719 1024 bostis
1743 969 1775 1023 ct
1800 961 1894 1024 trabat
1916 965 1946 1025 ad

420 1057 566 1120 diabolus
581 1076 639 1140 per
653 1065 836 1141 apertorum
853 1059 1087 1140 suggestionem
1105 1079 1170 1121 ma·
1222 1059 1375 1140 graviora.
1400 1061 1574 1123 Vereamur
1598 1077 1725 1141 semper
1749 1060 1847 1123 Deum
1866 1059 1947 1124 offen·

420 1156 525 1218 lorum
545 1173 609 1218 non
630 1162 735 1238 potest
753 1155 903 1236 dejicere,
919 1165 1030 1232 tentat,
1049 1157 1168 1220 malum
1223 1160 1309 1234 dere,
1330 1179 1370 1222 ne
1392 1159 1462 1242 ejus
1486 1159 1629 1222 destituti
1656 1157 1811 1232 subsidio,
1827 1161 1948 1222 tentatio

420 1254 481 1317 sub
502 1254 610 1337 specie
631 1254 707 1318 boni
723 1255 796 1335 (nec
817 1254 986 1318 mediocris
1010 1255 1096 1331 boni,
1113 1257 1168 1318 sed
1223 1257 1319 1318 nibus
1339 1275 1538 1339 superemur.
1556 1257 1818 1319 verecundemur
1831 1273 1947 1338 quoque,

420 1353 571 1435 perlecti)
586 1354 793 1436 proponendo
811 1371 848 1416 ac
868 1355 1099 1435 persuadendo,
1115 1355 1170 1416 de·
1224 1372 1330 1417 coram
1354 1355 1475 1436 angelis
1504 1354 1622 1418 sanctis
1646 1354 1831 1418 custodibus
1852 1356 1947 1418 nostds

422 1451 540 1533 cipere,
558 1459 593 1514 ut
607 1450 672 1514 cito
686 1451 886 1514 consentiant
902 1451 956 1534 qui
978 1470 1169 1535 magnopere
1224 1453 1422 1536 negligenter
1442 1461 1475 1515 et
1495 1453 1604 1516 viliter
1625 1469 1683 1517 nos
1705 1452 1839 1532 babere;
1857 1452 1948 1515 timea-

421 1548 560 1630 diligunt
580 1549 712 1613 bonurn.
1224 1571 1296 1614 mus
1311 1569 1423 1614 eorum
1437 1552 1635 1615 venerandos
1654 1552 1824 1633 adspectus
1839 1549 1948 1614 inbone

393 1683 396 1690 ·
462 1648 613 1721 Quamvis
641 1654 748 1710 autem
778 1647 907 1729 fragiles
932 1647 1044 1724 simus,
1071 1649 1170 1733 pluri·
1224 1668 1302 1712 rare.
1321 1649 1381 1712 Sed
1397 1657 1525 1712 strenue
1540 1649 1727 1712 resistamus
1743 1647 1948 1711 tentationibus

423 1763 513 1807 mum
534 1752 640 1808 tamen
660 1763 718 1809 nos
739 1746 922 1809 consolatur
940 1753 1068 1810 sanctus
1087 1747 1168 1830 Apo·
1224 1746 1336 1809 mundi
1352 1753 1384 1808 et
1405 1747 1509 1809 carnis
1531 1765 1568 1808 ac
1590 1746 1772 1809 demonum
1793 1743 1948 1821 universis,

276 1844 533 1919 rcor.1,rc.stoluS,
558 1844 694 1907 dicendo
719 1861 727 1906 :
754 1844 870 1907 Fidelis
899 1845 993 1920 Deus,
1020 1845 1074 1928 qui
1106 1846 1206 1909 nonB
1224 1851 1256 1908 ct
1270 1862 1333 1927 quo
1348 1844 1471 1908 acutius
1488 1845 1726 1926 impugnamur,
1742 1860 1782 1906 eo
1795 1841 1949 1905 ferventius

422 1942 560 2025 patietur
582 1959 639 2005 vos
663 1942 778 2004 tentari
803 1961 900 2024 supra
922 1943 953 2004 id
974 1944 1059 2025 quod
1082 1951 1168 2025 pote·
1224 1943 1411 2017 reddamur,
1436 1961 1495 2006 nos
1524 1941 1611 2025 ipsos
1637 1943 1669 2005 in
1693 1941 1845 2006 omnibus
1866 1941 1949 2002 bumi-

420 2041 489 2114 stis,
507 2041 562 2103 sed
578 2040 673 2104 faciet
688 2059 762 2103 cum
777 2041 950 2104 tentatione
966 2050 1167 2123 proventum,
1224 2041 1340 2116 liando‚
1367 2041 1400 2103 in
1426 2047 1543 2105 terram
1570 2059 1677 2105 coram
1702 2042 1767 2104 Deo
1790 2039 1949 2102 humillime

420 2145 456 2200 ut
476 2137 605 2220 possitis
625 2139 791 2202 sustinere.
811 2139 885 2202 ldco
905 2139 1045 2221 loquitur
1065 2140 1169 2221 Augu·
1223 2140 1463 2221 prosternendo,
1490 2147 1601 2221 pectus
1630 2139 1804 2212 tundendo,
1829 2137 1949 2200 lacrimis

420 2236 524 2299 stinus
551 2256 558 2300 :
584 2237 718 2300 ‘fantum
748 2238 944 2320 permittitur
968 2237 1113 2300 diabolus
1138 2245 1168 2300 te
1223 2236 1338 2299 faciem
1368 2237 1539 2318 irrigando,
1566 2238 1621 2300 Dei
1646 2238 1679 2300 in
1705 2237 1830 2320 primis,
1854 2237 1949 2300 deinde

420 2341 554 2410 tentare,
578 2343 732 2418 quantum
753 2335 810 2398 tibi
831 2337 960 2418 prodest
976 2344 1010 2398 ut
1024 2355 1170 2399 exercea-
1222 2327 1361 2416 Virginis
1382 2334 1527 2417 gloriosae
1548 2336 1790 2399 etSanctorum
1811 2335 1948 2404 omniurn,

420 2434 464 2497 ris
488 2441 583 2516 atquo
607 2433 763 2516 proberis,
788 2441 824 2496 ut
847 2435 901 2517 qui
926 2442 956 2498 te
981 2435 1087 2518 ipsum
1112 2455 1168 2498 ne·
1221 2451 1257 2495 ac
1273 2432 1461 2515 specialium
1478 2441 1683 2515 patronorum
1701 2433 1949 2516 propriorumque

420 2531 554 2605 sciebas,
575 2551 593 2594 a
615 2539 646 2595 te
672 2531 740 2614 ipso
765 2532 947 2596 inveniaris.
974 2533 1013 2595 Et
1037 2533 1169 2615 Prosper
1221 2531 1407 2613 angelorum
1422 2532 1579 2595 auxilium
1595 2531 1785 2596 fidelissime
1800 2551 1838 2594 ac
1852 2532 1950 2594 instan-

420 2630 538 2693 fatetur
560 2649 567 2694 :
587 2631 634 2693 Ad
657 2649 803 2712 magnam
829 2630 999 2694 utilitatem
1021 2631 1168 2694 fidelium
1221 2629 1344 2692 tissime
1361 2629 1762 2713 implorando,passionem
1776 2627 1949 2692 dominicam

422 2729 554 2792 materia
574 2736 623 2792 est
636 2738 795 2792 reservata
814 2731 1038 2806 certaminum,
1054 2739 1168 2793 utnon
1222 2726 1409 2800 recolentes,
1426 2734 1563 2809 quatuor
1578 2729 1754 2791 novissima
1768 2727 1949 2790 meditantes.

421 2825 587 2907 superbiat
605 2825 755 2888 sanctitas
771 2827 847 2888 dum
869 2826 1015 2908 pulsatur
1034 2826 1168 2889 infirmi·
1222 2843 1351 2889 omnem
1375 2826 1568 2888 otiositatem
1592 2826 1740 2900 vitantes,
1760 2845 1797 2888 ac
1819 2824 1951 2888 virtuosis

421 2931 477 2986 tas.
490 2922 695 2986 Confidamus
710 2941 785 3005 ergo
801 2925 832 2986 in
849 2925 1056 3006 Domino,qui
1072 2924 1167 2987 etiam
1222 2923 1405 2986 insistentes
1430 2923 1594 3006 oporibus,
1615 2924 1793 3006 presertim
1818 2923 1949 2993 caritatis,

274 3035 406 3089 detnato.
422 3020 598 3103 unicuiqae
617 3021 765 3102 angelum
786 3030 931 3084 sanctum
952 3022 1115 3104 deputavit
1135 3022 1167 3084 in
1183 3025 1204 3088 C
1223 3022 1423 3097 humilitatis,
1441 3023 1613 3104 patientie,
1630 3022 1833 3086 intendentes
1852 3021 1951 3086 exerci-

422 3120 587 3183 custodem
611 3139 647 3183 ac
668 3121 858 3201 adjutorem,
882 3139 939 3203 per
961 3139 1057 3203 quem
1079 3121 1169 3184 mali·
1223 3121 1276 3183 tiis
1296 3122 1412 3201 sacris;
1431 3141 1525 3204 quam
1547 3121 1776 3204 periculosum,
1793 3122 1907 3185 loedum
1923 3139 1950 3180 ar

422 3236 558 3300 guorum
584 3217 739 3280 insultum
763 3219 1049 3300 crudelitatemque
1074 3219 1168 3282 hosti·
1223 3219 1286 3282 vile
1316 3221 1357 3282 sit
1386 3220 1542 3302 superari,
1572 3240 1668 3302 quam
1698 3221 1882 3302 gloriosum,
1908 3237 1951 3280 no-

421 3334 476 3378 um
492 3316 689 3398 reprimit‚et
703 3317 742 3378 de
759 3316 930 3399 multiplici
944 3317 1064 3380 auxilio
1079 3316 1170 3379 nobis
1224 3318 1289 3380 bile
1311 3325 1343 3380 et
1364 3317 1552 3400 preclarum
1572 3319 1614 3381 sit
1632 3338 1795 3401 superare,
1815 3319 1872 3381 rite
1890 3335 1950 3399 pen·

426 3414 577 3496 providit,
594 3414 637 3478 ita
651 3415 736 3496 quod
754 3415 862 3496 plures
879 3433 915 3477 ac
930 3413 1077 3477 fortiores
1096 3423 1170 3478 sunt
1223 3423 1338 3478 santes.

970 3863 1163 3949 SERMO
1203 3861 1422 3950 SEXTUS

650 4131 793 4188 OUOliOOO
814 4131 964 4178 uatlelost
986 4131 1018 4176 ut
1039 4131 1171 4178 oudinus
1193 4131 1355 4178 securibus
1375 4131 1532 4179 bellobell
1554 4133 1589 4178 SE
1610 4132 1741 4188 eseban,

865 4229 902 4274 ltu
924 4229 1173 4275 suusuattrarttlt
1193 4229 1376 4276 eumeniae
1397 4230 1525 4277 besuus.

493 4511 628 4572 uben
657 4511 817 4570 rationem
850 4510 1063 4569 villicationis
1093 4518 1168 4569 tuoe.
1185 4507 1308 4588 Oapud
1334 4507 1426 4570 illum
1450 4508 1541 4591 quasi
1563 4506 1750 4591 dissipasset
1770 4508 1854 4572 bona
1874 4505 1954 4569 illius.

508 4607 581 4669 Luc.
599 4625 663 4682 xvi,
679 4606 708 4670 2.
1223 4607 1281 4669 Per
1304 4609 1391 4670 hunc
1415 4608 1580 4671 bominem
1605 4607 1797 4690 intelligitur
1818 4607 1954 4672 christus,

463 4704 618 4767 Dominus
632 4712 664 4767 et
679 4705 821 4768 Salvator
836 4712 954 4779 noster,
968 4704 1000 4766 in
1017 4705 1170 4768 hodierno
1225 4705 1257 4768 in
1284 4705 1405 4768 unitate
1435 4723 1577 4788 persone
1601 4706 1685 4768 Deus
1710 4714 1742 4768 et
1766 4707 1863 4770 homo
1888 4701 1955 4768 crsi-

424 4803 600 4884 cvangelio,
617 4823 674 4888 per
695 4803 940 4868 similitudinem
960 4822 1017 4866 seu
1039 4803 1170 4886 parabo-
1225 4813 1330 4884 stens3
1352 4823 1410 4886 per
1429 4803 1574 4867 villicum
1593 4821 1669 4867 vero
1691 4804 1880 4887 intelligitur
1900 4817 1956 4884 pro
2044 4819 2045 4830 ι

424 4902 487 4966 lam
503 4905 674 4985 quamdam
693 4904 731 4966 ad
751 4921 848 4985 opera
868 4902 1094 4966 misericordie
1113 4919 1170 4965 nos
1225 4901 1295 4983 prie
1324 4901 1430 4964 omnis
1458 4901 1616 4984 prelatus.
1643 4902 1702 4976 Qui
1732 4903 1760 4965 si
1790 4899 1955 4966 scandalosr

423 4999 556 5080 invitat;
572 5008 603 5063 et
618 5006 774 5082 quantum
789 5000 828 5062 ad
843 5000 1054 5063 obtinendum
1073 4999 1171 5062 beati·
1225 4998 1486 5082 negligenterque
1510 5007 1591 5082 agat,
1611 4999 1825 5064 substantiam
1848 4993 1954 5062 Oomird

423 5099 567 5163 tudinem
588 5097 773 5177 hujusmodi
793 5098 918 5161 valeant
937 5117 1044 5180 opera,
1061 5098 1172 5180 pandit
1225 5096 1275 5158 sui
1291 5096 1435 5179 dissipat,
1451 5096 1603 5179 quoniam
1619 5115 1695 5161 oves
1711 5097 1829 5162 Christi
1849 5091 1955 5176 sangui·

276 5196 559 5270 nae.1v·,r.dicendo
585 5213 593 5259 :
619 5195 720 5259 llomo
744 5194 874 5278 quidam
900 5203 967 5258 erat
991 5196 1091 5268 dives,
1114 5194 1170 5277 qui
1226 5213 1267 5258 ne
1287 5193 1436 5258 liberatas
1456 5195 1518 5258 sibi
1539 5195 1737 5270 commissas,
1753 5193 1955 5279 spiritualiter,

423 5293 561 5358 babebat
583 5293 748 5377 villicum3
772 5300 805 5358 et
828 5293 881 5358 bic
910 5293 1094 5358 diffamatus
1123 5300 1172 5358 est
1226 5299 1382 5376 quantum
1407 5292 1440 5356 in
1464 5311 1499 5356 se
1521 5301 1579 5370 est,
1595 5293 1727 5377 perimit
1745 5313 1783 5356 ac
1807 5289 1954 5377 disperdit
