4140 6258
466 505 613 557 mumma
634 507 688 552 rur
710 507 782 554 rcsr
802 505 997 554 mnnrxrru.
1018 525 1058 536 -
1079 507 1178 556 seruc
1198 509 1322 558 ranrrus
1607 489 1665 556 ecl

113 673 358 748 obieritomncs
370 677 466 740 simul
480 677 660 742 moriemur.
669 677 865 742 Adveniente
880 677 904 742 l
920 695 983 741 non
1000 677 1232 760 egrediebatur,
1248 679 1339 762 quasi
1355 679 1467 742 nolens
1485 677 1667 760 relinquero

113 781 222 836 autem
237 775 315 838 hora
330 775 440 840 mortis
456 775 565 858 ipsius,
573 776 655 838 vidit
666 776 774 840 Frater
789 795 865 859 pre·
920 795 1036 858 corpus
1053 796 1157 840 suum.
1177 777 1262 840 Dixit
1276 786 1383 842 autem
1406 775 1533 841 Gabriel
1552 775 1666 838 ldicba-

113 871 199 935 latus
214 874 393 936 demonem
409 873 655 938 descendentem
675 893 773 956 snper
792 875 865 938 soli·
920 874 960 937 oli
979 892 986 937 :
1002 875 1137 938 Assume
1150 875 1216 956 jam
1232 877 1372 939 animam
1387 875 1481 938 istam
1497 881 1532 938 ut
1546 891 1666 936 eamus.

114 971 232 1033 tarium
253 971 357 1046 illum,
373 971 545 1035 habentem
570 972 604 1036 in
629 991 726 1036 manu
747 972 865 1036 triden-
920 972 1068 1056 Dixitque
1088 973 1245 1036 Michael:
1268 975 1351 1038 Deus
1371 973 1524 1058 precepit
1546 978 1581 1034 ut
1599 971 1668 1034 sine

113 1075 178 1130 tem
198 1069 339 1150 igneum.
357 1069 506 1152 Dixitque
526 1070 610 1133 Deus
628 1088 635 1132 :
653 1069 741 1132 Sicut
760 1069 866 1133 anima
920 1070 1028 1134 dolore
1052 1071 1211 1152 ejiciatur,
1235 1072 1355 1135 idcirco
1380 1087 1443 1134 non
1468 1078 1572 1153 potest
1596 1068 1669 1151 quis

115 1167 175 1228 ista
190 1185 254 1230 non
272 1167 420 1250 permisit
442 1185 493 1230 me
515 1168 682 1250 quiescere
705 1188 768 1232 una
789 1169 866 1232 bora
920 1169 951 1231 vi
967 1187 1037 1232 eam
1054 1169 1201 1233 evellere.
1219 1170 1257 1232 Et
1274 1170 1424 1233 clamavit
1437 1167 1570 1232 Michael
1587 1186 1594 1230 :
1612 1168 1669 1230 Do

115 1267 147 1328 in
168 1285 215 1340 se,
236 1267 282 1329 sic
303 1285 361 1330 nec
380 1273 414 1329 tu
431 1266 611 1330 miserearis
626 1267 696 1348 eJus
712 1266 863 1330 evellens.
921 1265 1007 1330 mine
1030 1268 1125 1342 Deus,
1145 1267 1222 1350 quid
1244 1267 1294 1330 vis
1313 1267 1386 1330 lieri
1407 1267 1446 1329 de
1468 1267 1574 1330 anima
1596 1265 1666 1340 ista,

115 1365 229 1428 Statim
244 1383 319 1447 ergo
335 1365 422 1428 misit
435 1363 581 1428 diabolus
597 1365 767 1428 tridentem
784 1365 867 1446 igue·
920 1365 996 1447 quia
1015 1384 1079 1429 non
1099 1367 1275 1449 acquiescit
1294 1365 1387 1430 nobis
1410 1372 1445 1428 ut
1465 1364 1668 1446 egrediaturt

116 1483 170 1526 um
188 1463 221 1526 in
237 1482 292 1527 eor
306 1463 439 1527 solitarii
456 1463 554 1538 illius,
566 1471 661 1546 atque
678 1483 734 1546 per
750 1464 866 1527 multas
920 1464 1093 1546 Respondit
1108 1464 1261 1528 Dominus
1274 1482 1281 1526 :
1294 1464 1374 1528 Ecce
1389 1482 1449 1546 ego
1463 1464 1555 1527 mitto
1569 1461 1668 1526 David

115 1562 209 1624 boras
222 1569 374 1644 torquens
390 1581 472 1636 eum,
480 1561 616 1624 extraxit
629 1562 769 1624 enimam
785 1562 866 1643 ejus.
921 1581 993 1625 cum
1010 1563 1131 1626 cithara
1150 1583 1208 1627 sua
1226 1571 1257 1626 et
1277 1563 1449 1646 psallentes
1467 1562 1606 1626 coelestis
1620 1561 1669 1624 Je-

114 1661 152 1722 Et
165 1659 227 1723 luit
239 1660 404 1723 damnatus
417 1667 543 1742 propter
555 1677 644 1722 suam
660 1659 864 1742 hypocrisim,
921 1661 1070 1736 rusalem,
1092 1669 1127 1724 ut
1151 1661 1285 1724 audiens
1308 1662 1480 1745 psalmum,
1495 1661 1536 1724 ad
1556 1679 1666 1724 vocem

115 1759 268 1840 quoniam
284 1759 392 1822 landes
406 1759 574 1822 bominum
591 1777 718 1840 semper
732 1758 863 1841 optavit.
920 1776 1030 1822 eorum
1047 1759 1234 1840 egrediatur.
1245 1759 1412 1842 Quumque
1427 1759 1668 1824 descendissent

154 1857 225 1922 Post
248 1859 315 1922 bec
335 1858 497 1939 ingressus
518 1857 625 1920 Frater
646 1857 807 1920 civitatem
832 1857 866 1919 il·
881 1856 904 1920 D
921 1858 953 1920 in
978 1859 1115 1920 circuitu
1139 1859 1254 1922 anime
1279 1858 1367 1922 illius
1396 1867 1558 1922 cantantes
1584 1857 1667 1940 psal-

116 1957 191 2031 lam,
209 1957 333 2020 invenit
349 1955 554 2038 peregrinum
571 1955 731 2036 jacentem
749 1955 781 2018 in
799 1956 864 2038 pla·
921 1967 1000 2032 moa,
1016 1957 1168 2020 exsiliens
1182 1957 1290 2020 anima
1304 1957 1360 2020 illa
1374 1977 1439 2040 pre
1453 1956 1570 2040 gaudio
1584 1955 1667 2020 sedit

116 2065 164 2118 tea
179 2062 345 2138 egrotum,
355 2073 419 2118 non
434 2053 605 2118 habentem
620 2055 676 2136 qui
692 2054 763 2134 ejus
776 2073 864 2135 gere·
920 2057 953 2118 in
978 2055 1127 2120 manibus
1150 2056 1323 2132 Michaelis,
1348 2064 1443 2140 atque
1467 2075 1542 2119 cum
1566 2073 1603 2120 ec
1628 2073 1664 2118 ac

116 2161 163 2216 ret
178 2173 301 2229 curam,
318 2161 350 2217 et
365 2153 570 2217 mausileum
591 2171 629 2216 eo
648 2153 734 2216 diem
755 2173 861 2216 unam.
919 2155 990 2218 aliis
1012 2154 1134 2218 Sanctis
1155 2154 1299 2217 ascendit
1320 2155 1352 2216 in
1375 2154 1504 2218 coelum.

115 2255 284 2335 Quumque
304 2253 445 2316 venisset
462 2253 540 2316 hora
560 2253 672 2316 mortis
691 2253 774 2334 ejus,
790 2271 864 2316 con·
961 2253 1005 2316 Ex
1019 2270 1083 2335 quo
1098 2253 1246 2335 exemplo
1264 2253 1453 2328 ostenditur,
1469 2271 1564 2336 quam
1580 2252 1666 2334 justa

115 2353 221 2434 spexit
235 2353 342 2414 Frater
363 2351 417 2414 ille
436 2351 621 2414 llicbaelem
637 2358 669 2414 ct
684 2349 863 2415 Gabrielem
919 2358 950 2414 et
966 2350 1136 2414 metuenda
1151 2351 1215 2415 sint
1232 2351 1288 2415 Dei
1302 2351 1434 2433 judicia,
1450 2369 1547 2434 quam
1567 2351 1665 2415 etiam

115 2450 345 2514 descendentes
375 2457 504 2533 propter
532 2451 672 2513 animam
701 2449 781 2530 ejus.
811 2451 863 2514 Se·
918 2467 1049 2512 enorme
1072 2455 1238 2532 peccatum
1261 2450 1302 2514 sit
1322 2450 1512 2534 hypocrisis,
1534 2458 1566 2513 et
1586 2450 1663 2513 item

115 2551 257 2631 densque
274 2568 357 2612 unns
371 2568 389 2611 a
404 2547 523 2612 dextris
539 2555 570 2611 et
584 2549 666 2612 alius
681 2569 699 2612 a
713 2549 861 2624 sinistris,
918 2567 1015 2631 quam
1043 2549 1171 2612 salubre
1200 2549 1241 2612 sit
1269 2549 1351 2613 nibil
1380 2550 1534 2614 mundani
1560 2549 1665 2612 solatii

115 2647 268 2730 rogabant
287 2648 428 2710 animam
448 2647 519 2728 ejus
540 2655 576 2710 ut
597 2647 810 2728 egrederetur,
832 2653 864 2710 et
918 2646 1035 2710 habere
1058 2647 1090 2708 in
1112 2647 1176 2710 vita
1197 2646 1357 2730 presenti.

649 3083 842 3210 sunno
880 3081 1129 3171 ruamus

239 3348 319 3406 QDDD
341 3345 498 3394 DlDGffllD
519 3345 639 3394 ssDlDl
659 3347 691 3394 IN
712 3346 845 3394 ominus
866 3346 1048 3406 nestumr,
1069 3347 1106 3394 Π
1126 3347 1218 3394 RA'l'lD
1238 3347 1318 3394 BENE
1339 3347 1536 3406 lucullum,

520 3445 603 3494 BONA
625 3445 797 3504 cumcun,
818 3445 877 3494 NEC
896 3446 985 3492 ΜΗ
1004 3445 1113 3494 ructus
1135 3445 1256 3494 rorsst.

180 3730 421 3794 URIFICATE
442 3731 554 3800 corda,
573 3731 720 3806 duplices
741 3729 861 3792 animo.
878 3727 900 3793 C
917 3735 972 3792 ant
994 3736 1100 3792 mente
1121 3735 1153 3792 et
1174 3727 1247 3812 puri
1267 3728 1301 3791 in
1321 3746 1379 3792 sua
1398 3727 1586 3803 intentione,
1603 3727 1663 3792 soli

189 3825 295 3891 Jacob.
313 3843 354 3901 ιιι,
369 3825 399 3890 8.
918 3828 982 3892 Deo
1006 3827 1147 3892 linaliter
1170 3826 1377 3902 adherentes,
1404 3845 1444 3890 no
1468 3833 1500 3890 et
1523 3845 1557 3890 se
1576 3827 1662 3909 ipsos

150 3927 254 3990 Purus
272 3944 309 3989 ac
330 3925 467 4007 simplex
482 3925 566 3988 Deus
580 3925 649 3990 vult
668 3924 729 3988 sibi
749 3925 863 3988 serviri
918 3925 1046 4008 propria
1068 3925 1254 4008 duplicitate
1276 3925 1495 4007 pravitateque
1519 3924 1663 4007 perdant,

111 4025 210 4090 corde
230 4042 310 4107 puro
329 4043 366 4086 ac
388 4023 540 4106 simplici,
558 4023 642 4088 sicut
660 4043 718 4107 per
735 4025 861 4108 Moysen
915 4043 953 4086 ac
968 4024 1047 4088 alios
1061 4023 1271 4087 lallant.llinc
1285 4024 1318 4086 in
1332 4023 1498 4103 evangelio
1512 4023 1666 4087 hodierno

1 4149 96 4198 exin,
111 4124 195 4187 dixit
212 4141 220 4186 :
237 4122 343 4187 Sancti
360 4129 470 4196 estote,
488 4123 639 4204 quoniam
656 4139 715 4204 ego
734 4129 862 4186 sanctus
918 4123 949 4184 in
973 4123 1087 4205 primis
1108 4122 1201 4186 docet
1221 4121 1405 4203 unigenitus
1424 4121 1523 4184 Filius
1542 4122 1610 4196 Dei,
1630 4129 1665 4184 ut

1 4221 58 4313 {¹¹³¹
71 4211 95 4260 ²⁵
111 4241 197 4286 sum.
224 4220 348 4284 Domini
371 4221 490 4284 etenim
512 4221 625 4284 volunt
647 4229 681 4283 ut
705 4221 789 4284 servi
812 4221 861 4284 sui
916 4240 1085 4285 caveamus
1104 4241 1123 4284 a
1142 4220 1231 4284 lalsis
1248 4219 1424 4303 prophetis,
1441 4219 1501 4282 boc
1516 4227 1564 4282 est
1578 4239 1596 4282 a
1612 4219 1664 4282 do-

111 4323 356 4386 conformentur
383 4319 538 4384 voluntati
568 4337 678 4384 eorum
707 4337 714 4384 :
742 4327 862 4403 quanto
917 4321 1099 4403 ceptoribus
1113 4327 1208 4402 atque
1224 4318 1409 4402 hypocritis,
1425 4335 1466 4380 ne
1481 4335 1592 4380 eorum
1607 4317 1664 4381 lal-

110 4421 217 4503 magis
236 4439 381 4483 summus
402 4419 555 4482 Dominus
575 4418 797 4482 universorum
816 4437 862 4481 re·
916 4419 976 4482 laci
993 4419 1212 4491 instructione,
1222 4416 1436 4500 persuasione,
1445 4416 1593 4498 exemplo
1607 4423 1663 4478 aut

108 4521 214 4604 quirit
230 4525 264 4581 ut
278 4517 445 4582 rationales
460 4525 611 4580 creature
627 4517 779 4580 voluntati
796 4537 860 4580 sue
916 4517 1064 4580 simulata
1089 4515 1255 4580 sanctitate
1278 4513 1437 4577 lallamur.
1460 4515 1550 4588 Nam,
1570 4514 1661 4596 juxta

107 4618 323 4682 sanctissime
342 4615 594 4690 conformentur,
611 4615 740 4680 vitando
756 4615 860 4679 delor·
915 4615 1113 4698 Apostolum,
1134 4615 1244 4677 Sermo
1268 4631 1379 4676 eorum
1402 4621 1438 4676 ut
1460 4631 1575 4676 cancer
1596 4632 1660 4678 ser·
1688 4644 1799 4700 11r,·„,„¹

107 4719 242 4782 unitates
267 4724 298 4780 et
325 4715 532 4798 obliquitates
560 4714 739 4797 culparum,
764 4723 860 4797 atque
915 4716 971 4797 pit.
989 4714 1047 4788 Qui
1063 4713 1197 4776 veniunt
1212 4713 1246 4774 in
1260 4713 1459 4776 vestimentis
1477 4713 1598 4790 ovium,
1615 4713 1661 4776 in·
1675 4711 1708 4754 ¹⁷·

106 4815 250 4880 amando
268 4823 300 4878 ct
318 4814 496 4878 exercendo
510 4819 600 4875 actus
614 4813 793 4876 virtutum?
808 4813 860 4876 ιιι·
915 4819 966 4876 tus
987 4831 1063 4876 vero
1084 4819 1159 4875 sunt
1181 4811 1247 4894 lupi
1270 4829 1409 4893 rapaces.

106 4917 162 4980 bet
178 4917 289 4996 itaque
304 4913 458 4978 Dominus
474 4919 509 4974 ut
524 4912 696 4994 «duplices
711 4913 818 4975 animo
829 4935 858 4988 r,
875 4903 899 4965 D
955 4913 1012 4974 llic
1032 4912 1137 4993 primo
1152 4911 1317 4974 sciendum
1333 4928 1369 4972 ac
1385 4912 1660 4993 perpendendum,

107 5017 139 5078 id
155 5023 208 5078 est
226 5013 301 5076 vitio
316 5011 740 5094 duplicitatis,sirnulationis
755 5019 786 5073 et
801 5012 861 5074 cal·
916 5010 1185 5092 quemadmodum
1202 5009 1280 5071 vitia
1294 5009 1433 5091 speciem
1449 5018 1617 5074 assumunt
1631 5020 1662 5075 et

108 5111 248 5177 liditatis
263 5110 385 5184 inlecti,
403 5117 543 5172 mentem
562 5129 652 5172 suam
673 5109 858 5192 purificent,
915 5107 1160 5170 similitudinem
1175 5107 1347 5188 quamdam
1362 5106 1480 5170 babent
1493 5109 1660 5184 virtutum,

109 5209 309 5296 poenitendc,
326 5207 512 5272 confitendo
531 5214 562 5272 et
582 5207 806 5270 satisfaciendo
821 5208 859 5270 de
914 5207 1024 5288 sicque
1041 5204 1189 5268 malitiosi
1205 5205 1362 5268 virtuosos
1377 5223 1411 5268 se
1426 5205 1587 5269 simulant.
1605 5208 1662 5270 lta·

109 5315 173 5376 istc
193 5309 331 5392 aliisque
349 5307 500 5392 pcccatis,
517 5307 627 5390 sicque
644 5305 807 5388 simplices
821 5305 860 5368 li·
914 5323 988 5390 que,
1010 5305 1161 5387 quoniam
1183 5301 1285 5366 virtus
1307 5311 1370 5367 tam
1393 5302 1510 5366 nobilis
1530 5323 1660 5370 venera·
