4164 6258
345 511 493 560 nonnum
515 512 546 559 vr
567 511 641 560 rosr
660 511 856 560 mrurrnrsu.
876 527 918 542 -
938 512 980 560 an
999 512 1174 560 rauromsos
1185 512 1194 576 ;
1217 513 1316 562 sasso
1336 515 1449 563 sexsus
1610 497 1672 562 269

126 681 177 744 sed
199 688 277 743 ωηο
300 682 424 746 sufficit
445 690 481 745 ut
501 681 531 746 ei
553 683 699 766 ignoscas
721 683 804 746 sicut
822 681 871 746 vis
885 683 912 750 l
928 685 991 746 tius
1007 683 1143 758 nocitus,
1160 683 1220 746 hoc
1234 691 1283 747 est
1297 691 1526 748 nocumentum
1543 702 1671 767 perpes·

126 777 181 841 tihi
203 797 222 840 a
244 778 310 841 Deo
333 779 462 861 ignosci.
480 781 706 844 Verumtamen
727 799 871 845 necessa·
927 801 992 856 sus,
1008 781 1106 844 debes
1126 789 1294 846 nocentem
1314 799 1435 864 rogare,
1452 789 1487 844 ut
1508 779 1671 864 duplicem

126 875 206 937 rium
233 884 281 938 est
304 877 433 959 culpam
457 877 547 941 fratri
573 879 748 960 ignoscere,
774 881 870 942 etium
927 880 1131 962 consequaris
1147 898 1294 945 coronam
1309 899 1437 956 tunam,
1453 880 1604 963 quoniam
1620 897 1673 942 no·

126 981 293 1055 antequam
318 976 445 1038 veniam
469 983 567 1059 petet,
583 978 761 1040 secundum
786 978 870 1060 quod
927 978 1010 1040 citus
1033 995 1085 1056 es;
1100 977 1245 1051 alteram,
1265 977 1341 1060 quia
1362 979 1450 1060 prior
1473 977 1598 1058 rogasti.
1617 977 1672 1039 Fe·

9 1070 221 1151 aareaasexigit
236 1072 359 1136 caritas.
373 1073 411 1135 Et
426 1073 568 1136 Christus
584 1075 869 1149 disseruitttluum
926 1076 1009 1138 stine
1030 1093 1106 1156 crgo
1128 1075 1295 1138 inimicum
1317 1083 1410 1138 tuum
1432 1075 1609 1159 prevenire
1632 1074 1672 1137 ad

124 1168 210 1230 statis
226 1168 265 1231 ad
286 1170 453 1244 orandum,
470 1169 621 1234 dimittite
641 1171 668 1233 si
683 1172 762 1254 quid
776 1171 870 1235 habe·
925 1173 1094 1248 amicitias,
1111 1192 1151 1236 ne
1166 1173 1298 1236 forsitan
1313 1181 1344 1236 te
1360 1174 1513 1248 tardante,
1524 1173 1579 1236 ille
1593 1191 1673 1256 pre·

125 1267 162 1328 tis
185 1266 339 1330 adversus
362 1268 513 1351 aliquem,
540 1277 575 1332 ut
598 1277 628 1332 et
652 1270 742 1332 Pater
764 1279 870 1334 vester
926 1272 1033 1334 veniat
1047 1273 1086 1334 ad
1103 1271 1289 1352 rogandum,
1304 1281 1336 1334 et
1350 1272 1452 1355 rapiat
1466 1273 1505 1334 de
1525 1271 1672 1334 manibus

124 1367 260 1430 coelestis
275 1368 520 1432 dimittutvobis
541 1377 672 1453 peccata
687 1379 800 1434 vestra.
818 1372 870 1434 Sa-
927 1370 990 1432 tuis
1015 1370 1141 1452 pictatis
1165 1370 1354 1434 mercedem.
1380 1370 1459 1434 Nam
1484 1370 1511 1432 si
1536 1369 1589 1432 ille
1613 1369 1672 1432 tihi

123 1466 259 1529 tisfactio
274 1475 381 1530 autem
401 1465 484 1548 exigi
505 1475 667 1550 potestas
687 1469 818 1532 caritate
838 1478 870 1532 ct
927 1469 1046 1541 nocuit,
1065 1475 1103 1529 'et
1132 1467 1186 1530 ille
1215 1475 1245 1530 te
1275 1475 1373 1548 rogat,
1399 1467 1598 1531 infructuosa
1626 1475 1675 1530 est

121 1563 186 1625 zelo
199 1563 339 1645 justitiae,
348 1565 525 1628 secundum
539 1565 621 1646 juris
636 1575 870 1650 tenorem,pro
925 1566 1066 1628 amicitia
1085 1574 1148 1628 tua.
1166 1565 1266 1639 Onam
1286 1566 1372 1628 enirn
1393 1565 1498 1628 fecisti
1516 1565 1673 1647 justitiam

120 1679 246 1724 cessum
261 1661 455 1736 efformem,
472 1681 655 1745 quanquam
677 1663 869 1728 laudabilius
925 1671 998 1726 ante
1015 1664 1125 1737 Deum,
1143 1663 1168 1726 si
1187 1671 1313 1746 rogatus
1329 1672 1360 1726 te
1375 1665 1532 1746 placastif

121 1758 161 1819 sit
184 1777 312 1840 poenam
341 1777 469 1842 quoque
497 1760 669 1835 dimittere,
695 1761 758 1824 nisi
788 1762 868 1826 forte
965 1763 1067 1837 Quum
1093 1780 1168 1844 ergo
1192 1763 1345 1845 predicta
1367 1763 1539 1845 peregeris,
1563 1785 1580 1823 c
1595 1770 1673 1826 tunc

120 1856 179 1919 hoc
200 1858 292 1920 cedat
312 1857 346 1920 in
360 1857 598 1939 derogationem
616 1859 748 1940 justitie
768 1869 799 1922 et
819 1861 870 1924 de·
887 1864 911 1926 Β
926 1861 1058 1923 veniens
1074 1883 1103 1934 »,
1127 1861 1187 1923 hoe
1210 1867 1269 1934 est,
1297 1860 1441 1924 localiter
1464 1861 1601 1936 rediens,
1621 1861 1673 1924 vel

121 1956 307 2019 trimentum
325 1956 400 2020 honi
416 1959 609 2032 communis,
626 1967 658 2020 et
673 1959 699 2022 is
714 1960 769 2043 qui
788 1959 869 2022 fore·
926 1959 1136 2022 intentionem
1153 1966 1239 2020 tuam
1254 1959 1294 2021 ad
1310 1959 1341 2021 id
1357 1958 1442 2042 quod
1457 1978 1599 2041 coeperas
1616 1978 1673 2022 seu

119 2052 207 2128 fecit,
223 2072 263 2116 cx
281 2054 341 2118 hoc
364 2055 640 2131 insolentiorfiat,
656 2057 870 2140 audaciorque
925 2074 1147 2140 proposueras,
1178 2074 1342 2132 revocans,
1369 2079 1385 2116 a
1409 2056 1526 2120 offeres
1556 2076 1673 2120 munus

119 2151 157 2212 ad
179 2151 400 2232 injuriandum
418 2170 425 2214 :
441 2161 518 2215 ωηο
538 2153 624 2216 enim
649 2171 708 2236 pro
727 2155 797 2236 ejus
822 2175 870 2218 sa·
925 2163 1017 2218 tuum
1033 2177 1062 2228 a,
1088 2155 1121 2217 id
1144 2155 1383 2229 ostimentum
1408 2174 1463 2218 seu
1487 2155 1672 2219 inchoatum

121 2249 185 2312 lute
200 2257 251 2312 est
271 2257 306 2312 ut
324 2250 518 2334 reprimatur
533 2269 590 2334 per
606 2270 725 2334 poenas.
743 2253 776 2316 Si
794 2271 871 2336 ergo
925 2255 980 2316 Dei
1002 2254 1195 2336 obsequium
1216 2253 1429 2336 prosequeris.

119 2348 220 2410 alium
242 2366 305 2412 ηοη
324 2348 501 2424 offendisti,
518 2351 572 2412 sed
594 2350 662 2432 ipse
684 2357 726 2424 te,
742 2369 804 2414 non
824 2359 870 2414 te·
964 2354 1128 2427 Praeterea,
1146 2351 1300 2434 perfectio
1316 2351 1456 2414 hominis
1472 2359 1531 2428 est,
1548 2351 1577 2416 ci
1594 2353 1671 2416 assi·

120 2447 206 2508 neris
221 2447 261 2508 ad
276 2465 313 2509 ea
327 2467 398 2530 quae
413 2447 499 2510 dicta
516 2455 590 2510 sunt
607 2465 613 2508 :
630 2467 702 2530 que
718 2456 823 2512 tamen
843 2449 870 2511 si
926 2451 1030 2514 milari
1049 2451 1088 2513 ad
1108 2451 1201 2532 cujus
1219 2451 1391 2532 imaginem
1411 2449 1671 2514 similitudinem·
1696 2471 1817 2524 caumas,

119 2544 248 2619 feceris,
273 2562 354 2629 opus
378 2554 426 2609 est
450 2546 667 2629 perfectionis,
693 2555 725 2610 et
750 2566 871 2629 magnae
925 2569 988 2632 que
1004 2558 1129 2612 oreatus
1144 2556 1201 2612 est.
1218 2550 1321 2623 Ouum
1337 2566 1412 2630 ergo
1427 2550 1510 2612 Deus
1524 2557 1670 2624 eternus,
1686 2537 1720 2578 ²⁷·

119 2644 262 2707 caritatis
290 2662 328 2707 ac
352 2645 490 2727 pietatis,
516 2645 748 2729 copiosumque
776 2647 870 2710 meri·
925 2667 943 2710 a
968 2647 1128 2731 principio
1153 2647 1277 2720 mundi,
1293 2655 1326 2708 et
1349 2647 1501 2730 deinceps
1525 2667 1582 2731 per
1604 2649 1673 2711 uni·

118 2751 188 2804 tum
211 2743 428 2824 consequeris.
926 2764 1035 2808 verses
1050 2745 1120 2827 ejus
1134 2752 1253 2818 etates,
1269 2744 1309 2807 ab
1325 2744 1511 2808 hominibus
1526 2747 1674 2810 innume-

159 2842 262 2916 Unde,
278 2841 455 2904 secundum
471 2841 733 2926 chrysostomum
754 2851 786 2906 ct
800 2843 871 2907 Cas·
927 2843 1080 2917 rabiliter,
1097 2842 1284 2925 gravissime
1304 2850 1336 2905 et
1358 2841 1567 2906 ineffabiliter
1585 2862 1673 2926 pror·

118 2939 306 3014 sianum,ad
322 2939 463 3002 caritatis
477 2940 618 3022 pertinet
632 2941 869 3023 perfectionem,
926 2963 980 3005 sus
1010 2942 1191 3023 injuriatus,
1221 2941 1377 3017 offensus,
1407 2940 1614 3006 inhonoratus
1642 2950 1674 3006 et

118 3046 154 3099 ut
179 3039 279 3100 etiam
303 3037 330 3099 is
358 3037 414 3120 qui
444 3037 538 3102 lesus
566 3047 624 3114 est,
647 3037 869 3103 forefactorem
889 3047 1140 3122 coontemptus,
1175 3039 1278 3102 nihilo
1312 3040 1419 3102 minus
1452 3057 1510 3122 per
1542 3049 1673 3103 cunctas

116 3155 216 3198 suum
232 3136 358 3198 studeat
373 3135 530 3217 mitigare,
547 3154 611 3199 non
626 3137 731 3200 solum
749 3137 869 3200 illatam
926 3140 1037 3202 mundi
1052 3145 1170 3212 aetates,
1188 3157 1246 3220 per
1260 3156 1294 3200 se
1314 3137 1420 3219 ipsum
1439 3138 1549 3201 divino
1565 3139 1675 3201 instin-

116 3235 312 3296 dimittcndo
337 3233 500 3316 injuriam,
521 3235 576 3298 sed
602 3243 633 3298 et
657 3234 783 3299 blandis
808 3255 871 3298 ser·
925 3245 989 3311 ctu,
1006 3256 1064 3320 per
1077 3236 1206 3317 angelos
1228 3243 1366 3309 sanctos,
1383 3235 1532 3300 videlicet
1547 3254 1675 3319 per-eo·

117 3333 273 3396 monibus
304 3351 359 3396 cor
389 3333 460 3414 ejus
491 3334 656 3396 caritative
687 3335 869 3410 mulcendo,
926 3353 996 3396 rum
1026 3334 1251 3417 inspirationes
1282 3342 1313 3396 et
1342 3334 1512 3410 custodias,
1538 3354 1597 3418 per
1622 3336 1675 3398 Pa-

115 3441 279 3514 quatenus
300 3431 339 3494 de
359 3438 466 3495 cetero
484 3431 646 3495 sincerum
666 3434 704 3495 ad
727 3451 761 3496 se
782 3441 870 3513 gerat
925 3433 1090 3507 triarchas,
1120 3432 1303 3514 Prophetas,
1332 3439 1388 3495 aut
1417 3431 1497 3496 alios
1526 3433 1673 3498 homines

113 3530 285 3592 affectum.
302 3529 423 3612 Nempe
448 3529 474 3592 si
497 3530 628 3592 alterius
651 3531 798 3613 quamvis
823 3532 869 3593 in·
924 3538 1061 3604 sanctos,
1079 3529 1262 3592 invitaverit
1276 3537 1577 3611 transgressoreS,et
1593 3551 1673 3614 prae·

113 3627 286 3709 juriatoris
316 3629 361 3689 tui
392 3634 482 3710 potes
513 3628 713 3691 aversionem
746 3647 868 3704 curare,
925 3629 1048 3692 venerit
1072 3646 1126 3692 eos
1146 3628 1185 3690 ad
1211 3647 1301 3692 suam
1324 3629 1529 3692 dilectionem
1551 3639 1584 3694 et
1603 3649 1672 3712 gre·

114 3725 257 3808 ejusque
276 3725 417 3788 animam
436 3725 476 3788 de
493 3733 594 3788 morte
614 3726 737 3809 peccati
758 3745 869 3790 eruere
925 3728 1013 3802 tiam,
1030 3745 1084 3790 eos
1105 3726 1261 3790 hortando
1285 3733 1317 3788 et
1339 3726 1531 3803 reducendo,
1553 3729 1617 3792 imo
1641 3737 1673 3792 ct

113 3824 215 3886 modo
229 3822 296 3904 jam
311 3830 405 3898 tacto,
422 3841 482 3886 nee
499 3830 606 3886 tamen
621 3825 681 3888 boo
697 3824 788 3900 facis,
805 3843 869 3888 non
925 3845 983 3908 per
1006 3826 1093 3890 varie
1116 3825 1276 3890 beneficia
1300 3843 1337 3887 ac
1366 3826 1523 3908 promissa
1547 3826 1579 3889 id
1602 3846 1672 3911 per-

112 3923 241 3986 videris
255 3941 325 3984 esse
341 3923 374 3984 in
389 3923 519 3984 caritate
535 3922 707 4004 perfectus,
724 3943 783 3986 nec
800 3924 870 3986 imi·
924 3925 1056 4006 egendo,
1073 3933 1105 3986 et
1119 3925 1247 3986 tandem
1268 3924 1469 4004 unigenitum
1490 3924 1606 3988 Filium
1622 3915 1672 3988 sul
1684 3947 1818 4002 ramam,

111 4029 199 4083 tator
216 4019 334 4084 Christi
355 4021 511 4095 sincerus,
528 4021 583 4103 qui
603 4039 661 4103 pro
680 4021 869 4084 adversariis
925 4043 979 4086 um
1009 4023 1165 4086 mittendo
1194 4022 1226 4085 in
1257 4023 1425 4096 mundum,
1455 4031 1487 4085 et
1515 4042 1573 4106 per
1601 4025 1671 4106 ejus
1684 4013 1704 4054 ⁹·

110 4118 311 4200 sangninem
327 4137 421 4180 suurn
436 4118 530 4182 fudit.
547 4119 624 4193 lmo,
640 4139 740 4202 quum
756 4119 869 4183 debes·
924 4121 1106 4205 passionem
1122 4119 1184 4182 sibi
1200 4120 1435 4184 reconciliando
1448 4138 1549 4201 genus
1564 4122 1673 4185 huma·

111 4237 191 4280 mus
218 4217 322 4279 Deum
351 4216 545 4280 altissimum
570 4237 666 4300 super
692 4219 799 4280 omnia
824 4219 909 4290 in·[)
926 4237 1016 4293 num,
1031 4226 1127 4300 atque
1143 4236 1201 4300 per
1215 4217 1286 4298 ejus
1299 4217 1466 4300 Apostolos
1487 4226 1672 4302 ceterosque

110 4315 381 4398 comparabiliter
405 4332 532 4398 semper
555 4315 699 4396 diligere,
716 4316 870 4380 dehemus
924 4317 1111 4399 discipulos,
1128 4316 1250 4399 ubique
1265 4323 1421 4379 terrarum
1441 4317 1588 4380 homines
1607 4337 1674 4382 sce-

109 4433 251 4479 omnem
267 4413 339 4494 ejus
358 4414 634 4477 inhonorationem
654 4421 749 4497 atque
768 4416 871 4478 offen·
927 4417 1041 4479 leratos
1061 4416 1100 4478 ad
1124 4433 1214 4478 suam
1240 4413 1427 4490 amicitiam,
1444 4415 1674 4481 reconciliatio·

109 4535 184 4578 sam
203 4530 374 4597 proposse
389 4513 489 4577 vitare
506 4529 513 4574 :
530 4513 650 4576 idcirco
664 4515 870 4596 satagendum
926 4533 1000 4577 nem
1025 4522 1057 4577 ct
1084 4512 1286 4576 concordiam
1315 4513 1505 4590 inducendo,
1531 4521 1563 4577 et
1592 4514 1675 4580 ultra

110 4621 163 4678 est
178 4611 281 4676 nobis
296 4618 332 4673 ut
351 4619 383 4674 et
402 4611 625 4692 injuriatorem
639 4630 658 4674 a
672 4611 728 4674 Dei
748 4612 872 4676 offensa
926 4613 986 4676 hoc
1007 4611 1235 4697 sempiternam
1258 4611 1304 4674 eis
1326 4612 1556 4676 beatitudinem
1581 4613 1673 4696 polli-

109 4721 143 4776 et
159 4711 244 4776 odio
262 4709 412 4793 proximi,
428 4728 465 4773 ec
483 4709 555 4774 aliis
570 4710 657 4773 vitiis
672 4711 705 4772 in
724 4730 796 4794 quae
810 4711 871 4776 for·
926 4712 1038 4787 cendo,
1053 4711 1228 4793 gratiarum
1243 4729 1372 4795 quoque
1393 4711 1521 4796 copiosa
1535 4713 1673 4778 offeren-

109 4832 172 4876 san
199 4817 378 4886 corrueret,
395 4828 638 4893 praeservemus,
655 4829 730 4874 eum
751 4828 870 4894 preve·
926 4813 966 4874 do
990 4811 1199 4891 charismata3
1224 4809 1379 4874 dehemus
1403 4829 1461 4875 nos
1490 4821 1673 4896 peccatores

108 4911 243 4976 nicndo
261 4917 294 4972 ct
313 4909 498 4989 mitigando.
516 4909 599 4972 Dicit
618 4928 757 4992 namque
774 4910 870 4995 (thry-
926 4909 1086 4985 vilissimi,
1103 4910 1274 4974 Dominum
1297 4911 1397 4973 Deum
1419 4919 1564 4976 nostrum
1583 4922 1673 4976 natu·

107 5020 282 5076 sostomus
299 5027 306 5072 :
323 5009 368 5072 Ne
388 5009 486 5083 dicas,
502 5007 558 5071 llle
580 5008 659 5072 mihi
679 5010 799 5086 nocuit,
816 5011 871 5074 ille
926 5009 1033 5074 raliter
1057 5009 1178 5072 bonum
1206 5028 1244 5072 ac
1268 5009 1359 5093 pium
1385 5009 1418 5073 in
1443 5011 1504 5074 isto
1532 5011 1673 5076 fideliter

108 5113 199 5177 mibi
233 5110 417 5174 satisfacere
443 5109 549 5185 debet,
574 5127 639 5172 non
667 5128 726 5192 ago
754 5111 811 5174 illi.
838 5111 871 5175 Si
927 5108 1057 5184 imitari,
1075 5126 1139 5171 non
1161 5109 1266 5172 solum
1288 5108 1531 5190 injuriatoribus
1555 5113 1671 5176 uostris

106 5215 207 5276 enim
226 5229 285 5295 pro
298 5209 399 5292 gloria
413 5216 446 5272 ct
465 5209 663 5273 incremento
683 5217 745 5273 tuae
759 5209 870 5273 salutis
927 5209 1072 5272 donando
1091 5208 1168 5270 dum
1183 5207 1311 5270 veniam
1329 5215 1454 5290 petunt,
1469 5217 1523 5272 aut
1543 5229 1671 5292 poenam

103 5315 212 5398 jubet
229 5321 260 5374 tc
279 5310 434 5375 Dominus
453 5309 610 5374 amicitias
629 5308 745 5385 facere,
761 5317 796 5372 tu
815 5328 870 5393 po·
927 5308 1023 5372 simul
1038 5327 1112 5370 cum
1128 5307 1222 5390 culpa
1234 5307 1423 5370 dimittendo
1437 5307 1558 5372 eisdem
1574 5311 1670 5378 ctiam
