4214 6254
461 491 523 558 lto
821 513 969 562 nonnum
990 514 999 560 r
1021 514 1095 561 nosr
1115 512 1309 560 masmanna.
1329 532 1369 544 -
1390 514 1489 562 suano
1510 513 1665 563 sncounus

328 700 448 754 raam,
463 681 572 746 lomon
596 690 791 748 contestatur
810 703 817 749 :
837 685 892 748 Est
913 685 965 747 via
989 704 1060 767 quae
1082 685 1250 749 videturA
1267 692 1313 746 tes
1333 685 1418 760 fieri,
1436 685 1582 749 incidunt
1601 687 1634 750 in
1653 686 1843 751 tentationes
1860 696 1890 751 et
1902 687 1986 772 laque

315 765 349 808 ²⁵·
462 781 587 844 homini
603 781 697 858 bona,
713 792 746 847 et
759 785 934 848 novissima
947 784 1018 865 ejus
1036 784 1157 847 ducunt
1171 783 1210 846 ad
1266 803 1321 846 um
1337 783 1466 860 diaboli,
1476 793 1508 848 ct
1522 785 1680 848 desideria
1694 785 1795 849 multa
1809 786 1925 862 nociva,
1933 807 1986 870 qua

321 898 409 954 naues.
420 913 448 952 a,
464 889 611 944 mortem.
622 882 791 965 Propterea
806 883 918 946 scribit
932 883 1101 965 Apostolus
1114 899 1121 944 τ
1134 883 1211 946 Con·
1267 892 1415 964 mergunt
1435 885 1600 948 hominem
1623 885 1655 948 in
1677 885 1896 968 perditionem.

317 964 395 1013 ¹⁰¹¹¹·
462 978 626 1042 fortamini
652 981 685 1042 in
709 982 854 1056 Domino,
871 989 903 1044 et
926 981 1050 1044 induite
1073 989 1210 1044 armatu·
1307 981 1388 1044 Ecce
1408 983 1499 1063 juxta
1520 983 1576 1045 has
1601 984 1811 1066 proprietates
1836 987 1987 1067 peregrine

463 1095 531 1139 ram
552 1078 619 1152 Ilei,
637 1079 669 1141 id
688 1088 738 1142 est
756 1081 901 1155 virtutes,
923 1089 959 1143 ut
978 1080 1106 1162 possitis
1128 1087 1210 1143 stare
1267 1100 1338 1143 rum
1363 1089 1396 1144 ct
1419 1082 1566 1145 exsulum
1590 1082 1754 1146 ambulare
1778 1090 1811 1145 et
1834 1087 1986 1148 conversari

462 1175 614 1238 adversus
639 1177 771 1240 insidias
793 1177 921 1242 diaboli.
1266 1197 1324 1242 nos
1343 1187 1478 1262 oportet,
1496 1187 1528 1244 et
1548 1182 1708 1244 mundana
1727 1181 1900 1262 despicere,
1913 1191 1986 1264 atquc

502 1275 607 1350 Sexto,
644 1276 799 1340 dehemus
834 1277 934 1341 instar
968 1277 1210 1360 peregrinorum
1267 1277 1300 1340 in
1321 1279 1405 1340 veris
1425 1279 1604 1341 animarum
1625 1279 1747 1342 divitiis
1761 1278 1926 1354 abundare,
1940 1300 1987 1344 non

340 1415 343 1426 .
461 1391 615 1455 querere,
632 1382 664 1436 et
686 1374 824 1438 libenter
845 1376 973 1451 hahere,
991 1374 1210 1457 stabiliterque
1269 1377 1301 1438 in
1326 1376 1557 1459 temporalibus
1583 1377 1828 1461 prosperitatem
1851 1385 1986 1460 appetere,

460 1481 570 1535 tenere
595 1471 711 1536 bonnm
736 1475 931 1548 societatem,
948 1475 1008 1536 hoc
1033 1481 1091 1549 est,
1108 1474 1209 1537 homi·
1267 1475 1320 1538 sed
1337 1475 1525 1538 necessariis
1541 1482 1572 1538 et
1592 1474 1726 1538 utilibus
1746 1477 1927 1550 contentari,
1941 1495 1987 1540 non

461 1590 518 1633 nes
537 1571 696 1636 virtuosos
717 1571 834 1636 habere
856 1581 1017 1636 consortes
1039 1573 1070 1634 in
1090 1573 1143 1635 via
1164 1592 1210 1635 sa·
1267 1574 1299 1636 in
1321 1573 1496 1656 superfluis
1518 1573 1659 1657 gloriari.

461 1668 548 1743 lutis,
579 1679 611 1733 et
639 1670 759 1734 talibus
788 1690 845 1735 nos
874 1671 1042 1746 associare,
1072 1689 1209 1754 quorum
1305 1673 1465 1736 Postremo
1489 1673 1589 1754 aliqui
1619 1672 1792 1755 opinantur
1814 1675 1898 1756 quod
1919 1674 1988 1737 dives

461 1767 569 1831 verbis
592 1777 624 1832 et
644 1769 769 1832 actibus
792 1770 1002 1845 aedificemur,
1019 1788 1154 1853 quorum
1178 1778 1211 1833 et
1265 1771 1304 1832 de
1329 1789 1391 1852 quo
1415 1771 1447 1833 in
1469 1771 1618 1853 presenti
1640 1771 1805 1853 evangelio
1830 1789 1929 1834 sermo
1943 1781 1987 1847 cst,

460 1867 611 1949 precibus
632 1868 833 1948 adjuvemur,
850 1877 882 1931 et
903 1886 1039 1951 quorum
1059 1869 1209 1932 societate
1226 1867 1249 1928 B
1265 1870 1330 1932 fuit
1342 1869 1451 1943 Nabal,
1467 1871 1506 1934 de
1521 1889 1585 1952 quo
1601 1871 1705 1953 primo
1720 1871 1844 1952 Regum
1858 1870 1987 1933 habetur:
2002 1886 2068 1940 uae.

460 1964 656 2028 sanctificari
671 1966 939 2048 possimus,juxta
954 1967 1039 2048 quod
1054 1967 1208 2049 scriptum
1265 1969 1350 2050 quod
1374 1985 1504 2050 prorsus
1529 1969 1687 2031 incertum
1711 1975 1770 2042 est,
1797 1968 1937 2051 quamvis
1959 1953 2051 2031 erm*

314 2079 446 2130 ran-las.
462 2071 511 2126 est
528 2081 534 2124 :
552 2063 631 2126 Cum
652 2073 761 2127 sancto
781 2072 908 2127 sanctus
928 2065 1003 2139 eris,
1020 2073 1051 2128 et
1071 2084 1144 2128 cum
1165 2066 1210 2126 in·
1264 2065 1427 2148 aliquibus
1451 2071 1522 2149 q'uae
1547 2067 1668 2130 ibidem
1690 2067 1729 2130 de
1749 2067 1851 2131 Nabal
1871 2068 1989 2130 scribun-

381 2157 385 2164 '
463 2169 597 2224 nocente
622 2163 774 2226 innocens
796 2164 872 2225 cris.
889 2164 1022 2226 Multum
1048 2164 1135 2226 enim
1157 2184 1209 2226 va-
1265 2173 1327 2239 tur,
1353 2165 1572 2248 apparentiam
1596 2165 1697 2247 possit
1718 2164 1848 2228 habere.
1874 2166 1944 2227 llinc
1962 2165 1990 2227 dc

462 2259 506 2322 let
527 2259 610 2323 hona
630 2268 663 2322 et
683 2260 824 2323 virtuosa
842 2263 986 2337 societas,
1008 2263 1083 2344 quia
1102 2269 1138 2324 ut
1159 2263 1210 2325 Sa·
1265 2263 1363 2326 Nabal
1379 2262 1435 2326 illo
1447 2263 1513 2344 jam
1529 2263 1650 2344 aliquid
1666 2270 1803 2344 tangam.
1822 2264 1893 2325 Fuit
1906 2262 1991 2345 itaque

336 2387 361 2416 m
464 2358 571 2421 lomon
596 2358 765 2440 loquitur:
787 2360 893 2422 Frater
910 2360 972 2442 qui
997 2360 1166 2442 adjuvatur
1192 2380 1211 2423 a
1265 2360 1364 2424 Nabal
1380 2361 1522 2443 locuples
1540 2361 1641 2436 valde,
1654 2361 1885 2424 immisericors
1899 2369 1991 2424 eteru-

343 2466 348 2478 ·
462 2456 571 2532 fratre,
589 2457 680 2539 quasi
700 2457 811 2520 civitas
832 2466 880 2520 est
898 2459 1030 2520 munita.
1048 2460 1082 2521 ln
1103 2459 1209 2521 Eccle-
1266 2459 1355 2522 delis.
1378 2460 1546 2541 Quumque
1570 2460 1706 2542 quadam
1731 2461 1783 2522 die
1806 2461 1992 2523 tonderentur

462 2555 591 2619 siastico
614 2573 742 2638 quoque
772 2555 907 2619 habetur
932 2573 939 2618 ε
965 2557 1067 2630 Quum
1091 2557 1209 2620 videris
1265 2575 1341 2620 oves
1371 2557 1484 2639 ipsius,
1509 2566 1541 2620 et
1565 2557 1634 2640 ipse
1663 2565 1875 2641 preparasset
1896 2557 1992 2620 sibiet

343 2663 349 2675 ’
462 2654 748 2728 sensatum‚statim
765 2655 881 2736 evigila
896 2655 935 2717 ad
951 2655 1100 2718 illumllt
1114 2675 1211 2737 quan·
1265 2656 1332 2718 suis
1364 2655 1548 2718 convivium
1579 2656 1670 2737 quasi
1702 2656 1888 2719 convivium
1916 2656 1991 2736 regis,

462 2760 530 2815 tum
548 2753 678 2835 prodest
692 2753 833 2816 virtuosa
853 2754 997 2829 societas,
1015 2762 1138 2816 tantum
1155 2773 1209 2817 no·
1265 2762 1392 2816 sanctus
1417 2754 1527 2828 David,
1544 2753 1600 2835 qui
1622 2762 1699 2816 tunc
1722 2773 1796 2817 cum
1820 2755 1927 2816 multis
1945 2753 1992 2815 sihi

462 2850 533 2914 civa
557 2860 606 2914 est
630 2852 763 2915 societas
790 2871 898 2934 prava,
925 2872 1024 2934 quum
1053 2853 1208 2935 scriptum
1265 2851 1500 2914 adherentibus
1524 2850 1667 2932 fugiebat
1688 2871 1707 2914 a
1727 2850 1810 2914 faeie
1834 2851 1906 2915 Saul
1928 2851 1993 2931 regis

313 2963 353 3008 1²⁸.
360 2967 444 3014 xurar.
460 2951 520 3013 sit:
533 2951 613 3014 Cum
628 2969 778 3034 perverso
794 2952 994 3033 perverteris.
1007 2951 1045 3013 Et
1060 2952 1209 3014 Salomon
1266 2949 1371 3031 ipsum
1388 2947 1600 3028 injustissime
1615 2949 1850 3031 persequentis,
1861 2949 1942 3011 misit
1953 2947 1994 3009 ali·

327 3061 446 3114 aronam,
460 3049 505 3111 ait
528 3067 535 3111 :
556 3049 687 3111 Amicus
712 3050 881 3112 stultorum
907 3050 1022 3112 similis
1048 3049 1112 3111 illis
1136 3049 1206 3111 erit.
1225 3042 1246 3104 C
1265 3063 1344 3129 quos
1360 3065 1399 3109 cx
1418 3047 1518 3109 servis
1539 3047 1605 3109 suis
1621 3048 1660 3109 ad
1678 3047 1787 3121 Nabal,
1806 3049 1944 3111 modeste
1960 3054 1993 3107 at·

313 3127 443 3239 ,²,⁰·„,„„„,¹
460 3145 539 3209 nine
561 3147 639 3208 nica
660 3146 829 3228 Apostolus
847 3164 853 3210 :
871 3147 1069 3209 summes
1091 3164 1148 3209 vos
1169 3146 1208 3208 aa
1264 3165 1326 3228 que
1345 3145 1511 3208 numium·
1531 3153 1642 3227 petens
1662 3145 1724 3207 siu
1745 3165 1782 3208 aa
1802 3146 1872 3209 suis
1892 3143 1993 3227 auquu

313 3254 332 3293 ⁶·
459 3245 548 3308 omni
562 3244 658 3307 fratre
674 3245 857 3307 ambulante
874 3245 1061 3308 inordinate.
1079 3245 1146 3308 Non
1163 3263 1209 3306 er·
1264 3244 1409 3306 ciborum
1425 3243 1577 3306 destinari
1593 3243 1733 3306 aNabal.
1751 3244 1810 3317 Qui
1827 3245 1931 3307 statim
1945 3262 1993 3305 ser·

458 3361 498 3424 go
528 3342 638 3425 pigris,
665 3344 720 3405 sed
747 3343 880 3406 fervidis
909 3344 941 3405 in
970 3345 1023 3405 via
1051 3343 1207 3406 virtutum
1264 3343 1311 3406 vis
1327 3343 1425 3405 David
1441 3341 1670 3424 superbissime
1686 3342 1994 3424 insipientissimequc

459 3457 516 3503 nos
541 3440 751 3522 applicemus
771 3458 908 3521 quorum
932 3440 1206 3504 exhortationibus
1263 3440 1438 3522 respondit,
1470 3439 1605 3502 dicendo
1632 3457 1638 3501 :
1665 3439 1741 3514 Quis
1769 3448 1819 3502 est
1848 3440 1995 3514 Deridet

459 3546 555 3620 atque
576 3539 733 3621 exemplis
754 3539 896 3620 quotidie
918 3540 1139 3602 accendamur.
1264 3539 1336 3620 quis
1352 3545 1400 3601 est
1416 3537 1504 3600 filius
1519 3537 1599 3600 lsail
1614 3537 1714 3600 Hodie
1729 3539 1933 3602 increverunt
1946 3556 1995 3599 ser-

498 3635 652 3717 Septimo,
668 3636 823 3698 debemus
838 3654 896 3699 nos
912 3637 1011 3698 instar
1025 3637 1205 3718 peregrino·
1264 3638 1295 3699 vi
1312 3637 1366 3718 qui
1387 3636 1515 3717 fugiunt
1533 3635 1680 3699 dominos
1700 3654 1784 3698 suos.
1801 3635 1867 3699 Hac
1888 3653 1996 3717 respon-

458 3753 530 3796 rum
547 3733 590 3795 ita
605 3733 722 3796 vestire
736 3752 773 3796 ac
789 3733 982 3808 enutrire,et
998 3733 1089 3797 nobis
1103 3733 1208 3796 taliter
1264 3736 1353 3798 sione
1375 3734 1492 3808 audita,
1508 3733 1607 3797 David
1630 3752 1703 3796 cum
1724 3733 1925 3815 adjutoribus
1944 3732 1996 3794 suis

459 3831 640 3915 providere,
668 3839 703 3893 ut
727 3832 867 3914 expediti
892 3832 992 3894 simus
1017 3833 1055 3895 ad
1080 3850 1207 3914 pregre·
1264 3833 1405 3916 perrexit
1420 3840 1455 3894 ut
1470 3839 1652 3915 percuteret
1666 3832 1804 3915 impium
1822 3832 1929 3896 Nabal.
1944 3831 1997 3904 Ouo

460 3929 613 3992 diendum
630 3929 662 3991 in
678 3929 730 3992 via
744 3927 908 4003 salutis,id
923 3929 1024 3992 estad
1040 3929 1208 4012 proficien·
1263 3932 1401 4014 cognito,
1419 3949 1498 3993 uxor
1519 3930 1629 4005 Nabal,
1645 3929 1767 3993 femina
1791 3931 1934 4012 pulchra,
1949 3929 1997 3992 clo

459 4028 537 4091 dum
554 4027 587 4089 in
603 4028 690 4090 omni
706 4027 835 4102 virtute,
851 4028 890 4090 ad
910 4028 1065 4090 orandum
1081 4028 1205 4102 devote,
1263 4050 1376 4113 quens,
1393 4029 1476 4093 bona
1492 4028 1648 4111 valdeque
1666 4030 1819 4112 prudens,
1831 4027 1997 4112 properavit

458 4127 497 4189 ad
513 4126 796 4208 contemplandum
812 4125 946 4201 sincere,
956 4126 994 4188 ad
1010 4125 1206 4207 diligendum
1263 4129 1296 4192 in
1312 4148 1482 4193 occursum
1497 4129 1609 4203 David,
1626 4127 1773 4192 deferens
1789 4128 1819 4190 ei
1836 4126 1998 4192 necessaria

458 4225 620 4289 ferventer
643 4227 744 4289 [lcum
769 4244 834 4307 prae
858 4225 1020 4300 omnihus,
1035 4225 1150 4288 deinde
1175 4223 1245 4288 etl)
1262 4229 1336 4291 vite
1355 4228 1431 4291 satis
1452 4227 1600 4306 abunde;
1617 4234 1649 4290 et
1663 4226 1770 4290 verbis
1792 4227 1937 4301 sensatis,
1951 4225 1997 4286 hu-

458 4325 629 4408 prorimos
646 4326 752 4400 Porr0,
769 4325 876 4387 taliter
894 4342 928 4386 se
948 4325 1090 4387 enutrire
1111 4332 1206 4407 atquc
1262 4327 1390 4389 milibus
1405 4333 1437 4390 et
1451 4324 1598 4408 benignis
1612 4324 1703 4388 flexit
1718 4326 1916 4409 placavitque
1929 4342 1995 4388 eum

457 4424 586 4499 vestire,
603 4432 652 4488 est
670 4424 776 4487 sobrie
796 4423 905 4486 vivere
925 4430 957 4486 et
976 4422 1117 4505 simplici
1137 4442 1207 4486 esse
1263 4425 1383 4488 Deinde
1406 4433 1478 4506 post
1501 4432 1572 4488 octo
1596 4424 1724 4487 circiter
1746 4424 1815 4486 dies
1834 4425 1917 4487 Deus
1940 4440 1997 4505 per-

457 4525 574 4586 vestitn
599 4531 796 4597 contentum,
813 4523 1083 4605 quemadmodum
1109 4541 1209 4585 sacra·
1263 4524 1362 4586 cussit
1377 4522 1475 4586 Nabal
1492 4529 1622 4605 propter
1637 4541 1710 4585 suas
1730 4523 1960 4604 perversitates,
1973 4527 1998 4581 et

312 4639 444 4692 amirari.
458 4622 602 4685 tissimus
625 4621 740 4685 Christi
766 4639 943 4703 precursor
967 4621 1124 4684 edocuit:
1147 4622 1206 4695 Qui
1263 4621 1351 4684 obiit.

459 4720 556 4783 habet
579 4722 658 4783 duas
686 4721 822 4794 tunicas,
847 4721 878 4783 id
904 4728 952 4783 est
975 4739 1071 4782 unam
1099 4740 1207 4802 super·
1302 4721 1446 4784 Vitemus
1469 4721 1576 4802 itaque
1598 4718 1675 4782 vitia
1697 4718 1807 4782 divitis
1832 4720 1873 4782 de
1894 4736 1953 4800 quo
1971 4717 1996 4776 in

460 4819 573 4892 fluam,
590 4819 644 4881 det
659 4836 721 4881 non
742 4819 881 4882 habenti.
899 4819 957 4893 Qui
977 4826 1084 4882 autem
1105 4819 1207 4900 quoti·
1263 4819 1429 4901 evangelio
1450 4820 1512 4882 isto
1533 4818 1675 4901 loquitur
1697 4817 1853 4892 Christus,
1875 4817 1941 4898 ejus
1960 4813 1996 4876 vi·

459 4917 511 4979 die
527 4916 622 4980 ditior
637 4915 708 4978 fieri
724 4917 823 5000 cupit,
836 4918 1025 5001 insipienter
1039 4937 1072 4981 se
1087 4926 1204 4998 gravat,
1263 4918 1379 4981 delicet
1398 4917 1626 4992 carnalitatem,
1642 4917 1761 4998 gulam,
1779 4917 1995 4984 curiositatem,

459 5023 491 5077 et
505 5015 545 5076 ab
562 5014 762 5079 itineratione
777 5016 897 5078 salubri
913 5016 1008 5078 variis
1024 5036 1057 5079 se
1074 5017 1208 5100 impedit
1264 5016 1575 5089 immisericordiam,
1601 5014 1821 5096 cupiditatem,
1849 5035 1890 5079 ne
1914 5008 1995 5078 simul

311 5130 443 5183 trimum.
461 5114 575 5188 modis,
592 5114 717 5177 dicente
732 5115 882 5196 Apostolo
899 5132 906 5177 :
922 5115 981 5189 Qui
998 5114 1108 5178 volunt
1128 5116 1207 5178 divi·
1264 5134 1337 5178 cum
1360 5132 1398 5177 eo
1419 5112 1610 5177 eternaliter
1630 5130 1808 5194 pereamus.
