4214 6254
497 455 646 503 MUINTGA
667 455 710 502 SS.
731 457 913 502 vntnlvavls.
933 473 975 486 ··-
994 455 1169 504 anamma
1189 457 1221 503 nt
1243 457 1438 506 nvanuntrun
1683 441 1741 510 {03

194 623 281 704 quod
301 623 395 687 nobis
416 645 434 688 a
455 626 519 689 Deo
538 635 593 688 aut
607 625 677 708 ejus
693 626 819 690 vicariis
835 627 943 710 praala-
957 626 983 690 A
997 626 1139 691 ollerunt
1166 629 1242 704 Deo,
1267 630 1492 696 mortificando
1520 633 1683 714 passiones
1711 640 1743 696 et

193 722 236 783 tis
258 723 375 785 nostris
398 724 591 806 praecipitur.
996 727 1084 800 vitia,
1097 727 1151 790 sed
1167 735 1318 810 tanquam
1335 747 1429 794 canes
1443 732 1588 812 protinus
1603 749 1661 814 pro
1675 751 1744 814 par-

235 820 409 896 Postremo,
430 822 473 884 ita
495 823 651 898 vivamus,
673 830 709 886 ut
731 823 867 906 quilibet
888 840 942 887 no·
997 823 1045 886 vis
1075 826 1178 888 causis
1213 825 1403 902 irascuntur,
1434 829 1651 911 indignantur,
1681 829 1743 891 cla·

194 926 297 982 strum
314 920 355 982 sit
369 920 490 984 habens
505 920 619 984 taciem
640 921 791 996 hominis,
808 923 941 985 ratione·
997 931 1095 996 mant,
1113 925 1310 987 contendunt
1329 934 1360 988 et
1379 945 1413 988 se
1432 927 1571 1008 graviter
1585 926 1744 990 ulciscun-

195 1016 305 1080 biliter
323 1037 358 1081 se
379 1017 535 1094 habendo,
552 1027 583 1082 et
602 1029 719 1082 rectam
738 1020 892 1082 rationem
909 1019 940 1081 in
996 1029 1056 1083 tur.
1083 1021 1200 1084 Verum
1232 1022 1298 1086 haec
1322 1025 1431 1088 omnia
1453 1025 1624 1106 fugiamus,
1649 1033 1743 1108 atque

194 1116 320 1178 eunctis
350 1117 522 1198 sequendo,
548 1125 580 1180 et
603 1118 656 1200 pie
683 1124 778 1200 atque
803 1117 941 1180 humane
996 1120 1155 1202 praetactis
1177 1122 1360 1184 insistamus
1381 1123 1533 1206 operibus
1554 1124 1714 1187 virtuosis.

193 1214 279 1276 inter
294 1216 456 1298 proximos
471 1215 684 1295 ambuland03
705 1216 746 1280 sit
765 1217 861 1278 etiam
880 1216 939 1290 leo,
1035 1219 1165 1299 Legitur
1189 1221 1228 1282 de
1254 1221 1283 1284 S.
1305 1221 1493 1302 Augustino,
1516 1222 1601 1304 quod
1626 1231 1742 1286 saneta

192 1313 368 1375 virtutibus
384 1314 501 1376 invicte
515 1333 552 1376 ac
566 1314 685 1396 jugiter
700 1315 893 1388 inherendo,
910 1323 942 1377 et
996 1317 1158 1380 Trinitatis
1182 1318 1408 1382 devotissimus
1433 1320 1494 1381 luit
1518 1327 1683 1384 venerator
1711 1329 1743 1384 et

192 1419 303 1473 contra
317 1411 492 1486 diabolum,
509 1431 637 1475 carnem
653 1431 689 1474 ac
707 1413 861 1474 mundum
878 1432 942 1475 ma·
995 1414 1265 1495 profundissimus
1288 1417 1527 1498 contemplator.
1554 1417 1642 1480 Unde
1666 1437 1742 1500 qua·

190 1510 387 1591 gnanimiter
410 1511 594 1592 praeliando,
622 1518 656 1572 ut
677 1529 806 1574 omnem
831 1531 941 1593 super·
995 1512 1068 1573 dam
1088 1511 1170 1586 vice,
1189 1513 1304 1576 mulier
1323 1514 1468 1595 quaedam
1489 1513 1621 1577 honesta
1636 1535 1671 1577 ac
1688 1516 1742 1578 bo·

168 1663 170 1666 .
191 1607 293 1682 biam,
308 1607 485 1681 avaritiam,
508 1607 783 1680 incontinentiam,
801 1609 892 1682 iram,
909 1616 942 1671 et
996 1629 1034 1671 na
1054 1629 1072 1671 a
1092 1610 1284 1692 quibusdam
1306 1611 1472 1675 malitiosis
1491 1612 1676 1676 hominibus
1696 1615 1742 1676 in·

192 1713 298 1769 cetera
312 1707 389 1768 vitia
404 1707 530 1785 vincat;
547 1707 589 1769 sit
608 1706 740 1789 insuper
759 1707 890 1780 vitulus,
907 1725 940 1768 se
994 1707 1111 1788 iuriam
1137 1727 1240 1790 passa,
1267 1709 1480 1790 Augustinum
1504 1711 1649 1785 accessit,
1672 1712 1742 1791 eius

193 1805 299 1886 ipsum
326 1805 390 1867 Deo
420 1804 452 1866 in
482 1803 677 1867 sacrificium
706 1804 883 1878 ollerendo,
910 1811 941 1866 et
959 1802 1171 1888 Bimplorans
1186 1806 1351 1868 auxilium.
1369 1807 1443 1880 Ouae
1457 1826 1557 1889 quum
1574 1807 1679 1890 ipsum
1698 1809 1743 1872 in-

191 1903 355 1985 propriam
377 1903 571 1966 voluntatem
594 1903 658 1966 Deo
679 1903 711 1964 in
731 1902 856 1964 cunctis
870 1902 941 1964 snb
996 1904 1135 1966 venisset
1152 1905 1344 1978 studentem,
1361 1913 1392 1967 et
1412 1913 1594 1968 reverenter
1613 1907 1743 1970 salutas-

188 2002 343 2083 jiciendo,
361 2021 401 2064 ne
420 2009 530 2064 contra
549 2001 665 2064 divinae
686 2001 763 2082 legis
782 2008 941 2083 praecepta
996 2009 1043 2064 set
1065 2001 1225 2076 eumdem,
1247 2001 1442 2082 Augustinus
1464 2021 1523 2064 nec
1545 2021 1614 2065 eam
1637 2023 1742 2086 respe-

191 2106 301 2162 utatur
315 2101 446 2182 propria
462 2098 628 2176 libertate;
645 2100 686 2162 sit
706 2099 780 2161 item
801 2107 833 2162 et
851 2099 939 2181 aqui·
997 2098 1052 2172 xit,
1075 2117 1132 2161 nec
1154 2099 1329 2181 quidquam
1351 2101 1380 2162 ei
1403 2101 1575 2182 respondit.
1596 2101 1742 2182 Cogitans

192 2199 234 2271 la,
252 2197 498 2280 contemplando
513 2196 654 2260 coelestia
668 2205 700 2260 et
714 2196 833 2271 divina,
845 2205 940 2279 atque
997 2197 1049 2258 illa
1066 2197 1149 2278 quod
1170 2197 1211 2259 oh
1231 2197 1364 2259 nimiam
1383 2217 1472 2260 suam
1489 2199 1688 2261 sanctitatem
1710 2200 1741 2261 in

192 2297 321 2358 illorum
338 2295 456 2358 intuitu
473 2314 508 2358 ac
522 2314 630 2359 amore
649 2295 856 2378 despiciendo
873 2295 940 2358 haec
996 2295 1110 2357 laciem
1134 2295 1278 2357 mulieris
1300 2295 1399 2358 nollet
1421 2296 1589 2377 respicere,
1612 2298 1743 2380 propius

191 2394 316 2468 intima,
338 2394 476 2457 carnalia
500 2403 531 2456 et
556 2402 689 2456 terrena.
711 2393 774 2456 Nec
796 2395 940 2476 requiem
994 2393 1139 2466 accessit,
1165 2401 1197 2456 et
1226 2412 1353 2456 causam
1383 2394 1552 2474 diligenter
1575 2397 1741 2477 exposuit3

191 2491 369 2555 habeamus
388 2491 547 2554 carnalem
567 2500 597 2553 et
616 2492 868 2566 immoderatam,
885 2494 939 2555 sed
996 2492 1050 2554 sed
1080 2491 1275 2573 Augustinus
1305 2511 1375 2554 eam
1405 2510 1468 2554 non
1497 2492 1653 2574 adspexit,
1684 2512 1742 2556 nec

191 2593 292 2654 Deum
308 2589 428 2670 jugiter
442 2589 669 2652 collaudemus.
683 2590 754 2662 Sed,
766 2588 843 2651 heu!
862 2589 941 2652 mul·
996 2590 1171 2672 quidquam
1188 2590 1359 2673 respondit.
1378 2590 1499 2652 Idcirco
1520 2591 1574 2653 illa
1592 2610 1665 2653 eum
1681 2611 1744 2654 ma-

191 2691 214 2751 ti
236 2696 312 2751 sunt
331 2688 485 2750 habentes
509 2687 623 2750 laciem
646 2687 812 2750 bestialem
836 2687 940 2770 potius
994 2707 1056 2770 gna
1071 2687 1201 2750 recessit
1216 2688 1355 2750 tristitia.
1371 2689 1478 2752 Altero
1493 2689 1555 2763 die,
1567 2690 1744 2770 Augustino

189 2807 288 2870 quam
304 2787 571 2868 humanam,quia
586 2786 861 2868 concupiscentias
876 2805 941 2848 car·
996 2785 1187 2860 celebrante,
1209 2793 1240 2849 et
1264 2786 1440 2850 elevatione
1462 2788 1603 2869 corporis
1627 2787 1742 2852 Christi

190 2886 242 2948 nis
260 2893 292 2947 et
307 2893 427 2946 ceteras
447 2886 561 2946 animas
581 2883 755 2966 passiones,
773 2884 864 2958 iram,
882 2885 939 2946 im·
995 2883 1088 2958 lacta,
1116 2884 1232 2947 mulier
1257 2884 1312 2947 illa
1335 2893 1411 2946 tunc
1435 2904 1575 2967 praesens
1600 2894 1689 2968 rapta
1710 2887 1742 2948 in

192 2983 391 3066 patientiam,
411 2981 631 3065 cupiditatem,
652 2983 751 3063 magis
771 3002 867 3065 quam
892 3002 939 3044 ra·
956 2980 977 3042 C
995 2983 1121 3064 spiritu,
1133 2983 1213 3044 vidit
1228 3003 1261 3045 se
1277 2983 1412 3064 positam
1429 2991 1502 3045 ante
1518 2982 1656 3046 tribunal
1673 3003 1742 3046 san-

190 3083 325 3156 tionem,
351 3088 528 3162 sequuntur
554 3099 560 3142 :
590 3099 725 3163 quorum
756 3081 850 3143 corda
876 3099 938 3144 non
995 3082 1145 3144 ctissime
1161 3081 1333 3154 Trinitatis,
1351 3080 1405 3143 ubi
1422 3081 1502 3144 vidit
1516 3081 1741 3162 Augustinum,

190 3182 293 3244 instar
315 3180 431 3262 aquilae
454 3180 492 3241 ad
518 3179 660 3242 coelestia
684 3179 861 3260 eriguntur,
884 3181 938 3242 sed
995 3178 1075 3241 lucie
1099 3178 1261 3250 inclinata,
1278 3179 1316 3240 de
1338 3197 1472 3240 summae
1493 3198 1529 3240 ac
1552 3179 1743 3244 beatissime

189 3288 344 3360 tanquam
368 3277 455 3359 porci
477 3277 516 3339 ad
538 3284 662 3340 terrena
684 3284 779 3358 atque
802 3276 940 3340 carnalia
994 3277 1156 3338 Trinitatis
1171 3276 1272 3357 gloria
1286 3276 1497 3338 attentissime
1517 3295 1553 3338 ac
1573 3277 1743 3340 subtilissi-

190 3376 427 3458 deprimuntur.
445 3375 525 3436 Sunt
539 3373 636 3436 etiam
654 3373 744 3436 multi
762 3374 815 3456 qui
832 3375 870 3436 ad
888 3393 939 3454 ag·
995 3394 1047 3436 me
1062 3375 1287 3456 disputantem.
1300 3375 1337 3436 Et
1352 3373 1435 3436 lacta
1449 3382 1497 3437 est
1511 3393 1572 3437 vox
1587 3375 1742 3438 dicensad

190 3474 403 3557 grediendum
423 3472 574 3535 exercitia
594 3472 735 3534 virtuosa
753 3490 808 3534 cor
822 3472 940 3534 habent
995 3492 1064 3536 eam
1088 3491 1095 3534 ε
1119 3473 1222 3546 Οιιιιιιι
1243 3473 1457 3553 Augustinum
1477 3474 1650 3548 accessisti,
1674 3475 1742 3556 ipse

189 3573 386 3655 leporinum,
412 3589 476 3634 non
507 3569 681 3646 leoninum,
708 3571 761 3632 sed
789 3571 827 3634 ad
859 3571 940 3633 male
995 3579 1059 3634 tam
1074 3570 1284 3632 attentissime
1298 3572 1336 3632 de
1349 3571 1511 3634 Trinitatis
1524 3571 1624 3652 gloria
1636 3573 1743 3654 dispu-

188 3671 351 3752 agendum
374 3669 498 3732 veloces
522 3676 596 3731 sunt
622 3677 653 3732 et
677 3670 823 3742 audaces,
846 3677 940 3751 atque
995 3669 1176 3752 tavit,qu0d
1191 3677 1275 3730 tuam
1293 3670 1493 3751 praesentiam
1510 3688 1572 3732 non
1589 3671 1740 3750 advertit;

48 3787 79 3828 'cc
104 3801 169 3834 sm.
188 3770 243 3850 (ut
260 3769 408 3832 Salomon
430 3767 584 3850 loquitur)
601 3767 721 3849 absque
744 3767 809 3830 ullo
827 3768 940 3830 timore
996 3768 1050 3830 sed
1066 3786 1177 3828 secure
1196 3767 1233 3828 ad
1256 3785 1329 3828 eum
1351 3773 1517 3828 revertere.
1535 3767 1622 3840 Quod
1639 3787 1738 3850 quum
1849 3789 1852 3796 ⁴

190 3873 378 3950 perpetrant
404 3867 495 3928 mala.
521 3866 601 3929 Sunt
630 3865 705 3928 item
730 3865 937 3948 quamplures
993 3867 1046 3929 illa
1067 3865 1203 3939 lecisset,
1224 3865 1420 3946 Augustinus
1441 3884 1511 3928 eam
1532 3865 1668 3946 benigue
1689 3887 1739 3928 su-

187 3967 246 4050 qui
270 3982 334 4028 non
355 3966 394 4027 ad
417 3965 661 4028 similitudinem
685 3964 776 4028 vituli
799 3985 831 4027 se
852 3965 938 4046 ipsos
993 3965 1105 4047 scepit,
1121 3972 1215 4046 atque
1236 3963 1362 4026 salubre
1384 3962 1554 4026 consilium
1576 3963 1672 4026 dedit.

582 4335 885 4420 ENARRATIO
920 4333 974 4420 IN
1008 4333 1347 4420 EVANGELIUM

429 4593 508 4638 nnnr
528 4591 613 4638 nono
634 4591 673 4636 ax
695 4591 865 4636 ruaarsars
887 4591 1059 4636 nrconsuus
1080 4589 1206 4636 nonina.
1228 4573 1337 4635 loann.
1355 4589 1398 4645 ιιι,
1417 4569 1498 4633 t-le.

259 4845 407 4909 UONIAM
423 4843 516 4908 hodie
531 4844 570 4906 de
585 4842 864 4926 superbealissima
876 4843 938 4904 Tri·
953 4841 976 4902 D
1033 4843 1115 4902 Erat
1132 4842 1223 4900 horno
1234 4861 1274 4898 em
1285 4839 1478 4908 phariseis,
1488 4837 1518 4899 id
1535 4847 1583 4900 cst
1597 4839 1636 4901 de
1652 4848 1737 4902 secta

183 4845 373 5044 Ouitate
397 4942 502 5024 agitur
522 4942 650 5018 festum,
675 4951 759 5004 recte
781 4941 937 5022 evengeli-
991 4947 1023 5000 et
1050 4956 1182 5000 numero
1201 4937 1441 5008 Pharisaeorum,
1464 4938 1659 4998 Nicodemns
1683 4961 1738 4999 no-

183 5064 242 5106 um
259 5043 345 5105 istud
361 5059 446 5103 nunc
463 5039 589 5121 legitur,
605 5041 679 5121 quia
697 5041 729 5101 iu
751 5041 820 5122 ipso
836 5040 936 5101 Trini-
992 5041 1090 5108 livine,
1111 5038 1166 5118 qui
1192 5043 1299 5118 postea
1324 5035 1385 5096 luit
1409 5034 1524 5096 Christi
1551 5036 1737 5099 manifestus

183 5152 235 5205 tas
248 5158 458 5224 personarum
472 5138 936 5220 tangitur.ltaqueevangelista
991 5136 1179 5218 discipulus,
1201 5133 1412 5216 sepelivitque
1431 5150 1505 5193 eum
1529 5151 1600 5194 cum
1620 5134 1734 5216 loseph

183 5242 325 5310 loannes
344 5237 389 5300 ait
406 5253 413 5298 ἱ
990 5235 1030 5296 ab
1046 5234 1236 5307 Arimathce,
1250 5233 1404 5309 princeps
1418 5233 1621 5302 scalmorum,
1638 5232 1667 5293 id
1688 5242 1736 5296 est
