4214 6254
281 4221 415 4276 Ezecbmvr,

435 473 494 536 148

662 491 810 538 colinton
832 493 842 536 l
864 491 938 538 POST
956 490 1153 538 TllllllTATllll.
1172 507 1215 519 -
1232 491 1275 536 Al>
1294 491 1490 554 battolosos;
1512 491 1611 538 SfflO
1632 491 1760 547 QUINTUS

476 662 638 736 Praeterea,
665 678 765 742 quum
790 658 910 742 triplici
934 659 985 722 via
1013 659 1052 721 ad
1082 658 1186 722 oomi-
1200 659 1225 724 A
1240 667 1331 743 ptum
1351 660 1547 741 flagitiorum
1567 659 1780 743 precipitium
1796 657 1874 722 vitio
1891 660 1969 723 satie·
2071 653 2072 684 ³

437 779 515 822 num
542 759 699 841 gradatim
729 758 877 821 tendatur
903 777 939 819 ac
968 757 1183 841 perveniatur,

437 865 547 941 utpote
567 857 742 940 purgativa,
760 855 973 919 illuminativa
992 863 1024 919 et
1039 855 1186 938 perfecti·

436 976 485 1030 va,
503 957 553 1019 via
573 955 739 1039 purgativa
757 954 1002 1017 fundamentum
1023 961 1071 1016 est
1089 962 1184 1037 atque

435 1055 602 1116 exordium
624 1052 800 1137 spiritualis
823 1053 1084 1126 conversationis,
1106 1053 1185 1114 inte-

435 1152 529 1215 rioris
560 1151 796 1215 reformationis
827 1159 859 1212 et
887 1153 960 1214 vitto
990 1150 1182 1212 monasticae.

434 1250 508 1324 Quae
532 1251 584 1314 via
607 1250 754 1314 consistit
779 1251 811 1312 in
836 1249 1052 1312 sensualitatis
1077 1249 1184 1311 doma-

434 1349 531 1424 tione,
559 1350 591 1412 in
620 1349 806 1432 passionum
834 1348 1059 1421 refrenatione,
1084 1348 1116 1408 in
1138 1366 1184 1409 re-

433 1449 579 1511 sistentia
609 1455 641 1511 et
669 1447 865 1511 abstinentia
894 1447 1059 1520 vitiorum,
1089 1455 1121 1508 et
1151 1446 1183 1507 in

433 1546 660 1610 emundatione
689 1545 829 1610 bominis
853 1564 871 1607 a
895 1545 999 1626 culpis
1028 1543 1185 1626 quotidia-

434 1646 484 1708 nis
504 1653 536 1708 et
549 1665 569 1708 a
582 1644 816 1728 praeteritarum
837 1643 1005 1726 culparum
1026 1642 1182 1725 reliquiis,

432 1743 556 1806 scilicet
575 1743 734 1826 pronitate
753 1743 792 1805 ad
816 1741 909 1816 mala,
925 1741 1089 1803 debilitate
1109 1757 1183 1803 con-

1240 758 1313 821 tatis
1333 759 1475 841 impegit,
1492 759 1569 841 quid
1589 758 1791 822 sentiendum
1807 757 1846 820 de
1860 758 1907 819 his
1924 760 1969 840 qui

1239 866 1383 937 vegetato
1407 875 1550 940 corpore,
1576 857 1815 939 perceptionem
1839 855 1969 919 carnium

1240 975 1276 1017 ac
1291 957 1358 1018 vini
1379 957 1588 1020 immoderata
1608 954 1753 1018 libertate
1773 973 1885 1037 capere
1905 975 1971 1037 pra

1240 1063 1382 1130 sumunt,
1399 1073 1463 1118 non
1487 1062 1643 1137 quantum
1667 1052 1871 1116 imbecillitas
1893 1072 1972 1135 expe·
2072 1061 2073 1112 l

1239 1154 1287 1227 tit,
1313 1154 1368 1216 sed
1393 1161 1548 1235 quantum
1572 1151 1672 1214 animi
1697 1151 1797 1214 libido
1821 1151 1971 1231 suggeritt

1238 1251 1318 1314 Hinc
1348 1269 1475 1335 quoque
1501 1252 1744 1334 chrysostomus
1771 1267 1778 1311 :
1805 1247 1972 1330 Simplicior

1238 1349 1372 1432 (inquit)
1391 1351 1495 1412 victus
1517 1358 1549 1412 et
1569 1368 1678 1412 mensa
1700 1348 1871 1410 mediocris
1891 1346 1974 1428 pluri-

1240 1467 1329 1510 mum
1348 1448 1444 1511 babet
1461 1447 1688 1529 jucunditatis3
1708 1445 1887 1510 econtrario
1901 1465 1974 1508 mcu-

1240 1567 1282 1610 saa
1305 1547 1442 1610 divitum
1463 1546 1674 1610 exsecrabiles
1694 1554 1769 1608 sunt
1788 1552 1821 1608 et
1840 1544 1972 1616 horride,
2073 1587 2074 1626 ,

1239 1645 1338 1708 animi
1358 1665 1395 1710 ac
1419 1646 1637 1708 membrorum
1662 1641 1973 1708 contaminationibus

1240 1742 1352 1825 plcnae.

432 1850 480 1905 tra
509 1851 647 1926 peccata.
675 1841 712 1904 Et
736 1840 913 1924 praesertim
942 1839 1088 1903 consistit
1116 1839 1225 1904 haecB
1280 1842 1450 1916 Postremo,
1468 1849 1587 1924 quanta
1608 1842 1649 1904 sit
1670 1840 1852 1904 sobrietatis
1873 1840 1973 1914 virtus,

432 1942 485 2004 via
510 1941 542 2005 in
567 1941 739 2005 evitatione
764 1939 940 2002 carnalium
964 1939 1128 2012 vitiorum,
1149 1946 1184 2000 ut

433 2038 473 2102 ab
494 2041 581 2102 omni
601 2039 676 2120 gula
695 2047 791 2121 atque
811 2036 956 2100 venereis
975 2056 1009 2099 se
1031 2037 1184 2118 reprimat

433 2138 539 2201 bomo.
556 2137 689 2211 idcirco,
706 2136 812 2219 quiin
828 2137 879 2198 via
893 2135 952 2197 bac
968 2135 1135 2217 purgativa
1148 2153 1183 2196 se

434 2236 542 2319 ipsum
564 2235 698 2316 negligit
716 2252 876 2308 exercerc,
893 2233 949 2316 qui
971 2232 1010 2295 ab
1031 2233 1183 2296 immode-

433 2335 536 2397 rantia
560 2333 625 2396 cibi
647 2342 678 2396 et
700 2342 794 2416 potus
818 2333 1028 2415 omniumque
1048 2332 1182 2395 exterio-

433 2451 505 2494 rum
525 2450 679 2495 sensuum
698 2430 878 2494 inordinata
891 2431 1054 2512 voluptate
1070 2448 1132 2493 uon
1148 2449 1181 2492 se

433 2532 547 2595 nititur
576 2530 736 2604 cohibere,
767 2530 909 2592 nondum
938 2530 977 2592 ad
1007 2529 1182 2611 spiritualis

433 2630 506 2693 vitae
534 2637 630 2712 atque
660 2629 820 2692 interioris
850 2627 1011 2711 profectus
1039 2627 1182 2690 ascendit

433 2728 584 2792 infimum
599 2728 744 2809 gradum.
761 2727 896 2790 Necesse
912 2745 986 2808 ergo
1002 2735 1050 2788 est
1064 2736 1100 2787 ut
1114 2745 1180 2788 om-

432 2845 489 2890 nes
504 2835 595 2889 actus
615 2833 740 2890 nostros
761 2843 917 2908 ponamus
934 2825 994 2887 sub
1010 2824 1120 2887 ordine
1136 2824 1181 2886 di-

431 2924 499 2988 vini
527 2924 657 3004 amoris,
682 2923 715 2984 id
742 2930 801 2998 est,
827 2922 932 2984 taliter
961 2940 1015 2985 eos
1043 2923 1180 2983 circum-

1240 1939 1371 2015 utilitas,
1402 1941 1605 2004 fructuositas
1632 1958 1669 2002 ac
1698 1939 1849 2021 dignitas,
1878 1938 1975 2020 pandit

1237 2039 1433 2119 Augustinus
1463 2039 1598 2102 diceudo
1629 2058 1636 2102 :
1667 2036 1856 2101 Sobrietatis
1884 2055 1976 2118 perse
2074 2047 2075 2062 ³

1238 2137 1391 2212 verentia,
1413 2135 1645 2200 inaestimabilis
1669 2143 1718 2198 est
1738 2135 1839 2198 animi
1865 2133 1977 2197 fortitu·

1237 2236 1296 2316 do;
1316 2255 1387 2299 eam
1401 2255 1513 2299 omnes
1529 2235 1663 2299 virtutes
1678 2243 1710 2296 et
1725 2252 1838 2297 omnes
1858 2232 1975 2295 laudum

1237 2335 1323 2397 tituli
1344 2334 1464 2416 jugiter
1484 2333 1727 2416 concupiscunt,
1743 2331 1897 2414 quoniam
1917 2331 1975 2392 siue

1237 2434 1400 2496 coornari
1423 2441 1455 2496 et
1476 2434 1675 2515 complacere
1696 2449 1761 2496 non
1782 2437 1914 2513 queunt.
1931 2430 1976 2492 So-

1237 2531 1354 2594 brietas
1374 2541 1423 2594 est
1437 2531 1554 2594 mentis
1573 2538 1606 2593 et
1620 2549 1733 2594 sensus
1753 2528 1976 2592 membrorum·
2075 2567 2076 2580 .

1237 2650 1299 2713 que
1314 2631 1459 2694 omnium
1480 2629 1613 2704 cautela,
1630 2628 1794 2712 pudicitiae
1808 2646 1847 2690 ac
1863 2627 1976 2689 castita-

1235 2729 1276 2791 tis
1306 2729 1484 2802 munimen,
1511 2729 1624 2811 pudori
1653 2728 1810 2810 proxima,
1840 2727 1926 2810 pacis
1950 2735 1978 2788 et

1235 2829 1384 2892 amicitie
1403 2846 1505 2902 serva,
1522 2827 1680 2890 honestati
1700 2823 1833 2909 ¹semper
1854 2825 1977 2907 conjun-

1235 2936 1295 3002 cta,
1313 2927 1486 2990 criminum
1507 2925 1725 3007 vitiorumque
1745 2926 1894 2988 omniurn
1917 2941 1977 3006 pro

431 3024 662 3086 stantionemus
692 3029 723 3084 et
752 3022 1031 3094 circumcidamus,
1057 3027 1092 3081 ut
1116 3020 1180 3082 Deo
1198 3022 1219 3086 (l
1234 3027 1318 3107 fuga.
1345 3027 1465 3108 ltaque,
1490 3024 1574 3086 sicut
1598 3024 1632 3086 in
1655 3023 1882 3087 Ecclesiastico
1910 3023 1976 3084 scri·
2076 3021 2077 3038 ¹

431 3122 662 3205 complaceant,
692 3129 725 3184 et
754 3139 811 3202 per
839 3139 893 3183 eos
924 3121 957 3182 in
987 3120 1043 3182 [lei
1071 3137 1179 3182 amore

430 3239 621 3284 crescamus.
638 3220 718 3282 Hinc
738 3219 879 3301 loquitur
900 3219 1067 3282 Cassianus
1085 3236 1092 3280 :
1108 3218 1181 3292 Qui-

430 3319 572 3382 buslibet
595 3319 677 3380 cibis
702 3317 843 3400 repletus
867 3325 979 3380 venter
1008 3317 1180 3380 seminaria

431 3419 515 3499 parit
535 3417 691 3497 luxuriae3
707 3435 766 3479 nec
785 3417 935 3498 prevalet
952 3435 1042 3478 mens
1064 3415 1180 3477 discre-

431 3517 556 3578 tionum
585 3513 802 3597 gubernacula
833 3515 1000 3586 moderari,
1032 3514 1178 3577 ciborum

431 3615 572 3695 pondere
592 3620 796 3695 pregravata.
813 3612 882 3675 Non
902 3611 969 3674 sola
988 3612 1118 3693 crapula
1133 3612 1179 3674 vi·

430 3712 463 3774 ni
486 3719 627 3774 mentem
650 3709 810 3774 inebriare
831 3710 1007 3784 consuevit,
1027 3711 1083 3772 sed
1105 3729 1181 3772 cun·

430 3819 552 3873 clarum
568 3829 714 3873 escarum
729 3810 878 3872 nimietas
894 3809 1094 3872 vacillantem
1111 3829 1179 3872 eam

430 3909 715 3992 nutabundamque
735 3908 848 3983 reddit,
865 3915 897 3970 et
911 3909 999 3970 omni
1019 3909 1179 3990 integrita-

430 4009 471 4071 tis
493 4028 529 4072 ac
550 4009 698 4091 puritatis
720 4006 990 4089 contemplatione
1011 4008 1176 4090 despoliat.

429 4107 511 4170 Audi
532 4107 703 4170 Dominum
724 4125 781 4189 per
798 4105 986 4186 Prophetam
1004 4106 1179 4168 Jerusalem

1234 3134 1326 3207 ptum
1351 3132 1409 3199 est,
1435 3123 1558 3186 Sanitas
1580 3123 1695 3186 animae
1717 3130 1750 3186 et
1768 3123 1913 3206 corporis
1935 3130 1976 3184 est
1986 3135 2067 3180 aarum

1234 3223 1359 3286 sobrius
1375 3231 1483 3305 potus3
1493 3241 1551 3285 uec
1565 3221 1701 3284 dubium
1716 3221 1795 3304 quin
1811 3231 1847 3285 et
1860 3221 1977 3286 sobrius
1987 3203 2012 3242 ³²·

1235 3322 1337 3396 cibus,
1354 3321 1409 3404 qui
1430 3329 1463 3384 et
1481 3321 1579 3384 vitam
1601 3320 1705 3383 efficit
1727 3320 1917 3402 longiorem.
1932 3321 1977 3382 tt-

1234 3439 1297 3502 que
1320 3428 1354 3482 ut
1374 3420 1532 3482 Climacus
1555 3419 1707 3502 loquitur,
1729 3419 1818 3482 Sicut
1841 3437 1977 3490 somnus,
2077 3459 2078 3462 κ

1235 3519 1278 3580 ita
1302 3518 1421 3600 potatio
1450 3518 1603 3600 paulatim
1634 3517 1869 3580 cousuetudine
1894 3535 1978 3599 supe·

1234 3625 1331 3678 ratur.

1275 3715 1343 3778 Non
1358 3732 1432 3797 ergo
1448 3733 1520 3779 cum
1539 3715 1638 3778 divite
1658 3713 1796 3797 epulone
1817 3713 1979 3798 splendide

1234 3815 1414 3896 epulemur,
1431 3814 1486 3876 sed
1507 3833 1581 3876 cum
1601 3813 1720 3876 sanctis
1739 3813 1889 3875 Patribus
1908 3821 1978 3874 tom·

1235 3913 1386 3994 perantiae
1401 3911 1775 3993 studeamus31leumquc
1790 3910 1980 3974 affectuosis

1234 4012 1314 4073 sime
1335 4011 1547 4093 deprecemur
1570 4018 1605 4071 ut
1623 4009 1758 4091 gratiam
1781 4009 1979 4073 discretionis

1234 4109 1327 4172 nobis
1346 4118 1495 4192 praestare
1517 4109 1757 4190 dignatumque
1777 4108 1810 4171 in
1831 4108 1917 4182 cibo,
1933 4125 1979 4190 po

430 4205 649 4287 increpantem
668 4224 674 4268 :
692 4205 771 4278 Quid
792 4203 937 4286 peccavit
955 4221 1044 4267 soror
1058 4212 1112 4266 tua
1127 4206 1180 4268 So·
1194 4205 1219 4268 D
1235 4217 1277 4280 tu,
1299 4224 1411 4270 somno
1430 4227 1466 4270 ac
1485 4207 1557 4270 aliis
1582 4207 1787 4269 moderamen
1808 4225 1978 4269 servemus.

429 4305 533 4380 doma,
550 4305 613 4367 nisi
634 4305 709 4386 quia
729 4322 845 4386 panem
866 4321 960 4364 suum
981 4303 1013 4364 in
1033 4304 1178 4366 saturita-

428 4405 469 4466 tis
497 4403 692 4466 abundantia
721 4400 936 4465 comedebat?
961 4401 998 4462 Et
1021 4402 1097 4484 quia
1121 4423 1179 4484 per

427 4502 622 4564 saturitatem
639 4502 730 4584 panis
747 4499 1002 4580 inexstinguibili
1018 4501 1119 4562 cernis
1134 4501 1180 4563 fu·

428 4607 518 4662 crant
532 4601 644 4662 ardore
665 4599 823 4672 succensi,
838 4597 960 4678 judicio
976 4599 1032 4660 [lei
1051 4597 1176 4661 coelitus

428 4698 501 4778 igne
523 4706 556 4761 et
576 4698 700 4760 sulfure
722 4695 1017 4758 concremabantur.
1040 4697 1127 4770 Quod
1149 4696 1175 4759 si

427 4795 499 4858 illos
522 4797 589 4860 sola
613 4795 762 4858 nimietas
791 4795 881 4876 panis
904 4795 944 4856 ad
969 4803 1034 4856 tam
1058 4814 1176 4876 praeru-

1234 4307 1285 4368 Sic
1301 4325 1358 4388 per
1372 4305 1514 4388 corporis
1530 4304 1766 4386 castigationem
1779 4305 1981 4368 exteriorum-

1233 4423 1295 4487 que
1310 4423 1463 4466 seusuum
1479 4403 1781 4479 refrenationem,ad
1797 4404 1906 4466 cordis
1921 4410 1981 4463 ten-

1232 4503 1344 4564 damus
1367 4503 1555 4577 custodiam,
1571 4511 1607 4564 ut
1627 4502 1660 4565 in
1680 4501 1740 4564 viae
1759 4501 1979 4563 illuminativa

1232 4600 1392 4663 exercitiis
1415 4617 1668 4674 concrescamus,
1685 4607 1781 4681 atque
1803 4619 1865 4682 per
1888 4618 1925 4662 ea
1943 4597 1977 4660 ad

1232 4699 1414 4782 perfectiva
1438 4698 1498 4761 viae
1527 4699 1678 4762 exercitia
1707 4698 1893 4780 pertingere
1919 4715 1977 4761 mc·

1230 4817 1365 4860 reamur.
