4206 6258
434 454 495 520 620
633 475 782 524 nourrnm
801 475 879 524 xxm
899 475 973 524 rosr
993 477 1185 524 mmrmrnrr.
1205 496 1245 508 -
1266 479 1308 525 no
1327 478 1521 543 nnnrarosos3
1543 479 1641 526 annuo
1661 479 1785 536 oomrus

435 655 507 710 rent
521 648 628 711 Jesurn
645 649 677 712 in
697 666 855 724 sermone,
872 649 1034 712 mittentes
1052 651 1092 712 ad
1107 669 1182 714 eum
1197 650 1221 713 A
1238 651 1278 715 de
1302 651 1383 734 ipso,
1406 652 1509 715 nihilo
1537 652 1644 716 minus
1666 651 1831 716 verissime
1859 651 1915 714 luit
1934 652 1959 716 in

436 747 648 822 insidiatores,
675 749 730 831 qui
755 767 790 811 se
811 749 914 829 justos
938 749 1181 825 simulaverunt,
1238 748 1361 812 Christo
1385 750 1501 832 triplex
1526 750 1653 824 veritas,
1669 750 1708 812 de
1732 767 1794 831 qua
1818 749 1849 809 in
1871 748 1960 810 verbis

435 852 470 907 ut
484 845 601 908 blanda
616 845 862 927 interrogatione
877 854 909 909 et
924 847 1014 909 leude
1030 865 1184 929 praegran·
1236 847 1286 910 bis
1310 848 1518 912 laudaverunt
1539 849 1698 912 eumdem.
1715 848 1786 910 Fuit
1806 847 1917 930 quippe
1934 847 1960 910 in

434 945 477 1020 di,
495 946 641 1027 quamvis
664 965 727 1008 non
748 945 891 1020 cordiali,
908 945 1072 1008 allicerent
1094 945 1181 1008 Chri·
1237 963 1275 1009 eo
1294 947 1411 1010 veritas
1432 947 1516 1022 vitae,
1538 966 1609 1030 quae
1629 947 1769 1028 tangitur
1788 964 1883 1027 quum
1899 947 1961 1007 dici-

434 1052 519 1106 stum
534 1045 573 1106 ad
595 1045 853 1127 respondendum
875 1063 933 1128 pro
952 1043 1114 1107 voluntate
1130 1061 1181 1107 eo·
1236 1052 1313 1108 tur:
1330 1046 1455 1109 Scimus
1481 1046 1556 1128 quia
1579 1064 1674 1108 verax
1699 1063 1742 1107 es.
1765 1044 1835 1106 Fuit
1854 1061 1960 1126 quoque

434 1162 516 1205 rum.
542 1144 713 1206 Videamus
740 1161 815 1225 ergo
843 1151 876 1206 et
905 1161 961 1207 nos
991 1162 1031 1207 nc
1059 1143 1180 1224 aliquid
1237 1143 1269 1205 in
1294 1161 1332 1208 eo
1355 1145 1472 1207 veritas
1497 1143 1659 1218 doctrine,
1685 1163 1757 1226 quae
1781 1142 1913 1222 tangitur
1935 1143 1960 1204 in

433 1241 541 1305 simile
561 1243 610 1305 his
630 1243 812 1306 inveniatur
829 1243 861 1304 in
882 1242 986 1316 nobis,
1003 1261 1042 1304 ne
1063 1242 1181 1324 passio·
1236 1241 1287 1305 bis
1310 1241 1417 1304 verbis
1437 1243 1553 1305 :Viam
1579 1242 1636 1304 Dei
1662 1242 1695 1304 in
1720 1240 1852 1304 veritate
1874 1240 1958 1302 doces.

433 1359 511 1403 num
537 1341 671 1423 impetu,
697 1360 738 1404 ne
762 1343 937 1416 aversione,
964 1341 1180 1422 indignatione
1237 1339 1308 1402 Fuit
1332 1340 1408 1403 item
1434 1340 1467 1403 in
1494 1358 1532 1404 eo
1556 1341 1673 1404 veritas
1695 1339 1838 1421 justitiae,
1856 1339 1892 1401 de
1911 1358 1960 1420 qua

432 1448 487 1502 aut
501 1440 610 1522 aliquo
625 1447 714 1504 motu
733 1441 863 1504 invidia
882 1439 1108 1504 obtenebretur
1127 1457 1182 1501 cor
1237 1438 1401 1502 subdunt:
1419 1439 1457 1501 Et
1476 1457 1540 1503 non
1560 1447 1607 1502 est
1628 1439 1688 1501 tibi
1709 1457 1787 1500 cura
1806 1437 1844 1500 de
1860 1437 1957 1518 aliquo.

431 1544 641 1613 nostrumne
655 1538 739 1601 iacta
752 1546 808 1601 aut
821 1537 917 1602 verba
933 1537 1068 1602 aliorum
1086 1538 1181 1600 inter·
1237 1534 1284 1599 Sit
1303 1553 1377 1617 ergo
1397 1542 1429 1598 et
1448 1536 1481 1598 in
1502 1536 1595 1600 nobis
1617 1535 1734 1618 triplex
1753 1535 1822 1599 haec
1840 1535 1958 1598 veritas:

432 1643 596 1717 pretemur
620 1636 652 1698 in
676 1636 780 1718 pejus,
804 1654 845 1698 ne
865 1634 1054 1716 justioribus
1079 1643 1111 1698 et
1135 1654 1181 1696 sa·
1236 1641 1268 1696 et
1289 1633 1394 1715 primo
1415 1634 1533 1698 veritas
1554 1635 1639 1708 vite,
1656 1643 1692 1696 ut
1712 1633 1959 1716 quemadmodum

431 1733 644 1815 pientioribus
665 1733 866 1806 insidiemur,
883 1734 1048 1816 cupientes
1068 1750 1179 1795 eorum
1235 1733 1325 1795 Jesus
1350 1733 1447 1814 coepit
1469 1733 1575 1796 iacere
1598 1741 1631 1795 et
1659 1733 1786 1808 docere,
1803 1732 1845 1794 ita
1868 1740 1895 1793 et
1914 1749 1959 1794 nos
1979 1753 2043 1796 nro.

430 1832 549 1894 famam
574 1833 606 1894 in
629 1832 737 1914 aliquo
759 1831 927 1894 maculare.
1194 1829 1218 1892 B
1236 1848 1333 1913 opere
1353 1831 1386 1893 in
1408 1831 1522 1914 primis
1542 1831 1778 1913 adimpleamus
1801 1829 1879 1912 quod
1897 1829 1960 1891 alios

472 1931 639 2014 Deinceps,
671 1931 742 1994 ideo
774 1930 936 2012 principes
966 1930 1177 2005 secerdotum,
1236 1931 1407 1994 edocemus
1435 1938 1490 1992 aut
1513 1930 1729 2002 exhortamur,
1755 1935 1789 1990 et
1813 1928 1911 2010 culpas
1930 1928 1960 1988 de

432 2029 550 2093 Scribae
570 2036 603 2092 et
622 2029 769 2092 Pharisaei
789 2048 826 2091 ac
845 2029 986 2092 seniores
1006 2037 1096 2091 erant
1115 2037 1179 2090 tam
1236 2029 1353 2112 quibus
1377 2029 1456 2093 alios
1484 2029 1688 2112 corripimus,
1713 2046 1895 2091 accusamus
1918 2033 1960 2088 aut

432 2125 679 2210 implacabiliter
711 2135 820 2191 contra
848 2127 1009 2191 Christum
1040 2127 1178 2202 accensi,
1235 2128 1437 2209 castigamus,
1451 2129 1483 2190 in
1499 2127 1591 2191 nobis
1607 2127 1685 2210 ipsis
1702 2127 1735 2189 in
1750 2126 1863 2210 primis
1876 2144 1961 2206 repre

431 2227 507 2309 quia
522 2244 630 2288 eorum
647 2226 822 2307 vitiajuste
838 2234 870 2288 et
883 2227 998 2289 acriter
1013 2226 1181 2308 reprehen·
1236 2227 1423 2301 hendamus,
1454 2227 1626 2308 puniamus
1654 2245 1691 2289 ac
1722 2225 1904 2298 devitemus,
1930 2241 1960 2284 ne

431 2325 478 2387 dit
493 2324 623 2406 publice
638 2331 669 2388 et
684 2342 837 2388 seorsum.
856 2326 1030 2389 caveamus
1050 2342 1180 2405 ergone
1235 2325 1386 2406 cuiquam
1409 2332 1554 2388 nostrum
1576 2325 1711 2398 dicatur,
1732 2324 1793 2398 Qui
1812 2323 1902 2385 alium
1918 2323 2044 2384 donam

432 2432 542 2486 contra
562 2424 785 2506 presidentem
806 2424 1020 2507 autaliquem
1040 2425 1179 2487 Fratrem
1235 2443 1299 2496 ees,
1316 2432 1347 2486 te
1363 2424 1469 2506 ipsum
1489 2441 1552 2487 non
1573 2424 1684 2502 doces3
1701 2431 1744 2496 et,
1760 2422 1887 2494 Medice,
1901 2439 1961 2483 cura
1971 2441 2050 2482 rear,

430 2524 469 2586 ad
495 2523 588 2598 iram,
605 2523 867 2603 indignationem,
889 2523 1099 2596 aversionem,
1121 2524 1179 2585 im·
1236 2531 1267 2584 te
1288 2522 1403 2604 ipsum.
1419 2521 1499 2584 Nam
1518 2529 1550 2584 et
1571 2521 1641 2603 ejus
1661 2521 1855 2604 praedicatio,
1870 2519 1961 2584 erbor-

431 2622 616 2704 patieotiam
638 2622 836 2684 concitemur
856 2631 985 2705 propter
1007 2623 1179 2704 correptio·
1235 2621 1322 2695 tatio,
1340 2621 1498 2702 correptio
1516 2620 1688 2702 spernitur,
1708 2619 1804 2700 cujus
1818 2619 1878 2681 vita
1893 2617 1961 2698 juste

432 2739 517 2794 nem,
549 2719 800 2801 castigationem,
830 2721 1077 2792 accusationem,
1108 2738 1179 2802 pro·
1236 2720 1421 2801 despicitur.
1439 2718 1607 2801 Sititaque
1625 2717 1780 2800 primoin
1798 2715 1962 2780 nobisveri-

432 2818 655 2882 clamationem
676 2838 732 2882 seu
748 2819 1008 2883 exercitationem
1029 2819 1120 2883 nobis
1139 2819 1179 2882 ab
1235 2828 1282 2882 tas
1298 2819 1382 2892 vitea,
1399 2827 1557 2900 quatenus
1576 2825 1641 2881 tota
1660 2816 1859 2881 conversatio
1875 2823 1963 2878 nostra

284 2938 417 2994 stanam
433 2917 497 2980 illis
519 2917 704 2981 exhibitam.
724 2918 780 2992 Oui
802 2918 888 2980 enim
911 2917 1023 2999 abjicit
1041 2917 1182 3000 discipli·
1235 2920 1321 2982 intus
1337 2937 1443 2982 coram
1459 2917 1622 2980 Altissimo
1637 2917 1783 2980 cordium
1798 2917 1962 2996 inspectore,

284 3016 642 3092 rme.u=1,nam,inlelix
658 3024 724 3096 est;
740 3024 781 3090 et,
793 3016 867 3079 Viro
883 3016 937 3098 qui
954 3016 1180 3097 corripientem
1196 3015 1218 3079 C
1236 3026 1266 3082 et
1282 3018 1360 3081 loris
1376 3035 1482 3080 coram
1498 3015 1771 3097 hominibusque
1787 3023 1872 3076 extra
1889 3031 1965 3094 appa·

285 3103 304 3144 l.

432 3115 511 3178 dura
527 3115 651 3177 cervice
667 3114 852 3188 contemnit,
869 3114 1055 3196 repentinus
1071 3132 1180 3195 super·
1236 3124 1307 3179 rent
1335 3115 1547 3190 intuentibus,
1573 3114 1696 3176 sincere
1725 3113 1891 3176 concordet
1916 3111 1964 3190 legi

431 3213 539 3276 veniet
559 3213 717 3276 interitus.
739 3213 956 3277 Patrocinetur
979 3229 1053 3293 ergo
1074 3212 1179 3293 religi·
1235 3214 1362 3288 divinae,
1389 3213 1557 3296 praeceptis
1587 3211 1748 3284 Ecclesiae,
1777 3209 1965 3291 evangelicis·

431 3331 516 3386 osus,
543 3312 626 3374 sicut
645 3319 782 3387 tenetur,
808 3312 841 3373 in
864 3311 993 3393 propria
1016 3329 1121 3384 cause,
1147 3318 1179 3373 et
1237 3331 1298 3395 que
1324 3311 1478 3384 consiliis,
1502 3329 1539 3372 ao
1563 3309 1691 3373 Ordinis
1716 3309 1818 3372 nostri
1847 3307 1962 3378 statutis,

431 3410 588 3474 custodiat
621 3411 855 3492 semetipsum;
886 3409 1027 3490 quotidie
1061 3417 1177 3471 semet·
1236 3411 1359 3474 seclusa
1381 3430 1398 3472 a
1420 3408 1513 3472 nobis
1536 3407 1648 3490 procul
1672 3408 1761 3470 omni
1782 3406 1963 3469 simulatione

431 3510 537 3592 ipsum
563 3508 720 3582 observet,
737 3509 888 3590 inquirat,
908 3508 1079 3582 examinet,
1095 3509 1178 3589 diju·
1235 3509 1391 3572 vilissima
1412 3515 1444 3571 et
1463 3506 1635 3569 calliditate
1657 3504 1792 3588 vulpina
1810 3503 1964 3585 (simulato
1978 3521 2049 3564 rema:

431 3608 516 3670 dicet
530 3615 562 3670 et
577 3607 709 3688 castiget
726 3624 732 3668 :
750 3614 782 3668 et
795 3614 918 3668 tantum
935 3605 1066 3668 habebit
1085 3626 1178 3687 agere
1234 3627 1284 3670 res
1300 3625 1436 3688 namque
1452 3613 1482 3668 et
1498 3604 1605 3667 callidi
1621 3612 1796 3686 provocant
1811 3604 1884 3666 iram
1898 3601 1962 3678 ceo
1975 3590 1997 3628 ¹³·

431 3723 505 3767 cum
525 3725 559 3767 se
579 3705 658 3787 ipso,
675 3713 777 3768 tantas
798 3705 830 3766 in
853 3724 886 3766 se
908 3723 1077 3778 aerumnas,
1094 3704 1177 3766 delo·
1233 3706 1321 3769 omni
1337 3722 1464 3787 quoque
1480 3703 1640 3767 locutione
1655 3702 1832 3784 sophistica
1846 3708 1876 3764 et
1892 3699 1963 3764 omni

432 3803 627 3876 ctuositates,
650 3821 810 3877 excessus,
833 3801 1030 3882 fragilitates,
1053 3803 1177 3883 pericu·
1233 3803 1398 3887 apparenti
1414 3820 1478 3865 non
1493 3802 1666 3865 exsistente
1680 3801 1816 3881 justitia.
1825 3799 1880 3874 oui
1892 3798 1963 3861 enirn
1991 3813 2039 3894 ret,

431 3899 571 3964 lositates
587 3901 739 3974 inveniet,
757 3901 841 3982 quod
857 3900 896 3963 ab
912 3900 1177 3982 occupationibus
1233 3900 1407 3983 sophistice
1432 3900 1584 3982 loquitur,
1601 3898 1732 3962 odibilis
1755 3906 1824 3979 est;
1840 3897 1870 3960 in
1891 3893 1962 3958 omni
1974 3889 2049 3982 2¹⁸²

429 3998 576 4072 curiosis,
593 3998 632 4060 ab
655 3997 931 4063 observationibus
951 3997 1112 4060 insidiosis
1133 3997 1177 4059 la·
1233 4020 1267 4062 re
1297 3998 1557 4077 defraudabitur3
1582 4015 1646 4060 non
1676 4004 1723 4060 est
1749 3997 1799 4060 illi
1829 3993 1963 4078 sapientia

430 4098 534 4161 ciliter
553 4096 735 4160 abstinebit.
754 4097 860 4160 Simus
880 4115 954 4178 crgo
975 4097 1007 4158 in
1027 4095 1177 4160 omnibus
1233 4097 1305 4159 data
1328 4115 1346 4160 a
1371 4097 1444 4159 Deo.
1470 4095 1656 4158 Maledictus
1680 4111 1813 4176 quoque
1836 4092 1962 4166 dolosus;
1978 4107 2040 4154 aava

429 4197 579 4270 timorati,
602 4196 688 4258 intus
712 4202 745 4258 et
768 4195 845 4259 loris
865 4195 985 4276 jugiter
1007 4194 1154 4258 custoditi
1168 4212 1176 4274 3
1191 4196 1217 4261 b
1233 4204 1275 4271 et,
1288 4193 1492 4258 Fraudulenti
1509 4213 1584 4256 vaso
1598 4201 1672 4256 sunt
1688 4192 1840 4275 pessima.
1855 4193 1964 4272 Propter
1975 4179 2046 4279 {fm-

429 4305 461 4360 et
476 4315 534 4358 cur
548 4294 734 4377 religionem
753 4294 953 4370 intravimus,
963 4313 1090 4376 semper
1106 4313 1179 4376 pen·
1233 4294 1318 4378 quod
1345 4293 1451 4357 virum
1476 4291 1669 4374 sanguinum
1699 4299 1732 4354 et
1756 4292 1899 4355 dolosum
1923 4286 1965 4351 ab
1983 4305 2041 4352 ri.

428 4412 554 4474 scmus3
570 4414 610 4456 an
630 4394 740 4457 divino
760 4393 943 4476 praesentari
963 4392 1115 4455 tribunali
1136 4393 1177 4454 si·
1232 4391 1428 4457 ominabitur
1448 4389 1613 4453 Dominus.

430 4512 500 4555 mus
517 4493 628 4574 parali,
645 4500 740 4574 atque
755 4491 794 4555 ad
811 4490 1002 4554 reddendam
1017 4492 1056 4553 de
1074 4492 1176 4554 omni·
1274 4491 1428 4572 Denique,
1445 4489 1528 4551 sicut
1543 4509 1562 4552 a
1576 4488 1800 4571 spiritualibus
1817 4496 1849 4551 at
1861 4485 1965 4569 sapien-

429 4589 490 4651 bus
513 4591 667 4653 rationem
690 4589 848 4672 dispositi,
865 4589 1114 4652 consideremus.
1232 4590 1319 4653 tibus
1342 4589 1462 4652 dictum
1484 4595 1533 4650 est
1554 4588 1643 4663 viris,
1660 4589 1727 4651 imo
1746 4597 1781 4650 ut
1803 4585 1965 4671 quotidiana

470 4688 632 4762 Praeterea,
649 4688 731 4750 sieut
751 4687 950 4768 Evangelista
969 4695 1113 4763 testatur,
1131 4687 1177 4750 in·
1233 4690 1326 4752 docet
1340 4686 1544 4770 experientia,
1552 4685 1693 4767 religiosi
1710 4687 1766 4769 qui
1782 4687 1879 4748 vitarn
1893 4699 1965 4746 suan

431 4785 596 4848 sidiatores
610 4785 943 4859 Judaei,insidiatorum
960 4787 1177 4867 magistrorum
1233 4787 1265 4848 in
1288 4805 1363 4849 vera
1384 4785 1577 4860 sinceritate,
1596 4783 1628 4846 in
1651 4784 1767 4867 privati
1793 4783 1906 4847 amoris
1926 4799 1967 4842 er-

281 4893 414 4946 ueram,
431 4884 594 4965 discipuli,
611 4884 759 4946 dixerunt
773 4884 811 4947 ad
828 4883 987 4947 Christum
1001 4901 1008 4945 :
1021 4885 1176 4965 Magister,
1233 4884 1430 4966 stirpatione,
1458 4884 1490 4946 in
1517 4883 1643 4946 sincera
1666 4883 1849 4944 bumilitate
1872 4889 1901 4943 et
1921 4878 1967 4941 Dei

285 4959 317 5000 ¹⁶'
432 4983 552 5044 scimus
569 4981 644 5063 quia
660 4999 754 5042 verax
769 5001 814 5056 es,
831 4989 862 5044 et
878 4982 962 5043 viam
978 4982 1034 5043 Dei
1051 4981 1082 5044 in
1099 4983 1179 5045 veri·
1233 4983 1426 5045 timorenon
1448 4981 1594 5054 fundant,
1612 4999 1716 5062 neque
1737 4980 1857 5043 inistis
1874 4977 1968 5040 lunda·

433 5086 497 5141 tate
512 5080 617 5152 doces,
634 5085 666 5140 et
684 5085 811 5140 nonest
829 5077 888 5140 tibi
909 5098 985 5140 cura
1003 5080 1042 5141 de
1059 5079 1176 5161 aliquo.
1233 5080 1350 5143 mentis
1375 5078 1561 5162 proliciunt,
1588 5077 1874 5161 periculosioribus
1898 5091 1967 5156 sape

433 5177 582 5249 Quamvis
597 5183 703 5238 autem
720 5177 779 5258 ipsi
796 5177 834 5238 de
851 5176 974 5240 Christo
994 5177 1061 5240 hmo
1081 5178 1179 5240 simu·
1233 5179 1436 5261 passionibus
1451 5177 1651 5252 alliciuntur,
1664 5176 1828 5240 l'oedantur
1840 5195 1876 5238 ac
1890 5191 1968 5256 supc-

434 5274 544 5338 latorie
566 5274 630 5337 sint
652 5275 760 5350 locuti,
777 5274 868 5357 longe
889 5274 982 5337 aliter
1005 5276 1177 5341 sentientes
1233 5284 1354 5353 rantur,
1372 5296 1467 5361 quam
1483 5277 1628 5340 homines
1644 5276 1832 5356 saeculares3
1847 5282 1968 5355 suntque
