4140 6258
425 457 487 522 358
795 471 942 520 nonnum
962 471 995 518 x1
1015 471 1088 518 rosr
1108 469 1301 516 rnmrrarnn.
1322 486 1362 498 -
1382 467 1481 514 sunno
1501 465 1611 512 rnruus

428 645 513 728 quod
537 644 647 708 nullus
674 643 809 709 aliorum
835 643 913 706 feeit
940 640 1172 725 Apostolorum.
1190 639 1341 721 Antiqua
1370 637 1535 711 minimus,
1561 634 1616 698 sed
1646 633 1809 717 sapientia,
1832 633 1934 706 fervore

471 745 589 807 Gratia
604 753 711 804 autern
727 744 790 806 Dci
803 763 874 804 sum
890 744 927 802 id
942 744 1127 820 quodsum,
1144 739 1176 801 id
1230 737 1338 800 labore
1361 734 1561 816 magnificus.
1578 736 1622 796 Et
1643 735 1758 810 pratia
1776 733 1841 810 ejus
1858 736 1887 793 in
1903 756 1938 795 na

428 847 487 915 est,
504 859 568 904 non
591 841 672 904 meis
693 841 827 916 meritis,
843 841 898 902 sed
921 857 979 921 per
997 837 1177 900 misericor·
1230 855 1344 906 vacua,
1370 834 1402 896 id
1426 841 1474 896 ost
1498 832 1707 905 infructuosa,
1729 832 1938 907 consultat

428 940 515 1003 diam
545 939 601 1002 Dei
624 941 710 1021 (quae
733 947 863 1002 vocatur
888 937 1048 1000 interdum
1077 936 1177 1017 gratia
1230 933 1460 997 fecundissima
1482 931 1574 996 valde
1601 949 1608 992 :
1631 929 1708 1012 quia
1730 929 1802 1011 plus
1824 931 1939 993 omnibus
1957 951 2023 1004 icen,

429 1039 570 1101 increata
584 1056 640 1101 seu
655 1037 756 1119 gratia
770 1037 921 1119 gratians,
938 1036 1021 1098 sicut
1035 1035 1118 1098 Deus
1133 1035 1178 1096 di·
1231 1032 1359 1096 divisim
1380 1030 1520 1113 acceptis
1541 1028 1698 1092 laboravit
1711 1027 1860 1111 apostolis
1871 1047 1878 1107 ;
1890 1028 1940 1110 plu·
1950 1019 1969 1057 ¹¹³·

429 1136 513 1199 citur
537 1143 651 1199 natura
674 1136 852 1216 naturans),
877 1142 909 1198 et
933 1134 1009 1196 item
1032 1153 1089 1216 por
1109 1151 1177 1215 gra·
1231 1131 1383 1194 raetiam
1409 1129 1539 1212 scripsit
1565 1147 1662 1210 quam
1685 1127 1802 1208 aliquis
1825 1127 1940 1201 alioruin,

429 1235 506 1297 tiam
536 1234 593 1296 Dei
623 1241 761 1296 creatam
790 1232 941 1306 infusam,
964 1239 1028 1294 tam
1053 1239 1176 1313 gratum
1231 1237 1263 1292 et
1277 1229 1369 1310 plura
1384 1235 1540 1290 terrarum
1556 1225 1658 1308 spatia
1673 1225 1828 1307 percurrit
1842 1225 1942 1307 adpre

429 1333 613 1406 facientem,
636 1351 732 1415 quam
754 1332 852 1413 gratis
876 1332 993 1406 datam,
1015 1348 1087 1392 snm
1110 1330 1176 1411 Jam
1232 1327 1422 1406 dicandum3
1438 1326 1532 1408 plura
1553 1342 1681 1406 quoquo
1703 1331 1735 1386 et
1756 1323 1885 1404 graviora
1901 1343 1942 1405 pro

430 1431 547 1495 Christi
568 1431 725 1506 minister,
742 1431 792 1493 vir
811 1436 950 1505 sanctus,
967 1449 985 1490 a
1004 1428 1113 1491 divina
1128 1447 1176 1490 ca·
1232 1425 1298 1488 fido
1323 1442 1493 1507 perpessus
1523 1430 1581 1497 est,
1606 1441 1643 1484 ac
1668 1421 1805 1504 propriis
1827 1421 1942 1483 manibus
1952 1429 2035 1488 reieci

430 1529 523 1592 ritate
548 1528 781 1612 inseparabilis,
802 1535 897 1610 atque
921 1526 1093 1609 apostolus,
1115 1543 1179 1589 non
1234 1524 1355 1587 victum
1377 1522 1438 1585 sibi
1460 1521 1617 1604 quaesivit.

977 1954 1171 2041 SERMO
1210 1951 1431 2040 PRIMUS

509 2225 548 2270 ott
570 2224 652 2270 stou}
674 2221 866 2270 GlllllS'flANAE
888 2220 1062 2276 l‘lllldl'fATE,
1082 2219 1150 2275 QUAE
1171 2217 1234 2264 hotv
1255 2217 1381 2264 hartoltl
1402 2216 1551 2273 HUhthAE‚
1572 2216 1629 2262 SED
1652 2215 1890 2262 sursnnnruuau

678 2318 863 2366 ornantem
885 2317 1062 2380 thalamum
1083 2316 1182 2372 noenu
1203 2315 1396 2362 uhfloumlcl
1417 2315 1545 2360 hunonis
1566 2313 1731 2360 vastrath.
2038 2324 2039 2390 p

490 2599 577 2661 [ΝΕ
592 2600 659 2676 fide
677 2597 872 2674 impossibile
891 2604 937 2655 est
952 2598 1083 2670 placere
1102 2596 1176 2655 Deo.
1196 2591 1361 2672 Bdignata
1376 2597 1424 2653 est
1436 2589 1622 2653 hominibus
1638 2589 1865 2673 revelare2qua
1877 2588 1949 2651 etim

434 2707 459 2762 a
505 2694 598 2758 llebr.
622 2713 665 2768 xv,
681 2693 710 2756 6.
1234 2689 1284 2751 sni
1299 2687 1513 2771 praesentiam,
1530 2695 1562 2750 et
1581 2707 1647 2750 suae
1662 2688 1814 2752 doctrine
1832 2707 1864 2750 ac
1878 2687 1951 2768 inspi-
2039 2689 2040 2696 ’

470 2796 605 2859 Sanctus
624 2790 794 2873 Apostolus
816 2789 847 2851 in
871 2787 1024 2850 hodierna
1045 2786 1180 2869 epistola
1234 2787 1366 2850 rationis
1397 2786 1562 2849 veritatem
1597 2785 1858 2850 convenientibus
1880 2803 1951 2866 argu·

377 2919 382 2930 ·
431 2891 547 2964 innuit,
560 2890 657 2952 fidem
674 2887 881 2950 christianam
897 2902 960 2947 non
977 2883 1070 2945 inniti
1087 2883 1180 2945 ratio
1235 2887 1351 2949 mentis
1366 2885 1515 2959 ostendit,
1528 2885 1605 2946 dum
1620 2885 1659 2948 ad
1675 2885 1951 2948 confirmandumea

431 2991 464 3054 ni
491 2990 650 3061 humana,
667 2985 722 3048 sod
745 2982 979 3065 supernaturali
1003 2981 1179 3064 operationi
1234 3005 1304 3067 quae
1325 2983 1503 3046 naturalem
1527 2983 1682 3046 rationem
1702 2984 1952 3064 excedunt,open

431 3088 685 3167 divinaequae
704 3085 768 3146 Deo
788 3090 941 3163 tanquam
963 3079 1104 3161 sigillum
1126 3098 1179 3161 ap·
1234 3082 1405 3145 visibiliter
1420 3082 1649 3144 domonstravit
1664 3090 1696 3144 et
1712 3082 1789 3145 fecit
1803 3102 1867 3164 qna
1879 3082 1952 3144 totius

432 3185 571 3269 plicatur
596 3181 674 3262 legis
699 3179 892 3261 evangelicae
916 3177 1128 3252 documentis,
1147 3177 1179 3239 in
1235 3189 1357 3243 naturae
1374 3187 1526 3261 superant
1541 3180 1738 3254 facultatem,
1755 3188 1859 3262 utpote
1873 3180 1900 3242 in
1913 3178 1954 3240 mi
2041 3209 2042 3240 r

432 3280 693 3346 testificationem
709 3279 792 3360 quod
809 3297 827 3340 a
842 3278 905 3340 lleo
926 3275 990 3339 sint
1009 3277 1180 3340 documen·
1235 3278 1328 3341 rabili
1345 3279 1507 3341 curatione
1524 3278 1765 3359 languorum,in
1780 3277 1953 3341 suscitatione

432 3389 465 3444 ta
489 3381 556 3444 haec
583 3380 662 3461 ipsa.
689 3376 962 3451 Quemadmodum
988 3375 1074 3436 enim
1100 3373 1180 3436 fidos
1236 3384 1446 3450 mortuorum,
1469 3376 1501 3438 in
1528 3375 1707 3439 coelestium
1733 3393 1892 3459 corporum
1912 3375 1955 3436 irn-

433 3487 482 3543 est
505 3479 544 3540 de
569 3473 866 3559 supernaturalibus
891 3472 1090 3546 veritatibus,
1110 3490 1181 3553 quae
1235 3475 1421 3550 mutatione,
1439 3481 1481 3548 et,
1498 3474 1583 3555 quod
1605 3473 1786 3537 mirabilius
1805 3483 1860 3548 est,
1874 3473 1901 3534 in
1914 3472 1955 3532 hu-

434 3570 1182 3656 humananequeuntrationoprobari3itaper
1236 3591 1400 3636 manarum
1435 3573 1592 3635 mentium
1624 3571 1842 3654 inspiratione,
1870 3573 1906 3634 ita
1930 3579 1954 3630 ut

435 3672 688 3756 supernaturalia
708 3676 906 3752 argumenta,
923 3674 1032 3750 utpote
1047 3668 1182 3750 Prophe·
1236 3670 1341 3734 idiotae
1364 3678 1395 3733 et
1419 3669 1583 3753 simplices
1608 3671 1692 3734 dono
1717 3671 1851 3754 Spiritus
1871 3667 1954 3732 Sancti

434 3780 539 3835 tarum
562 3769 690 3834 oracula
709 3787 745 3831 ac
766 3767 883 3830 divinia
904 3766 1069 3848 potestatis
1089 3765 1182 3828 mira·
1197 3766 1219 3830 G
1236 3768 1360 3851 repleti,
1377 3786 1536 3832 summam
1558 3767 1749 3850 sapientiam
1768 3776 1859 3852 atque
1874 3767 1956 3830 facun-

435 3871 518 3946 eula,
540 3876 588 3932 est
613 3868 752 3951 probata.
772 3867 846 3929 ldoo
869 3864 1023 3927 assentire
1047 3865 1087 3926 iis
1111 3883 1181 3946 qua
1235 3867 1321 3930 diam
1346 3865 1378 3928 in
1403 3865 1534 3929 instanti
1558 3873 1837 3949 consequerentur.
1860 3863 1956 3939 Quibus

436 3974 511 4030 sunt
531 3965 620 4039 fidei,
636 3982 700 4027 non
720 3971 769 4027 est
788 3961 936 4038 levitatis,
953 3962 1099 4044 quamvis
1118 3961 1182 4023 sint
1236 3963 1400 4046 inspectis,
1412 3981 1475 4026 non
1490 3981 1653 4026 armorum
1668 3963 1829 4038 violentia,
1840 3981 1895 4027 non
1909 3980 1957 4024 car·

436 4060 784 4146 incomprehensibilia,
809 4078 910 4142 quum
936 4060 1001 4122 sint
1028 4059 1182 4121 divinitus
1236 4063 1359 4125 nalinm
1376 4063 1578 4144 voluptatum
1598 4063 1820 4144 promissione,
1835 4070 1874 4136 et,
1891 4059 1957 4143 quod

437 4161 657 4244 copiosissime
686 4158 869 4241 approbata.
894 4158 974 4220 llinc
999 4163 1079 4220 testo
1102 4157 1183 4241 Apo
1236 4161 1514 4224 mirabilissimum
1530 4161 1676 4236 estinter
1691 4169 1915 4246 persecutorum
1927 4167 1959 4240 tp·

292 4260 527 4334 nelr.11,astolo,
550 4258 657 4322 «Sine
679 4257 744 4319 fide
765 4256 964 4338 impossibile
985 4262 1066 4318 est»
1085 4256 1183 4319 viato-
1236 4261 1414 4334 rannidem,
1432 4259 1677 4323 innumerabilis
1700 4259 1793 4324 turba
1816 4260 1958 4324 hominurn

436 4359 582 4432 rem,hoc
597 4365 646 4420 ost
660 4355 823 4420 hominem
840 4356 871 4416 in
888 4355 947 4417 hac
961 4354 1036 4428 vita,
1046 4375 1117 4437 quae
1131 4357 1184 4418 via
1237 4375 1300 4420 non
1323 4357 1426 4421 solum
1453 4357 1663 4440 simplicium,
1685 4360 1741 4422 sed
1764 4367 1793 4421 et
1817 4357 1960 4440 sapientis

435 4465 485 4519 est
504 4457 542 4519 ad
563 4456 703 4518 futuram
725 4455 835 4528 vitam,
853 4475 870 4514 ‹<
886 4454 950 4516 Deo
971 4454 1096 4536 placere
1112 4477 1139 4516 ».
1237 4456 1390 4518 simorum
1416 4455 1571 4530 virorum,
1593 4457 1632 4518 ad
1659 4457 1860 4520 christianam
1880 4455 1958 4518 fidem

476 4553 619 4635 Denique
634 4553 673 4614 de
688 4554 746 4614 hac
762 4571 795 4614 re
812 4552 841 4614 S.
852 4551 987 4614 'fhomas
1003 4553 1035 4613 in
1052 4553 1183 4615 Summa
1236 4555 1428 4627 convolavit,
1445 4555 1478 4616 in
1501 4573 1565 4637 qua
1586 4572 1717 4618 omnem
1738 4557 1903 4619 humanum
1924 4553 1958 4612 in-

436 4659 546 4713 contra
559 4650 704 4731 gentiles,
721 4649 795 4713 libri
812 4649 909 4732 primi
926 4649 1065 4731 capitulo
1081 4658 1180 4725 sexto,
1236 4654 1399 4716 tellectum
1430 4653 1617 4717 excedentia
1644 4655 1865 4736 predicantur,
1887 4651 1957 4714 volu·

436 4747 527 4810 valdo
542 4745 725 4810 notabiliter
740 4748 861 4822 scribit,
874 4747 1010 4810 dicendo
1027 4765 1033 4809 :
1050 4748 1181 4811 Veritati
1236 4759 1337 4833 ptates
1354 4751 1458 4814 carnis
1477 4751 1680 4827 cohibentur,
1696 4761 1728 4815 et
1743 4752 1846 4816 omnia
1859 4771 1920 4833 qna
1932 4750 1957 4810 in

436 4844 680 4928 supernaturali,
697 4845 748 4906 cui
768 4845 908 4908 humana
927 4845 1006 4908 ratio
1024 4863 1087 4908 non
1103 4866 1181 4929 praa-
1236 4850 1356 4913 mundo
1384 4858 1459 4912 sunt
1483 4851 1645 4913 contemni
1675 4852 1835 4914 docentur.
1859 4847 1958 4924 ouibus

435 4944 489 5007 bet
506 4942 773 5025 experimentum,
791 4944 889 5007 fidem
909 4944 1097 5008 adhibentes
1117 4964 1180 5009 non
1196 4949 1220 5011 D
1235 4948 1357 5010 animas
1382 4948 1565 5011 mortalium
1589 4950 1778 5024 consentire,
1804 4949 1958 5010 maximum

436 5041 548 5104 leviter
567 5038 709 5102 credunt.
727 5041 798 5104 llaec
814 5042 899 5106 enim
920 5042 1083 5125 sapientias
1103 5043 1181 5106 divi·
1236 5046 1463 5110 miraculorum
1493 5055 1551 5122 est,
1577 5054 1609 5110 et
1635 5047 1838 5112 manifestum
1862 5043 1959 5109 divina

434 5160 483 5202 nae
500 5146 621 5202 secreta
639 5139 730 5220 (puta
747 5140 927 5222 credenda),
949 5149 1065 5204 aterna
1082 5149 1114 5204 et
1134 5143 1180 5204 in·
1235 5142 1452 5224 inspirationis
1468 5162 1547 5226 opus
1563 5151 1659 5226 atque
1676 5145 1840 5218 indicium,
1857 5150 1888 5204 ut
1902 5159 1959 5202 con-

435 5246 539 5301 creata
557 5236 718 5319 Sapientia
731 5237 837 5300 omnia
857 5239 1043 5321 plenissime
1062 5240 1177 5314 sciens,
1235 5242 1364 5324 temptis
1380 5241 1562 5305 visibilibus
1578 5243 1646 5306 sola
1661 5242 1833 5306 invisibilia
1848 5239 1959 5323 cupian-
