4164 6258
412 400 473 464 206
674 417 823 464 oorrrmcn
845 417 875 462 rr
897 409 970 462 eosr
990 413 1185 461 rutmrarurr.
1205 427 1246 444 -—
1265 412 1441 463 summum
1462 416 1494 463 m
1514 415 1711 464 evaserumt

412 588 500 651 tione
528 586 672 650 veritatis
700 588 828 663 divine,
857 587 1005 650 voluntas
1033 603 1161 668 quoque
1175 583 1203 648 t
1218 593 1343 648 nentur.
1357 587 1502 650 Ridicula
1516 589 1648 663 etenim,
1661 589 1726 651 imo
1740 595 1773 650 et
1786 586 1955 669 periculosa

413 686 600 749 dulcissima
621 685 774 749 fruitione
795 684 946 748 bonitatis
967 684 1140 747 altissime.
1218 702 1268 747 res
1287 693 1335 747 est
1355 687 1536 768 speculator
1550 695 1582 749 et
1596 687 1709 750 ductor
1725 703 1841 759 cecus,
1857 685 1956 747 doctm

454 787 577 846 Eodem
593 787 713 864 quippe
727 804 881 844 mensura
896 803 961 862 quc
976 785 1080 842 mensi
1093 784 1163 859 sue
1219 783 1349 858 inscius,
1366 803 1470 865 preco
1491 795 1609 860 mutus,
1626 801 1804 867 precursor
1822 781 1954 856 claudus,

415 886 503 953 ritis,
520 884 712 944 remetietur
736 883 835 951 vobis,
854 881 886 943 id
911 888 969 956 est,
985 881 1075 961 juxta
1098 881 1162 943 exi·
1219 888 1323 943 rector
1352 880 1490 962 injustus
1518 901 1525 944 :
1551 883 1629 945 tales
1659 901 1799 964 namque
1823 900 1858 945 se
1880 881 1955 962 ipsos

412 980 551 1062 gentiam
569 981 756 1043 meritorum
772 987 951 1042 vestrorum
966 978 1057 1041 vobis
1073 978 1162 1040 retri-
1219 977 1361 1060 aliosque
1381 980 1591 1062 precipitant.
1609 980 1690 1042 llinc
1708 979 1753 1042 ait
1771 979 1953 1060 Gregorius:

413 1077 545 1156 buctur;
560 1083 591 1139 et
607 1075 691 1138 sicut
706 1075 847 1137 feceritis
866 1075 1020 1156 proximis
1037 1075 1161 1148 vestris,
1219 1077 1299 1139 Dum
1323 1085 1430 1159 pastor
1452 1097 1509 1161 per
1530 1078 1668 1161 abrupta
1689 1077 1842 1141 vitiorum
1866 1078 1955 1158 gradi·

410 1176 500 1257 juxta
516 1175 575 1237 boc
591 1176 672 1238 Deus
689 1171 784 1235 faciet
798 1173 1057 1246 vobis,videlicet
1073 1180 1164 1253 prout
1219 1181 1282 1249 tur,
1298 1193 1428 1239 necesse
1452 1184 1499 1238 cst
1519 1184 1554 1239 ut
1575 1195 1633 1258 per
1654 1175 1871 1258 precipitium
1889 1193 1955 1256 grex

412 1292 508 1356 opera
537 1282 642 1337 vestra
672 1282 836 1337 merentur
867 1289 874 1332 :
907 1271 1056 1353 quoniam
1088 1289 1164 1352 pre·
1220 1281 1379 1354 sequatur.
1398 1275 1505 1338 Pastor
1519 1275 1605 1337 enim
1627 1293 1660 1338 se
1678 1274 1776 1337 babet
1796 1273 1829 1337 iu
1850 1275 1957 1357 populo

414 1373 515 1435 mium
532 1373 759 1454 correspondet
773 1370 898 1443 merito,
910 1369 1074 1450 magisque
1091 1387 1165 1451 pen·
1220 1371 1303 1432 sicut
1326 1371 1438 1434 oculus
1464 1373 1496 1435 iu
1522 1391 1663 1456 corpore.
1690 1373 1861 1455 Propterea
1882 1373 1956 1454 apud

413 1480 502 1535 satur
522 1472 699 1534 secundum
725 1469 977 1551 magnitudinem
1003 1467 1164 1530 interioris
1218 1469 1387 1532 Jeremiam
1412 1471 1568 1554 scriptum
1588 1479 1637 1535 cst
1653 1489 1660 1534 :
1678 1472 1757 1546 Ouia
1777 1471 1875 1534 stulte
1895 1489 1957 1552 egc-
1974 1485 2052 1532 tarr,

414 1571 671 1653 affectus,quam
687 1569 794 1652 operis
809 1567 994 1644 exterioris3
1012 1575 1107 1649 prout
1121 1567 1166 1629 ait
1220 1575 1295 1628 runt
1318 1576 1460 1650 pastores
1484 1576 1516 1632 θῖ
1540 1569 1711 1633 Dominum
1741 1587 1806 1632 nou
1832 1571 1958 1652 exquisi-

280 1699 401 1747 careal,
415 1671 567 1744 Salvator,
585 1669 670 1752 quod
690 1668 787 1730 vidua
806 1685 876 1749 que
898 1665 985 1727 misit
1004 1665 1166 1727 etebtulit
1220 1674 1324 1738 erunt,
1356 1667 1427 1729 ideo
1455 1668 1560 1730 omnis
1587 1686 1664 1750 grex
1694 1686 1808 1731 eorum
1838 1667 1958 1750 dissipa-

267 1763 347 1813 Μ·
415 1771 479 1832 duo
509 1769 643 1843 minuta,
668 1767 742 1850 plus
770 1764 919 1828 omnibus
949 1763 1045 1825 misit.
1078 1763 1202 1826 UndeB
1219 1772 1271 1826 tus
1292 1772 1349 1827 est.

266 1896 402 1943 tunm,
417 1888 527 1931 rursus
550 1867 695 1932 Christus
720 1872 854 1928 testatur
871 1880 878 1924 :
894 1863 928 1924 ln
952 1863 1046 1924 domo
1067 1862 1165 1924 Patris
1254 1865 1329 1925 Nou
1338 1873 1385 1923 est
1393 1866 1576 1941 discipulus
1585 1885 1684 1942 super
1693 1865 1959 1944 maqtstrumttoc

268 1962 288 2002 ²·
418 1968 479 2030 mci
497 1965 678 2028 mansiones
699 1963 808 2026 multe
828 1969 913 2036 sunt,
931 1961 962 2022 id
981 1967 1029 2022 est
1047 1960 1165 2022 diversi
1220 1961 1409 2042 generaliter
1434 1963 1476 2024 ita
1498 1970 1556 2037 est,
1579 1963 1738 2046 loquendo
1757 1964 1798 2026 dc
1821 1964 1961 2046 magistro

417 2065 533 2147 gradus
549 2062 766 2147 premiorum,
782 2061 872 2141 juxta
891 2059 1007 2141 gradus
1022 2077 1058 2120 ac
1074 2058 1166 2122 diffe·
1221 2059 1444 2142 discipuloquc
1466 2061 1643 2124 formaliter
1663 2081 1671 2126 :
1692 2062 1768 2144 quia
1792 2063 1961 2145 discipulus

418 2163 535 2225 rentias
551 2161 748 2224 meritorum.
759 2157 873 2221 Paulus
888 2174 1015 2239 quoque
1030 2154 1163 2219 fatetur:
1222 2157 1254 2219 in
1275 2166 1431 2240 quantum
1452 2159 1641 2242 discipulus,
1659 2160 1793 2223 inferior
1806 2167 1857 2224 cst
1877 2161 1961 2242 magi-

268 2288 286 2333 11
294 2287 346 2332 car.
353 2288 403 2336 mo.
417 2261 476 2336 Qui
492 2278 587 2342 parce
602 2258 749 2331 seminat,
762 2274 857 2339 parce
871 2263 903 2318 et
917 2261 1023 2317 metet.
1037 2254 1100 2317 Nec
1115 2254 1166 2316 bis
1221 2265 1286 2319 stro
1311 2257 1343 2318 in
1368 2265 1523 2339 quantum
1553 2258 1705 2340 magister
1733 2268 1800 2340 est;
1826 2261 1961 2342 quamvis

417 2359 526 2422 obviat
549 2357 635 2440 quod
660 2352 909 2440 protemporali
937 2353 1050 2415 merito
1074 2353 1167 2414 datur
1222 2355 1429 2418 materialiter
1452 2356 1642 2439 discipulus,
1664 2357 1695 2420 id
1720 2366 1769 2420 est
1793 2358 1892 2422 bomo
1914 2359 1961 2441 qui

419 2477 540 2521 merces
555 2463 683 2530 eterna,
693 2461 724 2516 et
738 2453 824 2535 quod
838 2452 921 2514 Deus
936 2451 1054 2514 electos
1070 2470 1167 2533 supra
1221 2461 1269 2515 cst
1293 2453 1481 2535 discipulus,
1508 2455 1609 2537 possit
1637 2473 1707 2517 esse
1736 2455 1892 2537 magistro
1914 2474 1963 2519 suo

418 2557 612 2638 condignum
630 2559 822 2625 remunerat,
830 2549 981 2632 reprobos
997 2568 1073 2613 vcro
1087 2550 1167 2612 citra
1222 2551 1391 2634 potentior,
1403 2552 1505 2628 altior,
1522 2553 1673 2628 sanctior,
1689 2554 1897 2635 ingeniosior,
1908 2555 1964 2618 imo

417 2655 612 2736 condignum
628 2651 722 2736 punit
739 2667 745 2712 :
763 2649 914 2732 quoniam
934 2649 994 2711 ista
1009 2667 1166 2712 mensure
1221 2657 1252 2713 et
1274 2651 1407 2714 doctior.
1424 2649 1456 2714 Si
1476 2669 1552 2714 vero
1573 2651 1612 2714 ad
1636 2652 1775 2716 litteram
1799 2672 1859 2736 per
1878 2653 1963 2736 magi·

416 2748 591 2836 equalitas,
608 2749 781 2833 proportio,
799 2748 867 2810 sive
887 2747 1047 2822 identitas,
1063 2747 1166 2809 consi·
1220 2757 1322 2812 strum
1348 2749 1544 2830 intelligatur
1567 2750 1704 2833 ipsemet
1729 2751 1888 2829 Christus,
1913 2752 1961 2834 qui

416 2853 544 2914 deretur
567 2850 600 2912 in
621 2865 737 2931 genere
755 2864 762 2908 :
779 2855 815 2908 ut
836 2846 891 2927 qui
915 2845 988 2928 plus
1010 2843 1164 2928 peccavit,
1220 2848 1273 2922 ait,
1300 2848 1385 2910 Unus
1409 2855 1457 2910 est
1484 2847 1635 2929 magister
1659 2855 1765 2911 vester
1789 2850 1960 2914 Christus:
1992 2869 2040 2913 raa

417 2950 489 3033 plus
505 2949 675 3032 puniatur3
691 2953 722 3010 et
742 2945 798 3027 qui
819 2943 892 3027 plus
912 2944 1100 3026 promeruit,
1116 2947 1203 3011 coc
1220 2953 1343 3008 certum
1369 2952 1417 3008 est
1436 2945 1521 3028 quod
1540 2946 1600 3008 boc
1621 2947 1775 3028 magistro
1794 2948 1904 3012 nullus
1924 2937 2035 3011 ‹li-¹¹¹³*

416 3048 538 3132 piosius
560 3053 739 3110 coronetur.
1220 3045 1418 3126 scipulorum
1447 3043 1489 3106 sit
1513 3043 1630 3125 major3
1656 3045 1711 3108 sed
1735 3061 1851 3110 omnes
1880 3047 1962 3110 valde

456 3149 591 3210 Dicebat
613 3154 721 3206 cutem
748 3143 818 3202 tttts
840 3140 959 3224 quibus
984 3157 1164 3203 sermonem
1221 3150 1295 3204 sunt
1309 3161 1347 3206 eo
1363 3141 1540 3205 inferiores
1553 3145 1727 3220 Perfectus
1741 3153 1853 3207 cutem
1867 3146 1963 3206 omnis

417 3247 504 3309 huuc
526 3244 615 3318 fecit,
642 3240 818 3325 presertim
842 3238 1012 3321 discipulis
1036 3239 1113 3313 suis,
1135 3247 1166 3298 et
1221 3240 1398 3322 discipulus
1414 3243 1490 3312 erit,
1507 3243 1537 3301 si
1556 3244 1599 3301 sit
1614 3243 1699 3302 sicut
1714 3245 1875 3322 magister
1888 3245 1963 3322 ejus,

416 3344 672 3406 similitudinem
696 3359 767 3422 que
792 3338 940 3401 subditur
963 3355 969 3399 :
992 3338 1168 3418 Numquid
1222 3339 1254 3400 id
1276 3346 1334 3412 est,
1350 3340 1378 3402 si
1399 3339 1429 3402 ei
1450 3339 1646 3402 assimiletur
1667 3359 1725 3422 per
1744 3339 1962 3414 imitationem,

413 3453 518 3522 potest
532 3462 634 3503 ccecus
648 3459 767 3501 cecum
785 3439 930 3498 ducere?
944 3439 1061 3501 Ncuue
1075 3437 1167 3496 umbo
1222 3444 1276 3500 aut
1291 3436 1517 3501 conformetur.
1533 3438 1603 3501 Non
1618 3445 1726 3502 tamen
1742 3439 1817 3503 talis
1832 3440 1964 3523 discipu·

418 3545 455 3602 iu
476 3544 604 3619 foueam
628 3537 778 3598 ccduutf
801 3535 866 3597 Hoc
890 3535 923 3596 in
947 3533 1166 3616 corporalibus
1223 3535 1272 3597 lus
1293 3534 1355 3597 erit
1374 3534 1535 3617 perfectus
1558 3535 1762 3619 simpliciter,
1779 3539 1836 3602 sed
1860 3539 1894 3601 in
1914 3555 1965 3600 suo

418 3640 462 3701 ita
490 3644 559 3716 est;
584 3653 644 3698 nec
673 3642 721 3696 est
744 3632 922 3695 similitudo
950 3639 1085 3706 tantum,
1111 3630 1165 3693 sed
1223 3641 1317 3708 statu,
1334 3634 1433 3715 gradu
1453 3652 1490 3696 ac
1510 3633 1632 3698 ordine.
1650 3634 1683 3698 Si
1701 3644 1811 3699 autem
1831 3655 1891 3720 per
1908 3655 1965 3700 ma·

418 3737 536 3800 veritas
559 3742 591 3797 et
612 3751 672 3796 res.
691 3733 916 3794 Verumtamen
939 3729 1082 3793 Christus
1106 3729 1167 3792 boc
1222 3733 1356 3814 gistrum
1373 3732 1516 3795 Christus
1531 3731 1737 3814 intelligatur,
1749 3743 1876 3799 constat
1889 3736 1965 3818 quod

418 3852 477 3918 pro
498 3831 711 3896 similitudine
732 3828 918 3903 introduxit,
935 3827 1011 3910 quia
1031 3845 1088 3910 per
1107 3827 1167 3889 boc
1222 3837 1341 3912 quanto
1363 3830 1435 3912 plus
1458 3830 1530 3913 quis
1552 3829 1639 3892 bunc
1661 3831 1852 3913 magistrum
1877 3833 1966 3896 fuerit

419 3931 505 3995 aliud
529 3928 719 4011 designavit,
736 3927 887 3992 videlicet
907 3926 992 4009 quod
1014 3925 1111 3988 etiam
1134 3925 1166 3987 in
1223 3929 1375 4004 imitatus,
1403 3935 1489 3992 tauto
1512 3927 1684 4010 perfectior
1708 3932 1963 4014 comprobetur:

418 4028 640 4113 spiritualibus
663 4026 707 4089 ita
727 4034 776 4089 θεῖ
793 4045 800 4090 :
818 4031 928 4107 utpote
950 4024 1035 4106 quod
1060 4032 1167 4086 mente
1223 4027 1288 4090 imo
1309 4026 1407 4108 hujus
1430 4026 1572 4108 magistri
1595 4027 1731 4090 imitatio
1754 4030 1902 4094 omniurn
1924 4037 1966 4093 est

418 4150 532 4204 cecus,
553 4129 585 4192 id
607 4135 656 4192 est
678 4127 818 4210 ignarus,
836 4125 1048 4209 passionatus,
1068 4123 1166 4204 negli·
1181 4127 1206 4189 l)
1223 4125 1474 4189 Christianorum
1495 4124 1659 4207 perfectio.

416 4249 494 4312 gens
516 4236 548 4292 et
571 4227 719 4302 carnalis,
741 4243 804 4288 uou
829 4232 877 4288 est
900 4224 1033 4286 idoneus
1058 4239 1166 4303 regere
1262 4225 1333 4288 Hec
1357 4232 1464 4286 autern
1489 4224 1613 4287 locutus
1636 4232 1684 4288 est
1704 4225 1861 4303 Christus,
1882 4237 1916 4292 ut
1936 4246 1965 4290 se

417 4330 517 4408 alios3
543 4327 598 4391 scd
623 4335 688 4389 tarn
717 4325 786 4407 ipsc
812 4343 908 4406 quam
938 4320 1059 4384 subditi
1084 4320 1165 4401 ejus,
1223 4323 1326 4405 ipsum
1340 4323 1506 4405 discipulis
1521 4332 1713 4406 proponeret
1728 4324 1761 4387 iu
1776 4327 1963 4409 exemplum

418 4433 526 4501 ruunt,
554 4442 641 4486 nunc
670 4423 801 4505 quidem
832 4422 865 4483 in
894 4421 1032 4494 foveam,
1058 4418 1090 4480 id
1119 4425 1167 4481 est
1222 4423 1382 4505 Tanquam
1398 4422 1608 4496 dicatzouum
1622 4441 1681 4504 ego
1696 4433 1863 4505 praetactas
1879 4426 1966 4488 virtu·

418 4525 568 4588 vitiorum
598 4521 859 4604 profunditatem,
885 4518 1000 4581 deinde
1025 4517 1058 4580 iu
1082 4516 1167 4579 fove·
1223 4528 1280 4594 tes,
1296 4528 1464 4602 precepta,
1477 4521 1674 4604 consiliaque
1690 4521 1905 4605 impleverim,
1920 4523 1966 4585 ad·

284 4636 326 4682 rat
337 4639 403 4690 aas.
418 4642 470 4685 arn
490 4619 692 4693 infernalem,
708 4618 747 4682 de
766 4636 830 4700 qua
849 4618 1004 4698 scriptum
1026 4623 1073 4679 est
1090 4635 1096 4680 :
1115 4616 1167 4678 Fa·
1222 4619 1378 4682 versarics
1393 4619 1565 4700 diligendo,
1573 4619 1714 4682 inimicis
1729 4620 1963 4694 benefaciendo,

419 4723 484 4784 cies
504 4717 715 4801 superborum
736 4717 768 4778 in
789 4715 913 4779 foveam
936 4716 1094 4796 demerge.
1111 4715 1167 4777 llis
1222 4725 1253 4781 et
1269 4725 1373 4780 cetera
1390 4717 1457 4798 jam
1478 4717 1608 4780 inducta
1626 4719 1759 4798 agendo,
1777 4720 1870 4784 decet
1887 4728 1964 4784 utet

418 4819 526 4883 verbis
549 4816 677 4880 edocuit
699 4815 853 4888 Christus,
871 4814 955 4896 quod
978 4814 1165 4889 rectoribus,
1221 4836 1277 4880 vos
1292 4817 1442 4898 discipuli
1459 4817 1522 4878 mei
1538 4816 1584 4880 sic
1598 4815 1821 4882 faciatisllinc
1834 4819 1912 4883 alibi
1927 4821 1964 4882 lo

419 4927 451 4982 et
470 4913 743 5000 predicatoribus,
765 4933 802 4976 ac
822 4913 961 4995 prelatis
980 4914 1166 4976 necessarie
1221 4917 1331 4998 quitur
1345 4916 1488 4979 Christus
1500 4936 1506 4980 :
1520 4916 1710 4999 Exemplum
1726 4917 1800 4980 dedi
1816 4920 1918 4993 vobis,
1933 4927 1963 4981 ut
1973 4933 2050 4977 raca

420 5017 511 5079 valde
527 5016 591 5078 sint
606 5013 719 5077 notitia
733 5011 1070 5086 divinorum,scientia
1084 5011 1166 5075 Scri·
1222 5015 1492 5096 quemadmodum
1513 5033 1571 5095 ego
1592 5014 1666 5091 feci,
1684 5015 1727 5078 ita
1746 5025 1778 5079 et
1797 5035 1854 5080 vos
1874 5019 1961 5080 facia·
1974 5001 1999 5041 ¹⁵·

418 5125 601 5201 pturarum,
632 5111 782 5195 splendor
810 5111 979 5184 virtutum,
1011 5109 1166 5172 stabilitas
1221 5113 1272 5174 tis.
1284 5113 1345 5174 Aut
1361 5119 1445 5174 certe
1460 5111 1558 5174 verba
1578 5113 1645 5178 bec
1660 5115 1795 5195 protulit
1812 5115 1961 5191 Christus,

419 5215 547 5290 mentis,
564 5230 605 5276 uc
619 5210 713 5274 facile
727 5208 959 5272 conturbentur
977 5215 1033 5270 aut
1048 5207 1167 5292 passio
1221 5209 1260 5272 ad
1283 5210 1508 5274 declarandum
1533 5211 1618 5295 quod
1639 5229 1742 5276 cecus
1762 5232 1884 5280 cecum
1904 5233 1963 5280 uon
