4154 6258
436 457 496 524 396

696 474 844 525 nortuum
865 474 922 523 Xlll
942 473 1016 521 eost
1035 471 1229 522 'l'lllNl'l‘ATMM-
1250 491 1290 504 ···
1310 473 1485 522 MNARMATIO
1506 475 1538 522 ΙΝ
1558 455 1725 524 silerem

438 647 636 730 putationem
652 666 809 712 annorum
826 667 844 711 a
859 653 1004 730 tempore
1019 645 1182 728 premissi·
1196 645 1343 724 sponsa
1371 657 1429 719 est,
1454 649 1514 712 hoc
1543 653 1601 722 est,
1628 647 1812 712 homiuibus
1838 647 1910 724 data,
1930 659 1957 712 ut

292 761 422 813 eterne.
437 746 508 809 onis
524 767 594 829 quae
612 747 717 830 primo
733 746 815 809 lacta
829 754 878 809 est
892 745 1025 808 llbrahae
1040 744 1182 808 venienti

438 846 477 908 de
497 853 581 908 terra
596 845 825 920 Chaldaeorum,
844 866 860 904 c
876 862 940 908 non
960 843 1087 906 irritum
1106 842 1184 905 lacit

438 950 663 1006 testamentum
678 942 903 1007 confirmatum
920 961 939 1004 a
954 942 1018 1004 Deo
1029 963 1058 1016 n,
1076 941 1106 1004 id
1122 948 1180 1015 est,

437 1042 683 1125 promissionem
708 1041 842 1105 Abrabae
863 1041 991 1116 laetam,
1017 1059 1074 1122 per
1096 1039 1183 1102 Chri·

1239 745 1351 808 saltem
1367 747 1482 810 timere
1502 765 1668 828 poenarum
1688 765 1759 829 que
1774 745 1958 810 determinan-

1238 850 1291 906 tur
1315 845 1348 906 in
1374 843 1453 926 lege,
1474 845 1710 908 retraherentur
1732 863 1751 907 a
1772 844 1865 918 vitiis,
1879 849 1958 906 donec

1240 944 1366 1003 veniret
1385 963 1504 1014 semen,
1520 944 1552 1006 id
1572 950 1630 1017 θεῖ,
1647 942 1789 1006 Christus
1809 961 1862 1025 pcr
1877 943 1958 1006 incar-

1238 1039 1399 1104 nationem
1419 1059 1510 1104 suam
1531 1041 1688 1104 mundum
1709 1039 1848 1116 intraret,
1862 1044 1909 1101 eni
1921 1063 1958 1102 re-

436 1149 521 1202 stum
541 1147 618 1202 tune
637 1139 886 1221 adimplendam,
904 1140 998 1202 modo
1016 1136 1181 1220 impletam
1235 1140 1446 1215 promiserat,
1461 1139 1522 1202 boc
1537 1146 1596 1214 est,
1608 1140 1647 1202 de
1662 1157 1726 1221 quo
1741 1139 1822 1201 Deus
1836 1140 1958 1221 premisit

435 1245 530 1320 atque
545 1238 654 1301 divino
665 1238 847 1319 juramento
861 1238 1104 1311 firmatam,n0u
1121 1255 1184 1298 cas·

435 1343 483 1398 sat
501 1353 606 1416 neque
626 1333 787 1408 lelsilicat,
804 1338 848 1395 od
867 1336 1088 1394 enomrandom
1107 1351 1182 1408 pro-

435 1435 633 1504 missionem,
643 1432 674 1494 id
690 1439 748 1506 est,
760 1433 803 1495 ite
818 1440 853 1496 ut
868 1432 1030 1514 praelatam
1048 1431 1183 1514 promis-

436 1531 558 1594 sionem
575 1530 680 1612 privet
695 1548 753 1594 suo
768 1530 898 1604 ellectu,
915 1549 970 1592 seu
987 1529 1057 1611 ejus
1073 1529 1183 1613 imple-

436 1629 556 1692 tionem
579 1629 757 1711 impediet:
776 1629 861 1711 quod
882 1637 987 1691 tamen
1005 1628 1134 1702 laceret,
1155 1627 1182 1689 si

436 1746 494 1810 per
514 1726 617 1807 legem
632 1727 761 1789 daretur
775 1726 956 1789 benedictio
972 1725 1026 1789 illa
1041 1726 1181 1807 prelata,

1239 1237 1324 1319 quod
1349 1237 1536 1320 peripsum
1567 1237 1780 1320 implerentur
1802 1238 1958 1320 promissio

1239 1354 1306 1408 nes,
1324 1335 1408 1399 sicut
1431 1337 1470 1398 ed
1495 1336 1654 1399 Abraham
1679 1336 1802 1399 dixerat
1824 1337 1958 1400 Deuszln
1978 1359 2049 1408 aru,

1239 1434 1362 1497 semine
1390 1441 1445 1498 tuo
1470 1435 1700 1499 benedicentur
1726 1453 1834 1498 omnes
1858 1423 1991 1516 gentesffl·

1238 1531 1313 1606 Lex,
1340 1533 1483 1615 inquam,
1513 1535 1682 1604 ordinata,
1707 1533 1740 1596 id
1767 1541 1815 1596 est
1840 1533 1958 1596 ordinate
2053 1555 2054 1610 t

1239 1631 1352 1692 collata
1366 1649 1386 1693 a
1399 1631 1474 1705 Deo,
1479 1649 1542 1708 per
1556 1635 1686 1710 anpetos
1700 1631 1808 1714 Moysi,
1818 1639 1902 1713 atque
1915 1651 1960 1713 per
2053 1689 2054 1694 ,

1238 1727 1366 1811 Moysen
1382 1729 1510 1812 populo.
1529 1729 1617 1792 Unde
1632 1729 1665 1791 in
1681 1727 1812 1793 Actibus
1825 1729 1960 1812 Apostolo

436 1845 507 1908 quae
526 1832 574 1888 est
593 1825 752 1887 hereditas
778 1844 834 1887 seu
854 1824 939 1886 salus
961 1831 1087 1887 aeterna.
1112 1825 1183 1888 Haec
1201 1826 1224 1889 B
1239 1845 1311 1889 rum
1335 1827 1514 1909 Stephanus
1538 1827 1619 1889 dixit
1640 1828 1758 1891 Judaeis
1782 1845 1788 1888 :
1809 1828 1960 1910 decepistis
1970 1843 2050 1884 urar

435 1943 574 2006 namque
597 1924 768 2006 promissio
792 1925 831 1986 ad
851 1922 1010 1987 Abraham
1032 1921 1115 1984 lacte
1136 1931 1184 1985 est

435 2023 490 2085 diu
509 2028 679 2105 antequam
701 2022 750 2084 lex
768 2022 865 2104 Moysi
886 2022 958 2083 data
972 2029 1031 2094 θεῖ,
1048 2029 1080 2083 θῖ
1099 2030 1184 2084 ante-

435 2140 530 2204 quam
545 2121 665 2203 Moyses
679 2128 771 2184 natus
787 2127 843 2182 est.
853 2119 884 2182 Si
900 2138 975 2200 ergo
989 2119 1110 2182 bonum
1127 2139 1184 2202 per

434 2239 504 2282 earn
520 2219 726 2301 promissum,
737 2225 846 2300 utpote
859 2217 1040 2281 benedictio
1054 2218 1125 2292 ista,
1135 2219 1185 2280 da·

434 2324 522 2380 retur
546 2336 604 2398 per
627 2316 741 2398 legem,
761 2317 866 2398 primo
890 2325 1077 2399 sequeretur
1098 2317 1183 2398 quod

434 2432 498 2478 non
519 2422 602 2478 esset
621 2434 660 2477 err
678 2414 912 2496 promissione;
930 2415 1081 2489 secundo,
1098 2415 1183 2497 qued

435 2513 553 2577 frustra
574 2513 668 2576 lieret
690 2513 810 2576 mentio
830 2514 868 2576 de
891 2513 1013 2576 semine
1037 2512 1182 2587 Abrahae,

434 2614 520 2699 quod
537 2619 585 2675 est
604 2611 765 2690 Christus3
784 2611 887 2685 tertio,
906 2611 990 2694 quod
1012 2610 1182 2686 Abraham,

432 2713 519 2775 Isaac
533 2716 565 2774 et
578 2709 684 2783 Jacob,
697 2710 859 2793 ceterique
874 2709 967 2772 eleeti
982 2710 1037 2793 qui
1053 2717 1125 2772 ante
1141 2711 1183 2773 le-

432 2829 504 2892 gem
520 2810 661 2883 luerunt,
682 2809 791 2872 divina
807 2808 1028 2871 benedictione
1043 2827 1099 2871 seu
1116 2827 1184 2890 gra-

1239 1925 1341 2006 legem
1364 1926 1396 1987 in
1419 1925 1627 2008 dispositione
1648 1925 1841 2007 angelorum.
1856 1928 1959 1988 Inmo-

1239 2043 1286 2083 nn
1301 2025 1504 2094 mediatoris,
1520 2024 1579 2086 boc
1594 2032 1653 2099 est,
1671 2024 1722 2088 lex
1742 2025 1801 2086 ista
1819 2024 1911 2106 posita
1923 2033 1960 2086 est

1239 2120 1272 2183 in
1296 2128 1449 2203 potestate
1472 2121 1598 2196 Christi,
1617 2123 1661 2184 ita
1684 2123 1771 2205 quod
1791 2141 1857 2184 eam
1876 2123 1960 2205 potuit

1239 2220 1421 2296 immutare,
1447 2219 1614 2303 perlicere,
1640 2221 1735 2304 eique
1760 2220 1856 2284 linem
1879 2222 1960 2302 impe

1238 2336 1325 2392 nere,
1351 2335 1411 2380 nec
1440 2325 1524 2381 esset
1547 2319 1728 2382 necessario
1751 2319 1781 2382 ei
1808 2319 1959 2400 subjectus.

1237 2417 1368 2498 Propter
1384 2417 1468 2498 quod
1483 2417 1567 2498 apud
1582 2417 1764 2481 Matthaeum
1779 2425 1959 2499 protestatur:
2054 2431 2055 2454 ¹

1239 2515 1392 2578 Dominus
1412 2522 1460 2578 θεῖ
1479 2515 1577 2578 Filius
1596 2515 1737 2578 hominis
1760 2516 1853 2578 etiam
1869 2514 2055 2579 ntea-mse

1239 2615 1272 2676 ti.
1290 2614 1335 2676 lta
1354 2614 1567 2677 communiter
1586 2613 1766 2696 exponitur.
1784 2614 1842 2677 Sed
1856 2603 1985 2676 videtur⁸·

1238 2713 1298 2775 boe
1324 2713 1393 2775 loco
1422 2731 1479 2794 per
1504 2711 1722 2786 mediatorem,
1747 2713 1865 2795 Moyses
1887 2729 1961 2793 posse

1239 2811 1386 2892 intelligi,
1413 2829 1470 2894 pcr
1494 2809 1587 2892 cujus
1613 2808 1744 2872 manum
1770 2817 1863 2893 atque
1889 2809 1961 2873 obse·

432 2909 476 2970 tia
502 2907 688 2981 caruissent,
714 2926 774 2970 neo
797 2914 947 2970 aeteruam
973 2907 1183 2970 hereditatem
1239 2911 1351 2992 quium
1376 2910 1448 2972 dete
1470 2916 1519 2972 θεῖ
1540 2909 1600 2971 lex.
1618 2909 1739 2992 Moyses
1761 2909 1877 2991 quippe
1896 2908 1962 2970 inter

430 3007 496 3088 jam
513 3013 620 3068 essent
633 3005 911 3088 adepti,quoninm
927 3013 1000 3068 ante
1016 3005 1184 3086 legislatio·
1201 3005 1223 3069 G
1238 3009 1338 3071 Deum
1354 3015 1386 3070 et
1401 3006 1555 3090 populum
1571 3006 1666 3069 lsrael
1682 3006 1803 3070 exstitit
1818 3007 1960 3074 mediator,

432 3123 506 3167 nem
519 3103 662 3167 defuncti
676 3111 759 3166 sunt.
768 3103 855 3166 Unde
868 3103 1044 3166 certissime
1060 3111 1182 3166 constet

432 3203 517 3286 quod
537 3223 554 3266 s
574 3202 734 3284 principio
758 3202 881 3276 mundi,
899 3221 956 3284 per
976 3201 1074 3264 iidem
1095 3203 1182 3265 Chri-

431 3302 472 3365 sti
500 3300 600 3362 luturi
630 3299 763 3362 dabatur
787 3300 972 3362 hominibus
1001 3300 1182 3363 benedictio

432 3400 540 3482 gratie
560 3418 596 3461 ae
619 3399 740 3461 salutis.
762 3399 883 3462 Idcirco
905 3398 1139 3479 subjungitur:

473 3501 560 3562 Nam
583 3500 613 3558 si
635 3518 676 3557 esc
701 3501 768 3575 lepe
789 3499 966 3568 hereditas,
989 3497 1049 3560 boe
1071 3505 1129 3573 est,
1153 3498 1179 3560 si

432 3597 551 3658 virtute
579 3595 658 3677 legis
687 3597 813 3678 scripte
838 3596 967 3659 daretur
995 3595 1180 3658 hominibus

430 3695 533 3776 gratia
547 3693 745 3776 felicitasque
761 3702 887 3768 eterna,
890 3695 965 3773 jam
980 3714 1045 3755 non
1057 3715 1098 3754 en
1106 3713 1181 3770 pro·

431 3794 584 3853 missione
603 3791 658 3854 Dei
681 3793 818 3867 daretur,
836 3801 868 3856 et
888 3792 934 3856 sic
953 3791 1111 3854 Abraham
1133 3810 1180 3854 es·

431 3898 480 3953 set
508 3889 678 3972 frustratus
707 3909 763 3973 spe
793 3911 849 3953 sua
876 3907 882 3952 :
909 3890 993 3974 quod
1023 3890 1085 3953 dici
1115 3908 1179 3953 non

432 3995 546 4072 potest,
568 3989 651 4051 sicut
674 3989 887 4071 subjungitur.
905 3991 1047 4052 Abrahae
1071 3999 1180 4050 autem

428 4107 491 4164 per
515 4089 795 4164 repromissionem
820 4088 882 4151 sibi
911 4089 950 4152 de
974 4088 1099 4152 Christo
1124 4107 1179 4151 sae-

1237 3105 1507 3189 quemadmodum
1532 3104 1647 3187 sepius
1670 3104 1814 3168 latetur:
1836 3105 1896 3186 Ego
1915 3103 2039 3184 (in-mn.¹

1237 3204 1366 3286 quiens)
1384 3204 1466 3266 inter
1487 3203 1587 3265 Deum
1609 3210 1641 3265 et
1661 3220 1717 3265 vos
1741 3202 1789 3264 lui
1808 3209 1961 3285 sequester.

1237 3303 1364 3365 Constat
1379 3319 1454 3384 ergo
1474 3302 1558 3383 quod
1579 3301 1629 3364 lex
1644 3301 1716 3364 data
1734 3308 1781 3364 est
1794 3301 1898 3384 Moysi,
1913 3317 1962 3360 non

1237 3401 1341 3464 solum
1357 3402 1453 3463 unius
1469 3399 1647 3464 ministerio
1666 3400 1783 3482 angeli,
1800 3400 1854 3462 sed
1869 3398 1963 3462 multe
2055 3469 2056 3482 χ

1237 3519 1320 3574 rum,
1338 3498 1484 3582 quamvis
1505 3499 1719 3561 communiter
1740 3499 1773 3560 in
1793 3497 1881 3560 libris
1898 3497 1963 3576 Moy-

1237 3597 1280 3660 sis
1305 3614 1368 3659 nou
1393 3596 1451 3659 liat
1475 3596 1596 3658 mentio
1620 3596 1683 3658 nisi
1708 3596 1747 3658 de
1771 3596 1882 3677 angelo
1902 3608 1962 3662 uno,

1237 3696 1313 3777 quia
1334 3694 1545 3776 principalius
1569 3713 1606 3757 ao
1627 3693 1817 3757 familiarius
1838 3691 1963 3775 loqueba-

1237 3801 1289 3855 tur
1310 3811 1383 3855 oum
1404 3792 1532 3875 Moyse:
1550 3792 1606 3875 qui
1628 3792 1724 3855 etiam
1744 3791 1874 3874 angelus
1895 3805 1962 3870 sapa

1237 3893 1391 3956 Dominus
1412 3892 1601 3975 appellatur,
1618 3893 1771 3974 quoniam
1793 3893 1825 3954 in
1849 3906 1963 3974 persona

1237 3991 1291 4054 Dei
1308 3991 1457 4074 apparuit
1471 3991 1660 4072 locutusque
1676 3989 1744 4052 luit
1752 3993 1910 4052 Mediator
1921 4007 1963 4046 oa·

1237 4099 1299 4150 tem
1316 4092 1416 4150 nnius
1436 4109 1500 4150 non
1520 4099 1565 4150 est
1584 4090 1758 4162 dumtaxat,
1774 4089 1829 4152 sed
1846 4089 1961 4150 duorum

432 4186 505 4269 pius
520 4185 713 4261 lactam‚seu
729 4206 787 4269 per
801 4186 900 4250 iidem
916 4186 1030 4251 Christi
1047 4186 1180 4268 promis·
1194 4190 1219 4253 b
1235 4195 1461 4260 extremorum,
1479 4186 1563 4250 inter
1577 4207 1647 4270 qua
1662 4188 1791 4262 mediat,
1806 4187 1961 4265 eade-mque

431 4286 470 4360 si,
487 4289 622 4347 donauit
636 4291 724 4350 Dens
742 4285 968 4349 hereditariam
985 4284 1179 4347 benedictio-

432 4403 506 4447 nem
530 4385 692 4450 coelestem
710 4403 717 4447 :
734 4386 774 4449 de
797 4383 911 4469 quain
935 4383 1050 4446 Genesi
1074 4383 1118 4445 ait
1140 4384 1179 4445 ad

286 4501 417 4554 rotensi.
432 4501 518 4557 eum,
543 4484 607 4565 Ego
632 4491 792 4567 protector
814 4491 900 4556 tuus,
924 4489 955 4545 et
980 4499 1102 4544 merces
1127 4490 1180 4544 tua

433 4599 547 4662 magua
568 4583 675 4645 nimis.

472 4679 533 4742 Sed
554 4680 628 4762 quia
647 4699 686 4742 ex
709 4680 916 4762 praeinductis
941 4679 1032 4762 sequi
1054 4678 1180 4742 videtur

431 4777 517 4861 quod
534 4777 583 4840 lex
598 4777 660 4840 luit
675 4778 806 4842 omnino
823 4778 957 4852 inutilis,
970 4777 1084 4861 quaerit
1097 4777 1179 4859 Apo-

431 4876 543 4950 stolus,
566 4884 601 4939 ut
624 4883 740 4941 nostrae
764 4877 938 4940 satisfaciat
961 4874 1177 4938 dubitationi:

433 4977 521 5045 Quin
535 4977 642 5053 ipitnr
657 4977 737 5036 lec?
752 4975 783 5037 id
802 4984 860 5049 est,
876 4975 914 5038 ad
935 4975 1012 5058 quid
1031 4976 1102 5037 data
1119 4981 1177 5048 est,

431 5080 463 5136 et
483 5092 554 5155 quse
576 5073 647 5154 ejus
670 5072 812 5135 utilitssl
829 5073 867 5135 Et
885 5073 1056 5155 respondet
1073 5090 1079 5134 :
1096 5076 1179 5136 Pro-

429 5181 505 5250 pter
528 5173 811 5250 transgressiones,
828 5172 858 5235 id
881 5179 929 5235 est
953 5179 1083 5254 propter
1106 5189 1178 5253 pec·

432 5278 501 5334 osta
526 5270 693 5334 hominurn
718 5271 920 5354 reprimenda
943 5288 980 5332 se
1005 5270 1177 5352 punienda,

1235 4285 1396 4350 connectit
1405 4303 1413 4365 ;
1430 4289 1517 4348 Deus
1531 4296 1640 4346 antem
1655 4306 1742 4347 nnus
1757 4295 1801 4346 est
1822 4285 1854 4348 in
1873 4301 1960 4346 esseu-

1234 4385 1287 4447 tia.
1305 4385 1467 4466 Tanquam
1483 4383 1568 4446 dieat
1580 4401 1586 4446 :
1598 4383 1687 4446 Licet
1701 4384 1845 4447 Christus
1859 4383 1897 4446 sit
1909 4397 1960 4443 me·
1975 4397 2019 4441 ιε·-

1234 4483 1336 4545 diator
1360 4483 1414 4545 Dei
1441 4489 1473 4544 et
1495 4481 1675 4556 bominum,
1692 4490 1741 4545 est
1762 4489 1868 4544 mmen
1891 4479 1960 4541 iden

1235 4581 1318 4644 Deus
1340 4600 1413 4643 cum
1437 4581 1527 4644 Patre
1549 4586 1581 4642 θῖ
1602 4580 1724 4662 Spiritu
1745 4581 1868 4643 Sancto.

1274 4684 1344 4741 Len
1368 4699 1444 4758 erpo
1469 4683 1625 4740 aduersus
1649 4681 1812 4756 prom-isso
1836 4678 1916 4742 Dei?
1937 4673 1961 4735 id

1234 4785 1293 4852 est,
1309 4777 1466 4860 numquid
1482 4776 1627 4860 sequitur
1641 4795 1680 4840 ex
1695 4776 1758 4853 his,
1774 4777 1859 4860 quod
1873 4777 1917 4838 lex
1930 4772 1961 4834 sit

1234 4876 1441 4960 promissioni
1460 4875 1577 4939 divinae
1597 4875 1766 4949 contraria,
1783 4875 1826 4938 ita
1843 4873 1918 4958 quod
1931 4887 1961 4932 er

1235 4975 1304 5056 lege
1333 4974 1425 5036 datur
1450 4974 1535 5036 salus
1565 4981 1595 5037 et
1618 4974 1742 5055 gratini
1766 4973 1859 5049 Quasi
1882 4971 1960 5034 dicat,

1233 5073 1313 5135 Nou.
1330 5073 1403 5135 ldeo
1423 5071 1532 5135 subdit
1548 5090 1555 5135 ε
1571 5075 1612 5136 Si
1625 5075 1713 5134 enim
1733 5077 1812 5134 data
1830 5079 1904 5133 esset
1917 5083 1962 5150 per

1234 5172 1361 5255 Moysen
1386 5175 1439 5231 len
1463 5192 1535 5252 quoe
1555 5180 1660 5248 posset
1684 5173 1864 5250 vivificare,
1880 5167 1961 5230 vilent

1234 5271 1342 5352 gratie
1365 5269 1566 5344 conferendo,
1582 5277 1678 5352 atque
1697 5271 1737 5333 ad
1756 5270 1854 5333 vitam
1872 5264 1961 5349 gloria
