4164 6258
440 480 500 545 ¹9ss
660 497 809 548 oolmtct
830 499 865 546 lll
885 499 958 546 POST
978 496 1174 545 'l'llllll'l'A'l'Ell-
1195 513 1235 525 ·-
1255 495 1297 542 tn
1317 495 1513 562 nantutosos;
1537 497 1635 546 amo
1656 497 1769 546 SEXTUS

442 669 680 746 succendimur,
701 690 760 734 nec
783 671 814 734 in
838 688 928 734 sacro
947 669 1017 750 ejus
1036 667 1190 750 obsequio
1204 666 1229 729 Α
1245 675 1395 748 quantam
1414 668 1646 732 beatitudinem
1665 667 1758 731 nobis
1778 669 1968 751 recuperavit,

441 767 560 850 jugiter
590 768 849 833 inflammamurt
876 770 971 832 Porro
994 768 1036 830 ab
1059 765 1190 829 exordio
1244 766 1316 848 quis
1339 767 1445 849 eloqui
1467 770 1585 850 queatl

443 867 545 930 multa
559 869 811 951 supernaturalia
826 867 957 948 largitus
972 873 1021 929 est
1034 866 1116 928 dona
1135 865 1189 926 ho·
1284 867 1386 939 Quum
1411 885 1486 948 ergo
1510 885 1568 929 nos
1590 873 1715 929 tantum
1738 867 1883 930 dilexerit
1902 868 1969 930 licus

444 965 587 1030 minibus
604 985 611 1030 ε
628 967 704 1050 quia
719 975 751 1030 et
766 967 886 1049 primos
901 973 1026 1028 nostros
1042 970 1189 1046 parentes
1244 971 1376 1038 creator,
1394 964 1470 1046 quid
1491 965 1608 1026 mirum
1630 964 1657 1027 si
1677 972 1708 1026 et
1725 965 1828 1027 sancti
1847 982 1900 1027 nos
1913 965 1970 1027 dili-

311 1082 368 1128 ora.
381 1086 428 1135 ur
444 1064 476 1126 in
504 1065 650 1148 originali
675 1066 795 1128 creavit
816 1065 952 1146 justitia,
977 1071 1009 1125 et
1032 1063 1131 1125 Adam
1156 1062 1188 1122 iu
1243 1069 1319 1142 gant
1331 1063 1448 1143 angeli,
1464 1063 1504 1125 de
1523 1063 1700 1145 peccaturis
1718 1080 1846 1144 quoquc
1860 1079 2059 1127 conver-uisu

297 1150 375 1202 ’Μ’
444 1182 557 1245 magna
579 1165 732 1244 scicntia3
755 1181 874 1246 cosque
895 1163 927 1224 in
950 1161 1096 1244 paradiso
1117 1178 1188 1222 con·
1244 1160 1333 1222 sione
1358 1159 1514 1234 letentur,
1541 1162 1662 1243 inqua
1689 1161 1746 1222 Dei
1774 1161 1971 1224 misericordia

443 1263 556 1338 stituit,
583 1283 679 1346 quem
703 1269 734 1325 et
763 1280 874 1325 eorum
905 1260 1040 1343 posteris
1063 1259 1190 1322 volebat
1244 1257 1405 1340 precipue
1425 1258 1614 1334 declaratur,
1631 1266 1663 1322 ct
1683 1259 1805 1322 tructus
1824 1259 1970 1324 dominica

442 1361 634 1443 relinquere,
652 1362 679 1424 si
698 1360 746 1422 illi
760 1377 824 1423 uon
839 1358 976 1422 luissent
990 1357 1186 1438 transgressi.
1244 1357 1401 1437 passionis
1415 1357 1595 1420 evidentius
1609 1365 1870 1440 operatur‚atque
1883 1358 1973 1420 buma-

442 1459 577 1522 Eosdem
592 1477 720 1542 quoquc
736 1459 856 1541 primos
875 1464 1022 1539 parentes
1042 1455 1074 1517 in
1089 1455 1189 1536 gratia
1243 1473 1292 1517 ne
1321 1455 1432 1518 salutis
1456 1456 1562 1519 hostes
1587 1454 1705 1520 diaboli
1730 1455 1971 1518 contundunturt

441 1566 567 1638 gratnm
589 1556 737 1631 iaciente,
755 1556 884 1619 caritate
905 1555 1083 1636 ceterisque
1106 1553 1189 1615 intu-
1283 1555 1395 1636 ltaque,
1407 1555 1540 1628 caritati,
1557 1561 1589 1617 et
1608 1554 1837 1618 misericordia
1856 1554 1973 1616 liberali-

441 1656 485 1718 sis
515 1656 685 1739 plasmavit
709 1653 894 1729 virtutibus,
920 1661 955 1714 ut
983 1653 1092 1734 plures
1120 1652 1189 1733 opi·
1243 1653 1364 1734 talique
1380 1652 1435 1715 Dei
1452 1653 1485 1714 in
1501 1650 1595 1714 uobis
1614 1669 1672 1733 pro
1692 1668 1786 1734 posse
1801 1652 1901 1716 vicem
1916 1653 1971 1714 red·

440 1763 558 1817 uantur
572 1755 727 1818 doctores.
743 1754 807 1816 Nec
828 1752 899 1816 ideo
914 1753 953 1815 de
969 1750 1019 1814 his
1034 1750 1188 1813 debemus
1243 1751 1367 1826 damus,
1380 1751 1485 1825 corde,
1497 1768 1552 1813 ore
1567 1758 1598 1812 et
1612 1768 1709 1833 opere
1724 1751 1754 1813 ei
1772 1750 1970 1833 regratiantcs‚
2072 1819 2073 1824 ἵ

441 1852 739 1916 munificentissimo
751 1851 889 1916 Creatori
904 1869 972 1912 esse
987 1849 1189 1930 ingratique
1202 1843 1225 1904 B
1243 1857 1275 1910 ct
1289 1849 1445 1932 quidquid
1460 1848 1655 1912 ostensivum
1670 1849 1972 1913 antiubonorativum

439 1952 525 2014 uiam
546 1952 693 2033 exigente
713 1950 982 2034 protoplastorum
1004 1947 1189 2030 praevarica-
1243 1956 1291 2010 cst
1305 1948 1386 2028 ejus,
1403 1966 1476 2010 cum
1493 1966 1620 2010 summa
1634 1947 1802 2029 diligentia
1821 1947 1972 2028 fugientes,

439 2050 536 2125 tione,
553 2057 599 2113 tot
620 2050 714 2112 bonis
735 2068 847 2112 sumus
864 2048 989 2129 privati.
1242 2066 1280 2109 ea
1294 2064 1421 2129 quoque
1437 2066 1507 2128 quae
1523 2046 1724 2128 complacent
1738 2047 1854 2120 ei,toto
1868 2045 1972 2110 fervore

480 2147 606 2222 Quinto,
623 2147 708 2230 quod
723 2165 823 2228 quum
838 2144 942 2226 angeli
959 2143 1064 2218 multi,
1077 2151 1109 2206 et
1124 2143 1188 2224 pri·
1242 2163 1279 2205 ac
1294 2145 1532 2225 perseverantia
1551 2151 1681 2207 strenue
1699 2153 1932 2228 prosequentes.
1946 2145 1971 2204 ln

440 2245 484 2306 mi
505 2246 699 2308 corruissent
720 2251 877 2327 parentes,
894 2241 1189 2324 supersapientissi·
1241 2242 1452 2306 observantiis
1477 2244 1577 2306 sancti
1602 2243 1729 2307 Ordinis
1759 2244 1861 2307 nostri
1889 2244 1971 2306 simus

292 2364 513 2421 recusamus
542 2345 636 2420 Deus,
662 2361 725 2406 non
754 2343 894 2424 angelos,
925 2343 980 2404 sed
1009 2342 1187 2403 humanum
1241 2343 1412 2404 ardentes:
1431 2343 1462 2404 in
1483 2343 1704 2406 observatione
1727 2343 1818 2408 cellas
1838 2349 1925 2425 atque
1941 2343 1972 2402 si-

440 2463 629 2526 recuperare
651 2462 752 2524 genus
774 2441 933 2520 decrevit;
949 2459 1008 2503 nec
1031 2441 1090 2502 hoe
1112 2460 1188 2522 qua·
1243 2440 1332 2502 leutii
1358 2441 1491 2514 strenui,
1513 2442 1546 2503 in
1571 2441 1732 2524 colloquio
1756 2442 1914 2513 custoditi,
1931 2460 1971 2502 er-

440 2543 662 2625 litercumqnc,
677 2541 732 2603 sed
746 2540 844 2603 totius
859 2538 1135 2621 superessentialis
1150 2557 1186 2601 ac
1242 2539 1400 2621 emplares
1415 2547 1446 2601 et
1465 2539 1645 2622 temperati,
1662 2541 1695 2602 in
1715 2539 1789 2603 cibo
1811 2547 1844 2604 et
1862 2546 1931 2623 potu
1944 2557 1972 2599 ac

439 2639 772 2722 supergloriosissimae
802 2637 964 2701 Trinitatis
996 2636 1187 2717 benignissi-
1242 2655 1354 2700 somno
1371 2638 1534 2711 moderati,
1552 2638 1585 2699 in
1601 2638 1712 2701 divino
1726 2637 1846 2702 Oiiicio
1860 2639 1971 2711 alacres,

439 2755 492 2800 mo
514 2736 829 2820 profundissimoque
851 2735 985 2797 consilio
1007 2741 1056 2796 est
1079 2733 1186 2796 decre·
1242 2737 1273 2798 in
1290 2737 1483 2800 exteriorum
1500 2737 1753 2819 interiorumque
1768 2757 1919 2801 sensuum
1935 2756 1972 2798 rc·

438 2845 518 2911 tum,
529 2843 564 2898 ut
578 2856 636 2919 per
649 2835 745 2898 Verbi
761 2833 871 2898 aeterni
887 2833 1138 2895 incarnationem
1156 2841 1187 2894 et
1241 2833 1419 2898 frenatione
1435 2854 1561 2918 semper
1576 2835 1720 2910 solertes,
1736 2843 1835 2919 atque
1849 2837 1887 2899 ad
1900 2836 1972 2899 exbi-

437 2935 618 3017 passionem
641 2934 672 2997 id
694 2940 850 3014 ageretur.
1241 2933 1383 2995 bendum
1397 2934 1516 3015 jugiter
1530 2935 1666 2998 Domino
1681 2935 1860 3015 majestatis
1872 2935 1972 2998 babita-
2072 3001 2073 3004 ,

477 3033 581 3108 Serto,
594 3050 719 3095 summe
734 3038 765 3093 et
780 3029 1071 3112 incomparabiliter
1085 3026 1222 3091 Trici-C
1242 3032 1351 3094 culum
1376 3033 1480 3095 cordis
1500 3033 1656 3097 mundum
1679 3033 1842 3097 indefesse
1865 3033 1970 3105 intenti,
2072 3043 2073 3100 l

437 3139 483 3194 tas
498 3131 657 3194 adoranda
671 3148 762 3192 suam
777 3127 870 3191 nobis
890 3127 1028 3191 ostendit
1043 3127 1185 3189 dilectio·
1242 3131 1418 3212 praesertim
1438 3150 1537 3213 quum
1560 3150 1616 3214 per
1634 3131 1799 3196 llicbaeam
1822 3133 1904 3196 dicat
1917 3132 1971 3214 Spi-

437 3249 523 3302 nem,
541 3231 573 3292 in
589 3230 648 3292 hoc
664 3229 749 3312 quod
770 3227 839 3309 ipsa
852 3226 979 3289 volente
999 3244 1036 3287 ac
1055 3243 1186 3307 operan·
1240 3229 1319 3290 ritus
1335 3229 1468 3291 Sanctus
1479 3229 1544 3292 :Vra
1560 3229 1614 3311 qui
1631 3229 1776 3311 cogitatis
1791 3229 2033 3293 inutilesintrna·

438 3336 480 3402 te,
506 3335 613 3390 nostra
642 3333 755 3388 natura
777 3325 833 3386 uni
858 3324 1005 3386 increatae
1029 3340 1183 3405 personae,
1242 3327 1338 3408 igitur
1353 3328 1437 3390 oculi
1452 3328 1558 3391 cordis
1573 3329 1672 3392 nostri
1688 3347 1820 3411 semper
1833 3329 1873 3392 ad
1887 3328 2039 3392 Domi-run:

437 3426 588 3488 videlicet
602 3423 706 3488 Verbo
721 3421 1054 3504 eterno‚hypostatica
1070 3420 1185 3482 unione
1241 3445 1330 3501 num,
1347 3434 1378 3488 et
1398 3445 1454 3508 per
1473 3426 1596 3489 fervida
1616 3426 1712 3489 verba
1731 3428 1928 3510 adspiremus
1940 3427 1970 3490 td

438 3532 486 3586 est
501 3523 682 3605 conjuncta,
698 3540 761 3604 qua
776 3521 894 3582 unione
912 3519 1123 3601 propinquior
1137 3537 1184 3580 es·
1240 3543 1325 3596 erum,
1342 3523 1534 3587 dicentes:0
1551 3523 1780 3606 benignissime
1796 3527 1972 3610 Deosquau·

438 3640 472 3682 se
487 3621 647 3702 nequivit;
658 3627 753 3702 atque
769 3637 826 3701 per
840 3618 911 3692 hoc,
924 3618 1100 3680 increatum
1116 3635 1185 3678 esse
1240 3623 1281 3685 do
1296 3631 1326 3684 te
1341 3630 1407 3685 toto
1427 3623 1522 3685 corde
1536 3623 1669 3686 amabol
1685 3623 1708 3687 Ο
1724 3624 1809 3688 bone
1829 3634 1861 3688 et
1879 3644 1971 3707 super·

437 3719 603 3800 personale
617 3717 713 3780 Verbi
728 3717 838 3780 aeterui
853 3714 1121 3778 communicatum
1138 3722 1186 3776 est
1240 3721 1470 3784 amabilissime
1498 3722 1589 3784 Pater
1619 3722 1769 3798 cetastis,
1800 3725 1924 3806 qnando
1947 3732 1970 3784 te

437 3823 558 3879 nature
581 3816 729 3878 humone
754 3815 786 3876 in
812 3813 947 3886 Christo,
974 3811 1049 3894 quia
1073 3812 1105 3874 in
1130 3811 1185 3874 illo
1240 3826 1306 3881 toto
1330 3820 1434 3882 cordis
1458 3818 1578 3882 ellectu
1601 3821 1842 3902 amplectarlO
1863 3824 1972 3886 Creator

438 3933 508 3977 esse
521 3913 616 3977 Verbi
632 3913 830 3996 suppositata
845 3919 894 3976 cst
908 3911 1086 3974 humanitas
1102 3910 1187 3974 Chri·
1240 3917 1436 3992 dulcissime,
1453 3920 1580 4000 quando
1603 3926 1633 3982 te
1658 3918 1896 3985 ferventissime
1916 3920 1971 3983 dili·

439 4013 479 4075 sti
498 4031 504 4074 :
522 4031 580 4096 per
603 4013 688 4095 qnod
713 4010 978 4076 inestimabiliter
1001 4009 1186 4091 dignilieata
1239 4020 1333 4096 gamt
1348 4017 1474 4080 Utinam
1490 4017 1687 4080 stabiliretur
1702 4036 1757 4081 cor
1772 4038 1881 4083 meum
1896 4021 1925 4081 in
1938 4028 1970 4081 te.

440 4119 488 4175 est
507 4118 540 4175 et
558 4112 731 4175 sublimata
750 4118 814 4174 tota
832 4111 971 4172 bumana
988 4118 1108 4171 natura.
1127 4109 1184 4170 De·
1239 4114 1388 4177 illumina
1411 4122 1443 4177 et
1466 4116 1615 4189 accende,
1639 4116 1782 4180 contorta
1806 4126 1841 4182 et
1863 4117 1971 4203 posside

440 4211 688 4294 inde,quantum
705 4227 762 4274 nos
778 4209 921 4272 Christus
937 4207 1224 4289 dilexitquautat)
1241 4212 1436 4275 incessanter
1463 4231 1518 4276 cor
1547 4233 1667 4286 meum,
1692 4221 1727 4277 ut
1754 4215 1818 4278 tibi
1848 4215 1971 4299 quotidie

307 4329 423 4382 iterim.
439 4327 496 4392 pro
525 4310 618 4374 nobis
644 4308 722 4372 iecit
749 4328 786 4372 ac
812 4306 954 4390 pertulit,
981 4326 1061 4388 quae,
1087 4324 1185 4387 quan·
1241 4311 1341 4392 magis
1357 4311 1653 4393 devotum,gratum
1669 4331 1705 4374 ac
1721 4312 1900 4395 perlectum
1913 4331 1972 4376 con·
2069 4339 2070 4396 q

294 4395 343 4445 ³¹⁴·
439 4417 469 4472 ta
493 4418 524 4472 et
547 4409 653 4494 qualia
674 4407 766 4471 nobis
789 4404 948 4469 beneficia
970 4413 1018 4467 est
1040 4405 1183 4485 largitus
1241 4409 1340 4483 sistat,
1363 4410 1401 4471 ad
1424 4407 1550 4471 laudem
1573 4416 1605 4471 et
1624 4410 1757 4490 gloriam
1779 4418 1880 4476 tuam.
