4214 6254
437 486 497 554 tlt
825 511 976 558 noumrcs
998 512 1041 558 ss.
1063 512 1245 560 rnrnrrnrrs.
1265 531 1305 542 —
1326 513 1425 562 suarm
1445 512 1598 561 saturnus
1812 425 1852 571 ,χ

435 675 614 740 ferventius
633 678 740 760 diligit
758 699 851 760 aum3
867 689 985 764 quanto
1004 682 1100 745 etiam
1123 682 1184 746 fer·
1198 683 1225 747 Α
1241 685 1350 748 deesse
1379 685 1521 767 potentia
1549 690 1679 767 propter
1702 698 1813 744 corum
1842 683 1982 741 senectu-

435 775 563 838 ventius
588 782 674 839 amat
697 795 783 851 eum,
809 786 897 842 tanto
922 780 1074 861 majorem
1103 800 1186 844 com·
1239 791 1315 856 tem,
1338 783 1417 845 filiis
1440 782 1596 865 sapientia
1617 787 1748 864 propter
1769 777 1980 860 juventutem,

435 871 628 954 placentiam
648 893 685 936 ac
704 874 948 940 delectationem
969 877 1064 942 babet
1083 879 1115 942 in
1136 897 1183 943 eo.
1240 881 1407 963 spiritibus
1428 881 1528 963 pietas
1550 899 1606 942 seu
1631 878 1757 942 bonitas
1781 881 1913 958 propter
1935 890 1983 934 co·

435 969 539 1042 Ouum
564 971 670 1054 itaque
692 973 844 1054 quelibet
860 974 969 1038 diviua
989 983 1022 1038 et
1046 975 1186 1039 increata
1239 997 1311 1041 rum
1331 979 1566 1042 animositatem
1583 997 1591 1040 ε
1608 978 1691 1052 ideo,
1708 995 1748 1038 ne
1768 974 1815 1037 sic
1833 989 1905 1036 esse
1923 988 1984 1033 cre-

435 1085 571 1149 persona
587 1087 661 1131 eum
677 1070 806 1134 infinita
828 1071 1018 1154 limpiditate
1032 1083 1064 1136 et
1083 1074 1185 1157 perle·
1230 1079 1332 1140 datur
1356 1079 1388 1139 in
1412 1079 1487 1152 Deo,
1512 1077 1704 1140 adscribitur
1728 1072 1811 1138 Patri
1834 1070 1983 1153 potentia,

434 1165 540 1229 ctione
555 1175 725 1249 cognoscat
740 1168 917 1250 quamlibet
931 1170 1026 1232 aliam
1042 1171 1183 1234 divinam
1241 1176 1318 1237 Filio
1334 1174 1627 1257 sapientia,b0nitas
1642 1171 1775 1254 Spiritui
1790 1167 1986 1232 Sanct0.Alia

434 1265 881 1344 personam,videlicetPatar
896 1268 1023 1342 Filium,
1040 1269 1184 1331 etTilius
1240 1273 1319 1335 ratio
1343 1281 1401 1347 est,
1427 1273 1579 1355 quoniam
1605 1272 1694 1333 Pater
1718 1289 1736 1332 a
1757 1268 1848 1330 nullo
1872 1272 1931 1338 est,
1956 1272 1984 1326 et

434 1361 570 1438 Patrem,
586 1363 676 1426 Pater
698 1382 826 1448 quoque
850 1373 881 1428 et
905 1366 1003 1428 Filius
1028 1367 1183 1449 Spiritum
1239 1371 1307 1452 ipsa
1323 1378 1370 1432 est
1389 1370 1493 1433 omnis
1513 1370 1588 1432 boni
1609 1367 1727 1432 fontale
1745 1363 1984 1449 principiano

434 1457 597 1535 Sanctum,
624 1469 657 1523 et
679 1460 816 1543 Spiritus
841 1463 973 1526 Sanctus
1001 1465 1122 1526 Patrem
1147 1483 1183 1527 ac
1239 1487 1302 1550 quo
1327 1469 1431 1531 amuis
1456 1468 1558 1530 virtus
1582 1465 1766 1549 profluxit:
1788 1463 1910 1526 idcirco
1933 1477 1983 1540 ap

435 1555 552 1619 Filium
570 1575 576 1620 :
595 1565 718 1622 constat
738 1560 823 1641 quod
846 1561 934 1624 Pater
959 1561 1086 1624 infinita
1105 1563 1183 1624 dile·
1239 1567 1420 1648 propriatur
1442 1566 1471 1628 ei
1499 1565 1659 1648 potentia;
1676 1562 1756 1626 Filio
1776 1567 1885 1623 autem
1906 1555 1984 1638 sapi·

434 1655 540 1718 ctione
564 1657 677 1740 diligat
701 1659 828 1735 Filium,
854 1661 1184 1744 complacentiamque
1239 1666 1334 1742 antia,
1360 1665 1435 1746 quia
1459 1665 1498 1728 ab
1529 1663 1692 1726 intellectu
1718 1659 1817 1722 Patris
1847 1661 1982 1726 emanat,

433 1753 624 1819 immensam
647 1757 762 1821 habeat
785 1759 818 1821 in
840 1760 964 1834 eodem,
981 1767 1012 1822 et
1034 1769 1183 1840 econtra;
1238 1783 1338 1845 quum
1355 1764 1397 1825 sit
1411 1762 1545 1826 verbum
1561 1761 1677 1824 mentis
1692 1767 1851 1843 paternae;
1866 1773 1904 1817 ac
1920 1753 1985 1834 Spi-

433 1853 581 1918 similiter
605 1857 695 1919 Pater
719 1866 751 1920 et
772 1858 871 1921 Filius
894 1857 1021 1921 infinita
1046 1859 1184 1941 diligunt
1201 1861 1224 1924 B
1239 1861 1314 1922 ritui
1331 1861 1445 1923 Sancto
1460 1859 1753 1941 bonitas,quoniam
1765 1874 1783 1916 a
1796 1851 1985 1916 benevolen-

433 1950 587 2034 Spiritum
609 1954 772 2029 Sanctum,
790 1963 823 2018 et
841 1956 1105 2038 complacentiam
1127 1977 1182 2020 seu
1238 1958 1361 2020 tissima
1375 1958 1539 2021 voluntate
1554 1955 1653 2019 Patris
1673 1953 1810 2036 Filiique
1830 1948 1982 2032 procedit.

432 2049 677 2116 delectationem
693 2053 855 2116 infinitam
871 2055 990 2118 babent
1005 2056 1038 2117 in
1053 2056 1118 2119 illo.
1136 2058 1183 2118 ln·
1277 2057 1371 2118 Porro
1385 2074 1481 2118 omne
1496 2062 1662 2138 peccatum
1677 2051 1763 2134 quod
1777 2049 1904 2132 agimus
1919 2047 1984 2109 sive

433 2167 540 2231 super,
557 2170 659 2232 quum
682 2151 834 2233 quaelibet
854 2153 963 2215 divina
984 2172 1119 2236 persona
1141 2155 1183 2216 sit
1237 2155 1420 2229 incidimus,
1437 2154 1538 2216 oritur
1552 2160 1607 2214 aut
1621 2170 1660 2215 ex
1675 2149 1877 2220 infirmitate,
1891 2147 1925 2209 id
1939 2153 1986 2208 est

432 2244 570 2310 infinitas
585 2248 845 2330 pulchritudinis,
863 2250 1067 2332 perfeetionis
1083 2259 1115 2314 et
1129 2252 1182 2314 bo
1238 2254 1396 2336 passione,
1419 2261 1454 2315 ut
1478 2253 1585 2316 subita
1607 2253 1653 2315 ira
1676 2269 1733 2314 seu
1757 2247 1985 2330 concupiscen-

432 2341 552 2418 nitatis,
578 2353 701 2408 constat
729 2347 814 2428 quod
845 2367 1043 2430 unaquaque
1071 2350 1182 2431 diligat
1237 2352 1281 2414 tia
1304 2360 1359 2414 aut
1383 2353 1507 2425 timore,
1534 2359 1617 2429 eto.;
1641 2357 1696 2412 aut
1719 2367 1760 2411 ex
1784 2344 1983 2429 ignorantia3

431 2440 527 2504 aliam
543 2461 618 2506 cum
637 2444 765 2506 inlinita
784 2445 937 2520 claritate,
954 2447 1112 2510 immenso
1132 2468 1181 2511 ca·
1236 2459 1291 2513 aut
1311 2471 1350 2514 ex
1370 2458 1456 2514 carta
1475 2451 1596 2513 malitia
1616 2467 1671 2512 seu
1693 2446 1937 2519 deliberatione,
1954 2449 1985 2506 et

431 2539 534 2602 ritatis
549 2541 672 2616 ardore,
686 2542 955 2626 interminatoque
968 2546 1094 2625 gaudio.
1107 2547 1181 2608 Am·
1236 2549 1347 2612 habitu
1368 2550 1491 2612 vitioso.
1517 2549 1604 2612 Unde
1626 2554 1756 2630 peccata
1777 2564 1848 2628 quaa
1874 2562 1915 2606 ex
1940 2542 1985 2604 in·

432 2637 529 2719 plius,
546 2639 573 2700 si
589 2640 751 2703 rationalis
772 2650 915 2704 creatura
934 2642 1057 2706 fervide
1077 2644 1181 2726 diligit
1235 2647 1388 2711 firmitate
1411 2649 1609 2727 contingunt,
1626 2646 1778 2708 dicuntur
1800 2640 1985 2726 specialiter

431 2736 532 2798 Deum
557 2745 688 2820 propter
711 2739 871 2802 beneficia
893 2741 964 2823 ejus
989 2749 1084 2823 atqua
1108 2760 1180 2824 pro·
1236 2753 1345 2809 contra
1364 2748 1485 2809 Patrem
1500 2764 1507 2826 ;
1524 2765 1595 2828 qum
1614 2753 1721 2807 autern
1738 2761 1778 2806 ex
1794 2739 1983 2823 ignorantia,

429 2835 539 2911 missa,
556 2855 653 2918 quam
673 2837 800 2907 infinite
819 2858 855 2902 ac
876 2839 1111 2904 ferventissime
1126 2843 1179 2904 Pa·
1236 2851 1345 2907 contra
1359 2844 1496 2923 Filium3
1513 2863 1584 2925 quaa
1603 2861 1643 2905 ex
1657 2849 1743 2904 certa
1758 2839 1893 2912 malitia,
1910 2855 1984 2900 eon-

429 2941 511 2996 trem
536 2935 642 3016 diligit
664 2937 773 3012 Filius,
799 2945 832 3001 et
854 2938 976 3002 Patrem
1001 2959 1038 3002 ac
1063 2940 1179 3003 Filium
1236 2951 1284 3004 tra
1299 2942 1452 3025 Spiritum
1469 2943 1629 3004 Sanctum.
1647 2941 1685 3004 Ut
1699 2957 1775 3021 ergo
1791 2937 1901 3002 omnia
1915 2936 1984 2998 baec

428 3031 566 3114 Spiritus
582 3034 726 3110 Sanctus,
743 3054 844 3117 quum
860 3037 949 3100 Pater
963 3037 1086 3100 dederit
1100 3038 1180 3101 Filio
1194 3044 1216 3107 (l
1236 3041 1373 3103 vitemus
1403 3046 1543 3122 peccata,
1569 3040 1756 3102 invocemus
1785 3036 1929 3100 fideliter
1953 3041 1985 3095 et

428 3137 526 3193 totam
541 3152 633 3195 suam
648 3134 1052 3210 divinitatem,lelicitatem
1070 3145 1102 3198 et
1116 3137 1180 3218 glo
1236 3138 1390 3200 instanter
1413 3137 1608 3220 adjutorium
1632 3134 1875 3199 confortationis
1903 3132 1984 3196 diri-

427 3230 679 3305 riam‚similiter
692 3233 783 3296 Pater
798 3233 940 3296 etTilius
956 3235 1089 3315 Spiritui
1105 3235 1180 3296 San·
1234 3256 1283 3299 nae
1312 3243 1421 3298 contra
1450 3235 1682 3308 infirmitatem,
1711 3231 1984 3295 illuminationem

341 3385 344 3390 .
427 3333 502 3391 ctol
517 3332 552 3393 ln
576 3331 691 3394 borum
712 3333 981 3415 contemplatione
1003 3333 1121 3396 habere
1145 3353 1179 3396 se
1232 3325 1405 3416 supernam
1425 3341 1533 3396 contra
1552 3333 1774 3414 ignorantiam,
1791 3330 1985 3393 suavitatem

428 3427 525 3490 debet
552 3429 649 3492 homo
675 3431 835 3492 moderate
863 3451 899 3493 ac
929 3431 1044 3494 sobrie.
1071 3433 1176 3506 Porro,
1233 3440 1266 3495 et
1288 3433 1452 3494 caritatem
1477 3432 1614 3514 Spiritus
1638 3430 1745 3494 Sancti
1770 3436 1882 3492 contra
1904 3428 1984 3490 into·

428 3525 511 3588 banc
532 3546 666 3590 summae
685 3527 847 3589 Trinitatis
863 3528 974 3601 vitam,
991 3528 1177 3592 felicitatem
1233 3531 1350 3593 riorem
1371 3530 1534 3592 malitiam.
1553 3529 1717 3611 Siquidem
1738 3526 1914 3590 infirmitas
1930 3543 1984 3587 no·

428 3632 460 3689 et
473 3624 608 3707 gloriam
625 3624 720 3697 clare,
736 3643 794 3707 per
809 3625 950 3707 speciem
966 3644 1023 3688 seu
1043 3626 1125 3688 facie
1139 3628 1179 3689 ad
1234 3636 1298 3690 stra
1321 3637 1379 3703 est,
1401 3628 1485 3709 quod
1509 3627 1589 3690 ratio
1612 3633 1719 3689 nostra
1738 3645 1756 3688 a
1776 3622 1984 3708 passionibus

427 3724 544 3786 faciem
570 3721 699 3795 intueri,
716 3729 765 3784 est
787 3723 932 3784 omnium
957 3721 1094 3786 felicitas
1118 3725 1179 3786 ele·
1232 3725 1358 3801 anime,
1375 3726 1434 3788 boc
1455 3733 1503 3788 est
1521 3744 1539 3786 a
1554 3723 1769 3788 sensualitatis
1789 3721 1933 3786 motibus
1952 3727 1985 3781 et

427 3829 562 3884 ctorum.
576 3820 615 3882 Et
629 3827 747 3901 quanto
762 3838 849 3881 nunc
865 3819 995 3901 puriora
1010 3826 1041 3882 et
1056 3819 1179 3884 ferven·
1232 3822 1469 3895 allectionibus,
1479 3829 1555 3904 puta
1569 3821 1609 3883 ab
1625 3821 1681 3894 ira,
1692 3819 1905 3901 impatientia,
1914 3835 1985 3880 oon·

427 3918 508 3982 tiora
523 3917 556 3980 in
572 3916 702 3980 caritate
717 3916 839 3979 fuerint
853 3918 948 3980 corda
961 3925 1080 3992 nostra,
1091 3925 1178 3982 tanto
1234 3920 1441 4002 cupiscantia,
1459 3920 1584 3993 timore,
1601 3917 1787 4000 cupiditate,
1803 3925 1879 3990 etc,
1892 3934 1985 3998 supe-

427 4035 502 4082 cum
532 4015 681 4098 ampliori
711 4016 854 4078 claritate
882 4023 913 4078 et
942 4015 1179 4080 exuberantiori
1234 4027 1338 4098 ratur3
1355 4019 1532 4100 ignorantia
1551 4025 1659 4080 uestra
1677 4023 1736 4090 est,
1753 4016 1840 4098 quod
1859 4033 1984 4096 eaquae

424 4115 626 4196 jucunditate
646 4113 844 4176 intuebimur
861 4113 1132 4198 supersublimem
1147 4123 1178 4178 et
1233 4118 1395 4199 pertinent
1422 4117 1461 4179 ad
1486 4117 1619 4179 salutem
1645 4115 1835 4192 nescimus;
1862 4112 1985 4174 malitia

424 4212 726 4299 superbenedictam
756 4213 954 4288 Trinitatem,
983 4231 1178 4296 omnemque
1193 4223 1217 4285 D
1232 4223 1349 4289 nostra,
1367 4215 1450 4296 quod
1466 4234 1504 4277 ax
1520 4214 1630 4276 babitu
1645 4212 1760 4275 vitioso
1776 4230 1834 4275 seu
1850 4227 1984 4274 consue·

423 4321 608 4397 praetactam
624 4312 695 4393 ejus
711 4312 898 4376 felicitatem
913 4319 945 4374 et
958 4311 1102 4393 gloriam,
1111 4332 1178 4375 mu·
1233 4313 1343 4375 tudine
1358 4331 1456 4395 prava
1469 4319 1563 4394 atque
1584 4312 1722 4374 scienter
1735 4329 1922 4393 peccamus.
1940 4309 1986 4370 ld·

423 4422 513 4476 tuam
528 4413 599 4495 ejus
615 4411 1177 4494 inspectionem,dilectionem,com-
1232 4430 1269 4475 εο
1294 4411 1473 4492 indigemus
1495 4410 1667 4472 virtutibus
1693 4408 1883 4483 moralibus,
1900 4407 1985 4471 scili-

425 4511 630 4594 placentiam,
657 4509 855 4584 fruitionem,
881 4511 1117 4572 emanationem
1145 4517 1177 4572 et
1226 4518 1281 4572 cet
1307 4509 1561 4583 mansuetudine,
1583 4509 1746 4590 patientia,
1771 4506 1982 4578 continentis,

424 4608 751 4673 communicationem
775 4609 876 4690 ipsius
898 4609 936 4670 ad
959 4609 1052 4670 intra.
1231 4609 1428 4682 fortitudine,
1454 4608 1653 4681 liberalitate,
1678 4614 1789 4670 contra
1815 4607 1984 4689 passiones

465 4710 571 4782 Porro,
588 4707 736 4790 quamvis
756 4724 793 4768 ea
813 4725 884 4787 quae
899 4705 1044 4768 absolute
1062 4724 1176 4769 convo·
1232 4707 1449 4786 corroborari;
1468 4706 1636 4788 prudentia
1655 4722 1784 4787 quoque
1803 4713 1838 4768 et
1861 4704 1983 4768 illumi-

404 4807 519 4870 ,niunt
541 4807 617 4880 Deo,
639 4805 703 4866 sint
727 4804 785 4866 toti
809 4803 954 4866 Trinitati
981 4805 1175 4878 communia,
1231 4805 1359 4869 natione
1381 4823 1518 4887 superna
1540 4811 1649 4866 contra
1670 4803 1887 4883 ignorantiam
1910 4804 1984 4866 edo-

423 4905 526 4968 nibilo
544 4903 654 4966 minus
672 4902 755 4965 Patri
777 4902 1003 4984 appropriatur
1021 4903 1174 4984 potentia,
1232 4904 1324 4983 cari3
1354 4911 1449 4984 atque
1476 4901 1672 4982 benignitate
1703 4900 1845 4983 Spiritus
1875 4900 1982 4965 Sancti

423 5004 504 5068 Filio
533 5002 701 5085 sapientia,
731 4999 866 5082 Spiritui
895 5001 1010 5062 Sancto
1039 4999 1173 5063 bonitas.
1230 5009 1340 5065 contra
1355 4999 1679 5079 malitiamadjuvari,
1696 5007 1858 5081 quatenus
1877 5000 1983 5062 taliter

422 5103 523 5185 Cujus
546 5098 818 5184 appropriationis
846 5098 964 5180 duplex
989 5107 1037 5162 est
1061 5099 1141 5161 ratio
1167 5117 1174 5162 :
1230 5099 1405 5172 reformati,
1421 5097 1521 5178 adjuti
1540 5116 1577 5160 ao
1592 5096 1768 5179 purificati,
1784 5098 1825 5160 ad
1846 5117 1982 5161 summas

420 5203 537 5278 Prima,
553 5201 594 5263 ad
609 5198 841 5262 removendum
857 5215 1008 5260 errorem.
1024 5197 1176 5261 Videmus
1230 5197 1392 5260 Trinitatis
1421 5195 1722 5277 contemplationem
1746 5195 1918 5278 praefatam
1941 5195 1983 5258 si·

421 5319 563 5389 namque
577 5300 663 5384 quod
679 5298 713 5362 in
727 5296 915 5362 hominibus
930 5295 1011 5361 solet
1029 5296 1175 5380 patribus
1229 5313 1303 5359 mus
1323 5293 1480 5377 dispositi.
