4288 6264
502 491 650 538 ooutrttcn
673 491 746 538 POST
767 489 977 536 asusustortal
998 489 1116 536 DOHlNl.
1137 509 1176 519 -
1198 491 1296 538 suano
1317 493 1427 539 antuus
1701 471 1739 539 bl

191 659 391 740 evagationes
417 677 546 743 prorsus
572 660 720 742 abjicere.
746 660 835 722 Unde
865 679 939 742 pru·
956 659 982 722 A
996 657 1054 718 tibi
1072 658 1149 720 utile
1165 665 1223 732 est,
1240 677 1303 722 non
1320 666 1351 722 te
1366 659 1473 721 audiat.
1488 677 1585 741 super
1598 659 1669 732 hoc,
1686 659 1742 721 sed

190 757 298 820 dentia
327 759 555 821 convenienter
583 757 767 839 designatur
796 776 853 840 per
881 757 937 818 sal.
996 762 1098 816 mutet
1117 755 1195 817 illud
1212 757 1296 818 dono
1316 756 1446 818 utiliori.
1462 756 1687 818 Verumtamen
1708 762 1743 817 ut

190 854 305 928 Primo,
320 856 471 937 quoniam
495 856 615 917 cibaria
637 855 851 918 communiter
869 855 939 916 abs·
995 853 1094 915 oratio
1119 853 1159 914 sit
1184 862 1247 916 tam
1277 854 1448 928 fructuosa,
1475 861 1600 938 oportet
1622 862 1658 915 ut
1686 853 1744 916 liat

190 971 252 1034 que
273 953 338 1015 sale
362 953 500 1035 insipida
521 960 605 1026 sunt,
624 954 667 1014 ita
685 953 819 1014 aliarum
841 953 938 1015 virtu·
995 969 1069 1012 cum
1085 951 1250 1033 diligentia
1265 960 1296 1014 et
1310 951 1439 1014 aflectu.
1457 953 1544 1014 Unde
1561 951 1593 1013 in
1609 951 1744 1034 epistola

189 1057 259 1112 tum
288 1058 376 1112 actus
405 1049 526 1132 absque
556 1050 733 1134 prudentie
764 1050 938 1112 directione
995 1047 1147 1110 hodierna
1162 1049 1362 1131 apertissime
1378 1051 1456 1112 dicit
1470 1049 1676 1111 beatissimus
1690 1049 1742 1112 Pe-

190 1147 315 1210 interno
330 1156 439 1210 carent
454 1166 576 1230 sapore.
591 1149 666 1211 ldeo
680 1148 724 1209 ait
739 1147 936 1210 Bernardus:
994 1152 1062 1206 trus
1082 1153 1117 1207 ut
1137 1146 1169 1208 in
1190 1147 1386 1211 orationibus
1405 1147 1586 1230 vigilemus,
1603 1147 1663 1209 boc
1681 1155 1740 1220 est,

189 1245 358 1308 Prudentia
377 1265 504 1328 semper
525 1246 702 1308 necessaria
721 1253 779 1317 est,
796 1246 871 1327 quia
890 1245 939 1326 ju·
995 1244 1104 1306 attenti
1121 1245 1354 1328 diligentesque
1368 1247 1478 1308 simus.
1496 1247 1540 1308 De
1556 1246 1614 1308 boc
1630 1264 1740 1308 rursus

190 1342 276 1404 stitia
300 1344 375 1405 dum
404 1344 534 1406 modum
559 1343 694 1416 excedit,
718 1343 937 1406 crudelitatem
995 1341 1070 1403 dicit
1087 1341 1264 1404 Bernardus
1281 1361 1288 1404 :
1304 1343 1384 1405 lllud
1401 1342 1540 1405 breviter
1554 1343 1635 1416 dico,
1648 1361 1740 1424 quos·

190 1441 301 1522 gignit,
311 1449 343 1504 et
357 1442 598 1505 dissolutionem
615 1443 715 1504 nimia
730 1443 830 1524 pietas
846 1443 937 1524 parit,
994 1438 1067 1500 dam
1085 1439 1117 1500 in
1136 1440 1277 1502 oratione
1292 1442 1463 1522 quamdam
1480 1441 1596 1503 mentis
1615 1440 1740 1502 aridita-

191 1559 339 1622 saepeque
357 1541 472 1603 vitium
495 1549 553 1614 est,
570 1543 654 1623 quod
675 1541 775 1603 virtus
798 1549 936 1622 putatur.
994 1545 1059 1598 tem
1085 1556 1121 1599 ac
1150 1537 1377 1601 hebetudinem
1407 1539 1556 1621 experiri,
1583 1546 1617 1600 ut
1646 1538 1739 1601 labiis

192 1637 348 1712 Secundo,
365 1641 516 1721 quoniam
540 1639 623 1701 sicut
645 1658 702 1720 per
723 1638 768 1700 sal
791 1657 901 1700 carnes
920 1658 939 1700 a
995 1642 1117 1696 tantum
1133 1643 1270 1710 orantes,
1287 1654 1349 1698 non
1366 1637 1441 1698 satis
1456 1637 1619 1698 attendant
1635 1655 1739 1718 neque

191 1737 424 1817 putrefactione
450 1745 692 1819 preservantur,
720 1737 762 1798 ita
786 1755 843 1818 per
866 1756 938 1819 pru·
995 1752 1065 1814 quaa
1086 1735 1252 1814 proterunt
1275 1753 1379 1816 neque
1404 1735 1456 1797 cui
1481 1734 1665 1817 loquuntur,
1683 1753 1740 1817 pro

191 1835 331 1897 dentiam
351 1855 407 1898 seu
428 1836 651 1898 discretionem
672 1837 805 1897 virtutes
825 1843 937 1897 cetere
956 1832 1032 1895 Beo
1054 1831 1150 1912 quod,
1167 1831 1255 1894 velut
1276 1851 1315 1894 ex
1337 1833 1566 1896 consuetudine
1591 1833 1740 1914 quadam,

192 1942 430 2008 conservantur,
462 1953 501 1996 ne
530 1953 548 1996 a
576 1934 663 1995 vitiis
692 1934 754 1996 sibi
782 1932 938 2015 oppositis
995 1947 1067 1991 oum
1085 1930 1191 1992 minus
1206 1931 1301 2012 digna
1317 1931 1493 1994 reverentia
1508 1939 1539 1994 et
1554 1931 1740 1994 sollicitudi-

191 2041 445 2114 corrumpantur.
473 2033 530 2095 Per
557 2033 758 2116 prudentiam
788 2032 938 2114 equidem
994 2047 1034 2089 ne
1060 2037 1271 2090 accesserunt.
1297 2029 1330 2090 ln
1361 2031 1484 2092 cunctis
1514 2048 1588 2110 ergo
1616 2029 1741 2092 actibus

191 2129 271 2192 vitat
288 2131 383 2194 homo
403 2132 585 2194 occasiones
604 2137 636 2192 et
655 2150 766 2193 causas
784 2131 876 2211 gulae,
894 2131 940 2192 lu·
993 2127 1110 2188 nostris
1136 2127 1237 2189 multa
1260 2145 1340 2208 opus
1365 2136 1413 2190 est
1441 2129 1539 2190 animi
1564 2128 1738 2208 vigilantia,

192 2229 302 2303 xuriae,
326 2237 386 2292 etc.
413 2230 492 2292 llinc
517 2229 560 2291 ait
583 2229 722 2291 lsidorus
749 2247 756 2290 ε
780 2228 938 2310 Quidquid
995 2225 1155 2307 precipue
1171 2226 1203 2288 in
1219 2227 1369 2290 oratione.
1388 2228 1537 2300 Quamvis
1557 2227 1643 2289 enim
1661 2245 1741 2290 sem-

191 2327 267 2389 boni
291 2329 359 2390 sine
381 2327 571 2391 discretione
592 2327 716 2402 leceris,
734 2327 848 2390 vitium
873 2332 939 2406 cst;
995 2343 1052 2406 per
1074 2325 1241 2386 videamur
1264 2344 1282 2386 a
1307 2326 1381 2398 Deo,
1408 2326 1440 2388 in
1464 2327 1605 2389 oratione
1634 2335 1740 2389 tamen

191 2425 347 2508 quidquid
373 2443 446 2489 cum
471 2427 662 2488 discretione
687 2425 812 2500 ieceris,
838 2425 940 2488 virtus
995 2423 1090 2484 etiam
1107 2430 1335 2505 praesentamus
1351 2431 1383 2486 et
1396 2425 1593 2486 ostendimus
1609 2433 1743 2487 nosmet

191 2533 249 2586 est.
262 2525 339 2599 lmo,
351 2532 386 2586 ut
401 2524 512 2588 scribit
526 2524 715 2598 Bernardus,
728 2525 810 2586 sicut
825 2525 941 2587 discre—
996 2521 1081 2602 ipsos
1104 2523 1145 2596 ei,
1163 2523 1252 2604 quasi
1275 2521 1357 2584 laoie
1378 2523 1416 2584 ad
1438 2521 1554 2585 taciem
1577 2522 1742 2605 loquentes

192 2622 238 2686 tio
257 2622 377 2706 absque
397 2623 537 2686 caritatis
560 2623 683 2686 lervore
702 2624 795 2704 jacet,
812 2623 858 2686 sic
879 2623 940 2685 ler-
996 2639 1068 2682 cum
1094 2637 1141 2683 eo.
1168 2621 1219 2682 Sic
1249 2638 1324 2700 ergo
1347 2627 1414 2682 oret
1438 2621 1492 2702 qui
1521 2629 1607 2701 orat3
1633 2621 1680 2684 sic
1709 2641 1742 2685 se

191 2738 250 2784 vor
268 2721 441 2784 vehemens
461 2720 582 2803 absque
601 2722 801 2785 discretionis
822 2729 941 2805 tempe·
996 2719 1102 2800 ipsum
1136 2719 1315 2781 consideret
1345 2725 1376 2780 et
1408 2719 1560 2794 attendat,
1590 2728 1741 2802 tanquam

192 2828 336 2882 ramento
356 2819 541 2901 precipitat.
559 2820 680 2882 ldcirco
705 2819 874 2882 laudabilis
894 2827 941 2882 est
995 2823 1203 2898 presentatus
1223 2817 1264 2878 sit
1284 2816 1418 2879 Domino
1438 2817 1622 2898 majestatis.
1641 2818 1744 2882 Credi·

193 2918 247 3000 qui
264 2917 359 2980 babet
379 2925 561 3000 utrumque,
579 2925 735 2999 quatenus
755 2917 862 2981 servor
879 2919 941 2980 dis·
997 2934 1067 2976 mus
1082 2914 1210 2996 angelos
1226 2922 1351 2978 sanctos
1366 2915 1489 2978 adstare
1505 2917 1680 2991 orantibus,
1698 2917 1744 2979 ol-

192 3014 366 3078 cretionem
382 3017 491 3097 erigat,
507 3025 602 3099 atque
618 3017 775 3080 terrorem
791 3017 940 3081 discretio
959 3016 980 3080 C
996 3011 1079 3074 lette
1104 3013 1168 3074 Deo
1192 3029 1303 3093 preces
1327 3020 1463 3094 v⁰taq110
1487 3013 1665 3086 hominum,
1687 3012 1743 3076 ubl

192 3121 289 3194 regat.
307 3113 345 3176 Et
364 3121 449 3177 certe
471 3133 534 3197 quo
555 3115 587 3178 in
606 3116 714 3198 aliquo
733 3124 834 3178 exstat
853 3117 940 3179 zelus
997 3118 1101 3172 tamen
1128 3109 1225 3172 levari
1251 3129 1346 3192 puras
1372 3128 1485 3172 manus
1510 3110 1741 3193 perspexerint.

193 3209 377 3286 ferventior,
403 3213 534 3295 spiritus
558 3213 789 3288 vehementior,
813 3216 940 3278 caritas·
1045 3210 1189 3290 insuper,
1219 3207 1310 3288 juxta
1337 3207 1510 3290 apostolica
1539 3209 1742 3284 documenta,

193 3329 255 3392 que
271 3310 442 3394 profusior,
459 3329 497 3374 eo
513 3312 626 3393 majori
644 3313 764 3393 indiget
780 3313 941 3376 discretio
997 3307 1170 3370 babeamus
1192 3307 1224 3368 in
1247 3306 1340 3369 nobis
1360 3307 1576 3370 indesinenter
1598 3315 1742 3370 mutuam

194 3426 245 3480 ne,
263 3428 333 3491 quae
354 3409 458 3472 zelum
483 3410 674 3492 supprimat,
691 3411 840 3493 spiritum
864 3420 940 3473 tem·
996 3406 1157 3468 caritatem
1175 3406 1370 3479 continuam,
1386 3413 1422 3468 ut
1437 3407 1658 3488 unusquisque
1673 3405 1744 3468 dili-

193 3516 293 3590 peret,
316 3509 442 3570 ordinet
462 3509 636 3572 caritatem.
995 3511 1048 3586 gat
1067 3521 1196 3567 omnem
1220 3503 1401 3586 proximum
1424 3522 1519 3565 suum
1534 3504 1677 3585 (omnem
1700 3503 1745 3567 vi-

233 3605 396 3680 Praetarea,
411 3606 501 3688 juxta
516 3607 748 3689 Archiapostoli
769 3609 941 3671 documen·
996 3603 1111 3664 delicet
1125 3601 1289 3665 bominem
1306 3601 1339 3662 in
1355 3601 1414 3664 hoc
1431 3603 1551 3664 mundo
1570 3601 1743 3675 viventem,

192 3712 235 3778 u,
252 3704 352 3768 simus
373 3705 406 3767 in
425 3705 622 3769 orationibus
643 3705 810 3786 vigilantes
827 3725 834 3769 :
851 3715 883 3770 at
901 3707 940 3770 de
996 3699 1158 3762 felicitatis
1188 3718 1348 3781 capacem,
1374 3700 1600 3763 communione
1624 3707 1745 3764 nature

57 3803 69 3832 ⁰
135 3820 141 3831 ·
193 3802 311 3865 hocin
342 3804 452 3865 multis
476 3803 541 3885 jam
572 3803 774 3867 sermonibus
803 3805 942 3886 plurima
996 3798 1157 3880 specifica
1174 3797 1236 3860 sibi
1257 3797 1455 3879 proximum)
1469 3798 1552 3860 sicut
1572 3817 1605 3860 se
1626 3799 1742 3881 ipsum,

192 3907 268 3962 sunt
283 3901 420 3963 inducta.
440 3901 625 3984 specialiter
639 3919 715 3964 vero
729 3903 767 3964 ad
783 3903 941 3966 crationes
996 3896 1205 3959 desiderando
1225 3896 1312 3958 illius
1327 3896 1473 3970 salutem,
1491 3904 1522 3958 et
1543 3896 1743 3959 benefacien-

193 3999 360 4061 continuas
379 4018 415 4061 ac
436 3999 595 4063 ferventes
617 4000 757 4062 animare
775 4018 832 4064 nos
848 4001 940 4063 debet
997 3997 1036 4059 do
1052 3996 1168 4070 eidem,
1185 4003 1279 4077 prout
1294 4013 1368 4057 vera
1384 3995 1518 4076 requirit
1537 3995 1674 4057 dilectio.
1692 3995 1744 4058 Ait

193 4097 277 4180 quod
293 4097 426 4160 devotus
441 4117 477 4160 ac
493 4099 596 4160 dulcis
616 4099 661 4160 ait
675 4099 942 4162 Bernardus:llo
997 4113 1135 4177 namque
1160 4093 1273 4157 Paulus
1299 4093 1460 4176 apostolus
1483 4110 1489 4155 :
1511 4093 1677 4156 Plenitudo
1702 4093 1744 4157 la·
1770 4113 1889 4166 namma,

192 4215 232 4277 go
253 4197 432 4279 (inquiens)
453 4215 520 4273 vos,
537 4197 660 4273 iratres,
681 4206 717 4260 ut
741 4217 868 4282 semper
890 4200 941 4261 ba·
956 4202 982 4264 D
996 4195 1055 4276 gis,
1071 4200 1120 4256 est
1134 4193 1271 4255 dilectio.
1290 4192 1328 4254 Et
1345 4209 1352 4253 :
1369 4192 1426 4267 Qui
1442 4192 1546 4272 diligit
1559 4192 1743 4273 proximum
1757 4179 1816 4223 ⁸⁴⁰·

194 4295 295 4358 beatis
325 4296 365 4358 ad
397 4315 527 4358 manum
559 4297 756 4359 tutissimum
790 4297 941 4360 orationis
998 4311 1103 4367 suum,
1122 4291 1222 4371 lesem
1247 4289 1518 4372 lmplssvll2ss8m‚
1540 4307 1603 4352 non
1623 4291 1743 4354 adulla-

193 4395 364 4476 relugium.
396 4395 496 4458 Nemo
526 4403 668 4458 vestrum
701 4396 790 4477 parvi
825 4396 942 4477 pendat
997 4391 1095 4466 rabis,
1112 4408 1175 4453 non
1190 4388 1382 4472 perjurabis,
1395 4406 1457 4452 non
1472 4389 1588 4452 falsum
1604 4391 1745 4455 testimo

193 4494 369 4556 orationem
394 4512 496 4556 suam.
524 4494 601 4556 Dico
625 4493 712 4556 enim
738 4493 839 4568 vobis,
865 4512 942 4576 quo
998 4491 1087 4552 nium
1113 4489 1211 4562 dices,
1238 4505 1301 4550 non
1326 4486 1546 4561 lomicaberis,
1571 4505 1634 4550 non
1661 4489 1743 4551 occi-

194 4591 280 4654 niam
299 4592 384 4655 Deus
403 4611 500 4674 quem
521 4611 660 4666 oramus,
677 4611 746 4655 eam
766 4610 827 4654 non
851 4591 941 4674 parvi
998 4591 1069 4668 des3
1081 4596 1112 4652 et
1128 4589 1154 4650 si
1170 4588 1254 4670 quod
1270 4592 1319 4649 est
1332 4585 1417 4648 aliud
1435 4587 1668 4662 mandatum‚in
1684 4588 1744 4651 boc

194 4689 314 4773 pendit.
332 4689 518 4772 Priusquam
543 4709 668 4772 egressa
690 4691 731 4752 sit
751 4690 791 4753 ab
814 4709 868 4753 ore
889 4709 942 4753 nc
999 4687 1097 4750 verbo
1114 4684 1437 4765 instauratur‚Diliges
1453 4684 1636 4767 proximum
1652 4693 1744 4748 tuum

194 4787 369 4862 stro,scribi
384 4807 451 4850 eam
465 4789 556 4870 jubet
573 4789 603 4850 in
619 4789 701 4851 libro
715 4807 787 4868 suo;
799 4798 831 4851 et
845 4807 942 4850 unum
999 4787 1082 4848 sicut
1104 4793 1133 4847 te
1156 4785 1272 4866 ipsum.
1294 4784 1457 4856 Praeterea,
1476 4783 1612 4864 qualiter
1636 4785 1746 4847 carita-

195 4907 233 4950 ex
250 4888 375 4950 duobus
396 4887 612 4950 indubitanter
630 4906 758 4970 sperare
776 4887 941 4962 debemus,
999 4892 1062 4946 tem
1088 4883 1161 4965 plus
1186 4882 1289 4964 potuit
1314 4880 1536 4942 commendare
1561 4882 1590 4943 S.
1608 4883 1744 4945 loannes

196 4987 272 5069 quia
286 4993 340 5048 aut
355 4984 443 5047 dabit
456 4985 541 5068 quod
557 4985 707 5066 petimus,
724 4993 778 5048 aut
792 4985 876 5067 quod
892 5003 945 5047 no·
998 4982 1170 5064 apostolus,
1188 4998 1283 5062 quam
1300 4978 1332 5041 in
1348 4996 1386 5041 eo
1401 4996 1465 5060 quo
1483 4979 1574 5052 dixit,
1591 4981 1674 5043 ilaus
1693 5000 1742 5043 ca·
1757 5005 1889 5058 raom,

195 5086 246 5147 bis
261 5085 351 5147 novit
366 5083 485 5146 utilius.
504 5084 576 5146 ldeo
594 5083 789 5146 infructuosa
804 5101 866 5146 non
883 5083 944 5146 erit
999 5082 1074 5143 ritas
1094 5087 1151 5152 est,
1169 5087 1200 5140 et
1219 5078 1274 5160 qui
1294 5085 1402 5140 manet
1416 5077 1448 5139 in
1469 5079 1608 5152 caritate,
1626 5079 1659 5140 in
1679 5080 1743 5143 Deo
1757 5071 1791 5113 ¹⁰·

194 5183 307 5257 oratio,
328 5181 585 5264 quandoquidem
607 5188 693 5243 tanta
718 5201 815 5265 super
838 5191 869 5245 te
894 5202 944 5243 cu·
1001 5186 1116 5252 manet,
1133 5184 1165 5240 et
1184 5178 1267 5240 Deus
1288 5179 1320 5239 in
1341 5181 1400 5240 eol
1415 5177 1489 5239 ldec
1507 5177 1621 5239 Paulus
1642 5177 1746 5241 borta-

195 5301 230 5344 ra
255 5289 303 5344 est
327 5282 391 5344 Deo
416 5288 481 5355 tuo,
507 5287 542 5341 ut
565 5281 690 5363 quoties
717 5281 832 5362 quaeris
857 5281 942 5363 quod
998 5277 1187 5340 turzllstote
1204 5275 1377 5338 imitatores
1393 5275 1459 5350 Dei,
1476 5275 1559 5338 sicut
1574 5275 1634 5338 tilii
1652 5277 1746 5339 caris·
1762 5237 1891 5353 rfll⁶''*''
