4154 6258
479 814 894 940 DOMINIGA
940 814 1129 938 XVII
1177 813 1387 938 POST
1434 813 1941 938 TRINITATEM

863 1485 1166 1573 ariamiro
1199 1485 1254 1572 lN
1286 1483 1577 1572 EPISTOLAM

739 1749 873 1796 orsncno
898 1750 966 1807 vos,
989 1749 1048 1796 uuo
1073 1747 1200 1796 vinosus
1227 1749 1259 1795 ur
1284 1748 1409 1796 nouum.
1432 1731 1547 1814 Ephes.
1568 1750 1611 1807 rv,
1634 1730 1696 1794 l-o.

522 2030 698 2094 ORTATUR
713 2029 882 2112 Apostolus
902 2029 934 2092 in
955 2029 1103 2111 praesenti
1124 2028 1190 2111 epi·
1206 2027 1231 2091 Α
1247 2028 1274 2090 si
1293 2028 1332 2090 ad
1348 2029 1601 2091 conservandum
1621 2027 1820 2111 spiritualem
1836 2027 1961 2090 unionem

535 2129 615 2192 stola
639 2146 750 2192 omnes
775 2128 1018 2200 christifideles,
1044 2135 1079 2190 ut
1101 2127 1192 2208 juxta
1247 2126 1567 2208 conformitatemque
1591 2127 1783 2200 animarum,
1803 2135 1836 2187 ut
1857 2144 1906 2206 per
1926 2144 1963 2186 ca·

445 2226 636 2308 evangelicae
652 2227 730 2307 legis
746 2226 936 2306 exigentiam
954 2233 1190 2299 conversentur,
1246 2224 1372 2286 ritatem
1402 2223 1545 2287 habeatis
1573 2241 1629 2287 cor
1658 2243 1759 2286 uuum
1789 2231 1819 2286 et
1846 2223 1961 2285 animaru
1977 2246 2043 2284 aaa:

445 2324 580 2387 dicendo
597 2343 603 2387 :
623 2327 755 2387 Obsecro
774 2345 839 2394 nos,
855 2344 910 2401 epo
929 2322 1044 2386 Paulus
1064 2325 1192 2382 uinctus
1246 2341 1343 2384 unam
1367 2339 1374 2385 :
1400 2323 1485 2385 unde
1510 2323 1555 2385 ait
1578 2321 1732 2397 Salvator,
1758 2323 1844 2385 Pater
1864 2329 2036 2391 sanctem-2211·

445 2424 482 2482 in
496 2423 647 2492 Domino,
664 2421 696 2482 id
717 2427 765 2482 est
787 2428 917 2503 propter
938 2421 1038 2483 Deum
1060 2426 1092 2482 et
1113 2419 1191 2482 fidei
1247 2439 1337 2482 serva
1368 2439 1421 2484 eos
1454 2421 1486 2482 in
1516 2421 1647 2484 nomine
1675 2428 1742 2496 tuo,
1770 2439 1845 2503 quos
1870 2407 1994 2482 dedisti¹¹·

443 2519 697 2602 praedicationem
713 2518 1003 2600 incarceratus(fuit
1017 2519 1102 2581 euim
1114 2519 1193 2600 Apo·
1248 2520 1337 2594 mihi,
1354 2527 1389 2582 ut
1411 2520 1474 2582 sint
1493 2539 1594 2582 unum
1617 2521 1701 2583 sicut
1721 2528 1755 2582 et
1776 2537 1847 2597 nos;
1861 2520 1892 2578 iu
1909 2521 1962 2578 vto-

444 2616 544 2679 stolus
568 2618 675 2680 Romae
705 2615 917 2678 incarceratus
944 2625 1039 2698 atque
1064 2616 1189 2696 ligatus,
1246 2623 1317 2678 culo
1328 2621 1432 2695 pacis,
1448 2619 1478 2681 id
1495 2627 1542 2681 est
1557 2619 1657 2681 animi
1674 2617 1899 2700 tranquillitate,
1909 2635 1963 2698 qua

444 2715 571 2796 quando
595 2716 663 2778 haee
687 2715 817 2796 scripsit
840 2714 1010 2796 Ephesiis),
1032 2724 1069 2774 ut
1093 2715 1192 2790 dique
1246 2724 1295 2777 est
1315 2716 1480 2797 spirituale
1500 2717 1667 2778 vinculum
1690 2716 1821 2778 unitatis
1840 2713 1961 2797 prefata,

443 2815 628 2884 ambuletis,
644 2812 787 2895 quotidie
810 2813 843 2874 iu
865 2812 1039 2874 virtutibus
1063 2811 1192 2894 profici·
1247 2815 1397 2895 quoniam
1414 2815 1515 2876 nutrit
1529 2833 1599 2877 eam
1614 2821 1711 2896 atque
1726 2822 1889 2877 conservat.
1899 2813 1960 2874 lam

443 2912 536 2985 endo,
553 2910 629 2992 quia
653 2911 686 2972 in
707 2911 758 2972 via
780 2910 836 2972 Dei
859 2926 922 2972 nou
947 2911 1127 2991 procedere,
1144 2918 1192 2971 est
1247 2913 1330 2974 sicut
1345 2930 1402 2994 per
1419 2912 1612 2975 discordiam
1632 2912 1779 2976 homines
1798 2910 1961 2974 abinvicem
2050 2949 2051 2952 κ

442 3009 594 3072 retroire:
609 3009 731 3090 «digne
742 3032 770 3082 n,
788 3009 931 3090 iuquam,
948 3011 1112 3068 vocatione
1126 3029 1192 3087 pua
1246 3009 1443 3084 dividuntur,
1454 3011 1496 3072 ita
1510 3029 1568 3093 per
1583 3029 1695 3093 pacem
1711 3009 1904 3094 spiritualiter
1915 3007 1963 3069 col·

442 3109 548 3168 vocati
571 3109 648 3167 estis
671 3107 710 3169 ad
734 3106 951 3187 evangelicam
981 3107 1084 3188 legem
1109 3106 1191 3168 chri·
1246 3106 1392 3188 ligantur.

441 3206 639 3286 stianamque
654 3205 754 3268 fidem
770 3213 802 3267 et
815 3205 1014 3285 religionem,
1026 3204 1090 3267 Deo
1105 3203 1190 3266 intus
1205 3204 1228 3266 B
1290 3208 1398 3268 Unum
1422 3224 1539 3282 corpus
1562 3205 1680 3268 Christi
1707 3205 1871 3288 mysticum
1891 3201 1960 3272 estis,

440 3311 552 3385 agente
572 3311 605 3365 et
623 3322 681 3385 per
701 3303 942 3386 inspirationem
965 3303 1122 3365 internam
1139 3321 1191 3366 vo
1246 3303 1320 3384 quia
1336 3321 1399 3364 uno
1415 3303 1546 3385 Spiritu,
1563 3310 1673 3385 utpote
1694 3303 1848 3385 paracleto
1864 3299 1958 3382 Spiritu

440 3411 543 3477 caute,
560 3421 676 3484 meque
698 3401 754 3464 Dei
774 3402 918 3484 apostolo
938 3401 1015 3464 foris
1036 3419 1093 3483 per
1113 3420 1190 3483 prae-
1245 3401 1370 3476 Sancto,
1387 3401 1596 3483 spiritualiter
1610 3401 1821 3464 vivificamini
1838 3418 1887 3483 per
1898 3397 1959 3460 cari·
2049 3457 2050 3486 ἒ

440 3500 632 3564 dicationem
659 3520 763 3564 meam
787 3508 920 3564 vocante
945 3520 951 3564 :
976 3500 1036 3562 hoc
1060 3507 1119 3574 est,
1144 3500 1190 3562 sic
1245 3505 1342 3561 tatem
1372 3508 1404 3561 et
1431 3499 1575 3580 gratiam.
1605 3499 1870 3573 Quemadmodum
1892 3495 1958 3558 enim

441 3599 539 3662 vivite
555 3607 591 3660 ut
605 3599 720 3662 Christi
742 3599 791 3660 lex
808 3598 910 3679 jubet.
1245 3597 1346 3660 multa
1362 3597 1506 3660 membra
1525 3604 1599 3660 sunt
1613 3617 1715 3660 unum
1736 3615 1846 3680 corpus
1863 3603 1959 3657 natura-

482 3699 562 3759 Cum
578 3699 679 3767 omni,
695 3698 726 3759 id
747 3705 795 3758 est
814 3698 965 3779 perfecta,
982 3700 1191 3767 humilitata-
1245 3696 1285 3769 le,
1303 3696 1501 3777 organicum,
1519 3697 1550 3758 in
1570 3703 1727 3779 quantum
1747 3697 1787 3758 ab
1806 3715 1863 3758 una
1878 3693 1959 3756 anina

442 3794 505 3868 vel,
522 3815 539 3852 «
550 3812 625 3856 oum
639 3795 726 3856 omui
743 3793 950 3856 humilitate»
966 3802 1030 3856 tam
1047 3794 1190 3858 interiori
1246 3795 1477 3874 informantur3
1493 3795 1539 3856 sic
1560 3795 1653 3856 multi
1668 3794 1783 3858 fideles
1802 3801 1869 3857 sunt
1884 3809 1959 3854 nunu

444 3908 540 3971 quam
555 3888 715 3964 exteriori,
732 3898 761 3948 et
777 3893 1041 3961 mansuetudine,
1057 3909 1128 3971 quae
1143 3897 1191 3952 est
1246 3893 1417 3975 mysticum
1433 3909 1560 3975 corpus,
1577 3893 1756 3955 seeundum
1772 3893 1852 3975 quod
1864 3891 1898 3953 ah
1914 3905 1959 3950 uuo

443 3987 545 4048 virtus
576 3985 704 4048 moralis
734 3986 814 4047 iram
843 3985 1018 4049 refrenans.
1050 3988 1114 4050 Hoc
1143 3995 1192 4051 est
1246 3991 1365 4073 Spiritu
1382 3991 1497 4054 Sancto
1511 3991 1720 4074 spiritualiter
1734 3991 1958 4055 vivificantur.et

444 4085 529 4166 quod
548 4084 657 4147 docuit
671 4103 707 4147 ae
723 4083 876 4166 pracepit
891 4083 1032 4147 Salvator
1049 4105 1056 4148 :
1073 4085 1190 4148 Discite
1246 4091 1322 4152 item
1349 4090 1381 4152 iu
1405 4097 1562 4173 quantum
1587 4090 1620 4151 in
1645 4108 1711 4152 uno
1734 4090 1846 4172 eapite,
1865 4088 1961 4150 scilicet

324 4201 330 4212 ·
442 4183 651 4265 (inquiens)a
667 4200 729 4255 me,
746 4181 822 4264 quia
841 4181 927 4243 mitis
947 4202 1018 4244 sum
1040 4190 1071 4245 et
1087 4183 1191 4246 humi·
1245 4189 1380 4262 Christo,
1398 4195 1642 4262 connectuntur,
1658 4206 1677 4248 a
1700 4205 1764 4270 quo
1789 4185 1959 4250 influentiam

442 4281 481 4343 lis
497 4282 600 4343 corde.
618 4279 685 4353 Quo
700 4286 786 4362 patet
801 4280 885 4360 quod
906 4278 955 4342 hae
971 4280 1041 4344 duaa
1056 4281 1189 4343 virtutes
1244 4287 1431 4360 sortiuntur,
1448 4286 1599 4349 videlicet
1619 4286 1718 4349 vitam
1741 4287 1846 4368 gratia
1866 4293 1894 4346 et
1913 4298 1960 4344 mo

441 4380 480 4442 ad
504 4396 633 4442 omnem
657 4378 874 4442 Christianum
904 4379 1065 4462 precipue
1093 4381 1189 4462 perti·
1204 4383 1225 4447 C
1243 4391 1312 4445 tum
1327 4384 1492 4445 virtutum.
1510 4387 1553 4446 Et
1569 4405 1655 4444 tinus
1669 4387 1810 4461 spiritua
1823 4383 1890 4447 estis
1903 4396 1958 4442 cun

441 4483 527 4538 uent.
545 4479 625 4539 Cum
643 4479 819 4553 patientia,
839 4497 909 4559 quae
932 4479 1112 4559 passionem
1133 4479 1188 4540 tri·
1243 4483 1318 4555 Deo,
1341 4481 1371 4545 ei
1396 4480 1537 4544 fideliter
1560 4481 1763 4558 adhaerondo,
1785 4480 1958 4566 quemadno
2047 4469 2048 4472 '

441 4574 535 4637 stitiae
559 4576 749 4638 moderatur.
771 4579 1012 4652 Supportantes
1035 4578 1186 4648 invicem,
1242 4580 1318 4642 dum
1344 4580 1420 4643 alibi
1448 4581 1527 4642 dicit
1549 4579 1719 4661 Apostolus
1741 4597 1748 4642 :
1769 4581 1826 4654 Oui
1848 4579 2040 4642 autemut-r.

442 4671 485 4732 ita
509 4679 544 4732 ut
568 4691 651 4734 unus
680 4673 841 4734 defectum
870 4674 1001 4736 alterius
1030 4675 1188 4755 patienter
1242 4678 1317 4752 Deo,
1336 4697 1419 4740 unus
1444 4678 1576 4760 spiritus
1598 4686 1655 4740 ost.
1673 4679 1742 4754 Vel,
1760 4701 1777 4738 n
1793 4698 1868 4741 unus
1886 4674 1956 4758 spiri·

441 4769 606 4843 sustineat,
622 4788 769 4851 unusque
791 4769 883 4832 alteri
906 4770 939 4832 in
958 4771 1108 4835 omuibus
1130 4790 1187 4854 pro
1241 4783 1326 4838 tus»
1348 4795 1422 4838 cum
1446 4776 1561 4858 spiritu
1586 4776 1725 4858 proximi
1751 4778 1835 4851 estis,
1857 4791 1958 4838 concor

294 4884 535 4949 caui.v1,r.posse
558 4884 651 4949 opem
675 4868 848 4948 impendat,
867 4868 958 4948 juxta
979 4869 1058 4931 illud
1076 4872 1187 4934 :Alter
1242 4874 1346 4937 dando
1366 4893 1439 4936 oum
1459 4892 1497 4937 eo
1522 4875 1556 4937 iu
1574 4874 1677 4938 honis.
1695 4875 1764 4950 Vel,
1780 4893 1880 4938 omnes
1898 4871 1957 4934 estis
2046 4935 2047 4940 γ

440 4965 571 5028 alterius
590 4982 686 5028 onera
707 4972 847 5047 portate;
864 4968 901 5026 in.
919 4970 1069 5038 caritate,
1086 4969 1117 5031 id
1138 4977 1188 5032 est
1243 4995 1259 5032 o
1276 4992 1359 5034 unus
1382 4973 1513 5054 spiritus
1529 4994 1558 5047 u,
1575 4990 1639 5036 uon
1658 4992 1717 5055 per
1736 4973 1901 5036 essentiam.
1914 4967 1955 5030 sed

438 5065 564 5128 sincero
585 5064 715 5138 affectu,
735 5080 798 5125 non
822 5064 1025 5128 simulatione
1049 5074 1104 5128 aut
1127 5087 1185 5150 pro
1242 5089 1299 5153 per
1314 5071 1453 5133 caritatis
1468 5067 1953 5154 adunationem,quemadmodum

436 5163 604 5227 commodo
619 5161 803 5244 temporali;
819 5163 953 5223 solliciti
966 5184 1097 5224 servare
1112 5168 1184 5226 uni·
1241 5187 1299 5251 per
1321 5169 1491 5232 ieremiam
1520 5169 1664 5250 loquitur
1687 5170 1771 5232 Deus
1797 5187 1804 5232 :
1827 5167 1900 5231 Dabo
1919 5163 1952 5224 eis
1970 5171 2037 5213 ter-1¹⁸²

437 5271 534 5328 tatem
550 5263 702 5340 spiritus,
718 5261 750 5323 id
765 5267 814 5322 est
828 5260 995 5341 diligentes
1015 5280 1052 5324 ae
1069 5265 1185 5328 studio·
1241 5284 1295 5330 cor
1316 5287 1415 5331 unum
1437 5276 1469 5331 et
1487 5268 1628 5331 animam
1648 5286 1756 5332 uuam.
1772 5271 1859 5332 Siout
1872 5239 1982 5324 aocutt'³³''
