4214 6254
419 464 477 528 178
783 483 932 531 nonnum
953 484 988 530 m
1008 484 1081 530 ross
1101 484 1295 530 mrnrrarnu.
1316 503 1356 512 -
1377 483 1476 530 sanun
1496 483 1608 530 ramus

418 651 619 734 Quicumque
643 650 713 713 vult
741 649 872 713 lratrem
902 669 959 713 seu
984 650 1167 733 proximum
1183 653 1208 716 A
1223 652 1391 727 nata,dum
1408 652 1504 716 homo
1521 653 1699 714 secundum
1716 649 1907 732 exigentiam
1921 651 1963 713 sui

419 750 596 833 praevenire
615 750 649 812 in
669 749 758 812 coelis
778 750 950 830 regnando,
967 751 1056 832 prius
1078 749 1168 812 illum
1224 758 1323 813 status
1338 751 1453 833 quaerit
1467 750 1648 814 necessaria
1662 751 1737 814 vitae
1752 750 1786 811 in
1801 749 1915 812 ordine
1931 750 1964 810 ad

420 849 452 911 in
475 857 559 912 terra
583 849 759 931 praeveniat
781 848 998 931 obsequendo,
1019 850 1103 911 sicut
1126 849 1170 911 ait
1224 850 1403 933 spiritualia
1426 868 1463 911 ac
1484 849 1594 911 divina
1615 868 1622 912 :
1647 867 1744 931 quarn
1771 864 1834 910 non
1860 849 1964 913 babere

286 961 352 1007 nom.
368 975 403 1013 ιιι,
419 947 600 1030 Apostolus,
617 947 742 1010 Honore
757 946 897 1008 invicem
918 946 1167 1028 praevenientem
1224 957 1318 1024 esset,
1349 949 1526 1011 secundum
1558 967 1765 1011 communem
1797 947 1898 1029 legem
1926 951 1964 1012 lo-

271 1027 304 1070 ¹⁰·
418 1045 526 1108 vincat
542 1063 616 1107 eum
637 1043 769 1118 olliclis,
786 1051 822 1106 ut
837 1045 938 1126 possit
952 1045 1081 1106 vincere
1100 1064 1170 1106 san·
1224 1048 1361 1130 quendo,
1379 1048 1478 1109 Deum
1499 1054 1631 1109 tentare.
1648 1046 1832 1109 lnordinata
1846 1065 1919 1110 vero
1935 1067 1966 1110 ac

417 1144 536 1206 ctitate.
564 1144 596 1206 Si
620 1143 706 1206 enim
731 1151 763 1204 te
785 1161 849 1206 non
877 1142 958 1206 laesit
982 1141 1089 1217 irater,
1115 1142 1169 1205 ob·
1223 1145 1387 1227 superflua
1403 1153 1461 1219 est,
1478 1146 1555 1207 dum
1575 1145 1672 1208 bomo
1688 1143 1773 1206 circa
1789 1146 1965 1227 temporalia

418 1241 567 1324 sequium
594 1248 796 1323 promeretur
823 1248 858 1302 ut
882 1240 995 1321 diligas
1024 1257 1115 1320 eum3
1141 1240 1168 1302 si
1223 1252 1255 1305 et
1279 1243 1436 1306 exteriora
1465 1243 1549 1305 bona
1573 1251 1638 1305 tam
1668 1243 1919 1305 immoderanter
1939 1252 1965 1306 et

418 1347 525 1403 autem
545 1339 689 1402 fortassis
707 1347 738 1401 te
759 1339 850 1413 laesit,
867 1339 969 1401 nihilo
989 1339 1096 1401 minus
1116 1339 1169 1402 ob·
1224 1341 1317 1403 anxie
1338 1349 1524 1423 occupatur,
1541 1340 1628 1423 quod
1650 1359 1669 1402 a
1688 1341 1849 1402 virtutum
1873 1342 1965 1422 operi·

418 1457 552 1520 sequere
567 1438 597 1500 ei
613 1445 649 1500 ut
663 1438 781 1500 vincas.
799 1438 871 1501 Haec
886 1438 973 1500 enim
989 1437 1168 1500 christianae
1223 1439 1283 1501 bus
1300 1440 1485 1522 impeditur,
1502 1439 1553 1502 vel
1569 1439 1645 1501 talia
1660 1439 1878 1502 abundantius
1893 1459 1966 1521 qua

418 1536 583 1618 sapientiae
602 1554 729 1598 summa
748 1544 806 1610 est,
824 1543 859 1597 ut
873 1535 1055 1598 amantibus
1075 1535 1169 1598 vicis·
1223 1537 1264 1598 rit
1279 1557 1373 1620 quam
1390 1537 1570 1600 necessaria
1584 1545 1668 1600 sunt.
1682 1537 1727 1599 Dc
1743 1555 1806 1618 qua
1823 1537 1965 1600 sollicitu-

418 1634 603 1708 situdinem,
631 1632 820 1697 laedentibus
844 1633 1031 1715 patientiam
1056 1651 1168 1715 repen·
1222 1635 1297 1697 dine
1313 1635 1454 1718 loquitur
1469 1635 1624 1709 Christus,
1641 1635 1764 1697 etitem
1780 1635 1963 1717 Apostolus:

418 1732 540 1794 damus.
559 1731 617 1806 Qui
634 1749 709 1812 ergo
723 1733 763 1793 ad
777 1731 930 1812 injuriam
945 1732 1116 1814 patientior
1130 1749 1167 1793 ac
1222 1733 1300 1796 Volo
1309 1734 1487 1815 (inquiens)
1497 1750 1553 1796 vos
1569 1733 1638 1795 sine
1654 1731 1874 1796 sollicitudine
1889 1752 1964 1813 esse:
1986 1753 2057 1796 totu

417 1829 570 1892 humilior
585 1828 693 1904 fuerit,
710 1829 743 1891 in
759 1847 856 1910 regno
871 1829 993 1892 coelesti
1008 1829 1167 1911 potentior
1185 1833 1254 1894 Bet
1283 1851 1403 1906 rursus,
1429 1832 1516 1894 Nibil
1544 1831 1673 1894 solliciti
1703 1832 1794 1910 sitis;
1826 1832 1965 1896 Salomon
1977 1819 2050 1921 ἔξω,

417 1936 512 2010 atqua
533 1927 703 1990 sublimior
724 1928 795 1990 erit.
1222 1947 1349 2012 quoque
1367 1949 1373 1993 :
1391 1930 1592 2011 Exspectatio
1609 1929 1824 1992 sollicitorum
1845 1929 1963 2011 peribit.
1976 1942 2056 1995 aetla

458 2026 614 2100 Secundo,
627 2025 660 2088 in
676 2026 736 2088 ista
750 2025 886 2108 epistola
900 2026 992 2088 docet
1007 2042 1065 2087 nos
1081 2024 1167 2107 prin·
1262 2028 1421 2091 Debemus
1446 2046 1520 2108 ergo
1549 2027 1801 2090 sollicitudinem
1834 2035 1965 2091 nostram
1977 2008 2054 2110 223¹,-

269 2136 402 2190 trau-vd.
418 2143 493 2208 ceps
515 2124 751 2206 Apostolorum,
770 2132 804 2186 ut
826 2142 955 2186 omnem
980 2123 1168 2187 sollicitudi-
1222 2127 1254 2189 in
1277 2129 1378 2190 Deum
1402 2116 1571 2209 projicere,
1594 2127 1637 2189 ita
1659 2127 1745 2208 quod
1770 2145 1966 2210 nequaquam

419 2241 493 2286 nem
518 2230 659 2285 nostram
683 2222 891 2305 projiciamus
916 2222 950 2284 in
973 2223 1085 2295 Deum,
1107 2221 1167 2283 boc
1223 2226 1471 2288 immoderanter
1493 2243 1551 2307 pro
1571 2224 1805 2308 temporalibus
1829 2226 1968 2290 sollicite

418 2329 477 2396 est,
494 2328 529 2382 ut
548 2321 577 2383 ei
598 2340 708 2383 curam
729 2328 870 2384 nostram
892 2339 929 2382 ac
951 2321 1167 2403 provisionem
1223 2344 1305 2398 mur,
1322 2324 1378 2386 sed
1397 2323 1514 2387 divinae
1533 2342 1590 2387 nos
1611 2323 1855 2387 committamus
1874 2326 1969 2407 provi-

419 2419 614 2481 liducialiter
644 2419 893 2493 committamus,
923 2418 1075 2500 quoniam
1105 2417 1167 2500 ipsi
1222 2423 1348 2496 dentiae,
1371 2429 1499 2504 peracto
1524 2422 1609 2504 quod
1635 2421 1667 2484 in
1692 2422 1786 2485 nobis
1811 2431 1872 2486 est.
1898 2423 1969 2486 llinc

418 2536 496 2579 cura
524 2525 573 2579 est
602 2516 640 2579 de
669 2517 773 2591 nobis,
803 2517 980 2579 secundum
1010 2516 1095 2598 quod
1124 2515 1168 2576 ait
1222 2521 1266 2583 ait
1281 2520 1450 2601 Gregorius
1468 2540 1475 2583 :
1492 2520 1550 2594 Qui
1567 2520 1663 2582 rebus
1679 2521 1914 2603 temporalibus
1927 2540 1970 2584 oc·

284 2629 403 2681 rama.
419 2617 591 2698 Propheta:
603 2616 757 2678 Dominus
773 2616 928 2677 sollicitus
944 2623 991 2678 cst
1006 2615 1167 2678 mei.Hinc
1223 2624 1391 2700 cupantur,
1412 2625 1489 2679 tunc
1508 2617 1590 2679 bene
1610 2618 1768 2681 exteriora
1787 2618 1968 2702 disponunt,

270 2695 364 2799 ffffl·
375 2767 404 2806 Ἦ,
420 2715 562 2797 loquitur
577 2714 720 2779 Christus
738 2733 745 2776 :
761 2715 866 2778 Nolite
881 2714 1010 2776 solliciti
1026 2733 1106 2787 esse,
1122 2714 1168 2774 di·
1222 2734 1322 2796 quum
1338 2715 1555 2777 sollicitudine
1569 2715 1608 2776 ad
1625 2715 1777 2779 interiora
1797 2716 1967 2799 refugiunt,

269 2818 338 2860 Μῦ-
420 2821 538 2888 centes,
555 2811 636 2886 Quid
657 2811 933 2887 manducabimus,
950 2819 1004 2875 aut
1023 2812 1100 2893 quid
1119 2811 1167 2873 bi·
1221 2832 1322 2894 quum
1351 2831 1553 2894 nequaquam
1579 2812 1664 2876 loras
1694 2814 1969 2896 perturbationum

418 2913 544 2988 bernus,
570 2919 624 2974 aut
653 2930 717 2994 quo
746 2912 956 2994 operiemurl
986 2911 1051 2972 Scit
1080 2910 1166 2972 enim
1222 2912 1374 2992 strepitus
1399 2911 1548 2992 diligunt,
1570 2912 1625 2973 sed
1651 2911 1737 2974 intus
1763 2912 1796 2974 in
1824 2912 1970 2995 tranquil·

417 3012 506 3074 Pater
530 3018 635 3074 vester
659 3011 807 3085 coelestiS,
833 3010 909 3093 quia
936 3010 987 3071 bis
1016 3009 1166 3072 omnibus
1185 3009 1207 3072 C
1223 3009 1309 3072 litate
1331 3009 1447 3071 mentis
1469 3010 1649 3090 quiescunt.
1667 3009 1714 3072 Sit
1729 3028 1806 3091 ergo
1823 3011 1970 3074 sollicitu-

417 3110 575 3192 indigetis.
602 3109 737 3184 Quaerite
766 3126 841 3190 ergo
865 3108 1008 3191 primum
1032 3125 1166 3188 regnum
1222 3108 1262 3170 do
1282 3117 1389 3171 nostra
1408 3107 1552 3170 ordinata
1572 3126 1609 3169 ac
1628 3107 1790 3188 virtuosa;
1806 3117 1843 3170 et
1858 3117 1969 3191 quanto
2089 3153 2090 3218 l

416 3207 473 3269 Dei
495 3215 527 3270 et
545 3207 701 3287 justitiam
724 3207 806 3288 ejus,
823 3214 855 3269 et
873 3207 941 3270 baec
962 3206 1071 3270 omnia
1090 3204 1167 3286 adji-
1221 3206 1327 3268 anima
1356 3224 1489 3288 corpore
1517 3213 1619 3269 exstat
1646 3207 1864 3288 praestantior,
1892 3215 1970 3270 tanto

417 3308 542 3368 cientur
560 3305 662 3369 vobis.
1220 3304 1360 3386 amplius
1384 3322 1441 3386 pro
1462 3303 1686 3387 spiritualibus
1705 3304 1849 3386 Spiritus
1870 3305 1969 3368 Sancti
2089 3363 2090 3406 q

457 3405 685 3466 Verumtamen
701 3404 761 3466 ista
778 3402 986 3484 intelligenda
999 3421 1064 3465 non
1079 3409 1164 3475 sunt,
1220 3401 1312 3465 donis
1341 3421 1437 3484 quam
1467 3419 1525 3484 pro
1549 3401 1645 3464 rebus
1675 3402 1893 3466 sollicitemur
1916 3411 1971 3466 ter·
2089 3411 2090 3486 l

416 3503 507 3585 quasi
521 3502 618 3564 bomo
633 3521 696 3564 non
706 3502 826 3578 ,debeat
841 3502 1034 3563 moderatam
1050 3500 1166 3563 babere
1221 3501 1315 3562 renis.

418 3600 669 3663 sollicitudinem
693 3600 733 3661 de
758 3599 947 3662 necessariis
971 3599 1033 3662 sibi
1057 3600 1095 3661 ad
1119 3599 1165 3661 vi·
1260 3597 1375 3672 Tertio,
1402 3598 1494 3660 docet
1517 3615 1575 3660 nos
1599 3597 1838 3661 sacratissimus
1866 3601 1968 3662 Petrus
2089 3551 2090 3644 i

418 3706 516 3760 ctum.
534 3698 590 3759 Est
604 3715 678 3778 ergo
694 3696 872 3771 sciendum,
885 3696 970 3778 quod
986 3697 1104 3778 duplex
1118 3704 1166 3759 est
1219 3695 1393 3779 apostolus,
1410 3704 1446 3757 ut
1465 3695 1564 3758 sobrii
1584 3696 1696 3771 simus,
1713 3714 1778 3758 non
1797 3697 2059 3780 crapulosi,1ru.=.t
2088 3764 2089 3767 Ἴ

417 3796 609 3859 sollicitudo.
627 3797 694 3859 Una
709 3803 758 3858 est
773 3795 857 3856 circa
876 3794 1054 3878 spiritualia
1067 3803 1099 3857 et
1114 3813 1166 3858 ne·
1220 3795 1275 3857 sed
1299 3793 1453 3856 moderati
1480 3813 1516 3855 ac
1541 3793 1628 3876 parci
1659 3795 1692 3855 in
1717 3793 1791 3858 cibo
1816 3805 1967 3878 potuque,
2088 3788 2089 3819 ³

417 3894 555 3956 cessaria
578 3893 617 3956 ad
642 3893 789 3967 salutem,
815 3892 975 3968 videlicet,
1000 3912 1040 3954 ne
1064 3893 1164 3955 Deum
1220 3901 1376 3975 quatenus
1400 3911 1490 3954 mens
1515 3900 1622 3955 nostra
1644 3893 1750 3973 vigeat
1773 3892 1806 3956 in
1830 3894 1969 3957 conside

416 3992 630 4066 offendamus,
646 4011 686 4054 ne
702 3991 865 4054 caritatem
881 3999 912 4052 et
925 3990 1059 4072 gratiam
1074 3991 1164 4053 alias·
1219 3992 1341 4053 ratione
1360 3990 1543 4052 divinorum
1558 4009 1594 4052 ac
1610 3990 1847 4072 pertinentium
1868 3992 1908 4055 ad
1926 4011 1969 4054 sa-

416 4109 479 4174 que
503 4090 636 4153 virtutes
661 4091 843 4173 perdamus,
870 4109 909 4152 ne
933 4089 1164 4153 beatitudinem
1220 4088 1398 4165 lutem,nec
1413 4088 1623 4151 obliviscatur
1639 4097 1758 4170 quanta
1772 4089 1839 4152 sibi
1856 4091 1970 4154 instent

416 4191 601 4252 amittamus
623 4189 798 4263 coelestem,
814 4196 846 4252 et
866 4208 908 4250 ne
928 4187 1097 4251 infernalia
1118 4189 1163 4251 in·
1180 4198 1204 4261 D
1221 4187 1373 4270 pericula,
1385 4187 1586 4269 qualiterque
1601 4207 1619 4250 a
1633 4188 1837 4250 daemonibus
1854 4190 1898 4252 sit
1911 4189 1969 4252 val·

416 4307 581 4351 curramus
613 4288 781 4370 supplicia.
812 4288 874 4349 lsta
905 4294 953 4349 est
983 4286 1165 4350 sollicitudo
1220 4286 1290 4348 lata.
1316 4285 1397 4348 Hinc
1421 4286 1534 4347 asserit
1557 4285 1755 4368 Augustinus
1778 4303 1785 4348 :
1808 4287 1969 4350 Sobrietas

415 4386 499 4450 bona
522 4406 559 4449 ac
583 4385 735 4459 virtuosa,
760 4385 799 4446 ad
829 4384 1032 4466 prudentiam
1056 4403 1092 4446 ac
1117 4404 1164 4447 sa·
1220 4393 1268 4447 est
1283 4384 1400 4447 mentis
1415 4403 1451 4446 ac
1466 4402 1621 4446 sensuum
1640 4385 1857 4466 omniumque
1873 4404 1969 4448 mem·

416 4485 570 4567 pientiam
586 4485 760 4566 pertinens.
775 4484 818 4545 De
837 4501 900 4565 qua
915 4482 959 4544 ait
972 4483 1162 4564 Apostolus:
1219 4484 1350 4546 brorum
1367 4483 1510 4545 custodia
1525 4501 1582 4544 sen
1598 4482 1901 4558 cantela,castitatis
1916 4503 1969 4566 pu·

277 4595 402 4652 aptatu,
417 4583 552 4646 Solliciti
572 4583 642 4644 sitis
662 4600 789 4644 servare
805 4581 959 4642 unitatem
979 4581 1110 4663 spiritus
1131 4582 1163 4644 in
1219 4581 1399 4661 dicitiaeque
1428 4580 1605 4656 munimen,
1634 4581 1722 4663 pacis
1751 4601 1788 4644 ac
1817 4583 1968 4645 amicitiae

267 4663 403 4772 hm&
418 4681 547 4744 vinculo
563 4679 651 4762 pacis
660 4697 669 4760 ;
684 4679 830 4743 Michaeas
845 4697 973 4761 qnoque
990 4697 997 4740 :
1014 4680 1164 4744 Indicabo
1220 4679 1433 4742 conservatrix
1442 4696 1451 4759 ;
1467 4679 1625 4741 honestati
1640 4695 1768 4762 semper
1784 4681 1967 4763 conjuncta,

417 4780 488 4855 tibi,
505 4779 645 4854 obomo,
663 4777 740 4860 quid
760 4778 802 4839 sit
818 4777 950 4851 bonum,
967 4779 1091 4860 etquid
1106 4780 1165 4842 llo-
1218 4778 1431 4841 temeritatem
1445 4776 1539 4858 fugit,
1551 4778 1683 4841 domum
1698 4785 1795 4860 atque
1809 4777 1966 4842 familiam

419 4879 526 4942 minus
555 4876 697 4959 requirat
721 4895 739 4938 a
764 4884 793 4938 te
820 4893 827 4938 :
853 4877 964 4957 utique
989 4877 1163 4940 sollicitum
1218 4896 1292 4940 cum
1315 4877 1529 4939 moderatione
1549 4877 1716 4958 gubernat.
1739 4877 1889 4962 Denique
1911 4879 1967 4941 ista

417 4977 582 5040 ambulare
601 4994 676 5038 cum
691 4975 757 5037 Deo
775 4983 840 5038 tuo.
857 4975 927 5038 Alia
945 4982 993 5037 est
1012 4975 1164 5038 sollicitu-
1218 4975 1371 5039 sobrietas
1391 4975 1489 5038 vitam
1511 4975 1688 5057 prolongat,
1705 4975 1880 5040 sanitatem
1900 4976 1966 5039 elli·

417 5077 458 5139 do
489 5075 575 5137 circa
605 5073 794 5156 temporalia
822 5081 854 5135 et
884 5074 1062 5136 necessaria
1090 5075 1163 5138 vitae
1218 5075 1261 5138 cit
1276 5081 1308 5137 et
1322 5081 1498 5149 conservat,
1515 5082 1721 5156 mentemque
1735 5075 1836 5151 acuit,
1848 5076 1966 5138 illumi·

417 5173 565 5258 praesenti
589 5193 596 5238 :
620 5180 652 5236 et
672 5173 739 5236 baec
764 5171 945 5236 sollicitudo
969 5180 1073 5256 potest
1094 5191 1163 5238 csse
1217 5175 1379 5237 nationem
1394 5172 1535 5236 divinam
1553 5180 1702 5236 meretur.
1718 5173 1794 5237 Ideo
1808 5175 1965 5259 scriptum
1976 5223 2056 5271 mm

417 5273 562 5341 ordinata
578 5290 616 5336 ac
635 5272 822 5337 inordinata.
840 5271 896 5334 Est
909 5272 1060 5354 equidem
1079 5273 1162 5336 ordi·
1217 5279 1276 5350 est,
1293 5273 1415 5337 Sanitas
1434 5272 1549 5338 anima
1564 5281 1595 5337 et
1610 5273 1753 5356 corporis
1770 5281 1819 5337 est
1839 5275 1966 5338 sobrius
1978 5293 2004 5334 u.
