4140 6258
405 469 465 534 288
627 489 775 536 nournrca
796 489 838 534 vu
860 488 933 535 ross
953 489 1147 535 mmrraruu.
1167 505 1208 518 -
1227 489 1270 534 au
1289 486 1483 550 marcrosos3
1506 486 1605 535 saeuo
1626 487 1737 534 saxrus

406 666 482 720 sunt
510 659 773 742 conspiciuntur3
803 659 998 742 sempiterna
1026 675 1154 740 quoque
1169 661 1195 722 A
1210 665 1341 739 propter
1363 655 1546 719 beatificam
1571 655 1626 718 Dei
1651 654 1840 716 fruitionem
1859 651 1946 733 adipi·

405 754 509 818 virtus
524 755 596 836 ejus
611 763 643 819 et
657 757 819 832 diviuitas,
836 757 879 819 ita
895 764 930 818 ut
944 756 1008 818 sint
1025 756 1154 818 inexcu·
1209 755 1370 828 scendum,
1388 763 1420 817 ct
1440 755 1577 836 qualiter
1597 751 1796 816 beatitudine
1815 750 1875 814 hac
1898 751 1946 832 pri·

406 852 534 928 sabiles,
555 855 611 936 qui
636 854 761 918 scilicet
785 855 886 917 Deum
911 873 974 918 non
1000 870 1153 934 coguove-
1210 853 1284 927 vati,
1301 853 1402 915 simus
1422 871 1479 934 per
1498 851 1614 916 Christi
1634 850 1818 934 passionem
1837 848 1946 912 reden·

406 959 490 1013 runt.
512 951 600 1016 Unde
621 961 653 1015 ct
673 953 707 1015 iu
726 952 809 1015 libro
829 952 998 1035 Sapientiae
1012 951 1152 1032 legitur:
1210 951 1267 1032 pti,
1284 951 1421 1033 qualiter
1436 950 1469 1012 in
1484 949 1551 1013 fine
1567 949 1679 1012 mundi
1694 945 1915 1011 resuscitandi.

294 1083 307 1112 a
326 1102 330 1112 .
362 1083 390 1120 n,
406 1049 483 1111 Vani
499 1057 573 1112 suut
587 1069 700 1114 omnes
715 1051 862 1113 homines
878 1049 992 1132 quibus
1007 1068 1070 1113 non
1086 1048 1157 1111 sub·
1249 1048 1373 1110 Tertius
1393 1047 1530 1111 effectus
1550 1055 1609 1122 est,
1624 1047 1711 1130 quod
1730 1045 1897 1128 Scriptura
1909 1063 1944 1108 os-

300 1167 306 1177 ·
405 1154 454 1210 est
475 1147 607 1211 scientia
632 1149 700 1224 Dei,
721 1156 753 1211 et
774 1149 813 1210 de
837 1148 887 1211 his
910 1167 982 1230 quac
1006 1148 1155 1210 videntur
1209 1146 1311 1208 tendit
1334 1146 1513 1228 legentibus
1538 1164 1619 1220 eam,
1644 1146 1789 1227 ipsorum
1814 1142 1944 1206 defectus

405 1243 499 1320 bona,
515 1264 580 1309 non
602 1253 777 1328 potuerunt
797 1245 975 1328 intelligere
997 1265 1071 1308 eum
1096 1244 1153 1328 qui
1209 1252 1241 1306 et
1262 1245 1349 1316 vitia,
1366 1244 1555 1308 omissiones
1577 1251 1609 1306 et
1630 1242 1877 1306 commissiones
1901 1241 1944 1304 ini-

404 1350 453 1404 est
462 1359 471 1422 ;
487 1361 506 1404 a
520 1343 740 1424 magnitudine
755 1344 842 1406 enim
862 1343 981 1426 speciei
1001 1351 1153 1406 creaturae
1208 1362 1297 1425 quas.
1310 1343 1384 1406 ldeo
1399 1343 1556 1424 religiosis
1572 1343 1618 1404 illi
1635 1341 1813 1424 praesertim
1829 1340 1944 1404 studea

404 1441 522 1521 poterit
544 1439 673 1504 Creator
696 1429 954 1523 cognoscibiliter
972 1440 1084 1503 videri.
1105 1440 1151 1503 Si·
1208 1442 1240 1503 di
1270 1449 1344 1504 sunt
1374 1441 1447 1503 libri
1477 1440 1653 1523 inquibus
1683 1440 1762 1523 quid
1785 1441 1834 1502 eis
1862 1439 1942 1514 desit,

403 1538 535 1619 quidem
560 1538 638 1602 ordo
663 1557 781 1614 rerum,
798 1546 830 1601 et
854 1540 922 1620 ipsa
946 1537 1152 1601 consistentia
1208 1558 1303 1622 quam
1323 1539 1521 1621 negligenter
1541 1558 1574 1602 se
1593 1539 1741 1613 habeant,
1758 1544 1943 1621 quantana

403 1635 556 1711 universi,
573 1636 657 1699 scala
672 1645 720 1700 est
733 1637 925 1700 ascendendi
941 1638 981 1700 ad
996 1637 1152 1700 creatoris
1207 1637 1404 1718 perfectione
1418 1637 1581 1712 deficiant,
1597 1636 1699 1718 magis
1719 1636 1890 1700 inveniunt
1901 1645 1943 1698 :ut

403 1734 624 1817 notitiam,qui
640 1735 718 1798 fecit
732 1735 840 1799 omnia
855 1743 890 1797 ut
904 1734 1151 1818 timeatur:quia
1207 1745 1281 1798 sunt
1306 1736 1496 1800 collationes
1524 1744 1556 1798 et
1580 1736 1727 1799 instituta
1752 1736 1892 1809 Patrum,
1914 1735 1942 1796 li·
1958 1761 2026 1805 aaa,

280 1851 287 1865 ·
403 1832 523 1895 idcirco
546 1840 610 1896 tam
637 1833 828 1895 mirabiliter
852 1841 883 1896 et
907 1840 1063 1916 potenter,
1085 1841 1149 1896 tam
1169 1833 1264 1896 Bher
1278 1834 1811 1917 Climaci,Vitaspatrum,homilia
1825 1833 1942 1896 Euschii

402 1931 553 2013 praeclare
568 1950 606 1994 ac
625 1932 788 2015 sapienter
802 1940 908 1995 creata
927 1932 1086 2014 produxit,
1103 1950 1151 1995 or·
1207 1932 1530 2007 Emiseni,Profectus
1545 1933 1780 2015 religiosorum,
1791 1949 1941 1995 sermones

402 2029 524 2093 dinavit
546 2038 641 2113 atque
663 2030 846 2105 connexuit,
862 2038 1019 2112 quatenus
1040 2049 1079 2093 ex
1097 2031 1152 2093 ho·
1206 2030 1604 2113 S.Bernardi,similcsque
1619 2031 1725 2094 devoti
1740 2031 1943 2104 tractatus,in·

402 2147 474 2191 rum
491 2130 636 2192 omnium
651 2128 880 2212 speculatione,
891 2129 930 2191 ad
947 2129 1048 2211 ipsius
1062 2130 1152 2193 Crea—
1206 2136 1254 2191 ter
1268 2148 1348 2212 quos
1368 2129 1469 2211 fulget
1487 2130 1680 2212 opusculum
1698 2129 1728 2192 S.
1745 2129 1895 2192 Demardi
1910 2129 1941 2191 ad

402 2227 479 2290 toris
498 2245 652 2302 amorem,
668 2227 787 2309 pariter
802 2234 834 2290 et
850 2227 1010 2302 timorem,
1027 2228 1150 2290 cultum
1207 2228 1329 2291 Fratres
1344 2229 1383 2290 de
1404 2229 1506 2291 Monte
1527 2229 1592 2291 Dei.
1611 2229 1693 2291 Dum
1712 2229 1802 2291 enim
1818 2227 1940 2310 legimus

402 2333 434 2388 et
456 2326 695 2390 venerationem
719 2326 897 2388 excitemur
918 2345 955 2389 ac
975 2327 1148 2390 elevemur.
1205 2346 1302 2409 quarn
1322 2334 1442 2402 sancte,
1459 2346 1555 2410 quam
1576 2326 1728 2408 rigorose,
1745 2326 1885 2410 perfecte
1903 2344 1940 2388 so-

252 2445 387 2500 rresco.
402 2424 534 2506 Propter
554 2424 640 2506 quod
662 2423 810 2488 Salomon
828 2424 969 2507 loquitur
991 2443 998 2487 :
1020 2425 1150 2488 Univer-
1206 2424 1339 2508 brieque
1366 2425 1515 2488 vixerunt
1543 2433 1575 2487 et
1603 2424 1711 2507 qualia
1739 2424 1833 2488 nobis
1860 2424 1942 2487 docu-

402 2540 436 2584 sa
462 2529 592 2605 propter
615 2541 649 2585 se
673 2521 779 2605 ipsum
802 2530 950 2605 operatus
975 2532 1024 2586 est
1047 2524 1151 2587 Domi·
1206 2532 1313 2586 menta
1339 2523 1580 2606 dereliquerunt
1603 2523 1705 2586 sancti
1729 2524 1846 2598 Patres,
1870 2523 1941 2604 cogi·
2053 2583 2054 2618 ,

261 2633 309 2678 rer.
319 2648 340 2686 v,
352 2637 386 2686 n,
402 2639 473 2683 nus.
491 2621 529 2683 llt
544 2621 630 2703 apud
643 2621 814 2684 ieremiam
830 2622 985 2685 Dominus
1003 2622 1048 2684 ait
1065 2639 1072 2684 :
1088 2624 1150 2685 Au·
1206 2640 1278 2684 mur
1293 2623 1391 2684 vitam
1407 2630 1546 2685 nostram
1561 2622 1739 2705 despicere,
1750 2630 1784 2684 et
1798 2640 1854 2684 uos
1866 2622 1940 2703 ipsos
2053 2621 2054 2676 ἒ

402 2719 445 2793 di,
463 2720 581 2803 popule
606 2721 713 2795 stulte,
731 2720 786 2802 qui
812 2720 995 2783 nonhabes
1017 2721 1149 2785 confla
1205 2739 1263 2803 pro
1286 2720 1389 2783 nihilo
1414 2728 1570 2802 reputare.
1594 2721 1675 2783 llinc
1698 2721 1835 2802 diligens
1859 2720 1940 2782 lectio

400 2836 464 2881 non
479 2818 708 2902 timebitis,qui
724 2819 817 2901 posui
832 2838 962 2882 arenam
977 2820 1150 2883 terminum
1205 2820 1441 2902 Scripturarum
1475 2838 1559 2903 saepe
1592 2819 1665 2902 plus
1699 2820 1829 2901 prodest
1855 2837 1940 2901 quam

401 2916 492 2991 mari,
510 2925 705 2999 preceptum
726 2917 959 3000 sempiternum
978 2919 1063 3001 quod
1085 2937 1147 2982 non
1206 2917 1370 2980 meditatio
1384 2917 1452 2980 sive
1472 2917 1581 2980 oratio.
1598 2917 1656 2980 Per
1671 2916 1849 2999 Scripturas
1864 2935 1939 2979 uam-

399 3016 600 3098 praeteribitf
624 3016 841 3079 intumescent
868 3016 988 3080 fluctus
1013 3019 1094 3098 ejus,
1117 3026 1150 3080 et
1167 3023 1189 3088 c
1205 3035 1267 3099 que
1292 3016 1374 3078 Deus
1399 3023 1507 3079 noster
1533 3015 1675 3096 loquitur
1698 3015 1804 3090 nobis,
1822 3023 1853 3079 et
1874 3015 1940 3078 vitia

399 3133 464 3178 uon
486 3114 669 3178 transibunt
687 3114 776 3176 iilud.
794 3114 915 3188 Quibus
938 3115 1045 3178 verbis
1066 3117 1148 3179 Deus
1205 3123 1313 3178 nostra
1334 3114 1427 3178 nobis
1448 3114 1595 3177 ostendit.

400 3213 544 3297 increpat
572 3232 627 3276 eos
652 3212 708 3295 qui
733 3231 772 3274 ex
796 3213 1050 3276 consideratione
1076 3233 1149 3296 ope·
1244 3215 1379 3288 Quartus
1402 3212 1538 3276 effectus
1560 3221 1619 3287 est,
1635 3213 1722 3294 quod
1742 3212 1784 3274 ad
1808 3212 1941 3295 spiritua·
2052 3213 2053 3218 ’

400 3330 471 3373 rum
494 3312 595 3395 ipsius
617 3310 813 3392 magnalium
837 3311 870 3372 in
893 3311 1057 3387 creaturis,
1073 3331 1147 3375 eum
1204 3311 1268 3375 lem
1284 3311 1463 3395 profectum
1480 3330 1536 3375 uos
1556 3312 1753 3386 exhortatur,
1770 3319 1802 3374 et
1818 3311 1940 3395 qualiter

399 3427 462 3472 non
476 3408 974 3483 timuerunt.-Secundo,docet
985 3409 1149 3493 Scriptura
1204 3411 1440 3493 proficiendum
1465 3411 1506 3473 sit
1529 3411 1638 3490 docet3
1663 3409 1796 3493 jamque
1820 3409 1939 3473 heatitu-

400 3525 456 3570 uos
477 3508 577 3570 Deum
598 3525 790 3589 cognoscere
811 3525 869 3589 per
890 3509 1147 3589 supernaturales
1204 3509 1312 3572 dinem
1336 3508 1562 3591 promittendo,
1587 3507 1653 3588 jam
1684 3509 1844 3590 supplicia
1865 3525 1938 3570 com·

399 3624 473 3669 suos
501 3606 647 3681 effectus,
674 3613 783 3688 utpote
813 3624 871 3688 per
900 3606 1065 3682 miracula,
1090 3626 1148 3690 per
1204 3607 1366 3682 minando,
1391 3607 1431 3669 ad
1459 3607 1599 3670 virtuosa
1624 3605 1738 3668 invitat
1762 3623 1820 3668 nos
1843 3623 1934 3688 opera

400 3723 472 3786 quae
487 3704 654 3785 utriusque
669 3704 862 3766 Testamenti
877 3704 992 3767 veritas
1010 3706 1148 3767 maxime
1203 3705 1247 3768 De
1269 3705 1319 3768 his
1342 3705 1513 3786 Scripturae
1537 3702 1709 3767 effectibus
1733 3704 1779 3767 ait
1801 3703 1936 3784 Hierony·

400 3801 645 3892 comprobatur3
662 3802 765 3877 tertio,
782 3820 841 3884 per
861 3803 990 3866 oracula
1012 3804 1147 3886 Prophe·
1204 3823 1277 3866 mus
1294 3821 1301 3865 :
1318 3803 1410 3866 Utere
1434 3801 1569 3866 lectione
1590 3802 1699 3865 divina
1724 3803 1794 3865 vice
1817 3800 1935 3885 speculi,
2051 3831 2052 3860 1

398 3909 516 3976 tarum,
532 3908 565 3964 et
585 3919 644 3983 per
663 3901 855 3964 documenta
872 3902 1096 3984 Apostolorum
1116 3911 1148 3966 et
1203 3903 1287 3968 foeda
1307 3902 1505 3982 corrigendo,
1522 3901 1656 3984 pulchra
1676 3901 1895 3974 conservando,
1909 3905 1936 3960 et

399 3998 683 4081 Evangelistarum.
708 4000 875 4084 Deinceps,
899 4019 957 4083 per
981 4001 1145 4078 miracula,
1203 4003 1386 4085 pulchriora
1407 4001 1537 4082 agendo.
1555 4000 1720 4083 Scriptura
1738 4000 1854 4063 etenim
1873 4015 1936 4080 spe·

398 4107 430 4164 et
451 4097 579 4162 oracula
600 4117 637 4160 ac
660 4099 851 4161 documenta
872 4099 939 4162 haec
959 4099 1039 4181 ipsa,
1057 4100 1149 4163 docet
1203 4102 1312 4164 culum
1336 4109 1394 4175 est,
1411 4100 1496 4163 foeda
1517 4100 1688 4163 ostendens
1713 4107 1745 4162 et
1769 4097 1874 4178 corrigi
1896 4095 1936 4157 fa·

398 4217 456 4262 nos
471 4204 579 4261 sancta
594 4196 759 4279 Scriptura
773 4197 811 4258 de
827 4197 891 4260 Deo
906 4215 944 4260 ea
957 4215 1147 4278 cognoscere
1162 4203 1188 4265 D
1203 4201 1300 4263 ciens.
1325 4197 1494 4280 Gregorius
1519 4215 1646 4281 quoque
1670 4215 1677 4261 :
1701 4197 1796 4260 Sacra
1817 4193 1935 4278 (inquit)

397 4316 469 4380 quaa
483 4313 612 4360 omnem
628 4295 807 4358 naturalem
823 4295 976 4358 rationem
991 4304 1148 4360 transcen·
1203 4301 1366 4382 Scriptura
1393 4298 1496 4362 oculis
1525 4299 1642 4360 mentis
1665 4297 1759 4380 quasi
1783 4294 1933 4380 speculum

398 4397 478 4459 dunt
502 4413 508 4458 :
534 4403 569 4457 ut
592 4395 678 4476 quod
702 4395 772 4477 ipse
797 4395 830 4456 in
856 4395 977 4457 unitate
1001 4397 1147 4461 essentie
1201 4399 1384 4482 opponitur,
1402 4405 1436 4460 ut
1452 4396 1514 4459 sibi
1530 4398 1654 4460 interna
1668 4395 1877 4459 nostrafacies
1892 4393 1934 4454 ri·
2050 4465 2051 4482 ἒ

398 4495 501 4557 trinus
516 4501 565 4556 est
580 4492 614 4555 in
632 4493 789 4575 personis,
805 4493 890 4575 quod
904 4493 1044 4556 Verbum
1060 4504 1147 4557 aeter·
1201 4498 1321 4560 deatur.
1339 4496 1387 4560 lbi
1406 4495 1494 4558 enim
1513 4495 1608 4570 foeda,
1626 4494 1671 4557 ibi
1692 4495 1824 4578 pulchra
1838 4499 1932 4555 nostra

399 4612 477 4655 num
493 4593 666 4655 humanam
681 4593 855 4674 assumpsit
869 4599 1013 4655 naturam
1029 4613 1067 4656 ex
1082 4595 1148 4657 Vir·
1201 4597 1436 4680 conspicimus3
1454 4595 1499 4657 ibi
1519 4595 1677 4656 sentimus
1700 4602 1849 4676 quantum
1866 4607 1932 4671 pro

397 4691 522 4772 gine,et
537 4699 642 4753 cetera
655 4709 726 4773 quae
740 4690 822 4753 fides
836 4691 928 4755 docet
943 4691 982 4754 de
998 4692 1146 4756 Decesse
1200 4694 1341 4771 ficimus,
1358 4700 1554 4776 quantumve
1573 4711 1592 4755 a
1611 4692 1758 4775 profectu
1780 4693 1928 4754 distamus.

398 4790 544 4852 tenenda.
1200 4795 1281 4858 Dum
1307 4794 1413 4875 itaque
1439 4792 1470 4854 in
1501 4791 1669 4873 scripturis
1693 4789 1848 4854 canonicis
1865 4784 1929 4848 sire

439 4888 603 4951 Secundus
623 4886 794 4970 Scripturas
814 4907 910 4953 sacrae
928 4887 1066 4953 effectus
1086 4898 1143 4965 est,
1199 4893 1402 4967 authenticis,
1418 4891 1540 4974 aliquid
1559 4891 1598 4953 de
1619 4890 1708 4954 vitiis
1730 4899 1762 4954 et
1784 4887 1928 4970 negligen-

397 4988 484 5070 quod
507 5005 583 5051 vere
607 4995 638 5050 et
661 4995 746 5050 certe
769 5005 826 5052 nos
852 4988 982 5051 instruit
1004 4989 1082 5071 quid
1106 4990 1145 5052 de
1198 4992 1253 5055 tiis
1268 5010 1304 5054 ac
1319 4990 1616 5054 defectuositatibus
1631 5009 1702 5073 quaa
1718 4983 1926 5058 insuutuchis,

398 5085 491 5150 nobis
519 5087 598 5168 ipsis
628 5087 805 5168 ceterisque
830 5088 943 5150 creatis
972 5087 1145 5151 debeamus
1200 5090 1335 5171 legimus
1355 5095 1410 5152 aut
1427 5088 1488 5169 legi
1508 5088 1668 5165 audimus,
1686 5087 1926 5171 ingemiscamus,

397 5185 516 5249 sentire
538 5201 545 5248 :
566 5185 705 5267 qualiter
723 5186 847 5248 scilicet
861 5187 966 5268 primo
984 5186 1060 5249 facti
1081 5187 1146 5250 sint
1199 5197 1311 5273 pectus
1338 5189 1522 5264 tundamus,
1547 5188 1729 5252 cordialiter
1756 5199 1929 5268 compunga-

396 5286 493 5372 primi
512 5296 661 5372 parentes
681 5293 712 5350 et
730 5305 826 5351 omne
847 5305 947 5368 genus
966 5288 1144 5350 humanum
1200 5307 1283 5364 mur,
1317 5287 1554 5364 contristemur,
1586 5295 1618 5350 et
1650 5287 1841 5372 deploremus
1871 5297 1927 5344 nos
