4214 6254
436 447 496 514 fbf)
672 473 821 520 nouimus
842 475 853 518 r
874 473 948 520 rosv
967 472 1162 520 mnvrrnrnrr.
1181 490 1222 501 -
1241 472 1284 518 ao
1304 470 1499 533 nanrcrosos3
1521 470 1621 517 sanim
1642 469 1754 517 saurus

437 639 675 719 terminabitur,
695 663 829 708 nummo
856 642 1034 726 iniquitatis
1054 642 1361 725 conqui·rlquaevis
1391 641 1527 703 earnalis
1558 639 1698 714 affectio,
1727 646 1763 701 ut
1791 637 1879 700 malit
1904 656 1967 720 pre
2067 619 2068 686 ἓ

438 744 524 812 runt,
542 749 664 816 emunt,
681 750 845 805 merentur
862 750 868 804 t
1240 758 1309 802 esse
1330 758 1426 821 quam
1448 738 1591 812 subesse,
1607 745 1639 802 et
1660 755 1813 820 apparere
1834 736 1867 798 in
1887 755 1968 798 sacu-
2067 791 2068 804 ,

478 836 551 899 Haec
568 838 638 902 ideo
653 847 758 922 tango,
776 841 916 923 primum
936 849 971 902 ut
987 838 1186 902 indicibilem
1241 837 1271 899 lo
1291 856 1387 919 quam
1409 837 1561 900 abscondi
1583 837 1616 899 in
1636 835 1792 900 coenobio.
1816 833 1898 897 Nulli
1917 834 1968 895 nisi
2067 821 2068 862 l

441 937 693 1016 magnitudinem
715 939 942 1003 misericordiae
961 947 993 1002 et
1006 940 1114 1020 gratiae
1134 956 1187 1000 no
1242 935 1273 996 in
1289 937 1353 998 Deo
1372 942 1403 998 et
1418 936 1595 998 secundum
1615 933 1716 996 Mum
1736 932 1901 1014 cupiamus
1918 931 1969 1012 pla·

439 1030 489 1094 bis
505 1033 640 1118 desuper
654 1038 838 1101 condonatae
854 1056 912 1118 per
925 1038 986 1101 boc
1001 1037 1085 1119 quod
1101 1036 1188 1099 Crea-
1240 1052 1322 1096 cere.

439 1136 490 1191 tor
514 1132 679 1214 piissimus
703 1136 742 1197 de
767 1135 885 1198 saeculo
909 1154 966 1198 nos
990 1135 1131 1208 retraxit,
1156 1142 1188 1196 et
1281 1133 1454 1206 Postremo,
1484 1133 1561 1214 quia
1588 1130 1802 1214 periculosius
1830 1129 1907 1191 nibil
1932 1137 1970 1190 est

439 1228 478 1289 ad
504 1249 626 1294 sacram
651 1232 840 1314 religionem
865 1233 1024 1315 perduxit,
1045 1232 1188 1294 couside-
1243 1249 1338 1312 quam
1369 1231 1589 1314 temporaliter
1619 1228 1812 1312 prosperari,
1842 1237 1872 1290 et
1896 1227 1972 1307 juxta

442 1344 562 1402 remus,
583 1337 615 1391 et
635 1349 838 1412 nequequam
858 1338 943 1394 retro
960 1330 1187 1412 respiciamns3
1243 1330 1373 1411 propria
1400 1329 1558 1392 desideria
1581 1327 1775 1401 conversari,
1799 1345 1859 1388 nec
1882 1335 1971 1387 umen

294 1440 429 1492 naama
442 1443 502 1486 nec
517 1445 592 1489 cnm
613 1428 837 1509 ingratissimis
857 1429 935 1491 filiis
951 1429 1045 1491 lsrael
1061 1428 1188 1491 coeleste
1242 1447 1261 1488 a
1277 1428 1340 1491 Deo
1355 1426 1600 1490 adversitatibus
1618 1425 1781 1506 castigari3
1797 1423 1843 1486 nil
1863 1441 1972 1505 qnoque

443 1541 560 1586 manna
582 1525 794 1601 fastidientes,
820 1533 1018 1589 revertamur
1040 1526 1190 1588 cordibus
1244 1525 1387 1587 securius
1412 1543 1507 1606 quam
1539 1525 1571 1586 in
1596 1523 1743 1606 presenti
1770 1521 1972 1604 propeccatis

442 1621 475 1684 in
490 1623 673 1706 AEgyptum,
689 1625 744 1688 sed
764 1644 868 1706 neque
886 1626 924 1688 ad
941 1625 1062 1705 aliquid
1082 1623 1189 1686 saecnli
1244 1623 1382 1705 propriis
1402 1623 1531 1704 corripi,
1547 1641 1566 1685 a
1584 1621 1649 1684 Deo
1669 1629 1799 1703 paterne
1820 1619 1972 1701 increpari,

442 1718 538 1800 bujus
553 1721 745 1784 afficiamur.
763 1723 907 1804 insuper,
923 1722 1118 1785 amatoribus
1133 1723 1190 1784 bu-

1244 1741 1262 1782 a
1285 1721 1424 1804 propriis
1449 1720 1617 1783 desideriis
1639 1719 1794 1792 cobiberi,
1818 1716 1973 1779 adversita·

437 1817 491 1897 jus
515 1818 637 1892 mundi,
656 1827 688 1882 et
709 1820 833 1881 cunctis
855 1819 1037 1892 mundanis
1059 1819 1190 1881 carnali·
1206 1821 1230 1884 B
1244 1819 1331 1882 tibus
1355 1828 1387 1881 et
1410 1817 1687 1901 persecutionibus
1714 1815 1856 1880 exerceri
1883 1833 1889 1876 :
1912 1814 1974 1876 binc

440 1913 511 1988 bus,
539 1915 730 1980 intimaretis
759 1916 956 1989 hominibus,
983 1917 1078 1980 latam
1103 1917 1187 1978 viam

440 2013 659 2094 pergentibus,
685 2034 724 2076 ex
754 2015 868 2077 intimo
894 2015 988 2077 corde
1018 2015 1190 2096 compatia-

441 2119 635 2193 manetque
658 2131 714 2194 pro
734 2113 812 2194 ipsis
832 2112 1065 2174 incessabiliter
1080 2115 1189 2194 depre-

440 2227 560 2270 cemur.
579 2209 688 2272 Omnis
704 2228 814 2272 eorum
836 2211 1028 2293 prosperitas
1048 2211 1140 2272 nobis
1157 2212 1188 2273 in

440 2325 592 2369 nauseam
618 2315 837 2388 convertatur3
862 2327 926 2390 qno
953 2309 1092 2391 amplius
1118 2327 1188 2390 pro-

440 2412 621 2486 sperantur,
643 2422 681 2467 eo
705 2425 723 2467 a
748 2405 840 2468 nobis
864 2405 1058 2468 infeliciores
1083 2406 1189 2468 existi·

440 2509 578 2564 mentor.
596 2503 822 2566 Verumtamen
844 2505 876 2566 in
899 2504 1083 2586 particulari
1106 2524 1124 2566 e
1145 2513 1188 2567 te·

441 2599 578 2664 merario
592 2620 761 2664 caveamus
778 2602 911 2683 judicio,
928 2622 1032 2684 neque
1053 2603 1190 2665 inaniter

1244 1919 1350 2000 potius
1379 1918 1535 1999 eligamus
1560 1916 1593 1979 in
1616 1917 1680 1979 vila
1709 1916 1768 1978 bac
1793 1914 1975 1996 prorostris

1243 2017 1422 2079 defectibus
1444 2024 1476 2078 et
1496 2015 1635 2097 peccatis
1657 2013 1800 2096 quotidie
1825 2013 1975 2094 repreben-

1244 2116 1288 2188 di,
1309 2114 1519 2196 disciplinari,
1541 2121 1573 2175 et
1595 2113 1655 2174 snb
1677 2111 1862 2174 obedientia
1884 2117 1975 2172 sancta

1244 2220 1337 2286 stare,
1366 2231 1461 2293 quam
1492 2211 1651 2292 impunite
1681 2227 1826 2291 peceare,
1857 2206 1974 2290 palpari,

1244 2309 1440 2372 dissimulari
1464 2317 1496 2371 et
1521 2309 1659 2391 propriis
1686 2306 1913 2370 affectionibus
1933 2305 1976 2367 de·

1245 2406 1395 2490 relinqui.
1416 2408 1440 2471 0
1463 2415 1580 2489 quanta
1604 2405 1758 2489 pericula,
1779 2391 1898 2487 quanta
1915 2423 1976 2484 sup

1246 2506 1347 2588 plicia
1368 2506 1455 2567 brevi
1480 2514 1513 2567 et
1538 2504 1600 2568 levi
1626 2504 1810 2586 purgatorio
1838 2504 1898 2566 isto
1918 2520 1977 2564 eva·

1245 2605 1380 2666 dimust
1411 2605 1569 2678 Quantum
1601 2603 1710 2683 gratiae
1744 2602 1977 2672 incrementum,

440 2697 626 2778 gloriemur,
642 2706 697 2760 ant
716 2699 755 2762 de
775 2699 914 2782 propriis
929 2700 1052 2762 viribus
1072 2719 1189 2782 praesu-
1244 2710 1400 2783 quantum
1419 2701 1527 2782 glorie
1547 2699 1713 2762 cumulum
1733 2719 1791 2782 per
1806 2699 1868 2762 boc
1887 2699 1978 2780 ipsum

442 2813 578 2870 mamus,
605 2796 695 2878 quasi
721 2797 782 2878 ipsi
805 2797 872 2877 jam
898 2798 976 2859 certi
999 2797 1111 2872 simus,
1136 2804 1191 2859 aut
1245 2807 1425 2864 meremur!
1443 2799 1510 2861 Non
1531 2817 1676 2862 amemus
1698 2816 1756 2861 nos
1779 2798 1867 2881 ipsos
1887 2814 1978 2859 amora

441 2901 558 2956 cuncta
576 2893 773 2962 evaserimus
793 2913 864 2976 quaa
884 2895 1092 2957 circumstant
1110 2896 1191 2978 peri·
1245 2899 1395 2978 maligno,
1413 2897 1527 2960 stolido
1547 2904 1579 2959 et
1597 2897 1731 2979 privato,
1748 2897 1803 2960 sed
1825 2914 1914 2979 puro,
1928 2895 1979 2976 spi-

294 3009 428 3061 rea-ana.
442 2992 524 3054 cula.
552 2993 670 3056 Verum
697 2993 752 3075 qui
783 3000 855 3068 stat,
881 2993 986 3055 videat
1013 3013 1052 3056 ne
1080 2995 1189 3073 cadat3
1207 2993 1228 3056 C
1245 2996 1363 3070 rituali,
1380 2996 1500 3069 divino,
1512 3003 1547 3056 ut
1561 2994 1801 3076 nobismetipsis
1819 2993 1977 3061 mortuiis

294 3107 429 3159 ruamur.
442 3099 475 3154 et
496 3090 548 3152 cui
572 3091 645 3172 plus
668 3092 778 3156 datum
804 3100 864 3165 est,
885 3092 940 3174 qui
964 3092 1002 3154 ad
1024 3092 1136 3154 altiora
1157 3112 1191 3154 se
1245 3094 1332 3157 omni
1353 3094 1582 3175 increpatione,
1599 3095 1835 3175 aspernatione,
1853 3091 1979 3154 bumilia-

442 3188 607 3270 obligavit,
623 3190 678 3271 qui
703 3189 768 3253 Deo
791 3190 940 3271 promisit
964 3209 1088 3271 magna,
1105 3209 1193 3273 pror·
1245 3194 1342 3265 tione,
1359 3191 1629 3274 disciplinatione,
1646 3191 1736 3273 quasi
1758 3191 1790 3252 in
1808 3177 1930 3254 cunetis
1944 3188 1980 3250 di·

444 3307 498 3349 sus
522 3286 678 3349 sollicitus
700 3288 741 3350 sit
762 3307 801 3350 ne
822 3289 1004 3351 inveniatur
1027 3289 1191 3370 negligens
1245 3291 1333 3353 vitiis
1356 3289 1545 3370 gloriemnr3
1570 3298 1603 3351 et
1626 3287 1873 3369 vigilantissime
1895 3286 1980 3350 consi·

444 3394 499 3448 aut
530 3386 684 3466 ingratus,
716 3405 754 3449 eo
786 3387 871 3468 quod
905 3387 978 3468 plus
1012 3387 1193 3469 requiretur
1246 3387 1395 3447 daremus
1420 3393 1575 3467 quantum
1604 3384 1691 3446 omni
1718 3385 1796 3447 bora
1826 3401 1980 3467 possumus

296 3502 431 3556 neena.
443 3483 484 3546 ab
506 3501 555 3556 eo,
572 3491 604 3545 et
623 3484 687 3546 Deo
708 3484 877 3566 displiceat
899 3484 1040 3546 infidelis
1061 3485 1193 3566 promis·
1247 3485 1279 3546 in
1296 3485 1425 3558 virtute,
1443 3484 1526 3546 dono
1543 3491 1574 3545 et
1587 3483 1688 3564 gratia
1707 3501 1853 3546 erescere
1873 3489 1924 3544 aut
1939 3479 1981 3542 fir·

444 3584 502 3645 sio.
534 3585 601 3645 lmo
629 3584 768 3645 sciamus
798 3585 881 3664 qnod
911 3584 995 3645 sicut
1023 3601 1192 3664 pravorum
1248 3583 1338 3656 meri,
1362 3601 1458 3664 quam
1483 3580 1692 3644 ineffabiliter
1716 3581 1748 3642 in
1774 3588 1900 3644 aeternae
1922 3579 1981 3640 bea·

445 3681 608 3743 damnatio
623 3680 1130 3755 Christianorum,damnationem
1145 3699 1194 3744 ex·
1246 3681 1393 3743 titudinis
1418 3681 1550 3762 praemio
1574 3680 1733 3762 ampliari,
1754 3687 1786 3742 et
1809 3687 1904 3742 tantae
1926 3677 1982 3740 feli·

445 3779 531 3842 cedit
550 3778 788 3840 incredulorum
808 3787 904 3860 atque
923 3779 1082 3861 supplicia
1102 3799 1193 3861 paga·
1247 3781 1351 3843 citatis
1367 3779 1541 3861 promereri
1557 3787 1774 3860 angmentum.
1787 3779 1878 3842 Certe
1893 3777 1981 3840 omnis

444 3895 583 3957 norum3
603 3879 649 3940 sic
669 3877 918 3959 negligentibus,
937 3879 1130 3954 carnalibus
1153 3880 1193 3940 ir·
1246 3880 1286 3942 ad
1311 3879 1410 3940 Deum
1435 3878 1599 3940 caritativa
1622 3876 1763 3952 affectio,
1785 3877 1892 3941 omnis
1913 3874 1981 3938 actio

445 3976 625 4040 reformatis
654 3977 811 4058 religiosis
840 3976 1071 4040 intolerabilior
1100 3977 1194 4040 instat
1248 3996 1286 4040 ex
1306 3977 1435 4039 caritate
1455 3976 1641 4058 procedens,
1658 3983 1784 4039 aeternae
1802 3975 1910 4056 gloria
1928 3991 1981 4034 ma-

444 4075 609 4139 calamltas
644 4075 821 4148 infernalis,
856 4094 952 4157 quam
988 4076 1194 4138 saecularibus
1248 4074 1358 4137 ritoria
1386 4082 1443 4136 est.
1470 4073 1592 4136 ldcirco
1620 4090 1683 4135 non
1708 4080 1904 4155 torpeamus,
1928 4088 1978 4132 non

444 4173 633 4238 Christianis
658 4173 788 4256 iniquis.
816 4174 911 4238 Porro
933 4173 1036 4255 iniqui
1060 4181 1092 4236 et
1113 4175 1194 4257 peri·
1209 4172 1233 4233 D
1248 4172 1429 4253 fatigemur,
1446 4172 1501 4234 sed
1518 4171 1674 4254 quidquid
1690 4179 1795 4254 potest
1809 4189 1921 4233 manus
1936 4185 1979 4242 no·
1999 4179 2063 4224 tet-²

444 4274 552 4337 cnlose
568 4273 835 4356 prosperitatibus
850 4273 963 4335 mundi
979 4272 1148 4354 pollentes
1161 4274 1193 4335 in
1248 4280 1312 4333 stra
1338 4269 1567 4332 instantissime
1591 4287 1777 4351 operemnr;
1793 4269 1933 4352 quotidie
1953 4267 1979 4328 in
1992 4251 2014 4291 '⁰'

402 4437 404 4442 ,
443 4379 598 4452 quantum
613 4371 996 4453 hujusmodi‚suntavir0
1009 4371 1095 4450 iusto
1109 4390 1195 4453 sper·
1248 4377 1356 4432 saneto
1378 4369 1517 4430 caritatis
1540 4367 1665 4431 fervore
1684 4377 1716 4430 et
1736 4368 1909 4450 diligentie
1928 4375 1981 4428 stu·

305 4468 552 4541 rs.1=v,r.nendi,
567 4468 657 4548 juxta
677 4467 756 4530 illud
776 4467 949 4530 Psalmistae
963 4487 971 4530 :
986 4468 1034 4529 nd
1054 4467 1192 4530 nihilum
1247 4468 1311 4542 di0,
1327 4475 1422 4550 atque
1440 4467 1472 4528 in
1490 4467 1577 4529 omni
1598 4467 1715 4529 mentis
1734 4468 1880 4530 custodia
1898 4463 1980 4548 perfi-

442 4565 598 4627 deductns
617 4572 666 4627 est
685 4565 717 4627 in
739 4573 912 4648 conspectu
931 4565 1002 4646 ejus
1023 4565 1190 4647 malignus.
1247 4568 1378 4629 ciamur.
1396 4565 1464 4627 Non
1479 4583 1641 4628 cessemus
1655 4565 1828 4647 suspirare,
1845 4565 1929 4638 ferri,
1943 4581 1981 4622 as-

442 4663 671 4725 Verumtamen
686 4663 826 4744 sapienS,
842 4664 882 4726 de
899 4663 1040 4738 incertis,
1056 4665 1192 4726 occultis
1247 4663 1519 4738 candere,elevari
1534 4663 1572 4726 ad
1589 4663 1700 4738 Deum,
1710 4665 1766 4726 sed
1782 4662 1980 4734 uberrimaet

442 4770 473 4823 et
488 4760 596 4824 dubiis
618 4759 819 4824 definitivam
840 4780 903 4824 non
926 4762 1048 4845 profert
1066 4771 1193 4825 senten·
1246 4771 1402 4846 qnantum
1418 4761 1489 4824 fieri
1505 4762 1599 4836 valet,
1612 4762 1831 4825 indesinenter
1846 4762 1980 4824 uniamus

441 4859 530 4933 tiam,
551 4877 610 4922 nec
631 4859 800 4922 temerarie
821 4861 917 4922 audet
937 4862 1122 4942 qnempiam
1143 4863 1191 4943 ju·
1245 4861 1412 4924 actualiter
1427 4869 1567 4923 mentem
1584 4867 1724 4923 nostram
1740 4880 1814 4923 cum
1831 4861 1910 4944 ipso,
1927 4878 1979 4920 me·

295 4959 548 5026 remendicare
573 4977 582 5021 :
608 4957 682 5039 quis
707 4957 794 5019 enim
824 4958 885 5020 scit
910 4958 988 5040 quid
1016 4965 1128 5039 agatur
1158 4960 1190 5022 in
1245 4961 1385 5034 ditando,
1398 4959 1526 5034 orando,
1536 4959 1736 5041 suspirando,
1746 4959 1981 5041 psallendo,stn-

441 5055 596 5119 bominel
621 5054 888 5128 armemanensis
911 5075 929 5118 a
953 5054 1046 5118 nobis
1069 5056 1190 5140 aliquid
1245 5059 1360 5131 dendo,
1377 5077 1433 5120 seu
1452 5057 1525 5120 aliis
1547 5057 1662 5130 modis,
1679 5065 1837 5140 qnatenus
1857 5055 1980 5120 carnalia

441 5173 515 5217 cum
546 5154 607 5216 boc
639 5153 761 5216 mundo
792 5154 910 5216 babere
938 5172 1120 5230 commune,
1150 5176 1190 5219 ne
1244 5156 1753 5220 cunctaoblectamcntaetvana
1772 5156 1883 5219 solatia
1901 5153 1979 5216 nobis

440 5252 622 5338 cujuspiam
646 5260 786 5316 mentem
806 5252 965 5316 subintret
983 5253 1116 5318 ambitio
1135 5265 1189 5320 aut
1242 5256 1401 5340 desipiant
1420 5263 1452 5316 et
1475 5255 1506 5316 in
1530 5254 1659 5318 taedium
1681 5262 1915 5328 convertantur,
1930 5268 1978 5312 nec
