4192 6258
345 484 494 534 notiores
514 485 567 532 xlx
588 485 661 532 POST
681 485 875 532 mthtrasstt.
896 503 935 516 -·
956 485 998 532 ho
1018 485 1212 550 usitatosos;
1235 487 1333 534 senno
1353 486 1490 544 QUARTUS
1631 468 1692 534 535

140 661 176 718 et
199 653 337 719 abscidit
364 656 457 739 plura
485 656 581 738 ligna,
606 674 643 718 ac
667 653 783 739 sapius
806 656 894 719 auxit
907 655 933 720 Α
947 656 1115 739 templum.
1135 657 1303 740 Quumque
1327 657 1461 720 eremita
1484 656 1692 739 interrogaret

140 771 224 816 eam.
252 754 373 817 Deinde
400 755 533 836 angelus
562 772 675 838 parurn
704 756 891 838 procedens,
947 755 1095 838 angelum
1120 756 1283 838 quidiste
1310 755 1540 838 significarent,
1565 773 1694 839 respon·

138 853 280 915 ostendit
294 859 404 916 sancto
418 852 560 916 eremita
576 853 733 916 hominem
749 852 894 915 haurien-
947 853 1009 918 dit:
1019 855 1077 917 Per
1089 855 1166 918 istos
1179 861 1355 938 equestres,
1363 854 1569 936 designantur
1584 873 1693 937 super-

137 957 207 1014 tem
228 969 344 1032 aquam
363 969 401 1013 ex
421 957 519 1034 puteo
533 957 565 1013 et
580 949 801 1014 effundentem
821 969 892 1012 eam
947 952 980 1015 bi
995 971 1133 1036 quorum
1150 973 1233 1016 unus
1248 970 1312 1017 non
1326 953 1396 1015 vult
1410 971 1444 1016 se
1458 953 1549 1016 alteri
1566 953 1694 1015 humili-

139 1051 175 1112 in
199 1049 371 1113 cisternam
401 1057 576 1132 pertusam,
601 1068 673 1132 quae
702 1049 893 1112 refundebat
946 1069 1010 1126 are,
1028 1051 1099 1114 ideo
1115 1059 1282 1114 remanent
1296 1059 1384 1114 entra
1403 1069 1536 1132 regnum
1552 1049 1618 1114 llei.
1635 1050 1693 1113 Per

137 1167 257 1230 aquam
282 1148 369 1211 illam
395 1148 428 1210 in
450 1155 594 1231 puteum.
611 1148 730 1210 lterum
752 1147 834 1211 dixit
852 1149 891 1211 ad
946 1168 1020 1212 eum
1035 1167 1112 1212 vero
1127 1149 1183 1231 qui
1199 1149 1356 1212 sarcinam
1373 1148 1448 1211 fecit
1463 1148 1502 1210 de
1522 1147 1628 1230 lignis,
1645 1148 1692 1210 in-

137 1247 308 1309 eremitam
326 1264 333 1309 :
349 1246 441 1321 Veni,
457 1247 622 1310 ostendam
646 1246 704 1309 tibi
723 1246 820 1310 aliud.
838 1247 892 1310 Os·
945 1248 1133 1330 telliguntur
1148 1248 1181 1310 hi
1197 1247 1252 1330 qui
1268 1248 1301 1309 in
1315 1245 1424 1310 multis
1436 1254 1469 1309 et
1481 1247 1604 1327 magnis
1618 1265 1691 1329 pec·

139 1345 307 1428 tenditque
322 1345 354 1409 ei
368 1345 527 1428 templum
548 1353 579 1408 et
595 1347 676 1409 duos
690 1345 775 1408 viros
794 1364 890 1428 eque·
946 1347 1024 1409 eatis
1039 1353 1123 1420 sunt,
1135 1354 1230 1428 atque
1246 1363 1303 1428 pro
1317 1361 1356 1408 eo
1370 1345 1456 1427 quod
1470 1344 1691 1427 poenitentiam

138 1451 222 1507 stres
247 1444 370 1526 lignum
395 1463 436 1507 ex
456 1452 637 1508 transverso
658 1451 838 1527 portantes3
859 1452 891 1508 et
944 1452 1074 1526 agerent
1094 1453 1127 1508 et
1143 1452 1272 1528 peccata
1291 1463 1348 1507 sua
1367 1443 1559 1518 minuerent,
1576 1452 1693 1525 augent

138 1543 292 1606 volebant
305 1561 363 1625 per
375 1543 507 1625 januam
522 1543 681 1626 templum
697 1544 823 1618 intrare,
831 1563 890 1608 nee
944 1563 990 1606 ea.
1000 1545 1094 1607 Porro
1109 1562 1166 1626 per
1180 1542 1379 1605 haurientem
1395 1541 1694 1625 aquam,signautur

138 1648 289 1723 poterant
308 1649 438 1724 propter
458 1641 581 1723 lignum
601 1642 680 1704 illud
696 1641 781 1724 quod
797 1642 890 1704 vebe-
944 1643 999 1724 qui
1015 1641 1098 1706 bona
1112 1660 1208 1724 opera
1223 1640 1382 1716 efficiunt,
1394 1642 1449 1704 sed
1465 1648 1595 1723 propter
1611 1641 1693 1704 mala

137 1740 216 1803 bant
231 1747 447 1804 transversum
464 1741 531 1804 sive
547 1760 604 1823 per
620 1741 766 1822 longum;
779 1748 811 1803 et
825 1758 888 1804 non
943 1741 1083 1803 admixta
1102 1741 1166 1803 Deo
1185 1757 1249 1803 non
1269 1740 1405 1822 placent.
1426 1740 1547 1802 ldcirco
1567 1747 1692 1822 oportet

137 1840 333 1902 inclinantes
353 1859 386 1903 se
406 1859 489 1902 unus
509 1847 581 1922 pest
600 1839 699 1902 alium
720 1848 755 1902 ut
770 1839 889 1902 ferrent
905 1838 1105 1902 Bhominem
1122 1857 1191 1902 esse
1206 1845 1336 1901 acutum
1351 1857 1389 1901 ac
1404 1837 1548 1902 sobrium
1568 1838 1601 1900 in
1617 1855 1690 1900 eon-

138 1938 264 2020 lignum
280 1937 360 2000 illud
375 1938 544 2014 directum,
561 1944 784 2001 remanserunt
798 1945 887 2001 extra
942 1937 1118 2001 siderandis
1130 1937 1283 2021 operibus
1296 1937 1417 2012 suisne
1428 1936 1547 2000 frustra
1559 1935 1687 2000 laboret.

586 2293 700 2374 AD
748 2291 1249 2377 RELIGIOSOS

811 2497 1009 2510 *a*

688 2717 863 2804 SERMO
897 2716 1140 2820 QUARTUS

133 2959 174 3004 ott
193 2955 411 3004 nsuovhrrottn
427 2955 576 3001 senstutvt
593 2955 757 3001 soresmos
780 2955 1017 3011 ceruhouurtoun
1034 2956 1191 3002 unutruust
1210 2955 1414 3003 turumbertus
1433 2957 1470 3002 ΕΤ
1488 2957 1688 3004 vonunrarett

436 3051 682 3110 rnhsrotnrvrtutt,
703 3053 740 3098 UT
761 3053 937 3108 oureusuhrt
956 3055 1036 3100 Attis
1058 3053 1253 3101 onrtsusltrts
1275 3054 1391 3100 nutum.

208 3317 301 3379 ENO
310 3313 477 3376 VAMINI
487 3312 611 3388 spiritu
626 3313 744 3372 mentis
759 3321 884 3383 nestrae,
900 3310 921 3373 (l
939 3330 1053 3374 vamur
1069 3311 1222 3394 quotidie,
1240 3311 1304 3374 imo
1323 3312 1412 3374 omni
1432 3312 1519 3386 hora,
1537 3335 1554 3372 n
1570 3312 1685 3395 spiritu

221 3422 252 3474 et
276 3413 406 3472 induite
427 3431 546 3472 novum
568 3412 742 3482 hominem,
759 3412 819 3490 qui
839 3431 884 3470 se·
940 3410 1056 3472 mentis
1068 3433 1084 3468 u
1097 3410 1380 3484 nostrae,videlicet
1395 3410 1428 3472 in
1444 3411 1602 3492 superiori
1617 3431 1686 3493 par·

132 3506 881 3590 eundumDecmcreatusest.Uphes.1v,23,2l.
939 3515 970 3570 te
993 3509 1108 3572 auimae
1132 3515 1257 3582 nostrae,
1283 3509 1316 3571 in
1341 3509 1425 3572 dono
1449 3509 1624 3591 sapientias,
1651 3510 1684 3572 in

174 3610 290 3672 Anima
311 3608 485 3681 rationalis,
501 3613 656 3689 quantum
673 3606 712 3668 ad
728 3605 885 3669 naturalia
939 3606 1068 3668 salutari
1091 3606 1235 3680 scientia,
1261 3607 1293 3668 in
1318 3625 1393 3668 vera
1414 3605 1615 3683 discretione,
1637 3627 1685 3670 ee·

131 3729 202 3782 sua,
228 3708 268 3771 ad
293 3725 426 3770 summa
451 3705 614 3768 Trinitatis
639 3704 810 3784 imaginem
835 3713 884 3767 est
938 3704 1078 3787 terisque
1095 3703 1258 3767 habitibus
1278 3703 1476 3766 intellectum
1493 3705 1685 3787 perficienti·

131 3813 250 3869 creata.
278 3805 338 3868 Sed
364 3804 417 3866 illa
447 3802 600 3866 naturalis
624 3821 681 3864 sua
705 3802 883 3865 similitudo
937 3801 997 3864 bus
1013 3802 1222 3884 proficiendo,
1240 3810 1275 3864 ut
1290 3803 1336 3865 sie
1351 3803 1401 3866 vis
1416 3803 1612 3866 intellectiva
1626 3823 1682 3868 seu

130 3925 207 3968 cum
233 3903 390 3976 creatore,
417 3903 512 3976 nuda,
539 3899 686 3963 informis
711 3907 742 3962 et
766 3901 882 3982 imper·
938 3900 1018 3962 ratio
1043 3908 1150 3962 nostra
1173 3907 1354 3974 renovetur,
1376 3908 1506 3964 ornetur
1525 3919 1561 3964 ae
1586 3901 1682 3984 perfi-

128 4004 216 4066 feeta
231 4001 387 4066 consistit.
404 4001 461 4063 Per
476 4009 606 4082 peccata
620 4005 726 4061 autem
743 4017 883 4062 corrum-
938 3999 1057 4078 ciatur3
1078 4009 1111 4062 et
1132 4000 1334 4082 potissimum
1356 4001 1389 4062 in
1414 4002 1682 4083 contemplatione

130 4102 221 4184 pitur
236 4107 268 4162 et
283 4099 431 4172 foedatur,
448 4117 511 4160 non
532 4105 637 4159 tamen
659 4097 786 4179 penitus
802 4097 883 4160 tolli·
937 4097 1084 4181 licique
1100 4107 1147 4161 est
1162 4106 1250 4160 aetus
1265 4099 1338 4161 doni
1355 4099 1529 4181 sapientia,
1541 4118 1683 4164 erescere

130 4209 201 4279 tur;
219 4199 275 4262 sed
296 4217 353 4280 per
367 4197 449 4259 dona
467 4197 575 4278 gratim
595 4203 720 4277 gratum
736 4195 882 4258 facientis
937 4197 1025 4258 omni
1041 4197 1092 4259 die
1108 4215 1271 4270 conemur,
1280 4205 1375 4278 atque
1390 4198 1428 4259 ad
1444 4205 1508 4261 tam
1523 4197 1683 4262 salubrem

132 4298 283 4361 reficitur
306 4315 343 4358 ae
368 4295 545 4378 perficitur.
572 4295 752 4358 Renovatur
774 4302 881 4357 autem
938 4293 1196 4377 profectum,per
1210 4295 1367 4358 orationes
1382 4303 1414 4357 et
1428 4295 1597 4360 dominica
1612 4317 1682 4378 pas-

132 4415 199 4458 uon
216 4394 320 4458 solum
342 4394 375 4456 in
396 4393 556 4456 infusione
572 4393 798 4456 charismatum
816 4412 883 4475 gra·
937 4393 1035 4456 sionis
1055 4393 1245 4455 affectuosas
1266 4393 1486 4457 meditationes
1504 4412 1561 4457 nos
1577 4395 1681 4477 dispo·

132 4494 198 4566 tiae,
229 4492 286 4556 sed
314 4491 410 4555 etiarn
440 4510 497 4574 per
524 4490 632 4572 gratim
661 4511 698 4553 ac
726 4492 881 4553 virtutum
897 4489 921 4550 U
937 4511 1059 4554 namus.
1076 4493 1209 4573 lnsuper
1223 4509 1413 4554 renovemur
1428 4492 1459 4552 in
1477 4493 1634 4574 superiori
1649 4494 1681 4557 vi

132 4591 327 4674 profectum,
348 4609 405 4672 per
424 4590 579 4652 donorum
601 4596 632 4652 et
651 4589 815 4652 fructuum
835 4590 882 4650 in·
937 4589 1121 4672 appetitiva,
1148 4589 1271 4652 scilicet
1295 4589 1468 4665 voluntate,
1494 4590 1527 4653 in
1552 4592 1682 4654 caritate
1787 4631 1790 4638 ·

132 4697 355 4768 crementum3
371 4695 403 4750 et
421 4696 540 4770 quanto
555 4688 587 4750 in
608 4687 672 4750 illis
692 4687 792 4768 magis
812 4705 883 4770 pro·
937 4687 992 4750 Uei
1018 4695 1050 4749 et
1071 4687 1220 4770 proximi,
1242 4688 1274 4750 in
1299 4706 1373 4750 vera
1396 4689 1531 4769 justitia,
1552 4690 1681 4772 pietate,

130 4789 278 4862 ficimus,
293 4794 382 4850 tanto
402 4786 612 4869 spiritualiter
630 4787 823 4849 recentiores
838 4786 882 4848 ef·
937 4785 1136 4859 fortitudine,
1153 4785 1246 4848 filiali
1261 4787 1387 4861 timore,
1405 4806 1462 4869 spe
1478 4795 1681 4864 aeternorum,

131 4887 275 4949 finimur.
292 4886 366 4949 ldeo
388 4905 488 4968 quum
510 4885 665 4967 Propheta
690 4885 822 4967 loquens
844 4886 883 4948 de
937 4904 974 4947 ac
990 4885 1104 4948 ceteris
1124 4884 1286 4947 habitibus
1304 4884 1498 4949 voluntatem
1514 4886 1684 4968 perfinien-

14 5001 80 5050 aa„
104 5034 109 5043 .
132 4986 200 5048 Deo
229 4985 363 5048 dixisset
390 4985 504 5047 animae
529 5003 606 5059 suas,
632 4985 691 5059 oui
720 4983 822 5067 replet
850 4985 883 5046 in
937 4982 1024 5046 tibus
1041 4983 1285 5046 concrescendo.
1297 4983 1486 5046 Studeamus
1502 5001 1629 5066 quoque
1644 4985 1683 5047 ad

134 5084 230 5147 bonis
245 5082 440 5146 desiderium
456 5091 560 5158 tuum,
578 5101 651 5146 mox
666 5083 787 5145 addidit
804 5102 811 5146 :
828 5083 884 5144 lle-
937 5082 1008 5156 hoo,
1026 5090 1061 5143 ut
1077 5081 1230 5143 memoria
1249 5088 1356 5143 nostra
1375 5081 1553 5144 stabiliatur
1572 5083 1680 5144 iubis.

133 5181 309 5246 novabitur
328 5187 362 5242 nt
380 5180 495 5263 aquilae
514 5181 665 5262 juventus
686 5188 747 5243 tua.
938 5181 1025 5243 Tunc
1042 5180 1073 5241 in
1094 5180 1202 5242 anima
1220 5187 1327 5242 nostra
1342 5179 1397 5241 Uei
1418 5179 1522 5259 imago
1540 5180 1682 5261 speciose

176 5281 297 5363 ltaque,
313 5278 403 5360 juxta
424 5280 601 5342 doctrinam
622 5279 775 5362 Apostoli,
794 5297 883 5342 reno·
940 5278 1132 5362 splendebit,
1149 5279 1272 5359 eritque
1293 5277 1416 5359 Sponso
1435 5277 1555 5341 coelesti
1576 5279 1683 5342 anima
