4192 6258
466 529 612 578 nouimus
633 531 687 578 ιιιιι
708 532 781 579 rosr
801 531 995 579 ιιιιιιιτιιιιιι.
1016 550 1054 562 -
1076 532 1174 580 sauro
1195 531 1348 581 saturnus
1622 511 1680 578 531

128 699 217 762 illius
240 707 385 782 spectant
403 699 551 764 ollicium
574 720 581 764 :
602 700 722 784 alioqui
743 719 807 764 non
832 703 919 767 sod
937 701 1041 778 ditari,
1067 702 1211 766 deliciari
1239 721 1276 765 ac
1304 700 1465 777 honorari,
1496 700 1530 763 in
1557 706 1682 765 aetemae

128 796 197 860 lum
217 799 359 881 praelato,
376 800 432 862 sed
450 805 482 862 ot
497 797 622 862 Christo
637 805 721 862 esset
738 799 877 862 rebellis.
935 800 1148 864 damnationis
1178 801 1336 884 prolunda
1365 799 1526 874 labuntur,
1557 798 1681 863 Christo

128 895 297 978 Siquidem
322 897 466 961 Christus
491 897 558 960 suis
582 897 627 959 ait
647 896 786 970 vicariis,
804 905 880 979 puta
934 905 1070 962 testante
1084 899 1139 983 qui
1161 899 1301 983 loquitur
1318 918 1324 962 :
1341 901 1394 963 Vae
1408 898 1500 962 vobis
1514 896 1679 972 divitibus,
1693 923 1747 969 tuo.
1755 938 1785 978 vt,
1793 929 1827 980 ιι,

10 1017 70 1063 cns.
81 1017 112 1058 n.
127 995 268 1077 prelatis
286 1015 293 1060 ι
311 995 370 1069 Qui
391 1012 447 1059 vos
466 995 565 1069 audit,
582 1012 634 1056 me
653 995 756 1074 audit3
773 1002 804 1057 et
823 996 878 1078 qui
935 998 990 1079 qui
1005 997 1129 1061 habetis
1145 999 1394 1062 consolationem
1410 1004 1559 1072 vestram,
1566 1015 1613 1060 ιω
1628 1013 1680 1060 vo·
1694 988 1728 1031 ²⁵·

127 1111 185 1156 vos
211 1094 344 1176 speruit,
372 1113 422 1157 mc
453 1093 582 1176 spernit
610 1093 698 1166 Quod
722 1101 877 1175 quantum
934 1096 984 1159 bis
1009 1095 1064 1180 qui
1089 1097 1215 1177 ridetis;
1241 1104 1273 1160 et
1297 1097 1424 1171 iterum,
1441 1096 1604 1170 Quomodo
1624 1113 1678 1178 po-
1691 1121 1788 1166 rom,
1789 1124 1829 1174 n,

10 1204 65 1246 aba
72 1191 298 1274 uadispliceat
318 1192 394 1266 Deo,
415 1192 491 1254 hinc
514 1191 694 1266 innotescit,
716 1192 801 1273 qnod
822 1192 879 1255 Da·
933 1195 1023 1258 testis
1049 1196 1178 1258 credere
1197 1196 1335 1277 (scilicet
1355 1196 1420 1258 lide
1443 1195 1602 1275 formata),
1623 1195 1679 1278 qui

13 1271 60 1310 ω
40 1280 81 1323 ⁵⁶4
127 1289 205 1352 than
230 1297 262 1351 ot
284 1289 416 1366 Abiron,
442 1289 519 1353 Coie
545 1295 578 1351 el
602 1288 681 1362 Hon,
704 1285 802 1370 Moysi
831 1303 879 1346 re·
933 1292 1066 1374 gloriam
1086 1293 1155 1356 ab
1147 1295 1285 1357 mvicem
1306 1293 1479 1375 accipitis?

127 1387 242 1462 belles,
258 1395 343 1451 terra
369 1389 459 1452 vivos
480 1386 655 1450 absorbuit.
673 1385 813 1461 Quilibet
832 1403 879 1446 er·
972 1391 1106 1474 Insuper
1136 1411 1222 1456 nunc
1247 1393 1429 1466 dicendum,
1455 1409 1513 1454 cur
1542 1392 1680 1454 mundus

126 1505 168 1569 go
184 1487 383 1551 Christianus
403 1487 573 1568 diligenter
592 1485 762 1549 observare
782 1481 877 1546 debet
933 1487 992 1550 iste
1008 1497 1139 1553 vocetur
1160 1509 1255 1554 mare.
1274 1491 1372 1573 Cujus
1394 1489 1502 1553 multae
1519 1497 1594 1552 sunt
1608 1509 1680 1552 cau·

126 1593 289 1669 praccepta
305 1585 466 1659 Ecclesia,
482 1585 669 1667 jejunando,
686 1582 874 1655 lestivando,
932 1605 983 1650 sae.
1008 1587 1123 1664 Prima,
1147 1590 1299 1672 quoniam
1322 1590 1406 1652 sicut
1427 1589 1460 1651 in
1484 1588 1565 1650 mari
1588 1588 1681 1650 multi

126 1684 271 1747 decimas
286 1684 554 1767 persolvendo,ac
569 1683 631 1746 alia
646 1682 729 1746 bona
743 1681 875 1762 agendo,
932 1687 1166 1768 periclitantur,
1192 1689 1235 1752 ita
1264 1688 1481 1771 quamplures,
1508 1688 1584 1763 imo,
1609 1706 1681 1770 pro·

125 1784 322 1865 vitandoque
345 1782 437 1858 mala,
455 1791 550 1865 prout
569 1781 661 1864 jubet
682 1780 833 1845 Ecclesia.
932 1785 1187 1867 portionabiliter
1203 1786 1471 1870 loquendo,valdc
1486 1785 1682 1868 plures‚per-

165 1881 272 1956 Sexto,
290 1882 365 1963 quia
383 1881 467 1943 sicut
484 1881 517 1942 in
538 1879 674 1944 navibus
694 1897 791 1962 super
810 1895 875 1939 ma·
893 1881 917 1943 B
932 1891 1010 1946 eunt
1027 1885 1060 1946 in
1082 1884 1142 1948 hoc
1164 1885 1295 1959 mundo,
1311 1892 1343 1948 et
1363 1885 1396 1947 in
1417 1892 1573 1948 aetcrnum
1595 1885 1681 1947 dam-

124 1999 189 2061 gna
209 1980 310 2042 maria
323 1979 564 2043 transeuntibus
585 1987 659 2042 suut
676 1978 822 2042 homines
842 1975 875 2038 in
932 1981 1001 2043 nari
1025 1991 1198 2045 merentur.
1223 1983 1302 2046 Nam
1328 1982 1422 2046 multi
1446 1982 1561 2055 vocati,
1585 1981 1679 2064 pauci
1693 2007 1827 2060 nariam

123 2095 242 2160 magno
263 2079 377 2142 timore
399 2086 495 2161 atque
518 2078 662 2141 custodia
681 2083 812 2159 propter
830 2073 877 2138 di·
932 2097 1008 2143 vero
1024 2080 1127 2144 electi.
1146 2081 1302 2156 Secunda,
1319 2081 1471 2164 quoniam
1492 2081 1575 2143 sicut
1592 2100 1678 2144 mare
1694 2075 1827 2125 ¹⁶³¹¹¹¹¹¹⁴·

123 2195 219 2239 versa
241 2177 337 2239 maris
360 2175 513 2259 pericula,
530 2177 578 2239 sic
600 2177 632 2238 in
658 2174 800 2238 Ecclesia
824 2173 876 2235 de·
932 2179 1068 2243 diversis
1101 2179 1359 2263 tempestatibus,
1390 2179 1678 2263 inquietudinibus

124 2275 204 2338 bent
233 2275 373 2339 universi
406 2275 519 2338 lidelcs
549 2293 618 2338 esse
647 2273 799 2348 timorati,
825 2291 877 2334 cu·
934 2277 1197 2342 inundationibus
1222 2279 1354 2362 plenum
1377 2287 1435 2355 est,
1460 2279 1506 2341 sic
1528 2278 1680 2342 saeculnm

125 2374 236 2437 stoditi
257 2381 352 2456 alque
372 2373 501 2438 solliciti
524 2391 631 2436 coram
651 2373 723 2445 Deo,
740 2391 780 2434 ne
802 2389 876 2434 eum
934 2377 1027 2452 istud,
1044 2396 1100 2440 seu
1121 2378 1267 2441 homines
1288 2379 1389 2461 pravi,
1406 2377 1587 2441 carnalibus
1602 2377 1683 2440 desi·

123 2471 304 2548 olleudant,
328 2491 368 2536 ue
392 2472 585 2536 eternaliter
608 2479 749 2555 percant.
777 2470 809 2534 Si
833 2476 877 2532 et·
933 2473 1031 2538 deriis
1045 2476 1502 2560 tumultuantur,passi0nibus
1517 2476 1682 2558 agitantur,

125 2571 216 2634 enim
237 2572 422 2654 navigantes
437 2571 472 2634 iu
493 2589 608 2654 magno
624 2578 749 2634 exstant
764 2570 878 2633 timore
934 2592 994 2637 uec
1019 2574 1052 2636 in
1078 2574 1154 2649 Deo,
1176 2594 1280 2657 neque
1307 2576 1339 2638 in
1364 2575 1498 2650 ratione,
1520 2593 1624 2657 neque
1650 2574 1683 2636 in

124 2687 163 2732 ac
185 2671 330 2734 custodia
348 2687 406 2753 pro
425 2669 594 2753 temporali
610 2669 676 2732 vita
696 2676 727 2732 et
746 2668 879 2732 exterio·
934 2671 1092 2734 virtutum
1115 2672 1223 2735 medio
1244 2671 1460 2748 stabiliuntur,
1482 2672 1538 2736 scd
1560 2672 1598 2734 de
1621 2688 1685 2734 uno

125 2769 152 2831 ri
180 2768 358 2832 substantia
382 2769 609 2844 conservanda,
634 2775 753 2851 quanto
777 2765 878 2848 magis
935 2778 1066 2852 peccato
1082 2778 1180 2833 ruunt
1199 2771 1232 2832 in
1252 2769 1348 2832 aliud.
1366 2769 1447 2832 Hinc
1463 2769 1548 2852 apud
1563 2768 1621 2832 Job
1640 2769 1686 2832 di-

125 2867 300 2932 Christiani
330 2868 363 2930 in
392 2868 452 2931 boc
482 2867 599 2931 saeculo
628 2867 877 2950 peregrinantes,
936 2869 1019 2931 citur
1036 2888 1043 2933 :
1061 2869 1092 2931 Si
1113 2869 1314 2951 iniquitatem
1336 2868 1508 2932 abstuleris
1526 2887 1545 2930 a
1565 2876 1607 2943 te,
1624 2875 1686 2930 sta-
1713 2893 1789 2946 1001„
1799 2896 1832 2946 n,

125 2966 248 3030 debent
267 2985 392 3028 summe
413 2985 483 3030 esse
498 2966 639 3029 timorati
659 2985 696 3028 ac
716 2963 877 3038 custoditi,
936 2967 1012 3031 bilis
1027 2967 1100 3030 eris.
1118 2967 1233 3043 Tertia,
1249 2967 1401 3049 quoniam
1422 2967 1506 3030 sicut
1519 2985 1602 3049 aqua
1620 2985 1684 3029 ma·
1700 2961 1734 3002 ¹⁵·

124 3084 169 3128 ne
185 3064 385 3148 spiritualem
401 3072 538 3129 mortem
553 3066 732 3128 animarum
748 3068 916 3133 suarumll
937 3067 981 3130 ris
1004 3085 1111 3130 amara
1135 3075 1168 3130 ct
1191 3066 1273 3129 salsa
1297 3074 1355 3141 est,
1382 3066 1425 3129 ita
1449 3066 1684 3130 mundanorum

11 3197 12 3202 ι
126 3165 349 3238 incurrantne
365 3163 498 3227 virtutes
513 3171 543 3226 et
560 3164 642 3226 dona
657 3163 792 3246 Spiritus
808 3163 881 3225 San·
936 3164 1105 3229 hominum
1129 3171 1264 3240 mentes,
1288 3164 1440 3228 vitiorum
1465 3163 1687 3228 amaritudini·

127 3263 174 3327 cti
197 3263 355 3339 amittant,
376 3281 416 3326 ne
439 3269 559 3326 aetcrna
582 3261 735 3325 felicitate
755 3261 881 3344 priven-
936 3263 997 3326 bus
1021 3263 1251 3345 adimplentur,
1273 3262 1330 3338 ira,
1355 3262 1583 3345 indignatione,
1605 3262 1686 3325 invi·

127 3370 195 3437 tur,
219 3381 260 3424 nc
284 3362 316 3424 in
342 3369 497 3444 perpetua
521 3360 699 3424 inlerorum
722 3367 881 3423 tormenta
936 3362 998 3437 dia,
1015 3369 1046 3425 et
1062 3380 1154 3426 curas
1175 3360 1293 3425 babent
1312 3361 1493 3443 superlluas
1512 3361 1686 3443 angustias·

10 3497 30 3526 n
31 3497 113 3534 .......
129 3459 366 3544 projiciantur?
381 3460 454 3523 ldeo
469 3457 618 3523 Salomon
633 3459 700 3522 ait:
717 3459 751 3521 ln
766 3458 882 3520 timore
937 3479 998 3543 qne
1026 3459 1177 3524 diversas.
1208 3459 1296 3523 Unde
1325 3466 1358 3522 et
1385 3459 1528 3523 Christus
1558 3459 1685 3523 divitias
1699 3474 1833 3528 uastant,

12 3549 58 3600 ¹⁸·
129 3557 261 3622 Domini
281 3564 349 3622 esto
368 3564 433 3621 tota
453 3557 516 3634 die,
532 3564 565 3620 et
582 3555 715 3619 habebis
736 3575 826 3640 spem
848 3556 881 3618 in
937 3565 1098 3640 comparat
1122 3557 1234 3640 spinis,
1256 3557 1332 3640 quia
1353 3563 1384 3620 ct
1405 3576 1479 3620 cum
1505 3555 1611 3622 labore
1635 3539 1725 3621 stc-¹²

10 3683 100 3739 nn„
93 3657 319 3734 ,novissimo
340 3655 509 3738 Apostolus
528 3672 680 3738 quoque:
697 3655 776 3719 Cum
795 3662 881 3718 metu
937 3656 1119 3738 quiruntur,
1141 3674 1215 3718 cum
1238 3656 1353 3719 timore
1374 3655 1588 3767 possidentur,
1610 3675 1684 3720 cum

128 3755 310 3866 (inquit)et
324 3754 439 3817 timore
453 3772 490 3817 ac
504 3761 643 3817 tremore
658 3760 796 3816 vestram
811 3771 884 3836 ope·
937 3754 1045 3818 dolore
1066 3755 1265 3817 amittuntur.
1283 3754 1409 3828 Quarta,
1427 3754 1578 3837 quoniam
1602 3755 1686 3818 sicut

130 3854 250 3917 remini
271 3853 416 3916 salutem.
938 3871 1025 3916 mare
1049 3852 1230 3916 insatiabile
1255 3852 1384 3926 dicitur,
1408 3851 1500 3933 juxta
1524 3853 1603 3917 illud
1628 3854 1686 3916 Ec·

173 3953 329 4036 Septimo,
357 3951 510 4035 quoniam
540 3951 623 4014 sicut
654 3949 686 4014 in
716 3951 789 4013 navi
819 3969 883 4014 non
939 3952 1103 4027 clesiastae,
1120 3951 1233 4014 Omnia
1248 3951 1384 4014 llumina
1403 3951 1545 4014 intrant
1537 3973 1570 4014 m
1586 3971 1683 4029 mare,
1705 3975 1833 4028 accunt.

130 4053 288 4138 quaritur
312 4050 404 4114 cibus
434 4058 466 4113 et
488 4057 582 4132 potus
611 4049 765 4113 delicatus
789 4056 884 4133 atque
939 4057 970 4113 et
985 4067 1148 4112 marenon
1164 4049 1394 4128 redundat3sic
1409 4051 1504 4112 corda
1518 4050 1685 4114 bominum

129 4149 332 4234 superfluus,
357 4167 417 4212 nec
448 4149 571 4212 mansio
601 4149 751 4231 spatiosa,
779 4148 822 4211 ita
851 4148 883 4210 in
940 4148 1135 4232 iniquorum,
1152 4167 1211 4211 nec
1231 4148 1363 4220 divitiis,
1380 4167 1439 4210 nec
1454 4147 1684 4230 voluptatibus,

130 4249 278 4316 Ecclesia
294 4247 405 4312 volens
425 4247 548 4329 integer
563 4265 632 4310 esse
647 4254 679 4310 et
693 4247 882 4330 computari,
899 4254 924 4318 D
939 4265 998 4310 uec
1022 4246 1198 4310 honoribus
1221 4246 1387 4322 satiantur,
1406 4247 1462 4309 sed
1486 4263 1613 4329 semper
1634 4248 1686 4312 ad·

129 4367 337 4433 nequaquam
366 4347 461 4411 debet
489 4345 691 4409 delectabilia
715 4365 752 4409 ac
777 4346 885 4410 mollia
940 4345 1062 4428 spirant
1085 4346 1124 4407 ad
1153 4343 1302 4426 amplius.
1329 4344 1368 4408 Ut
1391 4362 1466 4426 crgo
1491 4361 1554 4407 nou
1584 4345 1685 4410 simus

131 4448 224 4513 carni
248 4453 410 4530 appetere,
435 4463 494 4508 nac
517 4445 700 4508 divitiarum
723 4445 884 4509 abundan·
940 4443 1062 4508 similos
1082 4442 1173 4518 mari,
1195 4460 1348 4506 conemur
1371 4443 1403 4506 iu
1424 4443 1512 4525 pacis
1533 4444 1687 4527 tranquil·

129 4550 214 4612 tiam
237 4565 388 4629 quaerere,
411 4546 466 4609 sed
491 4544 742 4628 poenitentialem
768 4546 884 4608 ducere
940 4544 1028 4607 litate
1057 4541 1192 4616 firmari,
1222 4542 1256 4604 in
1285 4547 1379 4606 recta
1406 4541 1536 4606 rationis
1564 4543 1687 4624 jndicio

129 4648 246 4723 vitam,
256 4653 287 4708 et
302 4645 456 4710 mediocri
471 4645 558 4709 victu
574 4662 610 4706 ac
625 4645 751 4708 decenti
767 4645 884 4707 vestitu
940 4642 1087 4718 stabiliri,
1102 4649 1134 4705 et
1154 4649 1263 4705 contra
1285 4641 1470 4724 passionum
1493 4641 1687 4725 inquietudi-

130 4766 207 4812 esse
237 4752 415 4820 contentus,
446 4744 557 4826 sicque
585 4741 676 4825 juxta
706 4744 883 4807 doctrinam
940 4763 996 4806 nes
1011 4740 1184 4807 virtutibus
1204 4740 1348 4804 decorari
1367 4760 1404 4804 ac
1423 4739 1566 4804 roborari
1585 4759 1687 4806 mora·

10 4869 113 4921 marr.
129 4844 291 4930 Apostoli,
308 4843 461 4924 castigare
480 4842 647 4925 proprium
668 4859 783 4925 corpus
803 4850 835 4905 et
851 4842 884 4904 in
939 4841 1036 4916 libus,
1062 4847 1172 4904 contra
1196 4840 1349 4903 vitiorum
1381 4857 1508 4923 quoque
1538 4842 1687 4905 amaritu·

130 4943 325 5010 servitutem
348 4942 501 5023 redigere.
526 4941 658 5022 Propter
680 4941 765 5022 quod
793 4941 885 5022 jubet
939 4941 1030 5005 dines
1054 4958 1090 5003 ac
1114 4938 1223 5002 saeculi
1252 4939 1440 5002 acerbitates
1465 4939 1686 5022 spiritualibus

10 5071 114 5122 antas.
131 5043 280 5109 Salvator
301 5059 308 5104 :
329 5041 440 5104 Videte
465 5059 505 5102 ne
528 5046 701 5121 graventur
720 5040 815 5103 corda
834 5058 885 5102 ve·
939 5039 1075 5102 recreari
1100 5036 1382 5111 consolationibus,
1407 5045 1501 5119 atque
1532 5039 1565 5100 in
1595 5038 1686 5102 bonis

131 5154 203 5210 stra
222 5139 354 5224 crapula
371 5140 423 5203 vel
445 5139 608 5214 ebrietate,
624 5157 660 5202 ac
680 5139 766 5202 curis
788 5139 885 5221 hujus
939 5137 1063 5201 actibus
1088 5135 1250 5210 delectari,
1275 5135 1308 5197 in
1333 5134 1515 5198 divinorum
1546 5143 1686 5200 contem-

130 5241 257 5309 saeculi.
274 5239 547 5316 Quemadmodum
567 5239 654 5302 enim
676 5239 766 5302 navis
789 5239 816 5301 si
837 5239 885 5301 ni·
940 5236 1079 5320 piatione
1095 5233 1480 5316 laetari,quemadmodum
1494 5235 1539 5297 ait
1553 5235 1687 5317 Prophe

130 5341 240 5410 mium
255 5346 416 5414 oneretur,
426 5338 631 5420 demergitur,
641 5338 687 5402 sic
703 5337 758 5420 qni
774 5338 885 5402 volunt
939 5345 971 5400 ta
987 5355 995 5400 ι
1011 5335 1130 5399 Memor
1147 5334 1195 5397 lui
1215 5333 1282 5408 Dei,
1299 5341 1331 5396 et
1349 5333 1522 5398 delectatus
1542 5353 1623 5398 sum.
1699 5355 1832 5411 ramma
