4214 6254
425 503 574 552 nouimus
597 505 640 550 ss.
660 503 843 551 ramirans.
865 521 904 532 -
925 501 1101 552 nuamsrm
1122 505 1155 551 ru
1175 505 1370 554 rvxuuuuurx
1616 491 1675 556 tot

131 669 223 732 cretis
238 669 432 748 coelestibus,
449 674 490 737 de
508 675 626 756 quibus
647 694 760 758 parum
781 673 873 738 habe·
888 674 914 738 A
929 694 1025 757 quam
1049 681 1126 738 tune
1151 677 1291 740 nondum
1322 677 1474 740 ascendit.
1500 677 1569 741 Non
1598 695 1673 761 ergo

130 775 181 830 tur
200 768 232 831 in
252 768 321 851 lege
339 771 454 854 Moysis
473 780 505 835 et
524 773 699 856 Prophetis,
715 773 873 836 credetis?
927 774 1107 856 excepisset
1122 793 1155 838 se
1171 775 1320 858 ipsumsi
1337 775 1468 858 praelato
1483 776 1578 840 modo
1592 795 1674 840 sum·

130 866 218 946 quasi
244 867 329 931 dicat
352 886 359 931 ε
383 869 565 933 Difficulter
587 879 642 934 aut
671 890 872 954 nequaquam
929 872 1045 953 pslsset
1063 872 1123 935 boc
1138 873 1286 948 verbum,
1303 895 1319 932 (ι
1335 875 1477 937 ascendit
1492 896 1519 936 n.
1537 874 1673 949 Quaestio

129 964 272 1040 credetis,
292 986 392 1049 quum
415 968 480 1030 sint
499 969 874 1051 incomprehensibiliora
928 969 988 1030 ista
1013 969 1184 1052 dupliciter
1209 971 1353 1034 solvitur.
1383 971 1504 1060 Primo,
1528 980 1564 1034 ut
1586 972 1672 1036 solus

128 1071 158 1125 at
173 1065 461 1146 supernaturalium
476 1066 636 1148 praedictis
655 1067 799 1128 terrenis.
816 1066 874 1128 Ne·
928 1066 1026 1130 Filius
1049 1067 1189 1130 bominis
1211 1069 1391 1132 ascendisse
1410 1069 1543 1144 dicatur,
1560 1071 1673 1152 quoni·

128 1180 213 1224 cesse
238 1167 286 1224 est
308 1180 382 1244 ergo
407 1164 574 1246 pmprium
597 1163 793 1226 intellectum
818 1183 872 1226 au·
927 1183 977 1226 am
994 1165 1079 1228 solus
1096 1167 1223 1248 propria
1238 1174 1392 1250 potestate
1407 1175 1440 1231 et
1458 1169 1587 1250 proprio
1600 1169 1673 1250 jure

128 1260 262 1323 ctoritati
287 1261 403 1326 Christi
428 1261 600 1343 subjicere,
623 1271 655 1325 et
679 1263 729 1324 his
753 1263 872 1326 divinis
926 1280 962 1324 ac
978 1263 1093 1324 merito
1112 1264 1323 1344 ascendebat;
1339 1264 1391 1327 alii
1413 1283 1488 1328 vero
1505 1265 1622 1328 virtute
1642 1274 1673 1328 et

127 1377 195 1440 quae
210 1360 365 1423 rationem
381 1362 620 1436 transcendunt,
638 1361 736 1424 iidem
752 1361 872 1444 praebe-
927 1359 1042 1422 merito
1062 1359 1190 1435 Christi,
1207 1363 1299 1442 cujus
1319 1363 1466 1444 passione
1486 1363 1617 1427 luerunt
1632 1364 1672 1427 ab

128 1475 169 1531 re,
191 1458 368 1538 presertim
393 1477 493 1540 quum
519 1459 602 1521 lleus
627 1477 684 1540 per
707 1458 872 1520 sullicien-
926 1457 1089 1538 originalis
1119 1460 1240 1540 peccati
1264 1467 1352 1522 reatu
1383 1460 1490 1524 soluti.
1516 1461 1671 1538 Secundo,

127 1555 247 1616 tissima
269 1563 457 1636 argumenta
477 1557 652 1619 ostenderit
671 1557 778 1620 lesum
802 1576 872 1620 esse
927 1562 962 1617 ut
982 1555 1111 1618 nomine
1132 1555 1247 1619 Christi
1269 1575 1330 1620 non
1353 1559 1458 1621 solum
1478 1559 1673 1640 intelligatur

127 1651 285 1716 Christum
302 1654 417 1716 Filium
433 1655 498 1716 Dei.
516 1655 684 1736 Propterea
699 1653 777 1715 dicit
791 1653 871 1737 Ape·
928 1653 1043 1716 Christi
1060 1671 1205 1735 persona,
1218 1656 1272 1717 sed
1289 1664 1320 1718 et
1336 1657 1505 1739 mysticum
1521 1657 1592 1740 ejus
1607 1677 1673 1722 cor-

9 1771 112 1818 rosas.
127 1750 224 1813 stolus
254 1752 394 1814 secunda
417 1753 457 1814 ad
480 1751 659 1815 Corinthios
683 1770 690 1814 :
714 1752 748 1814 ln
773 1752 871 1834 capti·
928 1769 1000 1832 puS,
1017 1758 1093 1834 puta
1109 1752 1251 1815 Ecclesia
1270 1761 1395 1836 patrum
1415 1756 1471 1836 qui
1487 1755 1671 1819 detineban-

125 1848 253 1912 vitatem
274 1849 453 1931 redigentes
467 1867 595 1914 omnem
620 1850 818 1913 intellectum
838 1851 870 1913 in
889 1850 913 1913 B
928 1857 979 1910 tur
995 1849 1027 1912 in
1043 1849 1151 1924 limbo,
1158 1852 1318 1934 ceterique
1331 1853 1421 1915 electi
1437 1853 1567 1917 omnino
1583 1873 1674 1918 mun-

125 1947 314 2030 obsequium
337 1948 464 2012 Christi.
927 1948 1003 2022 dati,
1019 1949 1192 2030 dequibus
1213 1949 1358 2033 predixit
1374 1968 1381 2013 :
1398 1951 1514 2014 lterum
1530 1953 1669 2028 veniam,
1685 1979 1818 2034 amm,

156 2045 552 2129 Verumtamen,quoniam
569 2048 714 2129 quadam
730 2047 871 2111 coelestia
926 2054 958 2108 et
973 2065 1133 2110 assumam
1149 2065 1205 2110 vos
1219 2049 1258 2110 ad
1275 2066 1325 2111 me
1341 2049 1467 2132 ipsum;
1484 2059 1516 2114 et
1533 2071 1643 2114 rursus
1661 2069 1668 2116 :
1685 2047 1706 2088 ³·

124 2151 154 2205 et
181 2153 304 2207 secreta
326 2146 365 2208 ad
389 2146 549 2209 Christum
577 2146 779 2227 pertinentia,
806 2163 872 2210 om·
926 2147 1025 2220 Pater,
1051 2147 1123 2212 volo
1148 2155 1183 2209 ut
1207 2148 1262 2211 ubi
1287 2167 1358 2212 sum
1384 2168 1453 2231 ego,
1479 2158 1511 2212 et
1535 2151 1582 2214 illi
1607 2152 1671 2216 sint
1698 2176 1819 2230 raum,

124 2242 154 2303 ni
169 2241 261 2306 lideli
282 2250 357 2306 sunt
374 2244 584 2325 agnoscenda,
601 2243 751 2306 videlieet
765 2244 870 2308 unitas
927 2264 1065 2322 meeum,
1081 2255 1119 2308 ut
1131 2247 1260 2310 videant
1275 2247 1450 2312 claritatem
1467 2268 1580 2313 meam.
1596 2251 1671 2314 lux·
1685 2241 1720 2284 ²⁸·

125 2359 266 2422 personas
286 2342 342 2405 Dei
358 2350 390 2405 et
409 2341 617 2404 humanitatis
637 2342 670 2405 in
688 2342 823 2416 Christe,
839 2349 872 2406 et
925 2349 957 2403 ta
971 2342 1056 2406 hunc
1071 2363 1201 2408 sensum
1216 2346 1351 2428 ait:Ego
1366 2365 1438 2410 sum
1453 2349 1589 2430 ostium3
1606 2369 1671 2416 om·
1685 2373 1817 2426 ramur-a.

124 2441 227 2522 passio
249 2440 377 2516 Christi,
401 2449 432 2504 et
451 2459 541 2506 amor
562 2441 617 2504 bei
642 2442 681 2504 ad
703 2441 870 2520 bomines3
926 2459 982 2503 nes
1005 2451 1160 2524 quotquot
1180 2453 1347 2519 venerunt,
1368 2444 1455 2510 lures
1477 2456 1604 2512 suntet
1628 2449 1670 2512 la·

124 2537 241 2600 idcirco
266 2537 409 2602 Christus
438 2539 477 2602 de
501 2539 552 2600 his
582 2539 711 2602 instruit
738 2539 871 2602 Nicode·
926 2547 1042 2602 trenes.

124 2655 223 2711 mum,
240 2643 273 2700 et
294 2636 355 2699 sub
374 2637 503 2700 nomine
522 2637 593 2718 ejus
613 2636 795 2700 universam
815 2637 871 2699 lic·
965 2638 1070 2714 Porro,
1087 2640 1171 2722 quod
1192 2640 1350 2716 subditur,
1369 2665 1385 2702 u
1401 2642 1499 2708 Filius
1519 2645 1670 2721 bominis,

124 2734 264 2797 alesiam.
925 2737 981 2819 qui
997 2737 1092 2800 estin
1108 2739 1188 2802 coelo
1203 2762 1232 2815 u,
1250 2741 1403 2820 majorem
1423 2742 1519 2807 habet
1534 2743 1673 2808 dillieul-

160 2836 204 2895 Et
219 2836 474 2895 nemoascendit
489 2835 526 2894 in
540 2839 654 2895 coelum
670 2853 867 2918 empyreum,
925 2842 1029 2898 tatem.
1039 2837 1070 2899 Si
1086 2837 1172 2898 enim
1188 2838 1286 2901 Filius
1302 2840 1441 2904 hominis
1455 2842 1620 2905 descendit
1633 2845 1672 2906 de

123 2933 205 3013 quod
225 2940 277 2996 est
296 2933 385 2996 loeus
400 2940 431 2996 ct
449 2933 572 2996 mansio
591 2933 770 3006 beatorum,
786 2934 869 2996 sicut
925 2933 1015 3008 arelo,
1029 2935 1155 2998 videtur
1169 2945 1242 2998 ante
1258 2937 1507 3002 incarnationem
1524 2940 1623 3004 luisse
1638 2942 1671 3004 in

122 3031 256 3094 ecelesia
277 3031 395 3094 dicitur
415 3031 503 3095 loeus
523 3032 676 3095 orationis
696 3033 763 3096 sive
778 3049 868 3096 oran·
887 3034 908 3098 C
925 3033 1014 3095 coelo.
1033 3032 1092 3096 Sed
1113 3033 1212 3096 Filius
1231 3035 1370 3098 hominis
1390 3045 1518 3101 nonest
1537 3039 1671 3102 nisibe

123 3129 201 3192 tium
229 3130 350 3210 (nihilo
377 3130 496 3202 minus,
526 3131 609 3193 sicut
637 3130 751 3194 fideles
779 3147 869 3194 orare
926 3149 978 3194 mo
995 3149 1002 3194 :
1019 3149 1094 3212 ergo
1113 3131 1210 3196 bomo
1228 3141 1301 3196 ante
1321 3134 1571 3199 incarnationem
1593 3137 1671 3200 luis·

123 3236 254 3310 possunt
280 3237 368 3292 extra
393 3229 589 3292 materialem
616 3230 796 3306 ecclesiam,
822 3230 868 3292 sic
925 3229 1020 3292 setin
1040 3229 1129 3292 coelo.
1147 3230 1237 3304 ltem,
1254 3231 1280 3293 si
1300 3232 1346 3294 sic
1366 3241 1424 3308 est,
1440 3234 1568 3296 videtur
1586 3235 1671 3317 quod

121 3326 204 3390 Beati
225 3329 330 3391 Deum
350 3328 433 3391 clare
453 3328 656 3410 conspiciunt
673 3328 869 3411 ubicumque
925 3325 1068 3390 Christus
1097 3328 1211 3390 detulit
1235 3347 1343 3391 secum
1369 3348 1485 3414 corpus
1509 3332 1548 3394 de
1578 3333 1668 3396 coelo.

120 3426 325 3508 exstiterint),
348 3429 416 3488 nisi
438 3429 497 3508 qui
524 3430 688 3488 descendit
713 3431 753 3488 de
780 3433 868 3498 coelo,
925 3425 1067 3507 Insuper,
1085 3426 1211 3508 quando
1231 3425 1373 3490 Christus
1393 3428 1490 3491 verba
1511 3429 1579 3493 haee
1599 3449 1670 3513 pru·

120 3542 180 3586 non
204 3525 314 3588 locum
336 3525 497 3598 mutando,
515 3525 570 3588 sed
589 3525 761 3588 humanam
781 3533 870 3588 natu·
924 3523 1008 3598 tulit,
1025 3523 1127 3586 stabat
1142 3543 1215 3586 cum
1230 3525 1403 3590 Nieodemo
1419 3527 1451 3590 in
1468 3535 1552 3592 terra
1569 3546 1576 3591 :
1593 3547 1671 3612 quo-

121 3642 186 3685 ram
209 3624 416 3698 assumendo,
435 3623 558 3686 seilicet
581 3625 691 3686 Filius
714 3626 868 3696 hominis,
925 3621 1019 3685 modo
1033 3639 1109 3703 ergo
1122 3640 1181 3704 pro
1200 3631 1276 3686 tuno
1292 3624 1389 3688 Filius
1404 3626 1544 3690 hominis
1560 3627 1622 3690 luit
1636 3629 1669 3692 in

119 3724 177 3800 qui
190 3731 236 3782 est
257 3723 295 3781 ἐκ
315 3725 400 3784 aoelo.
417 3721 520 3784 Verba
537 3722 606 3785 heac
625 3722 768 3804 aquilina
786 3722 870 3786 sicut
924 3723 1029 3786 coelot

120 3820 151 3882 in
174 3821 248 3883 stilo
275 3819 435 3902 simplicia
457 3827 541 3894 sunt,
559 3819 602 3882 ita
624 3820 657 3882 in
679 3839 773 3883 sensu
796 3839 867 3904 pro·
964 3821 1002 3884 Et
1026 3821 1295 3904 respondendum,
1321 3823 1405 3905 quod
1431 3823 1574 3888 Christus
1601 3826 1669 3889 hee

120 3918 312 3983 fundissimis
334 3938 370 3982 ae
392 3918 597 3982 difficillima.
615 3919 677 3982 Sed
696 3938 868 4002 pensemus
924 3919 1014 3994 dixit,
1031 3920 1068 3982 ad
1095 3919 1322 3982 insinuandum
1347 3921 1501 3984 unitatem
1527 3941 1669 4006 personae

119 4019 245 4100 quando
268 4017 411 4082 Christus
430 4018 497 4082 baea
517 4017 616 4081 verba
635 4017 768 4100 protulit
785 4035 792 4080 :
810 4019 868 4081 uti·
924 4019 1090 4100 utriusque
1112 4027 1232 4082 naturae
1256 4019 1288 4080 in
1313 4018 1392 4101 ipso.
1410 4020 1509 4082 Tanta
1531 4041 1669 4105 namque

119 4135 179 4198 que
199 4125 276 4178 ante
298 4116 478 4198 passionem
501 4135 602 4190 suam,
618 4117 746 4198 quando
768 4116 801 4178 in
818 4117 866 4180 le·
923 4124 970 4179 est
987 4117 1062 4179 unio
1081 4117 1198 4180 divine
1217 4125 1337 4179 naturae
1356 4125 1451 4199 atque
1469 4118 1615 4184 humana
1636 4123 1668 4184 in

118 4215 257 4278 rusalem
276 4214 463 4296 loquebatur
481 4232 554 4276 cum
574 4214 756 4277 Nicodemo.
772 4215 867 4278 Porro
882 4220 907 4283 D
923 4216 1057 4289 Christo,
1076 4222 1110 4276 ut
1125 4215 1264 4278 humana
1285 4217 1358 4290 Deo,
1376 4223 1407 4278 et
1422 4216 1530 4280 divina
1545 4219 1668 4283 homini

118 4315 201 4394 quod
222 4313 333 4377 nullus
354 4313 522 4375 bominum
544 4313 718 4374 electorum
742 4313 868 4376 introie·
922 4333 996 4376 vere
1011 4313 1276 4376 conveniant-Sed
1294 4315 1491 4396 pensandum
1507 4318 1583 4398 quid
1599 4335 1669 4400 pre

118 4411 158 4473 rit
179 4431 316 4493 regnum
339 4411 491 4474 coelorum
514 4417 588 4473 ante
610 4411 725 4474 Christi
750 4412 867 4494 passio
923 4420 993 4495 pter
1016 4410 1092 4493 quid
1118 4411 1250 4474 dicatur.
1276 4413 1451 4475 Dicendum
1477 4431 1562 4495 ergo,
1583 4417 1668 4497 quod

119 4528 201 4584 nem,
222 4509 438 4592 agnoscimus.
459 4509 579 4591 ltaque,
600 4509 684 4591 quod
705 4510 758 4584 ait,
780 4533 797 4569 u
813 4529 865 4573 ne·
922 4510 1065 4573 Christus
1085 4529 1141 4573 seu
1162 4509 1259 4572 Filius
1279 4511 1429 4586 hominis,
1447 4513 1508 4575 luit
1529 4522 1600 4577 ante
1622 4517 1668 4579 in·

118 4627 169 4672 mo
192 4607 339 4672 ascendit
364 4609 396 4671 in
420 4608 538 4672 coelum
554 4630 583 4682 n,
599 4626 710 4670 verum
736 4616 785 4670 est
809 4626 867 4690 pro
922 4609 1137 4672 carnationem
1160 4608 1192 4670 in
1216 4609 1307 4682 coelo,
1325 4612 1500 4674 secundum
1522 4621 1667 4678 naturam

118 4716 262 4791 tempore
287 4707 353 4782 illo,
376 4706 532 4769 sumendo
560 4704 695 4768 verbum
724 4727 741 4766 a
760 4726 867 4770 ascen·
921 4707 1082 4786 divinam;
1098 4707 1263 4770 descendit
1286 4725 1414 4789 quoque
1432 4710 1471 4772 da
1496 4712 1587 4787 eoelo,
1603 4731 1667 4778 non

118 4806 195 4868 dita
219 4807 290 4868 sive
311 4813 346 4868 ut
367 4813 416 4868 est
440 4803 591 4887 preteriti
617 4804 781 4887 temporis,
798 4805 865 4868 sive
922 4824 1037 4888 corpus
1062 4824 1172 4868 secum
1196 4806 1361 4888 portando,
1378 4807 1433 4869 sed
1458 4810 1533 4890 quia
1556 4815 1666 4878 eadem

120 4905 295 4986 presentis.
921 4911 970 4968 est
984 4921 1117 4986 persona
1133 4903 1189 4966 Dei
1209 4903 1413 4985 hominisque
1433 4905 1465 4966 in
1482 4905 1615 4974 Christo.
1631 4914 1666 4976 ln

157 5005 218 5067 Sed
239 5013 318 5067 tunc
337 5003 470 5086 questio
488 5001 601 5077 oritur,
617 5003 755 5085 qualiter
769 5002 866 5066 verba
921 5003 1038 5066 talibus
1069 5002 1190 5084 quippe
1222 5002 1449 5078 locutionibus,
1478 5004 1579 5081 lesus,
1610 5027 1666 5073 seu

119 5103 287 5186 sequentia
301 5102 520 5176 verificentur,
538 5123 554 5161 <r
570 5101 633 5164 nisi
648 5101 746 5163 Filius
765 5101 866 5163 homi·
922 5101 1075 5174 Christus,
1092 5101 1142 5162 vel
1162 5101 1260 5163 Filius
1279 5101 1431 5176 hominis,
1448 5121 1574 5186 semper
1593 5124 1667 5189 sup-

120 5203 168 5266 nis
183 5227 210 5264 ».
229 5202 410 5266 Ascendere
429 5201 549 5284 quippe
570 5201 723 5283 competit
742 5200 866 5264 Christo
922 5200 1012 5284 ponit
1036 5217 1204 5282 personam
1228 5199 1382 5275 divinam,
1408 5219 1464 5264 seu
1493 5202 1666 5270 increatam
1780 5229 1783 5235 ¹

119 5305 240 5367 ratione
262 5301 469 5367 humanitatis
489 5306 671 5386 assumpta,
688 5299 864 5363 secundum
923 5299 1131 5382 hypostasim,
1140 5305 1249 5382 utpote
1264 5298 1405 5362 Verbum
1419 5304 1667 5396 atemum.ldeo
