<?xml version="1.0" encoding="UTF-8"?>
<!DOCTYPE html PUBLIC "-//W3C//DTD XHTML 1.0 Transitional//EN"
    "http://www.w3.org/TR/xhtml1/DTD/xhtml1-transitional.dtd">
<html xmlns="http://www.w3.org/1999/xhtml" xml:lang="en" lang="en">
 <head>
  <title>
</title>
<meta http-equiv="Content-Type" content="text/html;charset=utf-8" />
  <meta name='ocr-system' content='tesseract 3.04.00' />
  <meta name='ocr-capabilities' content='ocr_page ocr_carea ocr_par ocr_line ocrx_word'/>
</head>
<body>
  <div class='ocr_page' id='page_1' title='image "./doctorisecstati01unkngoog/doctorisecstati01unkngoog_0158.png"; bbox 0 0 4214 6254; ppageno 0'>
   <div class='ocr_carea' id='block_1_1' title="bbox 408 472 1688 539">
    <p class='ocr_par' dir='ltr' id='par_1_1' title="bbox 408 472 1688 539">
     <span class='ocr_line' id='line_1_1' title="bbox 408 472 1688 539; baseline 0.003 -4"><span class='ocrx_word' id='word_1_1' title='bbox 408 487 556 536; x_wconf 73' lang='lat' dir='ltr'><strong>acumina</strong></span> <span class='ocrx_word' id='word_1_2' title='bbox 577 489 587 534; x_wconf 90' lang='lat'>1</span> <span class='ocrx_word' id='word_1_3' title='bbox 608 489 682 536; x_wconf 85' lang='lat' dir='ltr'><strong>rosv</strong></span> <span class='ocrx_word' id='word_1_4' title='bbox 701 489 896 536; x_wconf 78' lang='lat' dir='ltr'><strong>mmnnrnra.</strong></span> <span class='ocrx_word' id='word_1_5' title='bbox 916 507 957 520; x_wconf 95' lang='lat'>-</span> <span class='ocrx_word' id='word_1_6' title='bbox 976 489 1151 536; x_wconf 77' lang='lat' dir='ltr'><strong>suasanus</strong></span> <span class='ocrx_word' id='word_1_7' title='bbox 1172 489 1204 536; x_wconf 86' lang='lat' dir='ltr'><strong>m</strong></span> <span class='ocrx_word' id='word_1_8' title='bbox 1224 491 1419 538; x_wconf 78' lang='lat' dir='ltr'><strong>maneantur</strong></span> <span class='ocrx_word' id='word_1_9' title='bbox 1628 472 1688 539; x_wconf 78' lang='lat'><strong>{35</strong></span> 
     </span>
    </p>
   </div>
   <div class='ocr_carea' id='block_1_2' title="bbox 134 659 1689 745">
    <p class='ocr_par' dir='ltr' id='par_1_2' title="bbox 134 659 1689 745">
     <span class='ocr_line' id='line_1_2' title="bbox 134 659 1689 745; baseline 0.004 -25"><span class='ocrx_word' id='word_1_10' title='bbox 134 665 272 740; x_wconf 88' lang='lat' dir='ltr'><strong>patrem,</strong></span> <span class='ocrx_word' id='word_1_11' title='bbox 288 661 436 741; x_wconf 88' lang='lat' dir='ltr'><strong>quamvis</strong></span> <span class='ocrx_word' id='word_1_12' title='bbox 458 660 617 723; x_wconf 86' lang='lat' dir='ltr'><strong>carnalem</strong></span> <span class='ocrx_word' id='word_1_13' title='bbox 633 661 673 723; x_wconf 91' lang='lat' dir='ltr'><strong>ab</strong></span> <span class='ocrx_word' id='word_1_14' title='bbox 694 679 732 724; x_wconf 93' lang='lat' dir='ltr'><strong>eo</strong></span> <span class='ocrx_word' id='word_1_15' title='bbox 751 659 928 743; x_wconf 80' lang='lat' dir='ltr'><strong>sumpsitA</strong></span> <span class='ocrx_word' id='word_1_16' title='bbox 944 661 1041 736; x_wconf 90' lang='lat' dir='ltr'><strong>tione,</strong></span> <span class='ocrx_word' id='word_1_17' title='bbox 1059 667 1232 725; x_wconf 85' lang='lat' dir='ltr'><strong>recordare</strong></span> <span class='ocrx_word' id='word_1_18' title='bbox 1246 666 1325 745; x_wconf 81' lang='lat' dir='ltr'><strong>quia</strong></span> <span class='ocrx_word' id='word_1_19' title='bbox 1346 666 1497 742; x_wconf 78' lang='lat' dir='ltr'><em>recepisti</em></span> <span class='ocrx_word' id='word_1_20' title='bbox 1515 667 1596 726; x_wconf 81' lang='lat' dir='ltr'><strong>bona</strong></span> <span class='ocrx_word' id='word_1_21' title='bbox 1609 671 1689 728; x_wconf 87' lang='lat' dir='ltr'><strong>tem·</strong></span> 
     </span>
    </p>
   </div>
   <div class='ocr_carea' id='block_1_3' title="bbox 50 757 1690 844">
    <p class='ocr_par' dir='ltr' id='par_1_3' title="bbox 50 757 1690 844">
     <span class='ocr_line' id='line_1_3' title="bbox 50 757 1690 844; baseline 0.002 -26"><span class='ocrx_word' id='word_1_22' title='bbox 50 757 305 838; x_wconf 75' lang='lat' dir='ltr'><strong>n.e1=.originem.</strong></span> <span class='ocrx_word' id='word_1_23' title='bbox 335 759 424 822; x_wconf 90' lang='lat' dir='ltr'><strong>Unde</strong></span> <span class='ocrx_word' id='word_1_24' title='bbox 448 759 591 822; x_wconf 91' lang='lat' dir='ltr'><strong>Ghristus</strong></span> <span class='ocrx_word' id='word_1_25' title='bbox 616 760 660 821; x_wconf 88' lang='lat' dir='ltr'><strong>ait</strong></span> <span class='ocrx_word' id='word_1_26' title='bbox 682 759 829 832; x_wconf 77' lang='lat' dir='ltr'><strong>ludaeis:</strong></span> <span class='ocrx_word' id='word_1_27' title='bbox 856 759 888 821; x_wconf 90' lang='lat' dir='ltr'><strong>Si</strong></span> <span class='ocrx_word' id='word_1_28' title='bbox 944 760 1074 844; x_wconf 82' lang='lat' dir='ltr'><strong>penalia,</strong></span> <span class='ocrx_word' id='word_1_29' title='bbox 1100 761 1238 836; x_wconf 91' lang='lat' dir='ltr'><strong>divitias,</strong></span> <span class='ocrx_word' id='word_1_30' title='bbox 1265 762 1395 826; x_wconf 80' lang='lat' dir='ltr'><strong>delicias</strong></span> <span class='ocrx_word' id='word_1_31' title='bbox 1425 771 1457 826; x_wconf 88' lang='lat' dir='ltr'><strong>et</strong></span> <span class='ocrx_word' id='word_1_32' title='bbox 1482 764 1629 837; x_wconf 89' lang='lat' dir='ltr'><strong>honores,</strong></span> <span class='ocrx_word' id='word_1_33' title='bbox 1653 765 1690 823; x_wconf 80' lang='lat' dir='ltr'><strong>in</strong></span> 
     </span>
    </p>
   </div>
   <div class='ocr_carea' id='block_1_4' title="bbox 24 854 1691 943">
    <p class='ocr_par' dir='ltr' id='par_1_4' title="bbox 24 854 1691 943">
     <span class='ocr_line' id='line_1_4' title="bbox 24 854 1691 943; baseline 0.004 -27"><span class='ocrx_word' id='word_1_34' title='bbox 24 867 65 881; x_wconf 90' lang='grc'><strong>··</strong></span> <span class='ocrx_word' id='word_1_35' title='bbox 135 854 200 917; x_wconf 89' lang='lat' dir='ltr'><strong>filii</strong></span> <span class='ocrx_word' id='word_1_36' title='bbox 225 855 359 920; x_wconf 77' lang='lat' dir='ltr'><strong>abnue</strong></span> <span class='ocrx_word' id='word_1_37' title='bbox 384 857 471 932; x_wconf 90' lang='lat' dir='ltr'><strong>estis,</strong></span> <span class='ocrx_word' id='word_1_38' title='bbox 495 875 592 940; x_wconf 87' lang='lat' dir='ltr'><strong>opera</strong></span> <span class='ocrx_word' id='word_1_39' title='bbox 615 857 749 920; x_wconf 73' lang='lat' dir='ltr'><strong>Abrabae</strong></span> <span class='ocrx_word' id='word_1_40' title='bbox 773 856 887 936; x_wconf 81' lang='lat' dir='ltr'><strong>facite3</strong></span> <span class='ocrx_word' id='word_1_41' title='bbox 943 861 1012 920; x_wconf 84' lang='lat' dir='ltr'><strong>vita</strong></span> <span class='ocrx_word' id='word_1_42' title='bbox 1033 870 1090 921; x_wconf 84' lang='lat' dir='ltr'><strong>tua</strong></span> <span class='ocrx_word' id='word_1_43' title='bbox 1112 879 1209 942; x_wconf 87' lang='lat' dir='ltr'><strong>super</strong></span> <span class='ocrx_word' id='word_1_44' title='bbox 1229 868 1346 924; x_wconf 88' lang='lat' dir='ltr'><strong>terram</strong></span> <span class='ocrx_word' id='word_1_45' title='bbox 1371 869 1528 924; x_wconf 87' lang='lat' dir='ltr'><strong>transacta</strong></span> <span class='ocrx_word' id='word_1_46' title='bbox 1546 879 1552 924; x_wconf 94' lang='lat'>:</span> <span class='ocrx_word' id='word_1_47' title='bbox 1570 862 1603 924; x_wconf 91' lang='lat' dir='ltr'><strong>in</strong></span> <span class='ocrx_word' id='word_1_48' title='bbox 1628 879 1691 943; x_wconf 89' lang='lat' dir='ltr'><strong>qua</strong></span> 
     </span>
    </p>
   </div>
   <div class='ocr_carea' id='block_1_5' title="bbox 131 955 1839 3496">
    <p class='ocr_par' dir='ltr' id='par_1_5' title="bbox 131 955 1696 2218">
     <span class='ocr_line' id='line_1_5' title="bbox 134 955 1692 1042; baseline 0.003 -27"><span class='ocrx_word' id='word_1_49' title='bbox 134 972 193 1016; x_wconf 89' lang='lat' dir='ltr'><strong>vos</strong></span> <span class='ocrx_word' id='word_1_50' title='bbox 209 973 248 1017; x_wconf 81' lang='lat' dir='ltr'><strong>ex</strong></span> <span class='ocrx_word' id='word_1_51' title='bbox 264 963 353 1037; x_wconf 88' lang='lat' dir='ltr'><strong>patre</strong></span> <span class='ocrx_word' id='word_1_52' title='bbox 373 955 500 1019; x_wconf 89' lang='lat' dir='ltr'><strong>diabolo</strong></span> <span class='ocrx_word' id='word_1_53' title='bbox 520 957 607 1018; x_wconf 91' lang='lat' dir='ltr'><strong>estis.</strong></span> <span class='ocrx_word' id='word_1_54' title='bbox 625 957 735 1038; x_wconf 89' lang='lat' dir='ltr'><strong>ltaque</strong></span> <span class='ocrx_word' id='word_1_55' title='bbox 754 955 779 1018; x_wconf 93' lang='lat' dir='ltr'><strong>si</strong></span> <span class='ocrx_word' id='word_1_56' title='bbox 799 955 888 1018; x_wconf 90' lang='lat' dir='ltr'><strong>dives</strong></span> <span class='ocrx_word' id='word_1_57' title='bbox 943 957 969 1018; x_wconf 92' lang='lat' dir='ltr'><strong>si</strong></span> <span class='ocrx_word' id='word_1_58' title='bbox 986 957 1106 1040; x_wconf 91' lang='lat' dir='ltr'><strong>aliquid</strong></span> <span class='ocrx_word' id='word_1_59' title='bbox 1122 959 1161 1020; x_wconf 95' lang='lat' dir='ltr'><strong>de</strong></span> <span class='ocrx_word' id='word_1_60' title='bbox 1176 977 1292 1039; x_wconf 87' lang='lat' dir='ltr'><strong>genere</strong></span> <span class='ocrx_word' id='word_1_61' title='bbox 1307 977 1439 1042; x_wconf 92' lang='lat' dir='ltr'><strong>operum</strong></span> <span class='ocrx_word' id='word_1_62' title='bbox 1456 959 1612 1024; x_wconf 88' lang='lat' dir='ltr'><strong>bonorum</strong></span> <span class='ocrx_word' id='word_1_63' title='bbox 1629 959 1692 1040; x_wconf 89' lang='lat' dir='ltr'><strong>egi·</strong></span> 
     </span>
     <span class='ocr_line' id='line_1_6' title="bbox 134 1052 1691 1139; baseline 0.003 -25"><span class='ocrx_word' id='word_1_64' title='bbox 134 1052 196 1114; x_wconf 90' lang='lat' dir='ltr'><strong>iste</strong></span> <span class='ocrx_word' id='word_1_65' title='bbox 214 1053 246 1115; x_wconf 94' lang='lat' dir='ltr'><strong>in</strong></span> <span class='ocrx_word' id='word_1_66' title='bbox 263 1072 420 1136; x_wconf 81' lang='lat' dir='ltr'>pauperes</span> <span class='ocrx_word' id='word_1_67' title='bbox 435 1053 519 1136; x_wconf 89' lang='lat' dir='ltr'><strong>pius,</strong></span> <span class='ocrx_word' id='word_1_68' title='bbox 537 1053 679 1116; x_wconf 88' lang='lat' dir='ltr'><strong>liberalis</strong></span> <span class='ocrx_word' id='word_1_69' title='bbox 699 1072 736 1115; x_wconf 88' lang='lat' dir='ltr'><strong>ac</strong></span> <span class='ocrx_word' id='word_1_70' title='bbox 751 1053 889 1135; x_wconf 86' lang='lat' dir='ltr'><strong>hospita·</strong></span> <span class='ocrx_word' id='word_1_71' title='bbox 943 1055 995 1130; x_wconf 86' lang='lat' dir='ltr'><strong>sti,</strong></span> <span class='ocrx_word' id='word_1_72' title='bbox 1012 1057 1191 1119; x_wconf 81' lang='lat' dir='ltr'><strong>mercedem</strong></span> <span class='ocrx_word' id='word_1_73' title='bbox 1206 1063 1293 1119; x_wconf 89' lang='lat' dir='ltr'><strong>tuam</strong></span> <span class='ocrx_word' id='word_1_74' title='bbox 1316 1057 1399 1120; x_wconf 91' lang='lat' dir='ltr'><strong>ultra</strong></span> <span class='ocrx_word' id='word_1_75' title='bbox 1415 1058 1691 1139; x_wconf 82' lang='lat' dir='ltr'><strong>condignumsor·</strong></span> 
     </span>
     <span class='ocr_line' id='line_1_7' title="bbox 133 1150 1691 1238; baseline 0.003 -26"><span class='ocrx_word' id='word_1_76' title='bbox 133 1150 174 1212; x_wconf 90' lang='lat' dir='ltr'><strong>lis</strong></span> <span class='ocrx_word' id='word_1_77' title='bbox 192 1150 317 1226; x_wconf 86' lang='lat' dir='ltr'><strong>fuisset,</strong></span> <span class='ocrx_word' id='word_1_78' title='bbox 338 1152 496 1215; x_wconf 83' lang='lat' dir='ltr'><strong>Abraham</strong></span> <span class='ocrx_word' id='word_1_79' title='bbox 515 1152 629 1215; x_wconf 88' lang='lat' dir='ltr'><strong>merito</strong></span> <span class='ocrx_word' id='word_1_80' title='bbox 645 1160 766 1234; x_wconf 87' lang='lat' dir='ltr'><strong>patrem</strong></span> <span class='ocrx_word' id='word_1_81' title='bbox 782 1171 889 1216; x_wconf 88' lang='lat' dir='ltr'><strong>vocas·</strong></span> <span class='ocrx_word' id='word_1_82' title='bbox 942 1154 1020 1216; x_wconf 89' lang='lat' dir='ltr'><strong>titus</strong></span> <span class='ocrx_word' id='word_1_83' title='bbox 1035 1173 1079 1216; x_wconf 91' lang='lat' dir='ltr'><strong>es.</strong></span> <span class='ocrx_word' id='word_1_84' title='bbox 1096 1154 1226 1218; x_wconf 92' lang='lat' dir='ltr'><strong>Nullum</strong></span> <span class='ocrx_word' id='word_1_85' title='bbox 1243 1156 1328 1217; x_wconf 90' lang='lat' dir='ltr'><strong>enim</strong></span> <span class='ocrx_word' id='word_1_86' title='bbox 1346 1156 1465 1219; x_wconf 88' lang='lat' dir='ltr'><strong>bonum</strong></span> <span class='ocrx_word' id='word_1_87' title='bbox 1482 1157 1554 1238; x_wconf 92' lang='lat' dir='ltr'><strong>pius</strong></span> <span class='ocrx_word' id='word_1_88' title='bbox 1572 1155 1691 1237; x_wconf 79' lang='lat' dir='ltr'><strong>justus-</strong></span> 
     </span>
     <span class='ocr_line' id='line_1_8' title="bbox 132 1250 1691 1335; baseline 0.002 -25"><span class='ocrx_word' id='word_1_89' title='bbox 132 1256 192 1311; x_wconf 91' lang='lat' dir='ltr'><strong>set.</strong></span> <span class='ocrx_word' id='word_1_90' title='bbox 211 1251 371 1311; x_wconf 80' lang='lat' dir='ltr'><strong>Miserere</strong></span> <span class='ocrx_word' id='word_1_91' title='bbox 389 1253 463 1312; x_wconf 81' lang='lat' dir='ltr'><strong>met.</strong></span> <span class='ocrx_word' id='word_1_92' title='bbox 482 1250 586 1324; x_wconf 84' lang='lat' dir='ltr'><strong>Quum</strong></span> <span class='ocrx_word' id='word_1_93' title='bbox 609 1250 749 1312; x_wconf 89' lang='lat' dir='ltr'><strong>damnati</strong></span> <span class='ocrx_word' id='word_1_94' title='bbox 772 1251 837 1312; x_wconf 92' lang='lat' dir='ltr'><strong>sint</strong></span> <span class='ocrx_word' id='word_1_95' title='bbox 855 1251 888 1312; x_wconf 95' lang='lat' dir='ltr'><strong>in</strong></span> <span class='ocrx_word' id='word_1_96' title='bbox 944 1269 1007 1333; x_wconf 89' lang='lat' dir='ltr'><strong>que</strong></span> <span class='ocrx_word' id='word_1_97' title='bbox 1040 1253 1123 1315; x_wconf 88' lang='lat' dir='ltr'><strong>Deus</strong></span> <span class='ocrx_word' id='word_1_98' title='bbox 1157 1252 1424 1316; x_wconf 89' lang='lat' dir='ltr'><strong>irremuneratum</strong></span> <span class='ocrx_word' id='word_1_99' title='bbox 1456 1253 1619 1335; x_wconf 77' lang='lat' dir='ltr'><strong>relinquit.</strong></span> <span class='ocrx_word' id='word_1_100' title='bbox 1648 1257 1691 1315; x_wconf 82' lang='lat' dir='ltr'><strong>Et</strong></span> 
     </span>
     <span class='ocr_line' id='line_1_9' title="bbox 131 1347 1693 1434; baseline 0.003 -26"><span class='ocrx_word' id='word_1_101' title='bbox 131 1348 223 1410; x_wconf 91' lang='lat' dir='ltr'><strong>vitiis</strong></span> <span class='ocrx_word' id='word_1_102' title='bbox 246 1347 408 1421; x_wconf 79' lang='lat' dir='ltr'><strong>obstinati,</strong></span> <span class='ocrx_word' id='word_1_103' title='bbox 426 1367 484 1410; x_wconf 91' lang='lat' dir='ltr'><strong>nec</strong></span> <span class='ocrx_word' id='word_1_104' title='bbox 507 1368 647 1430; x_wconf 91' lang='lat' dir='ltr'><strong>unquam</strong></span> <span class='ocrx_word' id='word_1_105' title='bbox 663 1367 737 1412; x_wconf 89' lang='lat' dir='ltr'><strong>vere</strong></span> <span class='ocrx_word' id='word_1_106' title='bbox 757 1349 889 1431; x_wconf 86' lang='lat' dir='ltr'><strong>poenite·</strong></span> <span class='ocrx_word' id='word_1_107' title='bbox 944 1353 1094 1412; x_wconf 78' lang='lat' dir='ltr'><em>Lazarus</em></span> <span class='ocrx_word' id='word_1_108' title='bbox 1110 1350 1142 1412; x_wconf 91' lang='lat' dir='ltr'><strong>in</strong></span> <span class='ocrx_word' id='word_1_109' title='bbox 1158 1351 1224 1413; x_wconf 89' lang='lat' dir='ltr'><strong>vita</strong></span> <span class='ocrx_word' id='word_1_110' title='bbox 1243 1371 1300 1414; x_wconf 91' lang='lat' dir='ltr'><strong>sua</strong></span> <span class='ocrx_word' id='word_1_111' title='bbox 1319 1352 1439 1434; x_wconf 89' lang='lat' dir='ltr'><strong>recepit</strong></span> <span class='ocrx_word' id='word_1_112' title='bbox 1455 1353 1611 1413; x_wconf 83' lang='lat' dir='ltr'><strong>similiter</strong></span> <span class='ocrx_word' id='word_1_113' title='bbox 1625 1371 1693 1412; x_wconf 84' lang='lat' dir='ltr'><strong>ma·</strong></span> 
     </span>
     <span class='ocr_line' id='line_1_10' title="bbox 132 1446 1691 1531; baseline 0.003 -25"><span class='ocrx_word' id='word_1_114' title='bbox 132 1454 200 1518; x_wconf 89' lang='lat' dir='ltr'><strong>ant,</strong></span> <span class='ocrx_word' id='word_1_115' title='bbox 218 1446 379 1527; x_wconf 87' lang='lat' dir='ltr'><strong>quomodo</strong></span> <span class='ocrx_word' id='word_1_116' title='bbox 394 1446 456 1508; x_wconf 89' lang='lat' dir='ltr'><strong>sibi</strong></span> <span class='ocrx_word' id='word_1_117' title='bbox 473 1454 583 1528; x_wconf 89' lang='lat' dir='ltr'><strong>optant</strong></span> <span class='ocrx_word' id='word_1_118' title='bbox 602 1465 639 1508; x_wconf 87' lang='lat' dir='ltr'><strong>ac</strong></span> <span class='ocrx_word' id='word_1_119' title='bbox 655 1446 817 1528; x_wconf 88' lang='lat' dir='ltr'><strong>postulant</strong></span> <span class='ocrx_word' id='word_1_120' title='bbox 833 1446 889 1508; x_wconf 91' lang='lat' dir='ltr'><strong>mi·</strong></span> <span class='ocrx_word' id='word_1_121' title='bbox 946 1451 977 1506; x_wconf 86' lang='lat' dir='ltr'><strong>la</strong></span> <span class='ocrx_word' id='word_1_122' title='bbox 1003 1448 1152 1529; x_wconf 89' lang='lat' dir='ltr'><strong>poenalia,</strong></span> <span class='ocrx_word' id='word_1_123' title='bbox 1169 1456 1278 1530; x_wconf 86' lang='lat' dir='ltr'><strong>utpote</strong></span> <span class='ocrx_word' id='word_1_124' title='bbox 1302 1457 1533 1531; x_wconf 77' lang='lat' dir='ltr'><strong>paupertatem,</strong></span> <span class='ocrx_word' id='word_1_125' title='bbox 1555 1449 1691 1511; x_wconf 91' lang='lat' dir='ltr'><strong>infirmi-</strong></span> 
     </span>
     <span class='ocr_line' id='line_1_11' title="bbox 132 1544 1692 1630; baseline 0.002 -24"><span class='ocrx_word' id='word_1_126' title='bbox 132 1545 256 1606; x_wconf 86' lang='lat' dir='ltr'><strong>sererit</strong></span> <span class='ocrx_word' id='word_1_127' title='bbox 272 1545 462 1619; x_wconf 81' lang='lat' dir='ltr'><strong>Dicendum,</strong></span> <span class='ocrx_word' id='word_1_128' title='bbox 484 1545 568 1626; x_wconf 85' lang='lat' dir='ltr'><strong>quod</strong></span> <span class='ocrx_word' id='word_1_129' title='bbox 594 1544 633 1606; x_wconf 89' lang='lat' dir='ltr'><strong>de</strong></span> <span class='ocrx_word' id='word_1_130' title='bbox 658 1545 796 1627; x_wconf 89' lang='lat' dir='ltr'><strong>peccatis</strong></span> <span class='ocrx_word' id='word_1_131' title='bbox 822 1545 888 1606; x_wconf 90' lang='lat' dir='ltr'><strong>suis</strong></span> <span class='ocrx_word' id='word_1_132' title='bbox 945 1552 1036 1618; x_wconf 90' lang='lat' dir='ltr'><strong>tates,</strong></span> <span class='ocrx_word' id='word_1_133' title='bbox 1054 1545 1183 1622; x_wconf 91' lang='lat' dir='ltr'><strong>famem,</strong></span> <span class='ocrx_word' id='word_1_134' title='bbox 1200 1548 1299 1620; x_wconf 89' lang='lat' dir='ltr'><strong>sitim,</strong></span> <span class='ocrx_word' id='word_1_135' title='bbox 1316 1547 1489 1630; x_wconf 92' lang='lat' dir='ltr'><strong>opprobria</strong></span> <span class='ocrx_word' id='word_1_136' title='bbox 1504 1555 1536 1609; x_wconf 91' lang='lat' dir='ltr'><strong>et</strong></span> <span class='ocrx_word' id='word_1_137' title='bbox 1552 1554 1692 1611; x_wconf 91' lang='lat' dir='ltr'><strong>contem-</strong></span> 
     </span>
     <span class='ocr_line' id='line_1_12' title="bbox 133 1641 1694 1729; baseline 0.003 -24"><span class='ocrx_word' id='word_1_138' title='bbox 133 1661 198 1705; x_wconf 92' lang='lat' dir='ltr'><strong>non</strong></span> <span class='ocrx_word' id='word_1_139' title='bbox 231 1643 389 1724; x_wconf 88' lang='lat' dir='ltr'><strong>poenitent</strong></span> <span class='ocrx_word' id='word_1_140' title='bbox 416 1643 448 1704; x_wconf 94' lang='lat' dir='ltr'><strong>in</strong></span> <span class='ocrx_word' id='word_1_141' title='bbox 474 1648 628 1724; x_wconf 86' lang='lat' dir='ltr'><strong>qnantum</strong></span> <span class='ocrx_word' id='word_1_142' title='bbox 656 1649 731 1704; x_wconf 93' lang='lat' dir='ltr'><strong>sunt</strong></span> <span class='ocrx_word' id='word_1_143' title='bbox 759 1641 889 1704; x_wconf 86' lang='lat' dir='ltr'><strong>offensi·</strong></span> <span class='ocrx_word' id='word_1_144' title='bbox 945 1651 1049 1724; x_wconf 88' lang='lat' dir='ltr'><strong>ptum,</strong></span> <span class='ocrx_word' id='word_1_145' title='bbox 1081 1663 1137 1727; x_wconf 90' lang='lat' dir='ltr'><strong>per</strong></span> <span class='ocrx_word' id='word_1_146' title='bbox 1168 1663 1239 1727; x_wconf 86' lang='lat' dir='ltr'><strong>quae</strong></span> <span class='ocrx_word' id='word_1_147' title='bbox 1269 1645 1371 1729; x_wconf 82' lang='lat' dir='ltr'><strong>culpae</strong></span> <span class='ocrx_word' id='word_1_148' title='bbox 1401 1645 1471 1726; x_wconf 86' lang='lat' dir='ltr'><strong>ejus</strong></span> <span class='ocrx_word' id='word_1_149' title='bbox 1501 1645 1694 1727; x_wconf 83' lang='lat' dir='ltr'><strong>quotidianae</strong></span> 
     </span>
     <span class='ocr_line' id='line_1_13' title="bbox 133 1740 1693 1826; baseline 0.003 -24"><span class='ocrx_word' id='word_1_150' title='bbox 133 1760 173 1803; x_wconf 89' lang='lat' dir='ltr'><strong>va</strong></span> <span class='ocrx_word' id='word_1_151' title='bbox 200 1741 257 1802; x_wconf 86' lang='lat' dir='ltr'><strong>Dei</strong></span> <span class='ocrx_word' id='word_1_152' title='bbox 280 1747 312 1802; x_wconf 91' lang='lat' dir='ltr'><strong>et</strong></span> <span class='ocrx_word' id='word_1_153' title='bbox 334 1741 568 1803; x_wconf 80' lang='lat' dir='ltr'><strong>deformitatem</strong></span> <span class='ocrx_word' id='word_1_154' title='bbox 593 1740 754 1814; x_wconf 89' lang='lat' dir='ltr'><strong>habentia,</strong></span> <span class='ocrx_word' id='word_1_155' title='bbox 774 1741 828 1802; x_wconf 91' lang='lat' dir='ltr'><strong>sed</strong></span> <span class='ocrx_word' id='word_1_156' title='bbox 856 1740 888 1802; x_wconf 93' lang='lat' dir='ltr'><strong>in</strong></span> <span class='ocrx_word' id='word_1_157' title='bbox 946 1743 1037 1824; x_wconf 89' lang='lat' dir='ltr'><strong>quasi</strong></span> <span class='ocrx_word' id='word_1_158' title='bbox 1063 1743 1248 1825; x_wconf 88' lang='lat' dir='ltr'><strong>perignem</strong></span> <span class='ocrx_word' id='word_1_159' title='bbox 1272 1752 1412 1826; x_wconf 73' lang='lat' dir='ltr'><strong>purgata</strong></span> <span class='ocrx_word' id='word_1_160' title='bbox 1436 1751 1519 1806; x_wconf 90' lang='lat' dir='ltr'><strong>sunt.</strong></span> <span class='ocrx_word' id='word_1_161' title='bbox 1537 1745 1693 1826; x_wconf 89' lang='lat' dir='ltr'><strong>Pauperes</strong></span> 
     </span>
     <span class='ocr_line' id='line_1_14' title="bbox 133 1836 1693 1925; baseline 0.003 -24"><span class='ocrx_word' id='word_1_162' title='bbox 133 1849 293 1922; x_wconf 88' lang='lat' dir='ltr'><strong>quantum</strong></span> <span class='ocrx_word' id='word_1_163' title='bbox 321 1849 396 1902; x_wconf 91' lang='lat' dir='ltr'><strong>sunt</strong></span> <span class='ocrx_word' id='word_1_164' title='bbox 425 1841 471 1903; x_wconf 92' lang='lat' dir='ltr'><strong>eis</strong></span> <span class='ocrx_word' id='word_1_165' title='bbox 496 1859 591 1902; x_wconf 90' lang='lat' dir='ltr'><strong>causa</strong></span> <span class='ocrx_word' id='word_1_166' title='bbox 616 1841 694 1902; x_wconf 87' lang='lat' dir='ltr'><strong>tanti</strong></span> <span class='ocrx_word' id='word_1_167' title='bbox 724 1839 886 1923; x_wconf 91' lang='lat' dir='ltr'><strong>supplicii.</strong></span> <span class='ocrx_word' id='word_1_168' title='bbox 907 1836 1032 1923; x_wconf 87' lang='lat' dir='ltr'><strong>Bergo,</strong></span> <span class='ocrx_word' id='word_1_169' title='bbox 1049 1849 1081 1904; x_wconf 89' lang='lat' dir='ltr'><strong>et</strong></span> <span class='ocrx_word' id='word_1_170' title='bbox 1105 1843 1131 1904; x_wconf 91' lang='lat' dir='ltr'><strong>si</strong></span> <span class='ocrx_word' id='word_1_171' title='bbox 1156 1843 1332 1906; x_wconf 89' lang='lat' dir='ltr'><strong>defectuosi</strong></span> <span class='ocrx_word' id='word_1_172' title='bbox 1357 1850 1541 1925; x_wconf 88' lang='lat' dir='ltr'><strong>appareant,</strong></span> <span class='ocrx_word' id='word_1_173' title='bbox 1562 1861 1624 1906; x_wconf 91' lang='lat' dir='ltr'><strong>non</strong></span> <span class='ocrx_word' id='word_1_174' title='bbox 1649 1852 1693 1905; x_wconf 88' lang='lat' dir='ltr'><strong>ta-</strong></span> 
     </span>
     <span class='ocr_line' id='line_1_15' title="bbox 133 1937 1694 2025; baseline 0.003 -25"><span class='ocrx_word' id='word_1_175' title='bbox 133 1939 195 2000; x_wconf 85' lang='lat' dir='ltr'><strong>Sed</strong></span> <span class='ocrx_word' id='word_1_176' title='bbox 212 1946 245 2000; x_wconf 89' lang='lat' dir='ltr'><strong>et</strong></span> <span class='ocrx_word' id='word_1_177' title='bbox 259 1939 350 2002; x_wconf 89' lang='lat' dir='ltr'><strong>dives</strong></span> <span class='ocrx_word' id='word_1_178' title='bbox 365 1939 424 2001; x_wconf 88' lang='lat' dir='ltr'><strong>iste</strong></span> <span class='ocrx_word' id='word_1_179' title='bbox 440 1938 532 2021; x_wconf 88' lang='lat' dir='ltr'><strong>petiit</strong></span> <span class='ocrx_word' id='word_1_180' title='bbox 546 1938 609 2000; x_wconf 90' lang='lat' dir='ltr'><strong>sibi</strong></span> <span class='ocrx_word' id='word_1_181' title='bbox 627 1937 771 2000; x_wconf 89' lang='lat' dir='ltr'><strong>misereri</strong></span> <span class='ocrx_word' id='word_1_182' title='bbox 793 1957 890 2020; x_wconf 91' lang='lat' dir='ltr'><strong>quan·</strong></span> <span class='ocrx_word' id='word_1_183' title='bbox 947 1959 1020 2002; x_wconf 89' lang='lat' dir='ltr'><strong>men</strong></span> <span class='ocrx_word' id='word_1_184' title='bbox 1051 1940 1221 2022; x_wconf 89' lang='lat' dir='ltr'><strong>spernendi</strong></span> <span class='ocrx_word' id='word_1_185' title='bbox 1251 1949 1335 2014; x_wconf 90' lang='lat' dir='ltr'><strong>sunt,</strong></span> <span class='ocrx_word' id='word_1_186' title='bbox 1361 1942 1437 2023; x_wconf 87' lang='lat' dir='ltr'><strong>quia</strong></span> <span class='ocrx_word' id='word_1_187' title='bbox 1466 1941 1608 2004; x_wconf 79' lang='lat' dir='ltr'><strong>fortassis</strong></span> <span class='ocrx_word' id='word_1_188' title='bbox 1637 1960 1694 2025; x_wconf 90' lang='lat' dir='ltr'><strong>pro</strong></span> 
     </span>
     <span class='ocr_line' id='line_1_16' title="bbox 134 2037 1694 2122; baseline 0.002 -23"><span class='ocrx_word' id='word_1_189' title='bbox 134 2044 205 2100; x_wconf 89' lang='lat' dir='ltr'><strong>tum</strong></span> <span class='ocrx_word' id='word_1_190' title='bbox 238 2039 277 2100; x_wconf 91' lang='lat' dir='ltr'><strong>ad</strong></span> <span class='ocrx_word' id='word_1_191' title='bbox 309 2057 411 2121; x_wconf 80' lang='lat' dir='ltr'><strong>poenae</strong></span> <span class='ocrx_word' id='word_1_192' title='bbox 440 2037 684 2119; x_wconf 89' lang='lat' dir='ltr'><strong>mitigationem,</strong></span> <span class='ocrx_word' id='word_1_193' title='bbox 707 2055 769 2100; x_wconf 92' lang='lat' dir='ltr'><strong>non</strong></span> <span class='ocrx_word' id='word_1_194' title='bbox 792 2056 890 2119; x_wconf 88' lang='lat' dir='ltr'><strong>quan·</strong></span> <span class='ocrx_word' id='word_1_195' title='bbox 946 2038 1051 2121; x_wconf 90' lang='lat' dir='ltr'><strong>culpis</strong></span> <span class='ocrx_word' id='word_1_196' title='bbox 1066 2037 1133 2100; x_wconf 89' lang='lat' dir='ltr'><strong>suis</strong></span> <span class='ocrx_word' id='word_1_197' title='bbox 1154 2038 1186 2100; x_wconf 92' lang='lat' dir='ltr'><strong>in</strong></span> <span class='ocrx_word' id='word_1_198' title='bbox 1202 2038 1261 2100; x_wconf 88' lang='lat' dir='ltr'><strong>hac</strong></span> <span class='ocrx_word' id='word_1_199' title='bbox 1277 2039 1342 2102; x_wconf 89' lang='lat' dir='ltr'><strong>vita</strong></span> <span class='ocrx_word' id='word_1_200' title='bbox 1360 2039 1555 2120; x_wconf 86' lang='lat' dir='ltr'><strong>castigantur</strong></span> <span class='ocrx_word' id='word_1_201' title='bbox 1567 2047 1602 2102; x_wconf 87' lang='lat' dir='ltr'><strong>et</strong></span> <span class='ocrx_word' id='word_1_202' title='bbox 1620 2059 1694 2122; x_wconf 93' lang='lat' dir='ltr'><strong>pur-</strong></span> 
     </span>
     <span class='ocr_line' id='line_1_17' title="bbox 135 2135 1696 2218; baseline 0.001 -20"><span class='ocrx_word' id='word_1_203' title='bbox 135 2144 206 2198; x_wconf 91' lang='lat' dir='ltr'><strong>tum</strong></span> <span class='ocrx_word' id='word_1_204' title='bbox 229 2137 268 2198; x_wconf 93' lang='lat' dir='ltr'><strong>ad</strong></span> <span class='ocrx_word' id='word_1_205' title='bbox 289 2137 391 2218; x_wconf 77' lang='lat' dir='ltr'><strong>culpas</strong></span> <span class='ocrx_word' id='word_1_206' title='bbox 413 2137 617 2200; x_wconf 89' lang='lat' dir='ltr'><strong>ablationem.</strong></span> <span class='ocrx_word' id='word_1_207' title='bbox 638 2137 716 2200; x_wconf 88' lang='lat' dir='ltr'><strong>Nam</strong></span> <span class='ocrx_word' id='word_1_208' title='bbox 738 2135 888 2198; x_wconf 88' lang='lat' dir='ltr'><strong>addidit:</strong></span> <span class='ocrx_word' id='word_1_209' title='bbox 946 2143 1061 2215; x_wconf 82' lang='lat' dir='ltr'><strong>gantur</strong></span> <span class='ocrx_word' id='word_1_210' title='bbox 1084 2154 1103 2197; x_wconf 91' lang='lat' dir='ltr'><strong>a</strong></span> <span class='ocrx_word' id='word_1_211' title='bbox 1130 2136 1194 2198; x_wconf 84' lang='lat' dir='ltr'><strong>lieo</strong></span> <span class='ocrx_word' id='word_1_212' title='bbox 1224 2154 1281 2217; x_wconf 91' lang='lat' dir='ltr'><strong>per</strong></span> <span class='ocrx_word' id='word_1_213' title='bbox 1309 2154 1379 2198; x_wconf 88' lang='lat' dir='ltr'><strong>eam</strong></span> <span class='ocrx_word' id='word_1_214' title='bbox 1410 2153 1505 2216; x_wconf 89' lang='lat' dir='ltr'><strong>quam</strong></span> <span class='ocrx_word' id='word_1_215' title='bbox 1537 2136 1696 2200; x_wconf 88' lang='lat' dir='ltr'><strong>sustinent</strong></span> 
     </span>
    </p>

    <p class='ocr_par' dir='ltr' id='par_1_6' title="bbox 136 2232 1839 3496">
     <span class='ocr_line' id='line_1_18' title="bbox 178 2232 1696 2315; baseline 0.001 -19"><span class='ocrx_word' id='word_1_216' title='bbox 178 2238 223 2296; x_wconf 84' lang='lat' dir='ltr'><strong>Et</strong></span> <span class='ocrx_word' id='word_1_217' title='bbox 247 2237 339 2295; x_wconf 82' lang='lat' dir='ltr'><strong>mitte</strong></span> <span class='ocrx_word' id='word_1_218' title='bbox 360 2239 541 2305; x_wconf 75' lang='lat' dir='ltr'><strong>Lazarum,</strong></span> <span class='ocrx_word' id='word_1_219' title='bbox 557 2234 587 2296; x_wconf 94' lang='lat' dir='ltr'><strong>id</strong></span> <span class='ocrx_word' id='word_1_220' title='bbox 613 2241 673 2310; x_wconf 89' lang='lat' dir='ltr'><strong>est,</strong></span> <span class='ocrx_word' id='word_1_221' title='bbox 689 2235 791 2315; x_wconf 81' lang='lat' dir='ltr'><strong>dirige</strong></span> <span class='ocrx_word' id='word_1_222' title='bbox 815 2252 888 2296; x_wconf 92' lang='lat' dir='ltr'><strong>eum</strong></span> <span class='ocrx_word' id='word_1_223' title='bbox 948 2240 1176 2315; x_wconf 85' lang='lat' dir='ltr'><strong>paupertatem.</strong></span> <span class='ocrx_word' id='word_1_224' title='bbox 1194 2233 1288 2295; x_wconf 90' lang='lat' dir='ltr'><strong>Porro</strong></span> <span class='ocrx_word' id='word_1_225' title='bbox 1303 2232 1468 2307; x_wconf 90' lang='lat' dir='ltr'><strong>divitibus,</strong></span> <span class='ocrx_word' id='word_1_226' title='bbox 1483 2233 1579 2296; x_wconf 89' lang='lat' dir='ltr'><strong>etiam</strong></span> <span class='ocrx_word' id='word_1_227' title='bbox 1599 2234 1626 2296; x_wconf 90' lang='lat' dir='ltr'><strong>si</strong></span> <span class='ocrx_word' id='word_1_228' title='bbox 1641 2233 1696 2298; x_wconf 77' lang='lat' dir='ltr'><strong>bo</strong></span> 
     </span>
     <span class='ocr_line' id='line_1_19' title="bbox 136 2330 1695 2411; baseline -0.001 -16"><span class='ocrx_word' id='word_1_229' title='bbox 136 2333 175 2395; x_wconf 90' lang='lat' dir='ltr'><strong>ad</strong></span> <span class='ocrx_word' id='word_1_230' title='bbox 203 2352 268 2406; x_wconf 90' lang='lat' dir='ltr'><strong>me,</strong></span> <span class='ocrx_word' id='word_1_231' title='bbox 285 2343 321 2394; x_wconf 84' lang='lat' dir='ltr'><strong>ut</strong></span> <span class='ocrx_word' id='word_1_232' title='bbox 343 2335 489 2411; x_wconf 67' lang='lat' dir='ltr'><strong>intingat</strong></span> <span class='ocrx_word' id='word_1_233' title='bbox 510 2343 693 2392; x_wconf 74' lang='lat' dir='ltr'><strong>extremam</strong></span> <span class='ocrx_word' id='word_1_234' title='bbox 717 2335 819 2409; x_wconf 73' lang='lat' dir='ltr'><strong>digiti</strong></span> <span class='ocrx_word' id='word_1_235' title='bbox 838 2334 891 2392; x_wconf 83' lang='lat' dir='ltr'><strong>sui</strong></span> <span class='ocrx_word' id='word_1_236' title='bbox 947 2333 979 2394; x_wconf 94' lang='lat' dir='ltr'><strong>ni</strong></span> <span class='ocrx_word' id='word_1_237' title='bbox 1003 2333 1077 2404; x_wconf 85' lang='lat' dir='ltr'><strong>sint,</strong></span> <span class='ocrx_word' id='word_1_238' title='bbox 1094 2331 1227 2394; x_wconf 92' lang='lat' dir='ltr'><strong>omnino</strong></span> <span class='ocrx_word' id='word_1_239' title='bbox 1250 2330 1428 2393; x_wconf 89' lang='lat' dir='ltr'><strong>timendum</strong></span> <span class='ocrx_word' id='word_1_240' title='bbox 1452 2338 1500 2394; x_wconf 90' lang='lat' dir='ltr'><strong>est</strong></span> <span class='ocrx_word' id='word_1_241' title='bbox 1523 2350 1563 2393; x_wconf 90' lang='lat' dir='ltr'><strong>ne</strong></span> <span class='ocrx_word' id='word_1_242' title='bbox 1588 2331 1695 2396; x_wconf 79' lang='lat' dir='ltr'><strong>forsan</strong></span> 
     </span>
     <span class='ocr_line' id='line_1_20' title="bbox 137 2428 1696 2512; baseline 0.002 -22"><span class='ocrx_word' id='word_1_243' title='bbox 137 2435 174 2492; x_wconf 84' lang='lat' dir='ltr'><strong>in</strong></span> <span class='ocrx_word' id='word_1_244' title='bbox 191 2452 325 2511; x_wconf 78' lang='lat' dir='ltr'><strong>aquam,</strong></span> <span class='ocrx_word' id='word_1_245' title='bbox 337 2431 369 2494; x_wconf 90' lang='lat' dir='ltr'><strong>id</strong></span> <span class='ocrx_word' id='word_1_246' title='bbox 385 2439 443 2504; x_wconf 90' lang='lat' dir='ltr'><strong>est,</strong></span> <span class='ocrx_word' id='word_1_247' title='bbox 458 2439 492 2492; x_wconf 89' lang='lat' dir='ltr'><strong>ut</strong></span> <span class='ocrx_word' id='word_1_248' title='bbox 507 2430 619 2492; x_wconf 90' lang='lat' dir='ltr'><strong>saltem</strong></span> <span class='ocrx_word' id='word_1_249' title='bbox 636 2431 796 2493; x_wconf 91' lang='lat' dir='ltr'><strong>modicum</strong></span> <span class='ocrx_word' id='word_1_250' title='bbox 813 2429 890 2510; x_wconf 91' lang='lat' dir='ltr'><strong>qnid</strong></span> <span class='ocrx_word' id='word_1_251' title='bbox 947 2447 1005 2512; x_wconf 92' lang='lat' dir='ltr'><strong>pro</strong></span> <span class='ocrx_word' id='word_1_252' title='bbox 1029 2428 1122 2492; x_wconf 89' lang='lat' dir='ltr'><strong>bonis</strong></span> <span class='ocrx_word' id='word_1_253' title='bbox 1145 2448 1215 2510; x_wconf 78' lang='lat' dir='ltr'><strong>quta</strong></span> <span class='ocrx_word' id='word_1_254' title='bbox 1238 2436 1345 2510; x_wconf 90' lang='lat' dir='ltr'><strong>agunt,</strong></span> <span class='ocrx_word' id='word_1_255' title='bbox 1364 2429 1396 2492; x_wconf 92' lang='lat' dir='ltr'><strong>in</strong></span> <span class='ocrx_word' id='word_1_256' title='bbox 1418 2430 1568 2511; x_wconf 70' lang='lat' dir='ltr'><strong>praesenti</strong></span> <span class='ocrx_word' id='word_1_257' title='bbox 1589 2450 1608 2493; x_wconf 90' lang='lat' dir='ltr'><strong>a</strong></span> <span class='ocrx_word' id='word_1_258' title='bbox 1633 2431 1696 2493; x_wconf 88' lang='lat' dir='ltr'><strong>Deo</strong></span> 
     </span>
     <span class='ocr_line' id='line_1_21' title="bbox 137 2527 1696 2610; baseline -0.001 -18"><span class='ocrx_word' id='word_1_259' title='bbox 137 2529 365 2592; x_wconf 82' lang='lat' dir='ltr'><strong>subventionis</strong></span> <span class='ocrx_word' id='word_1_260' title='bbox 380 2549 436 2591; x_wconf 91' lang='lat' dir='ltr'><strong>seu</strong></span> <span class='ocrx_word' id='word_1_261' title='bbox 453 2528 658 2592; x_wconf 87' lang='lat' dir='ltr'><strong>relevaminis</strong></span> <span class='ocrx_word' id='word_1_262' title='bbox 675 2529 754 2591; x_wconf 90' lang='lat' dir='ltr'><strong>mibi</strong></span> <span class='ocrx_word' id='word_1_263' title='bbox 771 2529 893 2609; x_wconf 92' lang='lat' dir='ltr'><strong>impen-</strong></span> <span class='ocrx_word' id='word_1_264' title='bbox 947 2528 1238 2602; x_wconf 83' lang='lat' dir='ltr'><strong>remunerationem</strong></span> <span class='ocrx_word' id='word_1_265' title='bbox 1254 2527 1422 2610; x_wconf 89' lang='lat' dir='ltr'><strong>accipiant.</strong></span> <span class='ocrx_word' id='word_1_266' title='bbox 1430 2527 1510 2590; x_wconf 86' lang='lat' dir='ltr'><strong>Hinc</strong></span> <span class='ocrx_word' id='word_1_267' title='bbox 1526 2528 1696 2609; x_wconf 78' lang='lat' dir='ltr'><strong>Gregorius</strong></span> 
     </span>
     <span class='ocr_line' id='line_1_22' title="bbox 136 2626 1696 2709; baseline -0.001 -19"><span class='ocrx_word' id='word_1_268' title='bbox 136 2628 199 2690; x_wconf 88' lang='lat' dir='ltr'><strong>dat.</strong></span> <span class='ocrx_word' id='word_1_269' title='bbox 226 2627 370 2690; x_wconf 81' lang='lat' dir='ltr'><strong>Christus</strong></span> <span class='ocrx_word' id='word_1_270' title='bbox 394 2635 500 2689; x_wconf 89' lang='lat' dir='ltr'><strong>autem</strong></span> <span class='ocrx_word' id='word_1_271' title='bbox 526 2627 585 2689; x_wconf 92' lang='lat' dir='ltr'><strong>hoc</strong></span> <span class='ocrx_word' id='word_1_272' title='bbox 611 2626 690 2701; x_wconf 91' lang='lat' dir='ltr'><strong>loco,</strong></span> <span class='ocrx_word' id='word_1_273' title='bbox 712 2626 892 2709; x_wconf 90' lang='lat' dir='ltr'><strong>spiritualia</strong></span> <span class='ocrx_word' id='word_1_274' title='bbox 946 2627 1138 2707; x_wconf 88' lang='lat' dir='ltr'><strong>Boetiusque</strong></span> <span class='ocrx_word' id='word_1_275' title='bbox 1153 2627 1414 2707; x_wconf 87' lang='lat' dir='ltr'><strong>testantur‚qu0d</strong></span> <span class='ocrx_word' id='word_1_276' title='bbox 1430 2626 1577 2708; x_wconf 89' lang='lat' dir='ltr'><strong>quamvis</strong></span> <span class='ocrx_word' id='word_1_277' title='bbox 1592 2626 1696 2689; x_wconf 90' lang='lat' dir='ltr'><strong>occul·</strong></span> 
     </span>
     <span class='ocr_line' id='line_1_23' title="bbox 138 2725 1696 2809; baseline 0 -22"><span class='ocrx_word' id='word_1_278' title='bbox 138 2745 195 2809; x_wconf 92' lang='lat' dir='ltr'><strong>per</strong></span> <span class='ocrx_word' id='word_1_279' title='bbox 221 2726 399 2808; x_wconf 88' lang='lat' dir='ltr'><strong>corporalia</strong></span> <span class='ocrx_word' id='word_1_280' title='bbox 426 2726 642 2808; x_wconf 88' lang='lat' dir='ltr'><strong>metaphorice</strong></span> <span class='ocrx_word' id='word_1_281' title='bbox 667 2725 829 2808; x_wconf 81' lang='lat' dir='ltr'><strong>exprimit,</strong></span> <span class='ocrx_word' id='word_1_282' title='bbox 857 2731 891 2786; x_wconf 89' lang='lat' dir='ltr'><strong>ut</strong></span> <span class='ocrx_word' id='word_1_283' title='bbox 946 2733 976 2786; x_wconf 89' lang='lat' dir='ltr'><strong>ta</strong></span> <span class='ocrx_word' id='word_1_284' title='bbox 996 2725 1060 2786; x_wconf 89' lang='lat' dir='ltr'><strong>sint</strong></span> <span class='ocrx_word' id='word_1_285' title='bbox 1079 2725 1134 2788; x_wconf 86' lang='lat' dir='ltr'><strong>Dei</strong></span> <span class='ocrx_word' id='word_1_286' title='bbox 1156 2725 1288 2805; x_wconf 89' lang='lat' dir='ltr'><strong>judicia,</strong></span> <span class='ocrx_word' id='word_1_287' title='bbox 1306 2725 1382 2786; x_wconf 92' lang='lat' dir='ltr'><strong>dum</strong></span> <span class='ocrx_word' id='word_1_288' title='bbox 1404 2725 1548 2807; x_wconf 90' lang='lat' dir='ltr'><strong>reprobis</strong></span> <span class='ocrx_word' id='word_1_289' title='bbox 1567 2743 1696 2807; x_wconf 90' lang='lat' dir='ltr'><strong>prospe-</strong></span> 
     </span>
     <span class='ocr_line' id='line_1_24' title="bbox 138 2821 1696 2906; baseline 0.001 -22"><span class='ocrx_word' id='word_1_290' title='bbox 138 2824 355 2886; x_wconf 89' lang='lat' dir='ltr'><strong>communitas</strong></span> <span class='ocrx_word' id='word_1_291' title='bbox 380 2822 485 2906; x_wconf 88' lang='lat' dir='ltr'><strong>plebis</strong></span> <span class='ocrx_word' id='word_1_292' title='bbox 508 2823 675 2904; x_wconf 89' lang='lat' dir='ltr'><strong>intelligat,</strong></span> <span class='ocrx_word' id='word_1_293' title='bbox 702 2842 772 2904; x_wconf 73' lang='lat' dir='ltr'><strong>que</strong></span> <span class='ocrx_word' id='word_1_294' title='bbox 797 2821 889 2904; x_wconf 87' lang='lat' dir='ltr'><strong>spiri·</strong></span> <span class='ocrx_word' id='word_1_295' title='bbox 947 2843 991 2896; x_wconf 91' lang='lat' dir='ltr'><strong>ra,</strong></span> <span class='ocrx_word' id='word_1_296' title='bbox 1008 2831 1039 2885; x_wconf 90' lang='lat' dir='ltr'><strong>et</strong></span> <span class='ocrx_word' id='word_1_297' title='bbox 1054 2823 1165 2886; x_wconf 87' lang='lat' dir='ltr'><strong>electis</strong></span> <span class='ocrx_word' id='word_1_298' title='bbox 1180 2823 1312 2884; x_wconf 88' lang='lat' dir='ltr'><strong>adversa</strong></span> <span class='ocrx_word' id='word_1_299' title='bbox 1328 2823 1361 2884; x_wconf 93' lang='lat' dir='ltr'><strong>in</strong></span> <span class='ocrx_word' id='word_1_300' title='bbox 1379 2822 1525 2905; x_wconf 79' lang='lat' dir='ltr'><strong>praesenti</strong></span> <span class='ocrx_word' id='word_1_301' title='bbox 1542 2823 1696 2885; x_wconf 89' lang='lat' dir='ltr'><strong>eveniunt</strong></span> 
     </span>
     <span class='ocr_line' id='line_1_25' title="bbox 138 2920 1695 3004; baseline -0.001 -20"><span class='ocrx_word' id='word_1_302' title='bbox 138 2923 240 2984; x_wconf 90' lang='lat' dir='ltr'><strong>tualia</strong></span> <span class='ocrx_word' id='word_1_303' title='bbox 254 2922 286 2984; x_wconf 90' lang='lat' dir='ltr'><strong>in</strong></span> <span class='ocrx_word' id='word_1_304' title='bbox 302 2941 360 2984; x_wconf 91' lang='lat' dir='ltr'><strong>sua</strong></span> <span class='ocrx_word' id='word_1_305' title='bbox 374 2922 580 3004; x_wconf 83' lang='lat' dir='ltr'><strong>simplicitate</strong></span> <span class='ocrx_word' id='word_1_306' title='bbox 596 2940 659 2985; x_wconf 94' lang='lat' dir='ltr'><strong>non</strong></span> <span class='ocrx_word' id='word_1_307' title='bbox 675 2921 768 3004; x_wconf 90' lang='lat' dir='ltr'><strong>capit.</strong></span> <span class='ocrx_word' id='word_1_308' title='bbox 786 2925 829 2983; x_wconf 82' lang='lat' dir='ltr'><strong>Et</strong></span> <span class='ocrx_word' id='word_1_309' title='bbox 845 2941 891 2980; x_wconf 89' lang='lat' dir='ltr'><strong>re·</strong></span> <span class='ocrx_word' id='word_1_310' title='bbox 947 2922 1021 2990; x_wconf 89' lang='lat' dir='ltr'><strong>vita,</strong></span> <span class='ocrx_word' id='word_1_311' title='bbox 1046 2920 1215 2983; x_wconf 87' lang='lat' dir='ltr'><strong>secretiora</strong></span> <span class='ocrx_word' id='word_1_312' title='bbox 1240 2928 1347 2982; x_wconf 88' lang='lat' dir='ltr'><strong>tamen</strong></span> <span class='ocrx_word' id='word_1_313' title='bbox 1372 2928 1456 2994; x_wconf 88' lang='lat' dir='ltr'><strong>sunt,</strong></span> <span class='ocrx_word' id='word_1_314' title='bbox 1482 2921 1559 2982; x_wconf 93' lang='lat' dir='ltr'><strong>dum</strong></span> <span class='ocrx_word' id='word_1_315' title='bbox 1584 2920 1695 2982; x_wconf 88' lang='lat' dir='ltr'><strong>electis</strong></span> 
     </span>
     <span class='ocr_line' id='line_1_26' title="bbox 136 3017 1696 3102; baseline 0 -22"><span class='ocrx_word' id='word_1_316' title='bbox 136 3023 280 3098; x_wconf 74' lang='lat' dir='ltr'><strong>frigeret</strong></span> <span class='ocrx_word' id='word_1_317' title='bbox 296 3023 445 3098; x_wconf 73' lang='lat' dir='ltr'><strong>lingnam</strong></span> <span class='ocrx_word' id='word_1_318' title='bbox 461 3041 563 3080; x_wconf 83' lang='lat' dir='ltr'><strong>meam</strong></span> <span class='ocrx_word' id='word_1_319' title='bbox 580 3041 591 3080; x_wconf 96' lang='grc'><strong>.·</strong></span> <span class='ocrx_word' id='word_1_320' title='bbox 608 3021 638 3081; x_wconf 93' lang='lat' dir='ltr'><strong>in</strong></span> <span class='ocrx_word' id='word_1_321' title='bbox 659 3039 722 3102; x_wconf 91' lang='lat' dir='ltr'><strong>qua</strong></span> <span class='ocrx_word' id='word_1_322' title='bbox 738 3019 889 3101; x_wconf 89' lang='lat' dir='ltr'><strong>quoniam</strong></span> <span class='ocrx_word' id='word_1_323' title='bbox 909 3017 930 3079; x_wconf 87' lang='lat' dir='ltr'>C</span> <span class='ocrx_word' id='word_1_324' title='bbox 947 3036 1109 3102; x_wconf 91' lang='lat' dir='ltr'><strong>prospera,</strong></span> <span class='ocrx_word' id='word_1_325' title='bbox 1126 3037 1162 3080; x_wconf 89' lang='lat' dir='ltr'><strong>aa</strong></span> <span class='ocrx_word' id='word_1_326' title='bbox 1177 3017 1321 3100; x_wconf 91' lang='lat' dir='ltr'><strong>reprobis</strong></span> <span class='ocrx_word' id='word_1_327' title='bbox 1337 3037 1422 3080; x_wconf 90' lang='lat' dir='ltr'><strong>nunc</strong></span> <span class='ocrx_word' id='word_1_328' title='bbox 1438 3018 1628 3099; x_wconf 88' lang='lat' dir='ltr'><strong>contingunt</strong></span> <span class='ocrx_word' id='word_1_329' title='bbox 1642 3019 1696 3080; x_wconf 92' lang='lat' dir='ltr'><strong>ad-</strong></span> 
     </span>
     <span class='ocr_line' id='line_1_27' title="bbox 139 3116 1694 3202; baseline -0.002 -20"><span class='ocrx_word' id='word_1_330' title='bbox 139 3121 241 3201; x_wconf 90' lang='lat' dir='ltr'><strong>magis</strong></span> <span class='ocrx_word' id='word_1_331' title='bbox 258 3120 413 3202; x_wconf 88' lang='lat' dir='ltr'><strong>peccavit,</strong></span> <span class='ocrx_word' id='word_1_332' title='bbox 429 3127 494 3182; x_wconf 84' lang='lat' dir='ltr'><strong>tam</strong></span> <span class='ocrx_word' id='word_1_333' title='bbox 516 3139 573 3202; x_wconf 85' lang='lat' dir='ltr'><strong>per</strong></span> <span class='ocrx_word' id='word_1_334' title='bbox 591 3120 818 3183; x_wconf 88' lang='lat' dir='ltr'><strong>delectationes</strong></span> <span class='ocrx_word' id='word_1_335' title='bbox 836 3137 890 3199; x_wconf 91' lang='lat' dir='ltr'><strong>gu·</strong></span> <span class='ocrx_word' id='word_1_336' title='bbox 945 3136 1045 3180; x_wconf 85' lang='lat' dir='ltr'><strong>versa.</strong></span> <span class='ocrx_word' id='word_1_337' title='bbox 1063 3117 1160 3197; x_wconf 88' lang='lat' dir='ltr'><strong>lllagis</strong></span> <span class='ocrx_word' id='word_1_338' title='bbox 1177 3117 1283 3198; x_wconf 87' lang='lat' dir='ltr'><strong>itaque</strong></span> <span class='ocrx_word' id='word_1_339' title='bbox 1300 3116 1332 3178; x_wconf 94' lang='lat' dir='ltr'><strong>in</strong></span> <span class='ocrx_word' id='word_1_340' title='bbox 1352 3116 1494 3178; x_wconf 90' lang='lat' dir='ltr'><strong>adversis</strong></span> <span class='ocrx_word' id='word_1_341' title='bbox 1511 3135 1606 3198; x_wconf 92' lang='lat' dir='ltr'><strong>quam</strong></span> <span class='ocrx_word' id='word_1_342' title='bbox 1623 3135 1694 3199; x_wconf 92' lang='lat' dir='ltr'><strong>pro-</strong></span> 
     </span>
     <span class='ocr_line' id='line_1_28' title="bbox 138 3215 1693 3300; baseline -0.001 -20"><span class='ocrx_word' id='word_1_343' title='bbox 138 3227 206 3280; x_wconf 88' lang='lat' dir='ltr'><strong>stus</strong></span> <span class='ocrx_word' id='word_1_344' title='bbox 228 3217 261 3280; x_wconf 93' lang='lat' dir='ltr'><strong>in</strong></span> <span class='ocrx_word' id='word_1_345' title='bbox 283 3217 365 3280; x_wconf 92' lang='lat' dir='ltr'><strong>cibis</strong></span> <span class='ocrx_word' id='word_1_346' title='bbox 385 3237 421 3280; x_wconf 85' lang='lat' dir='ltr'><strong>ae</strong></span> <span class='ocrx_word' id='word_1_347' title='bbox 441 3217 580 3299; x_wconf 90' lang='lat' dir='ltr'><strong>potibus,</strong></span> <span class='ocrx_word' id='word_1_348' title='bbox 598 3236 693 3300; x_wconf 90' lang='lat' dir='ltr'><strong>quam</strong></span> <span class='ocrx_word' id='word_1_349' title='bbox 717 3236 775 3300; x_wconf 89' lang='lat' dir='ltr'><strong>per</strong></span> <span class='ocrx_word' id='word_1_350' title='bbox 794 3216 891 3280; x_wconf 88' lang='lat' dir='ltr'><strong>verba</strong></span> <span class='ocrx_word' id='word_1_351' title='bbox 946 3217 1048 3299; x_wconf 90' lang='lat' dir='ltr'><strong>speris</strong></span> <span class='ocrx_word' id='word_1_352' title='bbox 1063 3224 1109 3278; x_wconf 91' lang='lat' dir='ltr'><strong>est</strong></span> <span class='ocrx_word' id='word_1_353' title='bbox 1125 3215 1339 3296; x_wconf 88' lang='lat' dir='ltr'><strong>gaudendum.</strong></span> <span class='ocrx_word' id='word_1_354' title='bbox 1357 3215 1487 3296; x_wconf 89' lang='lat' dir='ltr'><strong>Propter</strong></span> <span class='ocrx_word' id='word_1_355' title='bbox 1502 3215 1587 3296; x_wconf 90' lang='lat' dir='ltr'><strong>quod</strong></span> <span class='ocrx_word' id='word_1_356' title='bbox 1606 3216 1693 3279; x_wconf 84' lang='lat' dir='ltr'><strong>Jaco-</strong></span> 
     </span>
     <span class='ocr_line' id='line_1_29' title="bbox 138 3313 1839 3398; baseline -0.001 -20"><span class='ocrx_word' id='word_1_357' title='bbox 138 3317 258 3390; x_wconf 91' lang='lat' dir='ltr'><strong>inania,</strong></span> <span class='ocrx_word' id='word_1_358' title='bbox 272 3335 342 3398; x_wconf 84' lang='lat' dir='ltr'><strong>quae</strong></span> <span class='ocrx_word' id='word_1_359' title='bbox 358 3315 522 3378; x_wconf 88' lang='lat' dir='ltr'><strong>abundant</strong></span> <span class='ocrx_word' id='word_1_360' title='bbox 537 3317 568 3378; x_wconf 92' lang='lat' dir='ltr'><strong>in</strong></span> <span class='ocrx_word' id='word_1_361' title='bbox 585 3317 725 3398; x_wconf 89' lang='lat' dir='ltr'><strong>crapula,</strong></span> <span class='ocrx_word' id='word_1_362' title='bbox 738 3317 809 3379; x_wconf 89' lang='lat' dir='ltr'><strong>ideo</strong></span> <span class='ocrx_word' id='word_1_363' title='bbox 825 3334 890 3378; x_wconf 85' lang='lat' dir='ltr'><strong>ma·</strong></span> <span class='ocrx_word' id='word_1_364' title='bbox 947 3315 1006 3377; x_wconf 93' lang='lat' dir='ltr'><strong>bus</strong></span> <span class='ocrx_word' id='word_1_365' title='bbox 1020 3313 1187 3377; x_wconf 88' lang='lat' dir='ltr'><strong>ait:0mne</strong></span> <span class='ocrx_word' id='word_1_366' title='bbox 1202 3313 1354 3394; x_wconf 84' lang='lat' dir='ltr'><strong>gaudium</strong></span> <span class='ocrx_word' id='word_1_367' title='bbox 1369 3313 1559 3387; x_wconf 80' lang='lat' dir='ltr'><strong>existimate,</strong></span> <span class='ocrx_word' id='word_1_368' title='bbox 1570 3313 1691 3388; x_wconf 89' lang='lat' dir='ltr'><strong>fratres,</strong></span> <span class='ocrx_word' id='word_1_369' title='bbox 1712 3340 1839 3394; x_wconf 58' lang='lat' dir='ltr'><strong>imm,</strong></span> 
     </span>
     <span class='ocr_line' id='line_1_30' title="bbox 137 3410 1630 3496; baseline -0.001 -20"><span class='ocrx_word' id='word_1_370' title='bbox 137 3415 186 3494; x_wconf 91' lang='lat' dir='ltr'><strong>gis</strong></span> <span class='ocrx_word' id='word_1_371' title='bbox 203 3414 319 3496; x_wconf 90' lang='lat' dir='ltr'><strong>petivit</strong></span> <span class='ocrx_word' id='word_1_372' title='bbox 334 3413 509 3476; x_wconf 88' lang='lat' dir='ltr'><strong>relevamen</strong></span> <span class='ocrx_word' id='word_1_373' title='bbox 526 3433 590 3476; x_wconf 76' lang='lat' dir='ltr'><strong>sua</strong></span> <span class='ocrx_word' id='word_1_374' title='bbox 605 3431 706 3496; x_wconf 84' lang='lat' dir='ltr'><strong>poenae</strong></span> <span class='ocrx_word' id='word_1_375' title='bbox 723 3413 756 3475; x_wconf 94' lang='lat' dir='ltr'><strong>in</strong></span> <span class='ocrx_word' id='word_1_376' title='bbox 772 3412 888 3493; x_wconf 91' lang='lat' dir='ltr'><strong>lingua.</strong></span> <span class='ocrx_word' id='word_1_377' title='bbox 946 3432 1046 3494; x_wconf 91' lang='lat' dir='ltr'><strong>quum</strong></span> <span class='ocrx_word' id='word_1_378' title='bbox 1064 3412 1096 3473; x_wconf 94' lang='lat' dir='ltr'><strong>in</strong></span> <span class='ocrx_word' id='word_1_379' title='bbox 1113 3413 1215 3474; x_wconf 88' lang='lat' dir='ltr'><strong>varias</strong></span> <span class='ocrx_word' id='word_1_380' title='bbox 1233 3410 1422 3473; x_wconf 88' lang='lat' dir='ltr'><strong>tentationes</strong></span> <span class='ocrx_word' id='word_1_381' title='bbox 1443 3410 1630 3474; x_wconf 79' lang='lat' dir='ltr'><strong>incideritis</strong></span> 
     </span>
    </p>
   </div>
   <div class='ocr_carea' id='block_1_6' title="bbox 14 3509 1694 3594">
    <p class='ocr_par' dir='ltr' id='par_1_7' title="bbox 14 3509 1694 3594">
     <span class='ocr_line' id='line_1_31' title="bbox 14 3509 1694 3594; baseline 0.001 -22"><span class='ocrx_word' id='word_1_382' title='bbox 14 3531 31 3568; x_wconf 77' lang='lat' dir='ltr'><strong>a</strong></span> <span class='ocrx_word' id='word_1_383' title='bbox 47 3545 85 3578; x_wconf 54' lang='lat' dir='ltr'><strong>a..</strong></span> <span class='ocrx_word' id='word_1_384' title='bbox 104 3535 123 3574; x_wconf 79' lang='lat' dir='ltr'><strong>r.</strong></span> <span class='ocrx_word' id='word_1_385' title='bbox 138 3513 196 3576; x_wconf 89' lang='lat' dir='ltr'><strong>Per</strong></span> <span class='ocrx_word' id='word_1_386' title='bbox 225 3531 297 3594; x_wconf 75' lang='lat' dir='ltr'><strong>quaa</strong></span> <span class='ocrx_word' id='word_1_387' title='bbox 324 3512 410 3574; x_wconf 89' lang='lat' dir='ltr'><strong>anim</strong></span> <span class='ocrx_word' id='word_1_388' title='bbox 438 3513 511 3594; x_wconf 86' lang='lat' dir='ltr'><strong>quis</strong></span> <span class='ocrx_word' id='word_1_389' title='bbox 538 3513 665 3594; x_wconf 92' lang='lat' dir='ltr'><strong>gravius</strong></span> <span class='ocrx_word' id='word_1_390' title='bbox 692 3519 812 3594; x_wconf 83' lang='lat' dir='ltr'><strong>peccat,</strong></span> <span class='ocrx_word' id='word_1_391' title='bbox 834 3530 891 3593; x_wconf 93' lang='lat' dir='ltr'><strong>per</strong></span> <span class='ocrx_word' id='word_1_392' title='bbox 987 3513 1085 3572; x_wconf 61' lang='lat' dir='ltr'><strong>illunc</strong></span> <span class='ocrx_word' id='word_1_393' title='bbox 1112 3519 1221 3570; x_wconf 83' lang='lat' dir='ltr'><strong>autem</strong></span> <span class='ocrx_word' id='word_1_394' title='bbox 1249 3511 1303 3568; x_wconf 74' lang='lat' dir='ltr'><strong>liic</strong></span> <span class='ocrx_word' id='word_1_395' title='bbox 1329 3513 1515 3569; x_wconf 82' lang='lat' dir='ltr'><strong>consolatur</strong></span> <span class='ocrx_word' id='word_1_396' title='bbox 1543 3509 1576 3572; x_wconf 92' lang='lat' dir='ltr'><strong>in</strong></span> <span class='ocrx_word' id='word_1_397' title='bbox 1608 3519 1694 3574; x_wconf 87' lang='lat' dir='ltr'><strong>certa</strong></span> 
     </span>
    </p>
   </div>
   <div class='ocr_carea' id='block_1_7' title="bbox 136 3607 1838 5363">
    <p class='ocr_par' dir='ltr' id='par_1_8' title="bbox 136 3607 1838 5363">
     <span class='ocr_line' id='line_1_32' title="bbox 138 3607 1692 3691; baseline -0.003 -18"><span class='ocrx_word' id='word_1_398' title='bbox 138 3612 206 3674; x_wconf 82' lang='lat' dir='ltr'><strong>baec</strong></span> <span class='ocrx_word' id='word_1_399' title='bbox 222 3619 253 3673; x_wconf 89' lang='lat' dir='ltr'><strong>et</strong></span> <span class='ocrx_word' id='word_1_400' title='bbox 271 3610 303 3672; x_wconf 90' lang='lat' dir='ltr'><strong>in</strong></span> <span class='ocrx_word' id='word_1_401' title='bbox 319 3609 369 3672; x_wconf 92' lang='lat' dir='ltr'><strong>his</strong></span> <span class='ocrx_word' id='word_1_402' title='bbox 385 3610 485 3690; x_wconf 91' lang='lat' dir='ltr'><strong>magis</strong></span> <span class='ocrx_word' id='word_1_403' title='bbox 502 3610 643 3691; x_wconf 89' lang='lat' dir='ltr'><strong>punitur.</strong></span> <span class='ocrx_word' id='word_1_404' title='bbox 662 3611 746 3678; x_wconf 81' lang='lat' dir='ltr'><strong>Quin</strong></span> <span class='ocrx_word' id='word_1_405' title='bbox 761 3611 891 3669; x_wconf 85' lang='lat' dir='ltr'><strong>crucior</strong></span> <span class='ocrx_word' id='word_1_406' title='bbox 947 3609 1184 3690; x_wconf 84' lang='lat' dir='ltr'><strong>exspectatione</strong></span> <span class='ocrx_word' id='word_1_407' title='bbox 1211 3607 1373 3670; x_wconf 87' lang='lat' dir='ltr'><strong>felicitatis</strong></span> <span class='ocrx_word' id='word_1_408' title='bbox 1396 3613 1531 3681; x_wconf 81' lang='lat' dir='ltr'><strong>aeternae,</strong></span> <span class='ocrx_word' id='word_1_409' title='bbox 1558 3617 1594 3668; x_wconf 82' lang='lat' dir='ltr'><strong>tu</strong></span> <span class='ocrx_word' id='word_1_410' title='bbox 1618 3629 1692 3668; x_wconf 86' lang='lat' dir='ltr'><strong>vero</strong></span> 
     </span>
     <span class='ocr_line' id='line_1_33' title="bbox 137 3704 1694 3789; baseline 0.001 -23"><span class='ocrx_word' id='word_1_411' title='bbox 137 3711 172 3769; x_wconf 82' lang='lat' dir='ltr'><strong>in</strong></span> <span class='ocrx_word' id='word_1_412' title='bbox 190 3711 252 3768; x_wconf 83' lang='lat' dir='ltr'><strong>flac</strong></span> <span class='ocrx_word' id='word_1_413' title='bbox 265 3707 555 3784; x_wconf 71' lang='lat' dir='ltr'><strong>flammaoualiter</strong></span> <span class='ocrx_word' id='word_1_414' title='bbox 570 3707 745 3789; x_wconf 90' lang='lat' dir='ltr'><strong>incorporei</strong></span> <span class='ocrx_word' id='word_1_415' title='bbox 760 3705 891 3788; x_wconf 89' lang='lat' dir='ltr'><strong>spiritus</strong></span> <span class='ocrx_word' id='word_1_416' title='bbox 946 3707 1110 3766; x_wconf 81' lang='lat' dir='ltr'><strong>crucieris</strong></span> <span class='ocrx_word' id='word_1_417' title='bbox 1133 3706 1277 3767; x_wconf 89' lang='lat' dir='ltr'><strong>cruciatu</strong></span> <span class='ocrx_word' id='word_1_418' title='bbox 1302 3712 1466 3787; x_wconf 89' lang='lat' dir='ltr'><strong>perpetuo.</strong></span> <span class='ocrx_word' id='word_1_419' title='bbox 1487 3704 1694 3778; x_wconf 85' lang='lat' dir='ltr'><strong>Quemadmo-</strong></span> 
     </span>
     <span class='ocr_line' id='line_1_34' title="bbox 137 3803 1695 3888; baseline -0.002 -19"><span class='ocrx_word' id='word_1_420' title='bbox 137 3807 177 3870; x_wconf 87' lang='lat' dir='ltr'><strong>ab</strong></span> <span class='ocrx_word' id='word_1_421' title='bbox 195 3808 270 3888; x_wconf 92' lang='lat' dir='ltr'><strong>igne</strong></span> <span class='ocrx_word' id='word_1_422' title='bbox 286 3823 438 3888; x_wconf 89' lang='lat' dir='ltr'><strong>corporeo</strong></span> <span class='ocrx_word' id='word_1_423' title='bbox 455 3805 652 3887; x_wconf 87' lang='lat' dir='ltr'><strong>affligantur,</strong></span> <span class='ocrx_word' id='word_1_424' title='bbox 669 3805 837 3886; x_wconf 85' lang='lat' dir='ltr'><strong>Gregorius</strong></span> <span class='ocrx_word' id='word_1_425' title='bbox 858 3804 889 3865; x_wconf 92' lang='lat' dir='ltr'><strong>in</strong></span> <span class='ocrx_word' id='word_1_426' title='bbox 947 3805 1023 3866; x_wconf 93' lang='lat' dir='ltr'><strong>dum</strong></span> <span class='ocrx_word' id='word_1_427' title='bbox 1039 3811 1144 3866; x_wconf 90' lang='lat' dir='ltr'><strong>autem</strong></span> <span class='ocrx_word' id='word_1_428' title='bbox 1162 3803 1265 3866; x_wconf 85' lang='lat' dir='ltr'><strong>omnis</strong></span> <span class='ocrx_word' id='word_1_429' title='bbox 1285 3803 1452 3865; x_wconf 89' lang='lat' dir='ltr'><strong>delectatio</strong></span> <span class='ocrx_word' id='word_1_430' title='bbox 1468 3803 1540 3866; x_wconf 83' lang='lat' dir='ltr'><strong>vitae</strong></span> <span class='ocrx_word' id='word_1_431' title='bbox 1558 3822 1695 3885; x_wconf 79' lang='lat' dir='ltr'><strong>praesen·</strong></span> 
     </span>
     <span class='ocr_line' id='line_1_35' title="bbox 137 3901 1696 3986; baseline -0.004 -18"><span class='ocrx_word' id='word_1_432' title='bbox 137 3905 282 3986; x_wconf 88' lang='lat' dir='ltr'><strong>Dialogo,</strong></span> <span class='ocrx_word' id='word_1_433' title='bbox 294 3904 490 3985; x_wconf 82' lang='lat' dir='ltr'><strong>Augustinus</strong></span> <span class='ocrx_word' id='word_1_434' title='bbox 505 3923 602 3986; x_wconf 91' lang='lat' dir='ltr'><strong>super</strong></span> <span class='ocrx_word' id='word_1_435' title='bbox 617 3903 776 3977; x_wconf 89' lang='lat' dir='ltr'><strong>Genesim,</strong></span> <span class='ocrx_word' id='word_1_436' title='bbox 794 3910 826 3966; x_wconf 89' lang='lat' dir='ltr'><strong>et</strong></span> <span class='ocrx_word' id='word_1_437' title='bbox 839 3903 892 3964; x_wconf 94' lang='lat' dir='ltr'><strong>do·</strong></span> <span class='ocrx_word' id='word_1_438' title='bbox 947 3902 988 3964; x_wconf 86' lang='lat' dir='ltr'><strong>tis</strong></span> <span class='ocrx_word' id='word_1_439' title='bbox 1005 3909 1227 3964; x_wconf 87' lang='lat' dir='ltr'><strong>momentanea</strong></span> <span class='ocrx_word' id='word_1_440' title='bbox 1242 3909 1289 3962; x_wconf 87' lang='lat' dir='ltr'><strong>est</strong></span> <span class='ocrx_word' id='word_1_441' title='bbox 1309 3901 1546 3982; x_wconf 89' lang='lat' dir='ltr'><strong>comparatione</strong></span> <span class='ocrx_word' id='word_1_442' title='bbox 1561 3901 1696 3963; x_wconf 89' lang='lat' dir='ltr'><strong>beatitu-</strong></span> 
     </span>
     <span class='ocr_line' id='line_1_36' title="bbox 138 3998 1692 4083; baseline -0.003 -19"><span class='ocrx_word' id='word_1_443' title='bbox 138 4012 242 4066; x_wconf 88' lang='lat' dir='ltr'><strong>ctores</strong></span> <span class='ocrx_word' id='word_1_444' title='bbox 266 4001 445 4064; x_wconf 88' lang='lat' dir='ltr'><strong>scholastici</strong></span> <span class='ocrx_word' id='word_1_445' title='bbox 470 4019 567 4082; x_wconf 89' lang='lat' dir='ltr'><strong>super</strong></span> <span class='ocrx_word' id='word_1_446' title='bbox 588 4008 738 4083; x_wconf 89' lang='lat' dir='ltr'><strong>quartum</strong></span> <span class='ocrx_word' id='word_1_447' title='bbox 762 4001 892 4062; x_wconf 89' lang='lat' dir='ltr'><strong>Senten-</strong></span> <span class='ocrx_word' id='word_1_448' title='bbox 947 4000 1031 4061; x_wconf 92' lang='lat' dir='ltr'><strong>dinis</strong></span> <span class='ocrx_word' id='word_1_449' title='bbox 1047 3999 1260 4082; x_wconf 77' lang='lat' dir='ltr'><strong>sempiternae,</strong></span> <span class='ocrx_word' id='word_1_450' title='bbox 1278 3999 1321 4060; x_wconf 87' lang='lat' dir='ltr'><strong>ita</strong></span> <span class='ocrx_word' id='word_1_451' title='bbox 1339 4005 1371 4061; x_wconf 92' lang='lat' dir='ltr'><strong>et</strong></span> <span class='ocrx_word' id='word_1_452' title='bbox 1389 3999 1493 4062; x_wconf 90' lang='lat' dir='ltr'><strong>omnis</strong></span> <span class='ocrx_word' id='word_1_453' title='bbox 1510 3998 1646 4061; x_wconf 87' lang='lat' dir='ltr'><strong>afflictio</strong></span> <span class='ocrx_word' id='word_1_454' title='bbox 1661 3999 1692 4060; x_wconf 94' lang='lat' dir='ltr'><strong>in</strong></span> 
     </span>
     <span class='ocr_line' id='line_1_37' title="bbox 136 4097 1695 4180; baseline -0.003 -17"><span class='ocrx_word' id='word_1_455' title='bbox 136 4103 257 4163; x_wconf 89' lang='lat' dir='ltr'><strong>tiarum</strong></span> <span class='ocrx_word' id='word_1_456' title='bbox 273 4099 661 4162; x_wconf 87' lang='lat' dir='ltr'><strong>describunt.G0mmunis</strong></span> <span class='ocrx_word' id='word_1_457' title='bbox 677 4115 751 4162; x_wconf 92' lang='lat' dir='ltr'><strong>vero</strong></span> <span class='ocrx_word' id='word_1_458' title='bbox 767 4115 892 4180; x_wconf 89' lang='lat' dir='ltr'><strong>respon·</strong></span> <span class='ocrx_word' id='word_1_459' title='bbox 946 4098 1005 4159; x_wconf 90' lang='lat' dir='ltr'><strong>hac</strong></span> <span class='ocrx_word' id='word_1_460' title='bbox 1021 4097 1085 4159; x_wconf 88' lang='lat' dir='ltr'><strong>vita</strong></span> <span class='ocrx_word' id='word_1_461' title='bbox 1101 4105 1322 4160; x_wconf 88' lang='lat' dir='ltr'><strong>momentanea</strong></span> <span class='ocrx_word' id='word_1_462' title='bbox 1337 4105 1395 4168; x_wconf 90' lang='lat' dir='ltr'><strong>est,</strong></span> <span class='ocrx_word' id='word_1_463' title='bbox 1412 4097 1437 4158; x_wconf 92' lang='lat' dir='ltr'><strong>si</strong></span> <span class='ocrx_word' id='word_1_464' title='bbox 1453 4097 1492 4159; x_wconf 89' lang='lat' dir='ltr'><strong>ad</strong></span> <span class='ocrx_word' id='word_1_465' title='bbox 1513 4097 1695 4159; x_wconf 81' lang='lat' dir='ltr'><strong>retributio</strong></span> 
     </span>
     <span class='ocr_line' id='line_1_38' title="bbox 137 4193 1693 4280; baseline -0.004 -18"><span class='ocrx_word' id='word_1_466' title='bbox 137 4201 185 4262; x_wconf 89' lang='lat' dir='ltr'><strong>sio</strong></span> <span class='ocrx_word' id='word_1_467' title='bbox 202 4205 264 4272; x_wconf 91' lang='lat' dir='ltr'><strong>est,</strong></span> <span class='ocrx_word' id='word_1_468' title='bbox 284 4197 368 4280; x_wconf 92' lang='lat' dir='ltr'><strong>quod</strong></span> <span class='ocrx_word' id='word_1_469' title='bbox 391 4197 472 4279; x_wconf 88' lang='lat' dir='ltr'><strong>ignis</strong></span> <span class='ocrx_word' id='word_1_470' title='bbox 492 4197 557 4270; x_wconf 91' lang='lat' dir='ltr'><strong>ille,</strong></span> <span class='ocrx_word' id='word_1_471' title='bbox 580 4198 611 4258; x_wconf 94' lang='lat' dir='ltr'><strong>in</strong></span> <span class='ocrx_word' id='word_1_472' title='bbox 634 4203 788 4279; x_wconf 90' lang='lat' dir='ltr'><strong>quantum</strong></span> <span class='ocrx_word' id='word_1_473' title='bbox 809 4195 889 4257; x_wconf 91' lang='lat' dir='ltr'><strong>divi·</strong></span> <span class='ocrx_word' id='word_1_474' title='bbox 906 4195 931 4257; x_wconf 87' lang='lat' dir='ltr'>D</span> <span class='ocrx_word' id='word_1_475' title='bbox 947 4213 1020 4256; x_wconf 91' lang='lat' dir='ltr'><strong>nem</strong></span> <span class='ocrx_word' id='word_1_476' title='bbox 1037 4201 1238 4276; x_wconf 88' lang='lat' dir='ltr'><strong>comparetur</strong></span> <span class='ocrx_word' id='word_1_477' title='bbox 1254 4193 1404 4255; x_wconf 92' lang='lat' dir='ltr'><strong>futuram.</strong></span> <span class='ocrx_word' id='word_1_478' title='bbox 1423 4193 1528 4256; x_wconf 88' lang='lat' dir='ltr'><strong>Potius</strong></span> <span class='ocrx_word' id='word_1_479' title='bbox 1545 4211 1620 4275; x_wconf 90' lang='lat' dir='ltr'><strong>ergo</strong></span> <span class='ocrx_word' id='word_1_480' title='bbox 1636 4194 1693 4256; x_wconf 92' lang='lat' dir='ltr'><strong>eli-</strong></span> 
     </span>
     <span class='ocr_line' id='line_1_39' title="bbox 137 4290 1693 4376; baseline -0.005 -16"><span class='ocrx_word' id='word_1_481' title='bbox 137 4317 185 4360; x_wconf 84' lang='lat' dir='ltr'><strong>nae</strong></span> <span class='ocrx_word' id='word_1_482' title='bbox 203 4299 453 4360; x_wconf 89' lang='lat' dir='ltr'><strong>instrumentum</strong></span> <span class='ocrx_word' id='word_1_483' title='bbox 469 4295 600 4376; x_wconf 85' lang='lat' dir='ltr'><strong>justitiae</strong></span> <span class='ocrx_word' id='word_1_484' title='bbox 616 4295 748 4376; x_wconf 89' lang='lat' dir='ltr'><strong>spiritus</strong></span> <span class='ocrx_word' id='word_1_485' title='bbox 764 4301 890 4376; x_wconf 88' lang='lat' dir='ltr'><strong>torquet</strong></span> <span class='ocrx_word' id='word_1_486' title='bbox 945 4310 1057 4374; x_wconf 88' lang='lat' dir='ltr'><strong>gamus</strong></span> <span class='ocrx_word' id='word_1_487' title='bbox 1086 4310 1158 4353; x_wconf 92' lang='lat' dir='ltr'><strong>cum</strong></span> <span class='ocrx_word' id='word_1_488' title='bbox 1189 4291 1304 4353; x_wconf 88' lang='lat' dir='ltr'><strong>Lazaro</strong></span> <span class='ocrx_word' id='word_1_489' title='bbox 1334 4309 1419 4351; x_wconf 90' lang='lat' dir='ltr'><strong>nunc</strong></span> <span class='ocrx_word' id='word_1_490' title='bbox 1448 4290 1693 4352; x_wconf 89' lang='lat' dir='ltr'><strong>adversitatibus</strong></span> 
     </span>
     <span class='ocr_line' id='line_1_40' title="bbox 137 4389 1692 4475; baseline -0.003 -19"><span class='ocrx_word' id='word_1_491' title='bbox 137 4397 317 4468; x_wconf 64' lang='lat' dir='ltr'><strong>damnatos</strong></span> <span class='ocrx_word' id='word_1_492' title='bbox 334 4393 604 4475; x_wconf 89' lang='lat' dir='ltr'><strong>quemadmodum</strong></span> <span class='ocrx_word' id='word_1_493' title='bbox 628 4411 712 4475; x_wconf 91' lang='lat' dir='ltr'><strong>aqua</strong></span> <span class='ocrx_word' id='word_1_494' title='bbox 736 4393 889 4474; x_wconf 80' lang='lat' dir='ltr'><strong>baptismi</strong></span> <span class='ocrx_word' id='word_1_495' title='bbox 945 4389 1097 4464; x_wconf 81' lang='lat' dir='ltr'><strong>exerceri,</strong></span> <span class='ocrx_word' id='word_1_496' title='bbox 1114 4397 1145 4451; x_wconf 90' lang='lat' dir='ltr'><strong>et</strong></span> <span class='ocrx_word' id='word_1_497' title='bbox 1161 4408 1218 4471; x_wconf 92' lang='lat' dir='ltr'><strong>per</strong></span> <span class='ocrx_word' id='word_1_498' title='bbox 1233 4408 1285 4451; x_wconf 90' lang='lat' dir='ltr'><strong>cas</strong></span> <span class='ocrx_word' id='word_1_499' title='bbox 1303 4389 1442 4472; x_wconf 91' lang='lat' dir='ltr'><strong>purgari,</strong></span> <span class='ocrx_word' id='word_1_500' title='bbox 1460 4397 1492 4450; x_wconf 91' lang='lat' dir='ltr'><strong>ut</strong></span> <span class='ocrx_word' id='word_1_501' title='bbox 1509 4397 1580 4471; x_wconf 90' lang='lat' dir='ltr'><strong>post</strong></span> <span class='ocrx_word' id='word_1_502' title='bbox 1594 4390 1692 4452; x_wconf 88' lang='lat' dir='ltr'><strong>vitam</strong></span> 
     </span>
     <span class='ocr_line' id='line_1_41' title="bbox 137 4488 1691 4574; baseline -0.003 -20"><span class='ocrx_word' id='word_1_503' title='bbox 137 4495 202 4574; x_wconf 88' lang='lat' dir='ltr'><strong>agit</strong></span> <span class='ocrx_word' id='word_1_504' title='bbox 228 4493 261 4555; x_wconf 90' lang='lat' dir='ltr'><strong>in</strong></span> <span class='ocrx_word' id='word_1_505' title='bbox 292 4493 431 4554; x_wconf 90' lang='lat' dir='ltr'><strong>animam</strong></span> <span class='ocrx_word' id='word_1_506' title='bbox 458 4499 493 4553; x_wconf 92' lang='lat' dir='ltr'><strong>ut</strong></span> <span class='ocrx_word' id='word_1_507' title='bbox 520 4491 636 4554; x_wconf 74' lang='lat' dir='ltr'><strong>divinae</strong></span> <span class='ocrx_word' id='word_1_508' title='bbox 662 4491 890 4554; x_wconf 76' lang='lat' dir='ltr'><strong>misericordias</strong></span> <span class='ocrx_word' id='word_1_509' title='bbox 946 4492 1027 4552; x_wconf 90' lang='lat' dir='ltr'><strong>hanc</strong></span> <span class='ocrx_word' id='word_1_510' title='bbox 1047 4509 1066 4551; x_wconf 90' lang='lat' dir='ltr'><strong>a</strong></span> <span class='ocrx_word' id='word_1_511' title='bbox 1087 4490 1151 4550; x_wconf 82' lang='lat' dir='ltr'><strong>lleo</strong></span> <span class='ocrx_word' id='word_1_512' title='bbox 1172 4488 1425 4550; x_wconf 89' lang='lat' dir='ltr'><strong>misericordiam</strong></span> <span class='ocrx_word' id='word_1_513' title='bbox 1447 4506 1691 4568; x_wconf 86' lang='lat' dir='ltr'><strong>consequamur,</strong></span> 
     </span>
     <span class='ocr_line' id='line_1_42' title="bbox 138 4586 1694 4670; baseline -0.003 -18"><span class='ocrx_word' id='word_1_514' title='bbox 138 4592 401 4654; x_wconf 90' lang='lat' dir='ltr'><strong>instrumentum.</strong></span> <span class='ocrx_word' id='word_1_515' title='bbox 946 4607 1041 4670; x_wconf 89' lang='lat' dir='ltr'><strong>quam</strong></span> <span class='ocrx_word' id='word_1_516' title='bbox 1062 4607 1135 4648; x_wconf 93' lang='lat' dir='ltr'><strong>cum</strong></span> <span class='ocrx_word' id='word_1_517' title='bbox 1157 4587 1255 4649; x_wconf 89' lang='lat' dir='ltr'><strong>divite</strong></span> <span class='ocrx_word' id='word_1_518' title='bbox 1276 4587 1467 4670; x_wconf 87' lang='lat' dir='ltr'><strong>prosperari,</strong></span> <span class='ocrx_word' id='word_1_519' title='bbox 1485 4605 1524 4649; x_wconf 94' lang='lat' dir='ltr'><strong>ne</strong></span> <span class='ocrx_word' id='word_1_520' title='bbox 1540 4586 1694 4650; x_wconf 75' lang='lat' dir='ltr'><strong>aeternali-</strong></span> 
     </span>
     <span class='ocr_line' id='line_1_43' title="bbox 177 4685 1693 4767; baseline -0.002 -15"><span class='ocrx_word' id='word_1_521' title='bbox 177 4693 222 4752; x_wconf 82' lang='grc' dir='ltr'><strong>Ει</strong></span> <span class='ocrx_word' id='word_1_522' title='bbox 243 4690 333 4749; x_wconf 76' lang='lat' dir='ltr'><strong>dicit</strong></span> <span class='ocrx_word' id='word_1_523' title='bbox 356 4690 410 4748; x_wconf 82' lang='lat' dir='ltr'><strong>itti</strong></span> <span class='ocrx_word' id='word_1_524' title='bbox 426 4689 604 4750; x_wconf 81' lang='lat' dir='ltr'><strong>Abraham.</strong></span> <span class='ocrx_word' id='word_1_525' title='bbox 623 4687 805 4750; x_wconf 90' lang='lat' dir='ltr'><strong>Secundum</strong></span> <span class='ocrx_word' id='word_1_526' title='bbox 828 4689 889 4750; x_wconf 81' lang='lat' dir='ltr'><strong>Au·</strong></span> <span class='ocrx_word' id='word_1_527' title='bbox 946 4696 994 4749; x_wconf 92' lang='lat' dir='ltr'><strong>ter</strong></span> <span class='ocrx_word' id='word_1_528' title='bbox 1008 4687 1261 4749; x_wconf 89' lang='lat' dir='ltr'><strong>condemnemur</strong></span> <span class='ocrx_word' id='word_1_529' title='bbox 1273 4703 1279 4746; x_wconf 94' lang='lat'><strong>:</strong></span> <span class='ocrx_word' id='word_1_530' title='bbox 1293 4685 1563 4767; x_wconf 90' lang='lat' dir='ltr'><strong>quemadmodum</strong></span> <span class='ocrx_word' id='word_1_531' title='bbox 1580 4686 1619 4748; x_wconf 92' lang='lat' dir='ltr'><strong>ad</strong></span> <span class='ocrx_word' id='word_1_532' title='bbox 1636 4686 1693 4749; x_wconf 90' lang='lat' dir='ltr'><strong>lle-</strong></span> 
     </span>
     <span class='ocr_line' id='line_1_44' title="bbox 137 4784 1694 4870; baseline -0.001 -21"><span class='ocrx_word' id='word_1_533' title='bbox 137 4788 317 4870; x_wconf 91' lang='lat' dir='ltr'><strong>gustinum‚</strong></span> <span class='ocrx_word' id='word_1_534' title='bbox 339 4785 422 4868; x_wconf 91' lang='lat' dir='ltr'><strong>quod</strong></span> <span class='ocrx_word' id='word_1_535' title='bbox 448 4786 480 4847; x_wconf 94' lang='lat' dir='ltr'><strong>in</strong></span> <span class='ocrx_word' id='word_1_536' title='bbox 506 4786 724 4868; x_wconf 86' lang='lat' dir='ltr'><strong>corporalibus</strong></span> <span class='ocrx_word' id='word_1_537' title='bbox 749 4785 825 4848; x_wconf 92' lang='lat' dir='ltr'><strong>facit</strong></span> <span class='ocrx_word' id='word_1_538' title='bbox 849 4787 890 4848; x_wconf 90' lang='lat' dir='ltr'><strong>si·</strong></span> <span class='ocrx_word' id='word_1_539' title='bbox 946 4785 1225 4867; x_wconf 82' lang='lat' dir='ltr'><strong>braeosApostolus</strong></span> <span class='ocrx_word' id='word_1_540' title='bbox 1241 4784 1354 4846; x_wconf 90' lang='lat' dir='ltr'><strong>scribit</strong></span> <span class='ocrx_word' id='word_1_541' title='bbox 1369 4785 1407 4846; x_wconf 93' lang='lat' dir='ltr'><strong>de</strong></span> <span class='ocrx_word' id='word_1_542' title='bbox 1423 4784 1603 4847; x_wconf 90' lang='lat' dir='ltr'><strong>beatissimo</strong></span> <span class='ocrx_word' id='word_1_543' title='bbox 1617 4785 1694 4869; x_wconf 78' lang='lat' dir='ltr'><strong>Moy·</strong></span> 
     </span>
     <span class='ocr_line' id='line_1_45' title="bbox 138 4883 1838 4967; baseline -0.003 -19"><span class='ocrx_word' id='word_1_544' title='bbox 138 4895 201 4961; x_wconf 88' lang='lat' dir='ltr'><strong>tus,</strong></span> <span class='ocrx_word' id='word_1_545' title='bbox 219 4887 280 4948; x_wconf 89' lang='lat' dir='ltr'><strong>hoc</strong></span> <span class='ocrx_word' id='word_1_546' title='bbox 297 4885 329 4946; x_wconf 93' lang='lat' dir='ltr'><strong>in</strong></span> <span class='ocrx_word' id='word_1_547' title='bbox 345 4884 567 4966; x_wconf 88' lang='lat' dir='ltr'><strong>spiritualibus</strong></span> <span class='ocrx_word' id='word_1_548' title='bbox 582 4885 646 4966; x_wconf 88' lang='lat' dir='ltr'><strong>agit</strong></span> <span class='ocrx_word' id='word_1_549' title='bbox 665 4885 751 4947; x_wconf 92' lang='lat' dir='ltr'><strong>ordo.</strong></span> <span class='ocrx_word' id='word_1_550' title='bbox 769 4884 890 4949; x_wconf 89' lang='lat' dir='ltr'><strong>ldcirco</strong></span> <span class='ocrx_word' id='word_1_551' title='bbox 947 4905 990 4956; x_wconf 91' lang='lat' dir='ltr'><strong>se,</strong></span> <span class='ocrx_word' id='word_1_552' title='bbox 1017 4884 1102 4965; x_wconf 84' lang='lat' dir='ltr'><strong>quod</strong></span> <span class='ocrx_word' id='word_1_553' title='bbox 1132 4884 1232 4963; x_wconf 92' lang='lat' dir='ltr'><strong>magis</strong></span> <span class='ocrx_word' id='word_1_554' title='bbox 1261 4883 1357 4963; x_wconf 89' lang='lat' dir='ltr'><strong>elegit</strong></span> <span class='ocrx_word' id='word_1_555' title='bbox 1385 4902 1458 4944; x_wconf 93' lang='lat' dir='ltr'><strong>cum</strong></span> <span class='ocrx_word' id='word_1_556' title='bbox 1488 4884 1607 4967; x_wconf 94' lang='lat' dir='ltr'><strong>populo</strong></span> <span class='ocrx_word' id='word_1_557' title='bbox 1635 4884 1691 4947; x_wconf 84' lang='lat' dir='ltr'><strong>uei</strong></span> <span class='ocrx_word' id='word_1_558' title='bbox 1706 4901 1838 4952; x_wconf 69' lang='lat' dir='ltr'><strong>arunas,</strong></span> 
     </span>
     <span class='ocr_line' id='line_1_46' title="bbox 140 4969 1740 5065; baseline -0.001 -19"><span class='ocrx_word' id='word_1_559' title='bbox 140 4985 260 5048; x_wconf 86' lang='lat' dir='ltr'><strong>locutio</strong></span> <span class='ocrx_word' id='word_1_560' title='bbox 280 4983 459 5047; x_wconf 89' lang='lat' dir='ltr'><strong>animarum</strong></span> <span class='ocrx_word' id='word_1_561' title='bbox 483 4990 515 5045; x_wconf 88' lang='lat' dir='ltr'><strong>et</strong></span> <span class='ocrx_word' id='word_1_562' title='bbox 539 4984 724 5064; x_wconf 91' lang='lat' dir='ltr'><strong>angelorum</strong></span> <span class='ocrx_word' id='word_1_563' title='bbox 746 4983 785 5044; x_wconf 91' lang='lat' dir='ltr'><strong>ad</strong></span> <span class='ocrx_word' id='word_1_564' title='bbox 811 4983 892 5046; x_wconf 93' lang='lat' dir='ltr'><strong>invi·</strong></span> <span class='ocrx_word' id='word_1_565' title='bbox 946 4983 1060 5065; x_wconf 89' lang='lat' dir='ltr'><strong>affligi,</strong></span> <span class='ocrx_word' id='word_1_566' title='bbox 1086 5002 1183 5063; x_wconf 90' lang='lat' dir='ltr'><strong>quam</strong></span> <span class='ocrx_word' id='word_1_567' title='bbox 1213 4982 1398 5063; x_wconf 90' lang='lat' dir='ltr'><strong>temporalis</strong></span> <span class='ocrx_word' id='word_1_568' title='bbox 1427 4984 1549 5063; x_wconf 90' lang='lat' dir='ltr'><strong>peccati</strong></span> <span class='ocrx_word' id='word_1_569' title='bbox 1574 4969 1740 5046; x_wconf 75' lang='lat' dir='ltr'><strong>babere²⁶·</strong></span> 
     </span>
     <span class='ocr_line' id='line_1_47' title="bbox 142 5079 1694 5164; baseline -0.001 -19"><span class='ocrx_word' id='word_1_570' title='bbox 142 5103 224 5156; x_wconf 92' lang='lat' dir='ltr'><strong>cem,</strong></span> <span class='ocrx_word' id='word_1_571' title='bbox 242 5081 449 5164; x_wconf 88' lang='lat' dir='ltr'><strong>intelligenda</strong></span> <span class='ocrx_word' id='word_1_572' title='bbox 470 5088 517 5142; x_wconf 91' lang='lat' dir='ltr'><strong>est</strong></span> <span class='ocrx_word' id='word_1_573' title='bbox 540 5080 611 5142; x_wconf 89' lang='lat' dir='ltr'><strong>fieri</strong></span> <span class='ocrx_word' id='word_1_574' title='bbox 632 5099 689 5162; x_wconf 90' lang='lat' dir='ltr'><strong>per</strong></span> <span class='ocrx_word' id='word_1_575' title='bbox 711 5083 890 5144; x_wconf 88' lang='lat' dir='ltr'><strong>conversio·</strong></span> <span class='ocrx_word' id='word_1_576' title='bbox 945 5080 1198 5163; x_wconf 82' lang='lat' dir='ltr'><strong>jucunditatem3</strong></span> <span class='ocrx_word' id='word_1_577' title='bbox 1219 5079 1365 5162; x_wconf 83' lang='lat' dir='ltr'><strong>adspexit</strong></span> <span class='ocrx_word' id='word_1_578' title='bbox 1387 5081 1473 5141; x_wconf 90' lang='lat' dir='ltr'><strong>enim</strong></span> <span class='ocrx_word' id='word_1_579' title='bbox 1496 5081 1528 5142; x_wconf 94' lang='lat' dir='ltr'><strong>in</strong></span> <span class='ocrx_word' id='word_1_580' title='bbox 1549 5099 1694 5144; x_wconf 91' lang='lat' dir='ltr'><strong>remune-</strong></span> 
     </span>
     <span class='ocr_line' id='line_1_48' title="bbox 143 5178 1112 5261; baseline -0.004 -17"><span class='ocrx_word' id='word_1_581' title='bbox 143 5201 216 5244; x_wconf 90' lang='lat' dir='ltr'><strong>nem</strong></span> <span class='ocrx_word' id='word_1_582' title='bbox 234 5199 345 5244; x_wconf 90' lang='lat' dir='ltr'><strong>eorum</strong></span> <span class='ocrx_word' id='word_1_583' title='bbox 365 5178 560 5242; x_wconf 89' lang='lat' dir='ltr'><strong>adinvicem</strong></span> <span class='ocrx_word' id='word_1_584' title='bbox 582 5178 791 5261; x_wconf 89' lang='lat' dir='ltr'><strong>spiritualem.</strong></span> <span class='ocrx_word' id='word_1_585' title='bbox 811 5183 891 5250; x_wconf 82' lang='lat' dir='ltr'><strong>Fili,</strong></span> <span class='ocrx_word' id='word_1_586' title='bbox 947 5180 1112 5242; x_wconf 90' lang='lat' dir='ltr'><strong>rationem.</strong></span> 
     </span>
     <span class='ocr_line' id='line_1_49' title="bbox 146 5275 1693 5363; baseline -0.002 -21"><span class='ocrx_word' id='word_1_587' title='bbox 146 5281 250 5343; x_wconf 87' lang='lat' dir='ltr'><strong>carnis</strong></span> <span class='ocrx_word' id='word_1_588' title='bbox 269 5278 508 5363; x_wconf 91' lang='lat' dir='ltr'><strong>propagatione,</strong></span> <span class='ocrx_word' id='word_1_589' title='bbox 529 5295 592 5340; x_wconf 93' lang='lat' dir='ltr'><strong>non</strong></span> <span class='ocrx_word' id='word_1_590' title='bbox 612 5277 765 5340; x_wconf 89' lang='lat' dir='ltr'><strong>virtutum</strong></span> <span class='ocrx_word' id='word_1_591' title='bbox 790 5279 892 5340; x_wconf 89' lang='lat' dir='ltr'><strong>imita·</strong></span> <span class='ocrx_word' id='word_1_592' title='bbox 987 5281 1030 5341; x_wconf 85' lang='grc' dir='ltr'><strong>Ει</strong></span> <span class='ocrx_word' id='word_1_593' title='bbox 1048 5280 1082 5336; x_wconf 81' lang='lat' dir='ltr'><strong>in</strong></span> <span class='ocrx_word' id='word_1_594' title='bbox 1099 5279 1151 5336; x_wconf 76' lang='lat' dir='ltr'><strong>leis</strong></span> <span class='ocrx_word' id='word_1_595' title='bbox 1169 5278 1330 5347; x_wconf 79' lang='lat' dir='ltr'><strong>omnious,</strong></span> <span class='ocrx_word' id='word_1_596' title='bbox 1346 5276 1378 5338; x_wconf 95' lang='lat' dir='ltr'><strong>id</strong></span> <span class='ocrx_word' id='word_1_597' title='bbox 1398 5283 1447 5338; x_wconf 90' lang='lat' dir='ltr'><strong>est</strong></span> <span class='ocrx_word' id='word_1_598' title='bbox 1466 5275 1549 5338; x_wconf 90' lang='lat' dir='ltr'><strong>inter</strong></span> <span class='ocrx_word' id='word_1_599' title='bbox 1567 5295 1604 5338; x_wconf 88' lang='lat' dir='ltr'><strong>ea</strong></span> <span class='ocrx_word' id='word_1_600' title='bbox 1622 5296 1693 5359; x_wconf 82' lang='lat' dir='ltr'><strong>quaa</strong></span> 
     </span>
    </p>
   </div>
   <div class='ocr_carea' id='block_1_8' title="bbox 0 0 2122 6244">
    <p class='ocr_par' dir='ltr' id='par_1_9' title="bbox 0 0 2122 6244">
     <span class='ocr_line' id='line_1_50' title="bbox 0 0 2122 6244; baseline 0 0"><span class='ocrx_word' id='word_1_601' title='bbox 0 0 2122 6244; x_wconf 95' lang='lat' dir='ltr'><strong> </strong></span> 
     </span>
    </p>
   </div>
  </div>
 </body>
</html>
