4288 6264
336 508 485 556 uotttttttts
507 509 580 556 POST
600 509 812 556 Ascsttstortstt
834 509 952 556 nostru.
973 527 1013 537 ·-
1033 509 1076 554 ΔΙ)
1096 507 1291 572 asttotosos;
1314 510 1414 556 santio
1434 511 1546 558 SEXTUS
1675 487 1715 555 67

167 675 235 737 dari
261 677 386 740 videtur
410 697 467 760 per
491 679 673 752 essentiam,
696 680 835 742 secunda
859 697 916 761 per
930 678 956 742 Α
971 678 1021 741 nis
1046 677 1162 741 Christi
1184 685 1216 740 et
1240 695 1350 740 eorum
1375 698 1446 761 qua
1470 678 1509 741 ad
1533 697 1623 742 suam
1648 695 1717 760 spe·

167 791 307 848 causam,
319 777 412 838 tertia
427 795 484 859 per
499 775 663 838 ellectum.
682 777 813 840 Devotio
827 796 915 839 nam·
970 783 1056 838 etant
1075 775 1317 851 humanitatem,
1335 776 1451 858 saepius
1473 777 1546 858 plus
1568 777 1607 838 ad
1627 776 1720 838 devo

166 887 229 950 que
253 872 464 935 essentialiter
488 880 535 935 est
560 873 779 955 promptitudo
805 882 914 956 praeta·
969 875 1089 937 tionem
1119 891 1296 948 movemur,
1327 893 1427 957 quum
1457 883 1563 936 tamen
1593 873 1718 936 devotio

165 975 226 1041 cta,
251 975 284 1029 et
309 987 348 1032 ex
377 971 517 1032 caritatis
546 968 671 1033 lervore
700 979 857 1046 causatur,
884 980 915 1033 et
970 971 1190 1054 principaliter
1213 972 1298 1034 circa
1321 972 1475 1035 Deitatem
1497 971 1659 1046 consistat,
1679 989 1718 1034 ex

164 1066 412 1130 teneritudinem
428 1067 532 1130 cordis
547 1067 587 1129 ad
602 1067 830 1131 lacrimandum
847 1088 915 1152 pro
969 1069 1062 1151 cujus
1087 1069 1339 1132 consideratione
1359 1069 1421 1132 viri
1446 1069 1579 1152 perlecti
1604 1069 1643 1132 ad
1668 1069 1719 1131 de-

164 1163 263 1224 ducit.
282 1165 412 1228 Devotio
428 1183 504 1245 ergo
520 1165 731 1228 essentialiter
746 1174 794 1228 est
811 1185 915 1248 prom·
970 1168 1129 1230 votionem
1148 1167 1308 1250 precipue
1323 1168 1505 1230 incitantur.
1514 1168 1619 1230 Deitas
1635 1185 1720 1229 nam·

166 1261 292 1343 ptitudo
311 1262 483 1325 voluntatis
507 1263 652 1324 tradendi
674 1282 707 1326 se
728 1263 767 1326 ad
788 1283 825 1326 ea
845 1284 914 1346 quae
970 1283 1031 1346 que
1053 1284 1153 1347 quum
1180 1265 1221 1327 sit
1241 1265 1437 1328 excellentia
1462 1265 1607 1340 inlinitaa,
1629 1265 1719 1328 boni-

166 1359 312 1422 divinum
343 1369 540 1424 concernunt
568 1361 769 1444 obsequium.
797 1361 914 1444 Estque
970 1371 1079 1445 tasque
1095 1381 1225 1446 prorsus
1244 1364 1410 1438 immensa,
1428 1363 1720 1445 incomparabiliter

166 1458 293 1521 devotio
317 1459 376 1522 ista
401 1459 500 1522 latriae
521 1467 609 1522 actus
632 1479 638 1522 :
662 1460 751 1522 latria
777 1479 915 1541 namque
969 1462 1075 1524 adsui
1096 1462 1219 1524 cultum
1239 1481 1275 1524 ac
1291 1463 1527 1526 venerationem
1548 1480 1606 1525 nos
1625 1461 1721 1524 debet

165 1564 214 1618 est
229 1558 330 1620 virtus
345 1558 409 1620 Deo
424 1558 547 1620 cultum
567 1558 847 1641 cerimoniamque
864 1559 916 1620 im·
970 1561 1139 1640 inducere;
1160 1569 1191 1622 et
1212 1561 1338 1624 devotio
1362 1580 1400 1623 ex
1426 1561 1557 1623 Deitatis
1581 1568 1720 1624 contem·

167 1657 318 1738 pendens.
971 1657 1109 1740 platione
1129 1677 1165 1721 ac
1183 1659 1354 1722 dilectione
1374 1667 1537 1741 concepta,
1554 1667 1602 1722 est
1615 1659 1718 1732 altior,

208 1757 290 1817 Deus
307 1773 381 1818 vero
396 1764 444 1819 est
459 1777 553 1820 causa
573 1757 711 1820 exterior
726 1755 913 1830 devotionis,
970 1757 1096 1838 dignior
1116 1764 1212 1839 atque
1233 1759 1381 1821 divinior.

167 1873 238 1936 quae
258 1873 276 1916 a
298 1855 415 1918 virtute
437 1855 536 1920 latriae
556 1857 740 1918 immediate
759 1855 912 1939 procedit,
933 1854 956 1916 B
1010 1856 1260 1938 Insuper,quum
1275 1857 1389 1918 caritas
1404 1856 1582 1920 devotionis
1596 1855 1637 1918 sit
1652 1873 1722 1918 cau·

168 1952 345 2016 formaliter
364 1962 395 2016 et
414 1953 564 2018 elicitive.
583 1954 703 2018 Caritas
722 1971 849 2035 quoque
871 1953 915 2014 di·
970 1972 1014 2028 sa,
1020 1955 1111 2034 juxta
1125 1954 1284 2036 triplicem
1301 1955 1440 2018 caritatis
1454 1953 1719 2037 gradum,triplex

167 2051 251 2113 citur
273 2070 367 2115 causa
388 2053 577 2142 devotionis,
601 2070 664 2115 non
689 2052 792 2115 solum
818 2052 916 2133 impe·
970 2060 1019 2114 cst
1041 2054 1157 2134 gradus
1186 2053 1371 2116 devotionis.
1399 2055 1465 2127 Quo
1490 2054 1575 2116 enim
1606 2053 1720 2116 caritas

169 2151 269 2213 rative
283 2151 387 2232 (juxta
406 2171 502 2235 quem
526 2154 654 2216 modum
675 2170 769 2214 causa
792 2158 841 2212 est
864 2170 916 2212 cu·
970 2150 1068 2212 luerit
1089 2151 1274 2226 ferventior,
1295 2170 1333 2216 eo
1355 2151 1490 2215 alacrior
1512 2153 1550 2214 ad
1574 2151 1720 2214 divinum

166 2248 302 2329 juslihet
320 2257 410 2313 actus
426 2251 584 2332 virtuosi),
601 2251 656 2314 sed
672 2251 768 2312 etiam
784 2249 915 2333 speciali
972 2251 1095 2312 cultum
1119 2251 1338 2333 promptitudo
1361 2270 1400 2314 ex
1424 2269 1462 2313 ea
1486 2258 1641 2313 causatur.
1665 2249 1721 2312 llla

169 2348 455 2431 propinquiorique
482 2350 586 2424 modo,
613 2349 688 2431 quia
714 2367 752 2410 ex
777 2347 916 2410 caritatis
972 2366 1046 2429 ergo
1066 2349 1191 2413 devotio
1213 2349 1331 2411 dicitur
1349 2369 1368 2410 a
1387 2349 1580 2430 quibusdam
1600 2347 1721 2410 deside·

168 2446 300 2522 ellectu,
322 2448 472 2530 praedicta
492 2447 710 2530 promptitudo
729 2447 767 2509 ad
788 2464 825 2508 ea
846 2465 917 2528 quae
972 2447 1066 2522 riosa,
1089 2466 1153 2529 qua
1174 2448 1247 2529 quis
1273 2467 1346 2510 cum
1373 2447 1492 2528 ingenti
1517 2447 1667 2509 aviditate
1690 2453 1722 2507 et

169 2546 224 2608 Dei
242 2553 327 2620 sunt,
344 2545 435 2609 valde
450 2547 489 2608 de
506 2547 688 2628 propinquo
705 2545 915 2628 progreditur.
972 2545 1143 2609 allectione
1158 2546 1259 2608 lertur
1273 2547 1313 2608 ad
1328 2545 1454 2625 divina3
1469 2545 1658 2627 voluptuosa
1672 2562 1724 2606 ve·

169 2645 264 2707 Porro
294 2644 467 2719 meditatio,
494 2663 551 2706 seu
580 2644 818 2726 contemplatio,
851 2643 918 2706 sive
974 2663 1020 2718 rc,
1041 2645 1169 2726 quando
1192 2644 1354 2708 devotioni
1379 2643 1549 2724 conjuncta
1571 2651 1619 2707 est
1640 2642 1723 2705 dele-

168 2742 319 2824 ccgnitio,
348 2750 397 2806 est
426 2761 521 2806 causa
549 2743 739 2818 devotionis,
766 2750 918 2823 tanquam
974 2744 1069 2806 otatio
1091 2743 1219 2825 ingens3
1236 2742 1356 2805 luriosa
1375 2749 1494 2816 autem,
1511 2741 1637 2824 quando
1658 2747 1723 2802 tam

169 2841 230 2903 iter
244 2841 283 2903 ad
298 2858 367 2903 earn
384 2847 416 2903 et
429 2841 581 2904 directrix
597 2841 819 2923 ipsius.0uum
834 2839 920 2902 enim
974 2841 1147 2904 vehemens
1167 2849 1225 2916 est,
1242 2849 1274 2904 et
1289 2849 1353 2903 tam
1374 2841 1551 2923 impetuose
1571 2838 1722 2921 erumpit,

170 2939 297 3003 devotio
312 2939 353 3002 sit
372 2939 545 3003 voluntatis
565 2941 658 3014 actio,
675 2958 805 3002 necesse
822 2945 920 3000 estut
976 2947 1115 3002 mentem
1145 2958 1324 3022 corpusque
1353 2939 1505 3013 concutit,
1533 2945 1567 3000 ut
1591 2936 1725 3019 reprimi

171 3056 211 3100 ex
227 3038 345 3120 praevio
360 3037 464 3120 aliquo
481 3037 656 3100 intellectus
671 3046 742 3100 actu
758 3037 919 3119 procedat,
939 3043 960 3105 G
976 3046 1122 3121 nequeat,
1140 3046 1172 3100 et
1192 3039 1356 3102 hominem
1377 3039 1499 3101 lurioso
1518 3038 1724 3120 quodammo

173 3155 274 3218 quum
290 3136 436 3198 voluntas
454 3137 524 3218 ipsa
538 3137 577 3199 de
593 3155 626 3198 se
643 3155 725 3200 oaeca
738 3136 874 3210 dicatur,
890 3141 922 3197 et
976 3137 1017 3200 do
1030 3136 1126 3198 laciat
1145 3136 1295 3200 similem.
1313 3137 1386 3209 Ouae
1405 3136 1445 3200 ad
1459 3137 1545 3199 viros
1566 3133 1724 3217 perlectos

174 3234 244 3314 ejus
267 3234 431 3314 objectum
451 3235 492 3296 sit
515 3234 635 3297 bonurn
659 3233 870 3308 intellectum,
890 3233 921 3297 id
977 3243 1008 3298 et
1037 3234 1311 3316 contemplativos,
1342 3253 1378 3296 ao
1407 3235 1574 3317 mysticam
1603 3233 1724 3296 theolo-

174 3340 223 3394 est
238 3351 296 3414 por
311 3332 540 3396 intellectivam
556 3333 729 3414 potentiam
745 3333 922 3415 apprehen·
977 3334 1073 3414 giam,
1099 3333 1301 3415 potissimum
1332 3332 1492 3414 pertinere
1517 3333 1652 3395 videtur.
1678 3331 1725 3395 td

174 3450 258 3504 sum,
275 3449 331 3492 seu
353 3430 611 3493 intellectualiter
632 3431 806 3512 cognitum.
978 3450 1074 3513 quam
1090 3431 1292 3495 devotionem
1308 3431 1354 3494 sic
1370 3431 1499 3494 tendere
1516 3448 1574 3494 nos
1589 3435 1724 3512 oportet,

215 3529 368 3602 Quocirca
389 3528 567 3604 sciendum,
590 3530 675 3611 quod
697 3547 797 3611 quum
819 3527 924 3608 cogni·
979 3529 1139 3612 quomodo
1157 3530 1196 3591 ad
1215 3529 1356 3592 caritatis
1375 3528 1604 3611 perlectionem
1619 3527 1727 3591 tende·

176 3628 220 3689 tio
248 3647 305 3689 seu
335 3627 561 3709 contemplatio
591 3627 632 3690 sit
660 3646 755 3690 causa
784 3626 923 3689 devotio
978 3645 1013 3689 re
1034 3627 1223 3708 obligamur.

176 3725 237 3800 nis,
261 3733 292 3788 et
318 3725 394 3788 item
422 3726 561 3800 dilectio,
588 3725 706 3788 idcirco
730 3743 794 3808 quc
817 3725 924 3807 aliqua
1018 3725 1065 3788 td
1090 3724 1171 3787 hanc
1197 3742 1272 3806 ergo
1296 3724 1498 3788 devotionem
1523 3742 1580 3788 nos
1602 3725 1725 3799 demus,

174 3832 250 3887 sunt
264 3825 409 3906 digniora
424 3831 455 3886 et
469 3823 628 3888 diviniora
642 3844 698 3887 seu
715 3825 857 3898 meliora,
873 3841 922 3898 eo,
979 3843 1205 3906 preparemus,
1230 3824 1450 3898 extendamus,
1476 3823 1508 3886 in
1538 3823 1668 3886 caritate
1696 3831 1728 3885 et

176 3932 332 4006 quantum
357 3923 390 3985 in
412 3943 445 3986 se
467 3930 525 3998 est,
547 3924 701 4005 maJorem
726 3923 830 3986 lacere
854 3941 924 4005 pos·
979 3922 1062 3984 dono
1091 3922 1253 4004 sapientiae
1281 3941 1319 3984 ac
1341 3921 1524 3985 divinorum
1552 3920 1728 3984 allectuosc

176 4031 251 4085 sunt
271 4021 483 4096 devotionem,
501 4030 533 4084 et
549 4041 619 4085 cam
640 4023 712 4104 plus
731 4022 869 4084 excitare
887 4039 923 4082 ac
979 4021 1160 4101 cognitione
1174 4019 1383 4103 proficiendo.
1394 4021 1440 4082 Ad
1456 4039 1551 4102 quarn
1567 4020 1662 4082 etiam
1678 4019 1727 4082 do

177 4121 387 4184 inllammare.
402 4121 481 4183 ilinc
496 4141 630 4184 summe
644 4121 805 4184 Trinitatis
820 4139 856 4182 ac
872 4138 923 4182 ve·
980 4119 1106 4182 minicae
1125 4119 1282 4201 passionis
1304 4119 1480 4193 meditatio,
1497 4125 1528 4180 et
1547 4125 1726 4180 ceterorum

178 4240 220 4284 rae
236 4220 365 4282 Deitatis
385 4220 623 4303 contemplatio,
640 4220 840 4283 devotionem
862 4238 924 4281 ma·
939 4222 964 4285 D
980 4217 1035 4279 Dei
1051 4216 1279 4280 beneficiorum
1294 4216 1412 4279 intenta
1427 4214 1728 4289 consideratiomul·

178 4319 264 4381 xime
297 4324 401 4400 potest
433 4319 606 4381 accendere
637 4337 676 4381 ex
710 4337 767 4381 sua
800 4325 922 4380 natura.
980 4322 1047 4376 tum
1069 4314 1233 4396 disponit:
1251 4313 1631 4377 ideoeaconsideremus
1650 4313 1727 4376 assi·

177 4417 403 4480 Verumtamen
427 4437 466 4480 ex
494 4425 583 4500 parte
613 4417 712 4480 nostri
740 4416 925 4499 lrequenter
980 4415 1052 4489 due,
1068 4422 1163 4496 atque
1178 4413 1217 4476 ad
1234 4414 1290 4476 Dei
1310 4431 1451 4477 amorem
1471 4411 1680 4494 purissimum
1695 4419 1727 4474 et

178 4515 334 4596 contingit
347 4516 543 4598 oppositum,
554 4517 705 4598 quoniam
721 4515 924 4578 sensibilium
981 4513 1222 4577 reverentialem
1237 4531 1273 4576 ac
1289 4513 1461 4577 cordialem
1477 4511 1589 4574 eadem
1602 4511 1727 4575 ordine·

178 4615 437 4690 manuductione,
462 4635 525 4698 qua
554 4617 593 4681 ad
617 4615 726 4678 divina
748 4615 923 4690 elevemur,
980 4633 1052 4676 mus
1075 4631 1111 4676 ac
1136 4613 1323 4688 releramus,
1351 4613 1406 4696 qui
1431 4619 1478 4674 est
1501 4629 1598 4695 super
1621 4609 1728 4674 omnia

177 4733 319 4796 egemus.
336 4714 457 4779 Idcirco
476 4735 515 4780 ex
535 4716 786 4781 consideratione
808 4715 926 4798 passio
981 4712 1176 4776 benedictus.
1193 4713 1304 4776 Amen.
