4192 6258
455 468 516 532 596
799 482 948 531 nortuum
967 483 1033 529 XXlI
1053 481 1126 528 POST
1144 479 1340 531 raruurrhrr.
1359 498 1400 508 -
1419 481 1518 527 saulo
1537 480 1661 528 TERTIUS

496 656 653 740 Deinceps
676 656 923 738 agnoscendum,
949 655 1034 738 quod
1058 654 1203 737 quadam
1217 650 1243 714 Δ
1258 658 1423 734 protervus
1435 651 1486 715 vel
1502 651 1670 734 indignans
1684 649 1840 732 protulerit
1851 651 1953 728 animus
2051 637 2052 644 ἵ

457 763 588 839 peecata
612 762 687 818 sunt
711 755 840 838 pubIIca
857 772 863 816 :
881 762 913 818 et
936 754 968 816 in
993 752 1111 816 talibus
1136 769 1206 834 pro
1258 749 1454 832 objurgantis
1469 758 1518 814 est
1531 750 1694 826 lunor,non
1707 748 1827 812 dilectio
1839 751 1956 831 corniger

458 854 567 919 videre
591 861 725 938 oportet,
751 871 815 916 non
839 853 943 916 solum
967 851 1123 935 peccanti,
1149 851 1204 914 sed
1259 849 1309 913 tis.
1335 851 1572 924 Verumtamen,
1597 849 1709 912 eodem
1733 855 1903 931 pmtestantc
1920 850 1956 912 do

459 953 555 1015 etiam
570 953 652 1028 aliis,
664 972 705 1016 ne
720 952 981 1015 scandalizentur.
994 951 1116 1014 Idcirco
1132 967 1205 1013 mon
1259 956 1357 1024 ctore,
1374 949 1430 1032 qui
1450 950 1504 1032 pio
1518 948 1617 1011 verbo
1635 954 1794 1030 correptus
1812 964 1867 1010 non
1879 966 1955 1010 enen-

460 1050 589 1134 publice
604 1060 680 1115 sunt
693 1051 920 1132 redarguenda,
928 1050 1019 1132 juxta
1032 1049 1112 1112 illud
1126 1048 1207 1130 Apo
1260 1049 1364 1122 datur,
1380 1056 1428 1111 est
1446 1048 1551 1111 acrius
1571 1047 1789 1130 increpandus.

311 1167 446 1220 rrrmsao.
461 1151 534 1214 stoli
561 1151 600 1213 ad
626 1150 828 1213 Timotheum
852 1169 859 1213 :
883 1150 1071 1212 Peccantem
1099 1164 1206 1210 coram
1299 1148 1408 1229 ltaque
1431 1147 1535 1228 potius
1558 1146 1655 1226 eligat
1678 1145 2029 1227 unusquisquerjrr-aa

460 1249 610 1315 omnibus
634 1269 741 1331 argue,
764 1257 800 1311 ut
819 1249 916 1312 ceteri
941 1248 1088 1310 timorem
1112 1244 1206 1308 habe·
1261 1253 1309 1308 sto
1337 1245 1585 1309 misericorditer
1614 1243 1780 1326 increpari,
1803 1261 1884 1326 quarn
1906 1242 1956 1306 olco

458 1358 523 1413 ant.
541 1349 688 1424 Quadam
708 1347 804 1411 etiam
826 1353 956 1431 peccata
974 1344 1207 1409 contrariantur
1260 1344 1436 1426 peccatoris
1461 1342 1668 1426 impinguari,
1684 1342 1716 1404 id
1737 1349 1783 1404 est
1801 1341 1955 1404 adulantium
2051 1369 2052 1374 κ

457 1449 585 1512 veritati
608 1446 699 1522 fidei,
716 1455 770 1510 aut
793 1446 877 1510 bono
902 1443 1065 1510 communi
1087 1463 1094 1508 :
1116 1450 1148 1505 et
1172 1441 1205 1504 in
1260 1440 1487 1505 blandimentis
1502 1441 1601 1517 liniri,
1612 1459 1784 1523 eorumque
1797 1438 1887 1504 verbis
1897 1439 1956 1501 lrau·

457 1547 587 1622 talibus,
612 1546 760 1629 quamvis
785 1545 911 1608 occulta
934 1544 1009 1618 sint,
1035 1541 1142 1606 statim
1165 1540 1204 1602 ad
1261 1539 1407 1604 dolenter
1431 1540 1584 1604 laudari:
1609 1539 1684 1622 quia
1709 1546 1746 1601 ut
1767 1539 1797 1601 in
1818 1537 1955 1601 Proverbiis

457 1645 708 1728 publicationem
724 1650 773 1706 est
787 1643 1033 1726 procedendum,
1041 1647 1077 1702 ut
1091 1639 1118 1701 si
1133 1638 1205 1721 quis
1260 1637 1388 1714 dicitur,
1412 1638 1541 1703 ldeliora
1569 1645 1645 1702 sunt
1671 1637 1801 1700 vulnera
1823 1635 1954 1718 diligentis,
1964 1658 2034 1702 mna

456 1744 657 1807 machinetur
671 1743 832 1805 civitatem
849 1740 1090 1814 incendere,aut
1105 1736 1204 1800 fidem
1261 1755 1357 1818 quam
1378 1737 1579 1800 fraudulenta
1597 1737 1735 1800 odientis
1754 1735 1859 1800 oscula
1873 1735 1903 1796 lit
1917 1725 1977 1795 ite-⁶·

456 1841 591 1905 aliorum
617 1858 831 1922 corrumpere.
854 1839 886 1902 Si
908 1846 1016 1901 tamen
1038 1836 1111 1920 quis
1135 1852 1206 1917 pro·
1223 1832 1247 1896 B
1263 1852 1334 1896 rum
1359 1835 1508 1899 Salomon
1531 1835 1577 1897 ait
1602 1853 1609 1897 :
1633 1834 1744 1898 ldelior
1765 1842 1810 1896 est
1829 1831 1958 1896 manifesta
1977 1853 2022 1896 ra:

458 1939 608 2003 babiliter
636 1947 737 2023 putet,
767 1941 852 2023 quod
881 1937 1066 2020 hujusmodi
1095 1954 1205 2019 pecca·
1261 1935 1429 2016 correptio,
1455 1953 1553 2017 quarn
1581 1951 1671 1997 amor
1694 1933 1887 1996 absconditus.
1905 1931 1958 1992 ldco

458 2047 560 2102 torem
584 2039 685 2121 possit
708 2057 766 2122 per
790 2045 943 2101 secretam
973 2035 1206 2118 eorreptionem
1262 2032 1404 2114 loquitur
1422 2033 1618 2114 Augustinus
1640 2050 1647 2094 :
1670 2031 1768 2114 hlagis
1789 2038 1862 2094 amat
1879 2029 1958 2110 objur-

460 2137 642 2212 emcndare,
659 2144 764 2219 potest
782 2137 829 2199 sic
849 2135 964 2198 lacere.
1261 2138 1350 2212 gater
1368 2150 1494 2208 sanans,
1511 2151 1607 2214 quam
1627 2131 1771 2194 adulator
1787 2128 1956 2192 dissimulans.
2051 2165 2052 2168 =

501 2236 546 2299 Ex
562 2236 613 2298 his
630 2236 737 2319 itaque
760 2241 893 2309 constat,
914 2233 999 2317 quod
1021 2241 1206 2315 peccantem
1262 2231 1371 2313 ltaque
1401 2230 1631 2313 paterfamilias
1661 2229 1815 2313 quidquid
1840 2228 1869 2291 in
1891 2228 1959 2290 domo

462 2335 633 2416 corripere,
654 2341 744 2396 actus
766 2334 807 2396 sit
826 2333 975 2396 caritatis.
997 2331 1030 2394 Si
1049 2332 1137 2394 enim
1157 2350 1206 2393 ca·
1262 2348 1330 2404 sua,
1346 2329 1523 2412 prasertim
1540 2330 1572 2392 in
1588 2328 1698 2392 sobole
1715 2348 1780 2402 sua,
1793 2326 1959 2390 videritinor-
2051 2341 2052 2376 r

460 2432 626 2495 ritativum
650 2440 681 2494 et
705 2432 796 2514 pium
819 2439 868 2495 est
889 2448 1058 2514 corporum
1085 2429 1206 2493 mederi
1262 2427 1418 2502 dinatum,
1439 2429 1591 2511 corripiat
1612 2436 1645 2491 et
1662 2428 1818 2500 emendet,
1835 2433 1862 2488 et
1878 2433 1904 2486 ut
1918 2424 1959 2486 hoc

459 2531 660 2606 vulneribus,
681 2539 800 2612 quanto
817 2531 918 2612 magis
938 2531 1028 2613 pium
1049 2537 1081 2593 et
1098 2529 1207 2592 carita-
1262 2525 1428 2589 efficacius
1451 2534 1611 2609 operetur,
1631 2525 1849 2608 exemplariter
1865 2540 1959 2586 conver·

459 2630 562 2693 tivum
587 2637 635 2693 est
659 2629 838 2692 animarum
864 2628 1081 2710 languoribus,
1103 2627 1135 2689 id
1160 2633 1208 2690 est
1263 2625 1325 2688 sari
1346 2633 1488 2688 conetur.

461 2729 613 2812 peccetis,
633 2728 786 2791 adhibere
807 2728 965 2790 medelam
985 2747 1042 2810 per
1058 2727 1208 2809 correpti·
1301 2723 1408 2786 Refert
1429 2725 1459 2787 S.
1477 2723 1657 2806 Gregorius,
1676 2725 1763 2806 quod
1782 2732 1904 2805 tempore
1921 2737 1961 2782 suo

460 2846 554 2890 onem
577 2826 773 2890 fraternam?
793 2826 872 2889 ilinc
898 2826 1039 2908 loquitur
1059 2823 1207 2906 Augusti·
1262 2822 1324 2885 luit
1346 2823 1477 2906 quidam
1502 2823 1681 2906 Stephanus
1711 2823 1816 2898 abbas,
1838 2823 1879 2884 vir
1897 2820 1962 2882 ruldc
2052 2864 2053 2879 2

460 2945 521 2988 nus
538 2945 545 2990 ι
563 2925 746 2989 Nescientes
761 2925 834 3008 quis
848 2926 887 2988 ad
903 2943 1074 2987 numerum
1090 2923 1207 3006 praede-
1262 2931 1390 2986 sanctus
1414 2929 1447 2986 ct
1469 2923 1587 2986 virtute
1616 2923 1779 3005 patientia
1805 2920 1962 3003 singulariter
2052 2920 2053 2979 l

461 3024 661 3099 stinatorum,
675 3032 707 3086 et
721 3024 794 3107 quis
809 3024 847 3085 ad
864 3041 1033 3085 numerum
1050 3023 1208 3105 pertineat
1224 3018 1246 3083 C
1262 3022 1438 3097 decoratus,
1464 3022 1633 3084 hominum
1656 3022 1762 3085 vitans
1785 3021 1923 3090 tumultus,
1941 3025 1962 3077 el
2051 3049 2052 3102 ,

460 3124 681 3206 reproborum,
707 3123 753 3186 sie
777 3121 865 3186 allici
890 3122 1044 3185 debemus
1068 3120 1207 3184 caritatis
1261 3119 1458 3184 orationibus
1470 3120 1590 3203 jugiter
1605 3139 1733 3184 vacans.
1751 3120 1805 3184 Cui
1823 3119 1846 3182 si
1859 3118 1916 3200 quis
1930 3116 1962 3176 in-

460 3222 591 3298 aflectu,
612 3231 647 3286 ut
672 3239 782 3286 omnes
805 3223 943 3286 velimus
968 3220 1101 3300 salvari;
1122 3220 1206 3284 ideo·
1260 3219 1361 3299 jurias
1381 3217 1468 3293 iecit,
1490 3219 1657 3300 injurianti
1679 3219 1830 3282 maximas
1848 3218 1899 3298 egl
1916 3233 1963 3296 gra·

461 3342 523 3405 que
538 3323 686 3387 fraternas
706 3320 916 3404 correptionis
936 3319 1090 3383 ellectum
1104 3320 1206 3383 omni·
1262 3325 1318 3380 tes.
1341 3318 1509 3400 Quumque
1531 3319 1707 3382 moriturus
1731 3325 1819 3392 esset,
1834 3315 1910 3380 multi
1927 3331 1962 3374 re-

461 3420 521 3484 bus
545 3421 697 3486 debemus
726 3420 910 3503 impendere
939 3419 999 3482 sub
1023 3439 1080 3502 spe
1106 3418 1207 3481 divini
1263 3424 1379 3479 nerunt
1393 3417 1432 3479 ad
1447 3435 1533 3492 eum,
1549 3424 1664 3481 uttam
1684 3427 1794 3481 sancto
1809 3413 1963 3479 virodehoc
2051 3441 2052 3456 2

460 3519 581 3584 auxilii.
604 3521 641 3583 Et
660 3521 777 3582 iterum
797 3537 804 3582 :
826 3519 857 3582 Si
878 3517 1055 3599 neglexeris
1074 3515 1208 3599 (inquit)
1262 3514 1379 3579 saeculo
1394 3515 1563 3597 emigranti
1579 3536 1652 3580 suas
1667 3516 1792 3581 animas
1806 3511 1963 3579 commenda·
2052 3530 2053 3577 f

461 3619 632 3702 corripere,
654 3619 745 3702 pejor
764 3617 905 3681 efiicerIs
927 3635 965 3680 eo
986 3616 1042 3700 qui
1064 3623 1184 3699 peccat.
1262 3614 1411 3689 rentQui
1426 3614 1503 3677 dum
1519 3614 1601 3680 lecto
1616 3616 1686 3697 ejus
1700 3612 1964 3695 adstarent,quidan
2051 3667 2052 3678 ,

501 3718 562 3781 Sed
582 3718 714 3800 incipIat
733 3717 871 3800 quilibet
888 3737 907 3780 a
927 3735 960 3779 se
981 3716 1061 3797 ipso,
1079 3714 1208 3797 propria
1262 3730 1374 3776 eorum
1389 3712 1530 3794 angelos
1560 3715 1776 3795 ingredientes
1798 3713 1886 3778 oculis
1904 3709 1965 3772 ride

461 3815 540 3879 vitia
563 3816 712 3898 primitus
736 3814 935 3879 emendando
957 3831 963 3876 :
985 3814 1041 3896 qui
1062 3813 1149 3876 enim
1174 3813 1207 3876 in
1263 3820 1337 3874 runt
1366 3813 1538 3896 corporeis,
1567 3813 1624 3876 alii
1652 3814 1735 3877 nihil
1764 3814 1908 3889 viderunt;
1926 3807 1964 3869 scd

462 3915 584 3976 eisdem
602 3923 657 3997 aut
674 3914 874 3997 gravioribus
894 3921 942 3976 est
960 3912 1109 3995 peccatis,
1126 3911 1208 3975 indi·
1262 3928 1373 3974 omnes
1397 3918 1485 3975 tanto
1509 3911 1622 3976 timore
1646 3912 1791 3994 percussi
1813 3917 1885 3982 sunt,
1904 3903 1964 3989 quod

462 4031 544 4094 gnus
566 4021 614 4077 est
632 4015 710 4078 alios
731 4015 907 4096 increpare.
930 4012 1111 4094 Corripiens
1133 4028 1209 4094 quo
1262 4010 1371 4072 nullus
1392 4028 1515 4086 corum,
1531 4011 1714 4093 egrediente
1736 4011 1836 4074 anima
1854 4008 1899 4071 illa
1916 4023 1965 4066 sarr·

463 4131 537 4194 que,
554 4132 593 4175 ex
608 4113 749 4188 caritate,
765 4113 882 4195 pietate
898 4131 955 4174 seu
972 4111 1130 4193 acquitate,
1143 4127 1207 4172 non
1263 4108 1417 4184 ctIssima,
1435 4108 1501 4172 illic
1522 4110 1627 4193 potuit
1647 4117 1743 4172 stare.

462 4229 502 4273 ex
524 4212 637 4275 vitiosa
660 4211 766 4275 radice
788 4211 909 4275 moveri
930 4209 1024 4273 debet
1045 4209 1083 4272 ad
1106 4209 1247 4272 incre-D
1302 4205 1464 4270 Postremo
1488 4215 1618 4288 possent
1641 4207 1694 4270 hic
1720 4206 1852 4291 plurima
1872 4201 1921 4264 dici
1938 4198 1964 4258 de

462 4311 613 4392 pandum.
630 4311 683 4373 Ait
697 4329 835 4394 namque
850 4310 988 4373 Isidorus
1006 4327 1012 4371 :
1030 4307 1089 4383 Qui
1109 4307 1208 4370 deliu-
1263 4303 1367 4385 rigore
1392 4304 1493 4368 divini
1516 4305 1647 4386 judieii3
1668 4307 1726 4369 sed
1750 4306 1804 4369 illa
1825 4300 1928 4384 require
1943 4296 1965 4358 iu

461 4417 613 4490 quantem
634 4410 772 4492 superbo
792 4417 846 4473 aut
860 4409 970 4473 odioso
989 4407 1096 4471 animo
1111 4405 1208 4468 corri-
1263 4404 1460 4467 sermonibus
1476 4404 1561 4468 circa
1574 4405 1773 4488 evangelium
1788 4405 1820 4467 in
1832 4393 1966 4486 primald

461 4506 520 4589 pit,
537 4526 601 4571 non
622 4508 780 4584 emendat,
797 4509 852 4572 sed
875 4506 1029 4590 percutit3
1050 4504 1206 4589 quidquid
1262 4509 1377 4564 ventus
1397 4501 1567 4566 dominica.
