4164 6258
415 433 476 500 2¹6
766 456 916 503 nonnum
936 458 967 503 vv
988 458 1061 504 ross
1082 457 1275 504 ιιιιιιιιιιιιιι.
1297 475 1334 486 -
1357 455 1455 503 snnnro
1475 453 1612 510 onnnros

416 621 508 698 dixit,
520 625 647 689 Beatius
663 634 711 690 est
726 629 828 710 magis
842 629 917 692 dare
931 647 1028 713 quam
1043 628 1204 711 accipe-A
1219 635 1333 701 tantos,
1358 635 1390 690 et
1414 626 1508 690 corde
1536 623 1712 687 affectuoso
1739 628 1838 702 atque
1864 634 1962 700 prom-

274 731 401 785 aranu,
417 740 460 785 rc.
478 723 559 786 Hinc
575 724 607 787 in
622 725 801 789 Proverbiis
815 727 1164 791 asseritur:Victoriam
1220 727 1366 809 ptissimo
1395 725 1606 807 obsequentes
1636 719 1773 784 Domino
1803 732 1931 782 summo
1953 731 1959 776 :

283 825 290 838 '
417 826 450 882 et
464 819 618 885 honorem
639 824 787 907 acquirit,
804 826 859 908 qui
879 825 992 888 tribuit
1011 842 1164 904 muncra3
1219 825 1294 908 quia
1309 832 1344 886 ut
1359 823 1506 886 Salomon
1527 826 1730 903 protestatur,
1746 817 1805 892 Qui
1825 814 1963 878 ambulat
1978 830 2066 876 amer.

290 929 361 976 acco
373 944 402 984 u
417 919 472 981 et
464 939 497 981 ιιι
513 920 745 998 Ecclesiastico,
753 923 821 986 Non
837 923 878 986 sit
893 931 1037 1005 porrecta
1052 943 1164 985 manus
1219 922 1419 1004 simpliciter,
1436 919 1577 982 ambulat
1598 917 1810 980 confidenter.
1828 914 1868 976 Et
1882 913 1962 994 prin·

269 995 303 1036 ’θ’
417 1025 472 1080 tua
491 1020 530 1082 ad
550 1020 785 1103 accipiendum,
802 1029 834 1084 et
852 1024 891 1084 ad
911 1023 1050 1086 dandum
1071 1022 1165 1085 colle·
1220 1039 1294 1102 ceps
1318 1019 1541 1101 Apostolorum
1565 1017 1740 1080 bortatur:
1767 1014 1962 1094 Deponentes
1984 1029 2062 1072 tres

418 1123 477 1179 cta.
495 1117 586 1180 Sed'
575 1138 653 1200 Jam,
671 1120 751 1202 prob
771 1121 880 1184 dolort
899 1122 992 1202 pauci
1008 1129 1092 1195 sunt,
1108 1121 1164 1202 qui
1219 1137 1347 1182 omnem
1363 1118 1529 1191 malitiam,
1545 1125 1577 1180 et
1591 1133 1722 1178 omnem
1741 1112 1865 1183 dolum,
1880 1095 1990 1172 etsi-¹·

418 1233 482 1278 non
498 1217 562 1278 sint
577 1217 742 1327 proniores
761 1219 907 1300 accipere
922 1238 1017 1302 quam
1037 1225 1165 1300 praesta·
1220 1217 1419 1290 mulationcs,
1445 1222 1477 1278 et
1506 1214 1729 1286 detractiones,
1756 1219 1791 1272 et
1818 1207 1961 1280 invidias,

269 1333 401 1392 restant,
418 1332 476 1376 re:
495 1315 646 1396 quoniam
673 1317 768 1379 Paulo
790 1325 935 1390 testante,
954 1317 1069 1380 Omnes
1094 1336 1164 1399 quaa
1219 1315 1367 1378 crescatis
1391 1315 1423 1376 in
1448 1314 1594 1376 salutem
1616 1313 1710 1375 Josue
1736 1326 1866 1420 quoque
1890 1305 1961 1368 ait:

268 1399 303 1440 ‘¹'
417 1431 475 1474 sua
498 1420 574 1475 sunt
597 1423 754 1496 quaerunt.
780 1415 850 1476 Et
843 1435 875 1476 ιιι
898 1415 978 1478 lsaia
999 1415 1162 1477 babetur:
1219 1413 1539 1485 TimeteDominum,
1555 1418 1588 1473 et
1603 1409 1720 1472 servite
1740 1426 1770 1470 er
1762 1405 1881 1470 corde
1902 1422 2025 1486 per-vste
2054 1437 2065 1465 ,

286 1529 316 1574 ια
329 1544 344 1582 ι,
354 1533 388 1576 ιι
417 1510 534 1574 Omnes
556 1511 695 1593 diligunt
716 1531 859 1588 munera,
876 1519 1054 1595 sequuntur
1075 1512 1164 1574 retri·
1219 1511 1301 1573 fecto
1321 1519 1416 1594 atque
1438 1509 1614 1572 verissimo.
1977 1490 2003 1529 ¹⁶

417 1607 591 1672 butionem.
609 1610 716 1674 Nihilo
736 1611 843 1673 minus
863 1611 957 1673 multi
978 1610 1050 1692 plus
1066 1610 1165 1672 abun·
1253 1609 1375 1684 Octavo,
1383 1609 1474 1670 docet
1485 1607 1593 1689 quales
1609 1623 1678 1668 esse
1691 1602 1829 1667 debeant
1841 1599 1964 1663 aliorum

416 1707 539 1780 darent,
565 1706 593 1769 si
618 1708 784 1790 proniores
813 1715 920 1772 essent
945 1709 985 1770 ad
1013 1708 1163 1781 dandum,
1220 1707 1352 1788 praelati,
1376 1712 1528 1788 pastores,
1551 1704 1709 1774 doctores,
1733 1698 1964 1782 predicatores,

416 1805 569 1885 quoniam
598 1805 772 1870 individue
801 1807 895 1869 sortis
927 1815 1001 1869 sunt
1030 1807 1104 1870 dare
1134 1815 1165 1868 et
1182 1806 1205 1866 B
1220 1822 1395 1885 omnesque
1414 1809 1553 1865 rectores
1572 1820 1610 1863 ac
1626 1798 1848 1882 presidentes,
1865 1795 1965 1858 dicen·

416 1902 493 1965 dari.
511 1903 590 1966 Nam
605 1911 638 1966 et
656 1905 739 1968 Deus
760 1905 1021 1968 misericordibus
1036 1923 1072 1967 ao
1088 1905 1164 1967 libe·
1220 1904 1259 1966 do
1277 1900 1462 1984 :Numquid
1483 1907 1587 1982 potest
1607 1917 1711 1962 caecus
1734 1913 1858 1959 oaecum
1880 1895 2067 1956 duce-tme-

417 2001 538 2064 ralibus
563 2002 660 2064 etiam
683 2003 729 2064 in
740 2003 971 2085 temporalibus
992 2003 1162 2066 benedicit.
1219 2005 1271 2064 ref
1286 2001 1396 2064 Nonne
1411 1999 1506 2063 ambo
1522 1999 1555 2060 in
1572 1998 1696 2061 foveam
1711 1996 1849 2058 caduntf
1864 1993 1967 2073 ltaque

417 2097 537 2179 Estque
562 2115 734 2163 commune
758 2100 879 2162 dictum
907 2117 914 2163 :
940 2100 1000 2175 Qui
1026 2119 1089 2164 non
1113 2101 1166 2162 dat
1222 2100 1275 2182 qui
1301 2099 1372 2162 aliis
1396 2106 1511 2180 praest
1533 2105 1589 2159 aut
1612 2094 1776 2178 predicat,
1799 2093 1842 2154 sit
1867 2099 1967 2152 mente

418 2196 504 2276 quod
525 2204 620 2270 amat,
636 2215 700 2258 non
720 2199 806 2279 capit
825 2199 909 2280 quod
929 2207 1025 2280 optat.
1043 2199 1077 2260 ln
1095 2198 1165 2261 Pro·
1223 2196 1433 2271 illuminatus,
1449 2195 1611 2258 virtuosus
1630 2212 1667 2256 ac
1686 2190 1825 2264 stabilis,
1844 2191 1899 2272 qui
1918 2187 1968 2249 ali·

270 2292 539 2370 rm0.1n‚o,verbiis
562 2311 689 2376 quoque
709 2295 825 2375 legitur
842 2313 849 2357 :
866 2297 909 2358 De
928 2297 1079 2378 primitiis
1101 2296 1166 2358 fru-
1221 2313 1313 2358 orum
1337 2292 1596 2356 defectuositates
1621 2289 1849 2374 equanimiter
1872 2286 1968 2350 valeat

273 2384 305 2425 ¹⁰·
418 2408 495 2471 gum
526 2398 652 2453 tuarum
681 2391 722 2453 da
753 2393 957 2475 pauperibus,
988 2402 1020 2456 et
1052 2395 1166 2476 imple·
1222 2393 1389 2467 sustinere,
1407 2409 1465 2454 uec
1481 2409 1520 2452 ex
1536 2389 1665 2453 illorum
1681 2385 1969 2469 improbitatepas

420 2488 541 2550 buntur
565 2488 678 2551 horrea
701 2497 756 2552 tua
784 2490 936 2553 satietate.
962 2492 1031 2554 Non
1060 2500 1166 2554 tamen
1222 2491 1366 2554 sionibus
1401 2489 1621 2561 conturbetur,
1655 2487 1749 2560 iram,
1781 2483 1968 2566 indignatio·

420 2586 626 2668 prodigalitas
647 2587 970 2663 commendatur,.sed
991 2609 1029 2652 ex
1049 2591 1167 2652 virtute
1222 2608 1304 2662 nem,
1321 2588 1500 2661 elationem,
1518 2585 1753 2668 impatientiam
1769 2581 1969 2652 admittendo,

420 2683 506 2746 datio
521 2684 582 2746 ista
599 2684 694 2747 debet
714 2685 896 2766 procedere,
913 2686 1167 2770 discretioneque
1222 2688 1277 2750 scd
1297 2707 1354 2749 sua
1375 2685 1526 2758 bonitate,
1543 2682 1738 2757 bumilitate,
1757 2679 1969 2744 mansuetudi-

421 2783 497 2862 regi.
516 2782 649 2845 Pensare
669 2801 797 2864 quoque
817 2792 940 2865 oportet
960 2787 1012 2848 oui
1033 2787 1073 2848 sit
1095 2787 1167 2848 dan·
1222 2805 1273 2859 ne,
1293 2784 1456 2867 patientia,
1477 2783 1613 2846 aliorum
1635 2781 1805 2853 malitiam,
1825 2777 1969 2842 animosi-

421 2880 509 2953 dum,
535 2886 612 2961 puta
636 2881 745 2960 egenis
769 2888 802 2943 et
825 2881 907 2944 bene
937 2883 1111 2957 utentibus,
1137 2893 1169 2946 et
1222 2891 1330 2956 tatem,
1342 2883 1434 2955 iram,
1450 2877 1971 2963 impatientiamvincat,sicutait

421 2975 539 3057 quibus
560 2985 645 3039 recta
666 2979 765 3040 dictat
785 2979 865 3041 ratio
885 2998 955 3042 esse
974 2981 1126 3043 dandum.
1183 2981 1416 3064 GApostolus:
1433 2979 1503 3042 Noli
1528 2979 1624 3040 vinci
1637 2997 1657 3040 a
1681 2977 1780 3052 malo,
1803 2976 1859 3038 sed
1882 2975 2054 3037 vincern

462 3075 567 3149 Sexto,
576 3076 691 3138 docet
683 3096 715 3138 ιιι
732 3076 918 3157 evangelio'
910 3085 971 3140 rsto
986 3079 1084 3140 Filius
1099 3079 1167 3154 Dei,
1224 3080 1257 3141 in
1273 3079 1357 3142 bono
1373 3077 1502 3140 malum
1517 3076 1576 3149 Oui
1590 3083 1699 3138 autem
1715 3075 1823 3137 adhuc
1838 3057 2009 3181 peccatis·¹·

422 3190 519 3253 quam
533 3172 669 3253 gloriosa
683 3181 716 3236 et
730 3176 1047 3256 supercopiosissima
1062 3177 1103 3238 sit
1118 3177 1170 3240 bo·
1224 3183 1255 3238 et
1275 3174 1477 3258 passionibus
1497 3173 1653 3254 subjacet,
1669 3172 1726 3254 qui
1747 3171 1818 3234 ad
1810 3189 1901 3245 tram,
1919 3171 1971 3231 im-

424 3287 539 3364 noqum
552 3271 720 3335 retributio
735 3289 871 3354 operum
885 3272 918 3334 in
933 3273 1053 3348 futuro,
1070 3294 1169 3356 quum
1224 3273 1422 3357 patientiam,
1452 3271 1701 3344 animositatem,
1733 3277 1831 3351 atque
1859 3266 1972 3330 similia

277 3388 410 3441 coaetos.
425 3367 470 3429 ait
491 3385 498 3430 :
518 3368 697 3430 Mansuram
722 3369 851 3444 bonam,
876 3377 907 3431 et
931 3370 1117 3446 confertam,
1139 3382 1171 3434 et
1225 3373 1302 3436 vitia
1317 3370 1454 3432 faciliter
1469 3368 1658 3441 concitatur,
1675 3375 1709 3429 et
1724 3374 1834 3429 menta
1848 3365 1971 3429 obtene-

427 3465 625 3544 coagitatam,
641 3474 673 3528 et
691 3466 975 3548 supereffluentem
996 3469 1117 3531 dabunt
1137 3470 1170 3532 in
1225 3470 1345 3541 bretun,
1363 3467 1500 3550 qualiter
1519 3466 1598 3529 alios
1618 3473 1705 3529 recte
1726 3465 1835 3539 ducet,
1850 3471 1879 3527 et
1898 3463 1972 3526 avi-

427 3561 535 3624 sinum
551 3570 701 3624 vestrum.
711 3563 860 3636 Quamvis
875 3566 994 3628 etenim
1010 3568 1073 3630 Deo
1087 3567 1171 3630 altis·
1224 3568 1278 3629 tiis
1294 3563 1561 3648 passionibusque
1577 3563 1749 3645 purgabit?
1765 3563 1845 3636 lieu,
1860 3568 1972 3644 quanta

428 3659 511 3722 simo
531 3660 735 3730 serviendum
754 3661 796 3723 sit
815 3662 1084 3744 principalissime
1101 3683 1171 3746 pro·
1226 3672 1275 3728 est
1302 3661 1482 3735 excaecatio,
1506 3662 1572 3724 imo
1598 3661 1725 3724 insania
1753 3660 1970 3743 plurimorum,

431 3764 502 3839 pter
526 3775 636 3838 puram
662 3756 847 3832 bonitatem,
863 3768 957 3842 atque
982 3761 1171 3826 immensam
1226 3763 1281 3844 qui
1297 3779 1397 3843 quum
1413 3758 1714 3822 defectuositatibus
1731 3758 1820 3840 pleni
1835 3757 1907 3830 sint,
1919 3773 1972 3817 nec

430 3853 630 3933 majestatem
654 3861 686 3916 et
710 3855 908 3919 sanctitatem
934 3858 1046 3940 ipsius,
1071 3860 1173 3923 nihilo
1227 3860 1302 3922 satis
1324 3858 1358 3920 in
1382 3857 1558 3919 moralibus
1583 3855 1714 3932 eruditi,
1732 3874 1840 3938 neque
1857 3851 1973 3916 virtuti-

429 3950 536 4012 minus
552 3951 694 4014 Christus
709 3952 878 4016 humanam
893 3955 1070 4020 tarditatem
1083 3976 1175 4038 agno-
1227 3958 1287 4020 bus
1313 3955 1457 4030 stabiliti,
1483 3961 1590 4017 umen
1614 3954 1771 4034 ingerunt
1794 3953 1974 4034 semetipsos

430 4067 534 4121 scens,
560 4048 727 4128 praemium
756 4050 936 4130 pollicetur,
961 4060 996 4113 ut
1024 4053 1050 4115 si
1079 4061 1173 4119 tantae
1227 4055 1264 4117 ad
1288 4055 1430 4135 regimen
1453 4053 1645 4126 animarum,
1662 4052 1704 4114 ud
1725 4051 1862 4115 aliorum
1884 4051 1973 4112 duca·

431 4144 637 4229 perfectionis
651 4163 715 4208 non
731 4165 842 4210 sumus
858 4155 892 4209 ut
907 4148 971 4212 Deo
987 4151 1106 4214 servire
1121 4172 1174 4215 cu·
1187 4156 1213 4218 1)
1228 4161 1308 4225 tum,
1324 4152 1363 4214 ad
1389 4150 1534 4213 cordium
1560 4149 1776 4225 curationem,
1797 4167 1893 4232 quum
1919 4147 1973 4208 uti-

431 4262 539 4306 remus
560 4245 653 4307 modo
672 4243 814 4326 praefato,
831 4264 868 4306 ex
892 4246 962 4325 ejus
981 4265 1061 4328 puro
1080 4257 1112 4311 et
1133 4251 1173 4311 ir·
1229 4269 1290 4332 que
1313 4249 1359 4310 nil
1382 4248 1595 4334 periculosius
1617 4247 1660 4310 sit
1682 4248 1716 4309 in
1744 4248 1865 4310 mundo
1883 4263 1971 4327 quam

431 4340 553 4403 reflexo
573 4359 691 4415 amore,
711 4342 823 4404 saltem
843 4344 999 4407 mercedis
1018 4345 1174 4413 desiderio
1228 4367 1336 4410 curam
1352 4347 1532 4409 animarum
1551 4345 1691 4408 haberet
1706 4345 1759 4408 Sit
1780 4346 1875 4427 igitur
1888 4342 1974 4425 quili-

431 4439 652 4501 acoendamur.
679 4439 748 4501 Non
774 4446 880 4502 tamen
902 4459 982 4522 opus
1005 4450 1053 4504 est
1080 4447 1173 4509 meri·
1228 4445 1282 4507 bet
1302 4444 1488 4523 timoratus;
1505 4451 1537 4506 et
1558 4443 1665 4526 primo
1688 4444 1853 4506 discamus
1872 4457 1973 4522 regere

432 4535 562 4608 torium,
586 4535 646 4596 nisi
670 4535 889 4618 principaliter
910 4555 949 4600 ea
971 4540 1098 4604 caritate
1122 4563 1174 4605 na·
1228 4541 1451 4623 nosmetipsos,
1467 4541 1711 4606 sensualitatem
1727 4541 1894 4615 domando,
1910 4557 1975 4621 pas·

434 4640 550 4694 scalur-
1228 4641 1333 4703 siones
1359 4646 1391 4702 et
1414 4639 1493 4702 vitia
1517 4640 1713 4721 superando,
1739 4638 1910 4702 virtutibus
1932 4636 1975 4697 in·

475 4729 627 4811 Septimo,
643 4729 735 4793 docet
754 4749 848 4812 quam
866 4733 951 4813 justa
969 4735 1033 4796 sint
1052 4735 1106 4798 Dei
1125 4737 1175 4817 ju·
1228 4737 1388 4813 haerendo,
1404 4745 1589 4820 rectamque
1609 4736 1772 4800 rationem
1793 4754 1916 4818 semper
1933 4753 1974 4796 se

311 4843 406 4890 raram.
434 4828 530 4900 dicia,
546 4827 656 4889 dicens
673 4843 680 4888 τ
697 4827 813 4890 Eadem
834 4848 1059 4913 mensuraque
1073 4835 1174 4897 mensi
1229 4836 1365 4917 quendo.

435 4923 572 4997 fueritis,
589 4923 773 4986 remetietur
792 4925 892 4988 vobis.
910 4927 948 4989 Ut
966 4945 1041 5008 ergo
1063 4931 1175 5009 gratio·
1268 4932 1439 5008 Postremo,
1451 4933 1544 4996 docet
1559 4933 1705 4997 Salvator
1720 4935 1899 4998 ordinatum
1915 4947 1974 4992 mo

434 5039 506 5083 sum
530 5038 548 5080 a
571 5020 636 5082 Deo
658 5019 858 5084 obtineamus
881 5023 1049 5103 judicium,
1074 5025 1174 5091 simus
1228 5030 1304 5092 dum
1331 5031 1525 5112 procedendi
1547 5032 1587 5094 ad
1611 5031 1753 5095 aliorum
1779 5028 1972 5095 considerati-

433 5117 551 5179 sinceri
567 5115 598 5177 in
618 5117 778 5191 omnibus,
794 5137 921 5182 omnem
942 5121 1096 5196 fraudem,
1113 5125 1175 5186 cal·
1228 5143 1333 5200 onem,
1361 5129 1618 5211 increpationem
1647 5137 1681 5192 et
1710 5129 1971 5196 emendationem,

433 5214 600 5290 liditotem,
621 5214 850 5298 duplicitatem,
872 5217 1107 5284 simulationem
1129 5223 1173 5284 vi·
1226 5225 1362 5290 dicendo
1388 5244 1395 5288 :
1422 5227 1502 5302 Quid
1528 5228 1618 5292 vides
1646 5227 1809 5293 festucam
1833 5229 1863 5291 in
1885 5223 1973 5289 oculo
1984 5230 2063 5276 tent
