4214 6254
395 495 545 544 narraret
566 497 601 544 ru
622 497 695 546 rosr
715 496 909 544 rarurrsrrur.
929 513 970 526 -
990 495 1164 544 nnnannrro
1186 497 1217 544 nv
1238 497 1432 546 nvnucuaruu
1632 480 1691 544 183

139 667 213 750 plus
241 665 346 731 allicit
371 687 409 730 ae
438 668 612 749 sentitur);
642 667 887 751 proportionali·
903 665 930 732 Α
944 669 1052 742 sando,
1069 669 1183 732 evertit
1203 669 1346 744 domum,
1364 669 1395 732 id
1416 677 1474 744 cst,
1494 670 1689 753 synagogam

138 775 198 840 ter,
210 767 249 829 de
265 775 432 850 peccatore
447 767 625 850 poenitente
643 768 729 831 cives
745 767 889 830 eoelcstes
945 787 1001 830 seu
1021 768 1177 850 populum
1195 769 1376 832 ludaeorum
1398 769 1619 850 multipliciter
1640 787 1691 832 ex-

139 866 212 948 plus
231 865 381 947 gaudent,
398 873 454 928 aut
467 865 683 929 abundantius
703 866 793 947 signa
813 865 889 928 laeti·
944 866 1064 939 citavit,
1082 867 1216 940 monuit,
1229 875 1261 930 et
1275 867 1350 930 hinc
1366 867 1440 929 inde
1455 867 1597 942 deduxit,
1614 887 1691 950 prae-

139 965 192 1026 tiaa
217 971 404 1026 monstrant.
431 963 509 1028 Nam
534 973 566 1026 et
590 965 693 1046 augeli
725 965 825 1027 sancti
850 965 889 1026 dc
944 964 1089 1039 dicando,
1101 965 1374 1047 exemplarissime
1390 965 1618 1040 conversando,
1635 965 1692 1027 mi-

140 1063 308 1125 hominum
328 1062 391 1124 sibi
408 1063 653 1126 commissorum
670 1064 890 1144 transgressio
944 1064 1051 1126 racula
1067 1063 1509 1146 perpetrand03quaesivitque
1523 1063 1692 1144 diligenter

139 1181 180 1224 ne
200 1179 239 1224 ac
260 1161 486 1224 recidivatione
506 1160 613 1224 dolere
630 1169 662 1224 et
682 1161 760 1224 llere
781 1162 889 1244 legun·
945 1161 1107 1223 hominem
1124 1161 1297 1244 perditum,
1309 1161 1428 1222 summi
1444 1161 1535 1241 Regis
1552 1161 1690 1242 imagine

140 1268 192 1322 tur
216 1277 222 1322 :
246 1259 332 1342 quod
357 1267 463 1322 tamen
488 1279 564 1322 sane
589 1259 725 1342 intelligi
749 1279 806 1343 par
829 1269 887 1334 est,
944 1259 1145 1340 insignitum,
1162 1259 1249 1321 eloh
1267 1259 1326 1322 hoo
1344 1277 1400 1341 per
1416 1259 1599 1322 drachmam
1617 1277 1690 1322 con·

141 1359 217 1441 quia
237 1377 338 1441 quum
359 1358 423 1420 sint
444 1357 586 1441 perlecta
605 1358 701 1432 beati,
718 1359 806 1422 nulla
825 1377 890 1441 pm
943 1376 1021 1439 grue
1040 1357 1251 1438 designatum.
1269 1357 1362 1420 Venit
1378 1357 1498 1440 quippe
1518 1357 1616 1420 Filius
1635 1358 1692 1421 ho-
1726 1383 1780 1428 aaa.
1792 1397 1835 1434 ιιι,

140 1456 223 1519 nalis
252 1455 383 1518 allectio
408 1456 455 1519 eis
485 1456 612 1518 realiter
641 1465 745 1539 potest
774 1457 887 1530 inesse,
945 1456 1042 1518 minis
1061 1475 1203 1538 quaerere
1219 1463 1250 1518 et
1264 1456 1388 1518 salvum
1409 1455 1514 1518 lacere
1531 1456 1616 1538 quod
1636 1475 1689 1538 pe·
1705 1449 1738 1489 ¹⁰·

140 1555 195 1617 sed
218 1574 276 1637 per
291 1555 422 1617 modum
438 1555 573 1619 dolentis
591 1573 624 1617 se
641 1555 760 1618 babent
777 1573 784 1618 :
799 1555 890 1636 juxta
945 1555 1050 1616 rierat.
1072 1556 1178 1617 Donec
1201 1554 1324 1617 invenit
1345 1573 1427 1628 eam,
1453 1554 1484 1616 id
1506 1561 1564 1628 est,
1590 1573 1690 1634 genus

140 1672 239 1735 quem
257 1653 386 1717 modum
403 1654 460 1726 ira,
477 1653 566 1715 luror
583 1661 615 1715 et
630 1653 807 1736 plenitude,
826 1655 890 1716 Deo
945 1653 1121 1715 humanum
1142 1672 1198 1715 sua
1215 1653 1362 1734 passione
1378 1653 1522 1728 redemit,
1540 1652 1691 1734 quemad-

140 1753 370 1816 attribuuntur.
946 1751 1076 1813 modum
1100 1749 1241 1833 loquitur
1261 1751 1341 1812 Patri
1360 1750 1470 1833 :Opus
1492 1768 1690 1812 consumma·
1703 1765 1838 1820 lornano,

186 1851 344 1932 Deinceps
375 1869 432 1932 per
460 1849 556 1911 aliam
586 1849 768 1931 parabolam
797 1850 889 1912 docet
906 1848 989 1922 Bvi,
1011 1850 1095 1932 quod
1117 1848 1231 1911 dedisti
1254 1848 1333 1910 mibi
1356 1855 1391 1909 ut
1413 1847 1538 1910 faciam.
1560 1833 1724 1910 inventa*¹

141 1949 296 2023 Salvator,
313 1949 397 2030 quod
417 1965 480 2010 non
495 1948 606 2010 debuit
620 1956 802 2030 peccatores
818 1967 890 2011 con·
946 1948 1053 2030 itaque
1067 1947 1218 2009 drachma
1234 1947 1343 2020 hac,id
1359 1955 1407 2008 est
1421 1965 1536 2028 genere
1551 1945 1691 2008 humano

142 2055 287 2110 temnere
311 2054 344 2109 et
368 2045 478 2120 vitare,
500 2046 555 2108 scd
580 2046 754 2108 elementer
777 2046 891 2108 admit·
945 2046 1050 2108 taliter
1066 2045 1209 2118 liberato,
1222 2045 1365 2108 Christus
1381 2045 1414 2106 in
1430 2045 1481 2106 die
1496 2044 1692 2106 ascensionis

142 2155 219 2213 tere,
237 2153 333 2227 atqua
349 2145 389 2206 ad
410 2145 495 2206 viam
514 2145 625 2206 salutis
641 2143 804 2206 reducere.
822 2147 890 2206 Ant
940 2145 1133 2208 'convocavit
1149 2144 1295 2206 «amicas
1311 2151 1406 2224 atque
1421 2143 1544 2206 vicinas
1555 2165 1584 2216 n,
1598 2143 1629 2206 id
1645 2151 1693 2205 est

140 2265 214 2323 qzroe
232 2245 356 2303 mulier
375 2244 494 2302 habens
511 2244 697 2312 drachmae,
714 2241 744 2302 id
767 2250 814 2303 est
835 2241 891 2302 hu·
946 2242 1104 2323 angelicas
1121 2249 1290 2324 potestates
1306 2249 1338 2304 et
1353 2249 1493 2305 mentes:
1506 2260 1577 2323 quae
1592 2260 1692 2323 quum

140 2340 282 2421 jusmodi
312 2356 474 2414 nummos,
505 2344 625 2410 decem,
648 2342 679 2399 si
703 2343 891 2416 perdiderit
946 2341 1062 2404 divinae
1084 2341 1240 2403 voluntati
1266 2340 1328 2402 sint
1351 2339 1596 2402 inavertibiliter
1620 2357 1693 2402 con-

140 2441 332 2499 drachmam
357 2458 471 2508 unam,
487 2457 593 2497 nonne
617 2439 764 2496 accendit
788 2440 893 2496 lacer·
946 2439 1099 2512 formatae,
1116 2446 1148 2501 et
1162 2438 1286 2500 vultum
1303 2437 1352 2500 sui
1368 2437 1523 2500 crealoris
1539 2437 1622 2499 clare
1637 2457 1695 2519 per

141 2557 233 2605 nam,
250 2535 427 2618 praesertim
448 2535 474 2596 si
493 2542 636 2616 tempore
652 2533 821 2596 tenebroso
837 2541 891 2596 aut
946 2537 1086 2620 speeiem
1111 2535 1378 2618 contemplentur,
1397 2535 1511 2597 merito
1531 2535 1642 2598 amicae
1663 2543 1693 2596 et

142 2633 174 2696 in
201 2634 273 2697 loeo
297 2633 434 2696 obscuro
456 2651 598 2714 quarere
619 2631 708 2704 velit,
725 2641 753 2691 et
774 2633 891 2692 evertit
947 2635 1059 2698 vieinae
1074 2641 1198 2698 aeternae
1214 2633 1382 2715 Sapientia
1399 2633 1695 2714 nuncupanturlli-

141 2737 288 2803 doricum,
305 2732 336 2793 id
355 2739 414 2804 est,
432 2738 579 2794 contenta
599 2729 631 2792 in
647 2730 742 2793 domo
757 2729 892 2793 revolvit
947 2734 1056 2814 aitque
1071 2732 1117 2794 eis
1129 2751 1135 2794 :
1147 2729 1441 2812 «Cougratulamini
1460 2729 1633 2811 mihi,quia
1647 2731 1694 2792 in-

141 2849 198 2892 seu
221 2829 374 2892 transfert
396 2829 435 2892 de
458 2829 528 2892 loco
550 2829 589 2890 ad
612 2828 730 2900 locum,
748 2848 787 2890 ne
810 2827 890 2890 lorte
946 2831 1019 2892 veni
1035 2829 1247 2892 drachmam»
1260 2828 1420 2890 amissam.
1434 2828 1536 2900 Quum
1553 2828 1638 2889 enim
1655 2827 1695 2889 si-

142 2929 202 2991 suh
219 2927 329 3009 aliquo
351 2927 480 2990 illorum
502 2927 606 3008 jaceat
629 2926 786 3007 lateatque
806 2925 890 3008 quod
947 2928 979 2990 bi
993 2927 1176 2991 ascendenti
1191 2934 1442 3000 occurrerent‚ae
1454 2926 1691 3006 interrogarent,

140 3027 308 3109 quaeritur,
331 3035 360 3086 et
386 3028 506 3106 qaaerit
528 3027 706 3103 diligenter
735 3025 890 3106 perditam
908 3027 931 3094 C
947 3027 1021 3100 Quis
1037 3033 1084 3088 εει
1100 3025 1159 3086 iste
1174 3024 1238 3087 ilex
1253 3024 1384 3104 gloriael
1400 3031 1435 3084 ut
1449 3024 1494 3086 ait
1508 3023 1691 3102 Psalmista;
1706 3039 1840 3090 rauna,

141 3125 341 3198 drachmam,
361 3127 461 3184 donec
484 3125 631 3184 inueniat
656 3141 737 3196 eam,
760 3141 891 3205 praeser·
947 3125 1098 3205 itemque,
1115 3123 1190 3196 Quis
1206 3130 1253 3185 cst
1269 3123 1327 3184 isle
1346 3121 1402 3203 qui
1417 3122 1506 3184 venit
1520 3122 1559 3183 de
1575 3122 1692 3184 Edoml
1708 3105 1841 3215 hm,

142 3225 199 3286 tim
217 3242 320 3305 quum
338 3222 466 3287 lemine
483 3223 688 3284 vehementer
707 3220 892 3283 alliciantur
946 3232 1029 3300 ete.;
1051 3230 1092 3296 et,
1113 3222 1214 3295 Quare
1236 3220 1369 3282 rubrum
1395 3228 1443 3282 est
1468 3219 1691 3281 indumentum
1707 3229 1727 3269 ²·

141 3323 180 3384 ad
197 3341 279 3395 rem,
296 3341 396 3402 quum
411 3321 449 3383 ad
466 3339 536 3383 eam
551 3320 707 3402 coeperint
721 3319 831 3381 allicit
847 3322 890 3381 Et
946 3323 1058 3384 tuumt
1075 3327 1109 3381 ut
1124 3319 1219 3381 lsaias
1236 3317 1551 3400 praedixit:Christus
1567 3335 1693 3400 respon·
1719 3331 1778 3378 nra.
1789 3337 1809 3375 a.

141 3442 247 3501 quum
262 3421 425 3481 invenerit
441 3420 797 3493 drachmam,conoocat
812 3421 891 3478 ami·
946 3421 1003 3494 dit,
1020 3418 1170 3481 Torcular
1192 3416 1311 3479 calcavi
1333 3416 1419 3478 solus
1444 3435 1450 3478 :
1471 3415 1532 3479 boc
1555 3423 1614 3491 est,
1636 3435 1693 3498 per

140 3541 194 3580 cas
218 3529 251 3580 et
276 3521 413 3589 vicinas,
436 3521 547 3579 dicens
569 3539 581 3578 :
606 3519 892 3595 Conyratalamini
946 3518 1050 3581 erucis
1065 3534 1247 3598 pressuram
1263 3533 1363 3595 genus
1375 3513 1495 3576 redemi
1511 3515 1691 3578 humanum.

140 3621 238 3688 milri,
260 3621 339 3697 qnia
362 3618 475 3677 inveni
494 3619 684 3677 drachmam
704 3636 802 3694 quum
816 3635 892 3692 per·
947 3619 1109 3698 Tuncque,
1127 3622 1161 3676 ut
1177 3615 1209 3676 in
1224 3614 1348 3696 Hymno
1363 3613 1406 3676 ait
1421 3612 1619 3688 Ambrosius,
1637 3614 1694 3677 Ga-

141 3719 308 3776 dideram.
325 3715 389 3777 Hoc
411 3714 443 3777 in
466 3713 677 3776 exterioribus
700 3715 743 3776 ita
763 3722 819 3776 est.
946 3717 1015 3778 visa
1030 3722 1105 3777 sunt
1119 3713 1191 3776 coeli
1208 3731 1303 3793 regua
1318 3712 1421 3774 reditu
1438 3712 1607 3792 Unigeniti.
1618 3711 1695 3774 Tan·

181 3813 399 3896 Spiritualiter
423 3829 510 3886 vero,
533 3831 590 3895 per
615 3813 784 3874 mulierem
810 3812 891 3874 banc
947 3823 978 3876 ta
1001 3820 1108 3875 aulem
1138 3819 1185 3874 est
1209 3811 1324 3873 Christi
1349 3811 1478 3873 dileetio
1502 3810 1541 3872 ad
1566 3828 1634 3882 nos,
1661 3817 1695 3870 ut

143 3911 354 3992 intelligenda
368 3919 417 3973 est
432 3919 548 3973 aeterna
564 3919 595 3972 et
610 3911 750 3972 increata
764 3910 892 3993 Sapien-
947 3919 1087 3974 nostram
1111 3909 1318 3972 salvationem
1342 3928 1432 3971 suam
1452 3927 1521 3971 esse
1542 3909 1626 3970 dieat
1645 3908 1695 3970 lm-

143 4012 196 4084 tia,
219 4029 292 4092 quaa
314 4008 355 4072 ob
377 4026 468 4072 suam
492 4007 732 4082 amabilitatem,
755 4008 893 4089 pulchri·
948 4009 1062 4071 titiam.

141 4110 291 4171 tudinem
306 4126 342 4170 ae
355 4107 714 4190 fecunditatem,sponsa
728 4126 764 4170 ac
777 4107 893 4170 mulier
987 4113 1041 4171 Ita
1072 4111 1144 4168 dieo
1175 4110 1273 4177 vadia,
1300 4107 1462 4184 perediam
1491 4107 1556 4165 erit
1585 4126 1696 4166 coram,

140 4206 333 4289 appellatur.
342 4206 385 4268 lle
401 4225 463 4288 qua
478 4205 609 4288 Sapiens
626 4214 826 4287 protestatur,
838 4226 893 4287 pu·
908 4207 933 4269 D
949 4211 1074 4284 capelia
1098 4211 1171 4276 Dei,
1192 4206 1224 4268 id
1249 4213 1307 4278 est,
1330 4205 1362 4266 in
1388 4221 1485 4284 regno
1509 4203 1630 4266 eoelesti
1655 4203 1693 4264 ad

25 4306 235 4381 ip.=1=1,r.dicus
261 4312 293 4368 et
317 4323 416 4387 purus
445 4312 566 4367 amator
591 4322 598 4366 :
624 4305 710 4366 llanc
733 4306 836 4367 amavi
862 4314 893 4368 et
949 4307 1088 4369 invicem
1104 4305 1295 4367 laetabuntur
1309 4302 1412 4383 angeli
1434 4302 1544 4375 saneti,
1562 4309 1594 4363 et
1609 4301 1694 4364 Chri-

142 4405 306 4489 exquisivi
335 4424 354 4466 a
382 4403 550 4486 juventute
586 4423 665 4478 mea,
695 4414 727 4466 ει
760 4407 891 4487 quaesivi
948 4413 1014 4468 stus
1031 4405 1076 4466 eis
1094 4402 1303 4486 praesentibus
1319 4401 1500 4475 exsultabit,
1517 4419 1694 4477 ceperano

141 4523 296 4586 sponsam
320 4523 390 4565 eam
415 4502 494 4564 mihi
518 4522 696 4584 assumere;
718 4512 750 4566 et
772 4513 893 4568 amator
944 4512 1111 4580 peccatore
1117 4503 1345 4578 penitentiam
1355 4499 1696 4580 epenteprimoquo

141 4604 248 4666 lactus
264 4621 335 4664 sum
350 4601 460 4665 lormae
476 4601 572 4663 illius.
590 4601 647 4663 Per
662 4623 678 4660 n
696 4602 856 4665 lucernam
875 4625 891 4662 »
948 4603 1035 4664 niam
1060 4601 1129 4681 ejus
1155 4599 1295 4661 evasioni
1326 4617 1388 4681 qua
1414 4605 1565 4659 aeternam
1590 4597 1696 4660 evadit

142 4719 221 4764 vero
243 4699 432 4780 intelligitur
451 4699 566 4762 Christi
586 4699 779 4774 humanitas,
796 4721 892 4783 quam
948 4700 1195 4771 damnationem,
1222 4697 1274 4780 pie
1304 4697 1518 4777 congaudent3
1543 4696 1693 4770 secundo,

141 4800 287 4861 l'erhum
302 4805 457 4860 aternum
474 4798 587 4860 eodem
602 4817 665 4880 quo
682 4818 752 4862 eam
772 4819 892 4862 assum·
949 4800 1024 4882 quia
1040 4817 1095 4881 per
1110 4797 1180 4877 ejus
1197 4795 1437 4858 conversionem
1454 4794 1621 4856 confidunt
1635 4813 1696 4856 cm-

143 4899 208 4980 psit
224 4896 368 4969 instanti,
381 4897 592 4971 «accendit»,
605 4897 636 4959 id
649 4898 830 4972 est,divinae
846 4917 894 4960 ea·
950 4897 1037 4961 lestis
1060 4895 1233 4959 Jerusalem
1259 4893 1400 4976 suppleri
1428 4893 1568 4970 ruinam;
1590 4892 1694 4964 tertio,

142 4995 250 5057 ritatis
266 4995 402 5066 fervore,
419 4994 515 5057 totius
535 4995 698 5076 sapientiae
713 4996 893 5078 splendore,
949 4996 1025 5078 quia
1049 5013 1106 5076 per
1129 4995 1189 5056 hoe
1211 4993 1321 5055 vident
1343 4991 1464 5053 cultum
1486 5010 1522 5053 ae
1544 4989 1696 5053 honorili-

143 5093 300 5175 cmnique
327 5093 442 5153 virtute
473 5092 593 5153 nullam
618 5092 893 5173 imperfectionem
951 5094 1086 5156 centiam
1104 5090 1695 5172 Deiaugeri3quarto,quoniampas·

109 5259 121 5286 u
146 5192 178 5253 in
196 5213 256 5254 sua
273 5191 392 5252 ratione
410 5189 603 5264 includente,
617 5191 768 5273 implevit.
780 5193 895 5274 Sicque
951 5193 1072 5254 sionem
1086 5191 1201 5254 Christi
1218 5197 1350 5252 cernunt
1363 5189 1694 5269 lruclilicare3quint0,

25 5309 40 5346 s.
125 5277 129 5294 ’
147 5289 312 5373 Sapientia
328 5288 489 5351 incarnata
509 5289 591 5351 inter
606 5290 751 5352 homines
766 5309 896 5354 conver·
952 5291 1027 5372 quia
1053 5291 1211 5352 demones
1237 5297 1370 5350 cernunt
1395 5287 1549 5369 superari,
1571 5295 1602 5348 ει
1620 5286 1696 5348 vitia

25 5244 89 5286 'nruclt
102 5259 106 5286 t
