4214 6254
383 457 423 522 m
623 477 656 524 m
677 475 729 524 otu
750 475 866 524 SANC'l'O
887 475 1103 523 PENTECOSTES.
1124 494 1164 506 -
1184 476 1226 522 ΔΙ)
1246 476 1441 542 ΗΕιΙῦῐθὸθὸ;
1463 479 1562 526 Sfflil
1583 479 1697 526 SEXTUS

382 647 469 710 tione
493 667 530 712 ae
556 648 753 732 professione
776 649 816 712 ad
838 637 1061 730 quotidianum
1086 655 1130 710 te-
1145 649 1171 713 A
1186 655 1234 711 ter
1253 655 1286 712 et
1305 649 1404 712 llilius
1428 669 1466 713 ao
1490 651 1627 734 Spiritus
1651 651 1797 726 Sanctus,
1815 657 1938 733 quanto

384 753 497 810 neatur
518 747 708 830 profectum.
1187 747 1286 828 magis
1301 767 1375 810 vere
1390 748 1554 831 religiosos
1569 768 1633 813 uon
1649 749 1754 813 solum
1775 749 1936 822 mandata,

425 847 568 929 Insuper,
585 867 680 930 quam
696 847 834 922 salubre,
846 847 1057 920 fructuosum,
1069 865 1133 908 me·
1186 845 1241 906 sed
1261 853 1292 907 et
1311 847 1493 928 evangelica
1514 847 1630 912 Christi
1652 848 1788 911 consilia
1807 855 1938 910 strenue

384 945 531 1008 ritorium
553 947 595 1008 sit
617 946 732 1010 Christi
757 963 921 1008 sermones
946 962 1082 1018 servare,
1100 944 1131 1005 id
1186 943 1401 1019 observantes,
1418 946 1604 1027 regulariter
1619 945 1940 1018 conversantesdili·

384 1051 433 1106 est
447 1061 543 1126 opere
557 1044 733 1127 adimplere
749 1044 997 1125 memoriterque
1011 1050 1131 1117 tenere,
1187 1043 1233 1124 git
1251 1044 1351 1118 Pater,
1368 1051 1399 1106 et
1417 1045 1456 1106 ad
1477 1045 1555 1107 tales
1575 1044 1821 1126 dignantissime
1836 1043 1938 1114 veuit,

386 1141 507 1224 ipsein
529 1143 694 1225 evaugelio
714 1143 868 1206 hodierno
889 1141 1010 1224 pandit,
1026 1141 1133 1203 diceu-
1188 1159 1306 1224 eosque
1328 1142 1557 1223 gratiosissime
1579 1143 1746 1216 inhabitat,
1766 1143 1938 1214 adoranda,

239 1250 371 1307 amm.
385 1241 445 1303 do:
463 1240 502 1303 Et
517 1241 605 1304 Pater
620 1260 710 1304 meus
725 1241 836 1322 diliget
851 1258 942 1318 eum;
958 1248 990 1302 et
1003 1241 1043 1301 ad
1058 1258 1132 1302 eum
1188 1241 1452 1322 superbenedicta
1467 1250 1647 1325 aetemaque
1663 1242 1821 1322 Trinitas;
1837 1251 1870 1304 et
1884 1259 1940 1324 po

238 1317 272 1358 ²³¹
385 1339 563 1414 veniemus,
580 1347 612 1403 et
631 1339 830 1403 mansionem
845 1340 930 1422 apud
948 1357 1021 1402 eum
1037 1338 1132 1401 facie·
1187 1339 1348 1401 tissimum
1380 1359 1433 1403 eos
1467 1341 1522 1422 qui
1554 1340 1661 1403 verbis
1694 1348 1751 1403 sut
1780 1339 1940 1422 exemplis

385 1458 468 1501 mus.
485 1437 566 1501 Eece
585 1439 664 1520 quid
684 1438 864 1519 gloriosius,
880 1438 957 1520 quid
978 1437 1133 1499 desidera·
1187 1437 1284 1498 etiam
1312 1437 1391 1500 alios
1415 1438 1454 1500 ad
1484 1439 1539 1500 Dei
1564 1457 1728 1503 sermones
1757 1437 1940 1520 implendos

385 1537 484 1600 bilius
506 1544 610 1620 potest
631 1535 823 1618 excogitarii
837 1535 999 1618 Numquid
1019 1553 1132 1617 parum
1189 1535 1354 1610 inducunt,
1370 1537 1409 1598 ad
1426 1537 1558 1600 meliora
1577 1537 1793 1612 inflammant,
1810 1537 1866 1619 qui
1882 1555 1940 1598 sua

385 1645 434 1699 est
448 1636 488 1699 ab
504 1645 622 1700 aeteruo
636 1637 726 1699 Patre
741 1635 851 1710 amari,
868 1654 887 1697 a
901 1636 989 1697 Patre
1009 1642 1041 1696 et
1056 1633 1134 1696 Filio
1188 1633 1360 1708 alacritate,
1384 1635 1562 1709 devotione,
1583 1634 1720 1710 fervore,
1744 1635 1938 1708 humilitate,

383 1736 483 1817 (haud
506 1735 640 1797 dubium
662 1735 741 1817 quin
765 1741 797 1796 et
819 1753 837 1796 a
863 1734 983 1816 Spiritu
1006 1732 1135 1813 Sancto)
1190 1733 1445 1808 mausuetudine,
1476 1732 1727 1815 exemplaritate,
1754 1732 1938 1804 sobrietate,

385 1835 548 1908 visitari,a
562 1842 627 1898 tota
642 1833 968 1915 supergloriosissima
982 1833 1134 1895 Trinitate
1152 1827 1174 1890 B
1189 1830 1364 1911 diligentia,
1381 1831 1515 1893 aliorum
1537 1831 1699 1912 pigritiam
1723 1831 1874 1901 excitant,
1893 1831 1939 1893 in-

387 1933 579 1996 inhabitaril
595 1934 628 1995 lu
644 1932 771 2014 palatiis
791 1932 1018 2013 imperatorum
1038 1939 1070 1993 et
1087 1949 1134 1992 re·
1189 1929 1390 1991 devotionem
1413 1928 1624 2002 confundunt,
1641 1938 1802 2012 torporem
1828 1948 1940 1992 acceu-

386 2050 463 2113 gum
488 2031 595 2096 saeculi
620 2031 729 2112 hujus,
753 2049 816 2093 nou
842 2030 1045 2093 mediocriter
1069 2047 1133 2090 ma·
1188 2028 1278 2099 dunt,
1305 2027 1475 2090 elationem
1504 2028 1687 2102 humiliant,
1716 2028 1795 2090 iram
1823 2028 1940 2090 exstin-

385 2149 485 2211 guum
500 2137 629 2212 putatur
649 2148 719 2191 esse
738 2129 878 2191 amicum
894 2136 925 2190 et
942 2127 1133 2190 familiarem
1188 2126 1573 2206 guuutscandalositatem
1589 2126 1940 2208 reformantorapulam

388 2227 589 2311 imperatoris
609 2235 664 2289 aut
683 2227 777 2309 regis,
794 2226 914 2288 visitari
936 2234 967 2288 et
986 2225 1079 2287 affari
1094 2225 1134 2287 ab
1189 2224 1675 2306 reprimunt,negligentiamque
1689 2224 1940 2305 corriguntl'ni·

387 2327 454 2401 illo,
471 2334 565 2408 atque
580 2326 614 2387 in
629 2326 740 2388 eodem
763 2344 836 2386 cum
853 2324 908 2386 illo
925 2323 1134 2387 coutubernio
1189 2322 1305 2404 cuique
1325 2322 1436 2383 talium
1457 2323 1520 2385 dici
1536 2331 1640 2405 potest
1660 2323 1744 2405 quod
1765 2323 1839 2386 Saul
1858 2323 1939 2385 dixit
2104 2327 2105 2340 ¹

387 2424 557 2498 demorari,
574 2423 709 2505 epulari,
731 2423 906 2504 quiescere.
923 2423 1010 2484 Unde
1033 2440 1133 2503 quum
1189 2420 1228 2481 ad
1247 2418 1425 2482 Samuelem
1443 2421 1657 2482 :Benedictus
1677 2429 1713 2483 tu
1736 2421 1889 2500 Domiuo;
1906 2428 1939 2482 et
1969 2437 2073 2492 thaps

385 2522 654 2586 affectuosissima
674 2529 775 2583 mater
788 2519 980 2583 sanctissimi
996 2519 1135 2582 Astionis
1190 2519 1287 2581 David
1312 2519 1350 2580 ad
1376 2520 1565 2600 prudentem
1590 2519 1725 2600 Abigail‚
1745 2520 1937 2582 Benedictus
1953 2505 2048 2606 Ἕω]

387 2620 585 2685 monachiae
602 2619 748 2702 martyris
763 2619 903 2680 audisset
918 2617 1023 2679 filium
1040 2637 1134 2679 suum
1189 2635 1294 2680 sermo
1323 2617 1387 2679 oris
1416 2617 1484 2696 tui;
1510 2617 1594 2699 quod
1625 2618 1701 2679 item
1729 2617 1865 2680 lacobus
1892 2619 1936 2679 ait
1951 2631 1987 2670 ³2·

387 2720 419 2782 in
447 2719 564 2802 palatio
588 2717 705 2780 summi
730 2716 823 2797 Regis
852 2715 1035 2789 consistere,
1062 2733 1134 2777 mox
1189 2715 1362 2796 apostolus,
1392 2715 1449 2788 Qui
1480 2717 1622 2778 converti
1651 2714 1765 2778 fecerit
1794 2725 2082 2798 peccato-amam,

385 2816 608 2880 sciscitabatur
634 2833 675 2877 au
704 2814 786 2876 bene
815 2813 986 2876 haberetur
1014 2833 1033 2875 a
1061 2831 1133 2892 rege
1156 2855 1166 2862 -
1190 2833 1256 2876 rem
1277 2813 1318 2874 ab
1337 2831 1443 2876 errore
1463 2814 1522 2876 viae
1542 2833 1618 2887 suae,
1640 2814 1777 2876 salvabit
1796 2815 1936 2876 animam

386 2934 454 2979 suo.
472 2915 510 2977 Et
524 2933 626 2997 quum
647 2913 849 2975 beatissimus
868 2912 1003 2974 loannes
1021 2911 1134 2973 eremi·
1190 2912 1260 2992 ejus
1280 2931 1298 2973 a
1319 2919 1429 2986 morte,
1446 2918 1478 2974 et
1492 2912 1596 2993 operit
1611 2912 1852 2975 multitudinem
1867 2931 1939 2995 pec-

386 3023 418 3077 ta
447 3012 646 3097 predixisset
676 3010 815 3094 principi
847 3010 970 3072 militiae
999 3010 1341 3091 impera-Ccatorum.

386 3113 464 3176 toris
494 3109 661 3173 Theodosii
688 3117 806 3170 certam
831 3107 997 3170 victoriam
1027 3107 1066 3168 de
1091 3114 1136 3189 ty·
1231 3108 1393 3181 Praeterea,
1410 3109 1679 3188 quemadmodum
1705 3116 1786 3172 teste
1811 3110 1940 3173 Bernar-

387 3227 497 3285 rauuo,
521 3209 582 3272 hoo
606 3225 734 3290 quoque
761 3205 995 3289 prenuntiabat
1019 3205 1135 3278 eidem,
1193 3207 1243 3278 do,
1261 3205 1403 3268 Christus
1423 3205 1594 3268 maximam
1616 3208 1872 3288 persecutionem
1890 3227 1942 3290 pa-

387 3308 472 3390 quod
493 3326 585 3370 carus
605 3314 637 3368 et
656 3312 807 3386 acceptus
827 3304 954 3366 futurus
977 3310 1060 3365 esset
1081 3303 1137 3364 im·
1194 3303 1271 3364 titur
1284 3302 1324 3364 ab
1340 3303 1390 3364 his
1405 3303 1459 3384 qui
1476 3303 1581 3384 pravis
1597 3305 1943 3387 exemplis,suggestio

388 3405 536 3489 peratori.
563 3405 643 3478 Ouid
669 3421 743 3483 ergo
767 3410 815 3465 est
840 3402 917 3483 Regi
946 3401 1135 3464 saeculorum
1193 3421 1233 3464 ue
1250 3399 1409 3483 pestilera,
1428 3401 1633 3482 persuasione
1652 3402 1803 3484 maligna,
1820 3403 1942 3467 animas

387 3503 571 3576 immortali,
597 3500 764 3573 invisibili,
791 3501 855 3562 Deo
880 3499 1053 3579 majestatis
1078 3499 1136 3560 im·
1193 3517 1251 3560 suo
1273 3498 1426 3579 sauguine
1448 3499 1596 3561 liberatas
1617 3500 1657 3562 ab
1681 3501 1752 3582 ipso
1773 3509 1940 3582 avertunt3

389 3620 518 3674 mensas,
544 3596 707 3679 dignitatis
732 3605 764 3659 et
787 3597 983 3659 excellentiae
1008 3597 1136 3678 penitus
1193 3598 1239 3659 sic
1264 3615 1422 3658 summam
1444 3597 1685 3660 honorationem
1708 3598 1805 3662 habet
1826 3600 1867 3662 ab
1891 3600 1940 3662 his

388 3698 535 3771 infinitas,
553 3715 622 3759 esse
647 3714 768 3768 earum,
788 3693 979 3756 familiarem
1003 3712 1039 3755 ao
1065 3693 1136 3755 iuti·
1193 3695 1247 3778 qui
1272 3695 1422 3757 virtuosis
1451 3696 1753 3779 exemplaribusque
1776 3698 1940 3780 operibus

389 3817 490 3871 mum,
505 3815 523 3858 a
545 3793 872 3878 supergloriosissima
890 3792 1042 3854 l'rinitate
1064 3790 1138 3854 visi·
1193 3795 1310 3856 sanctis
1326 3793 1611 3868 exhortationibus
1623 3803 1764 3858 errantes
1779 3797 1818 3860 ad
1835 3798 1941 3880 ipsum

388 3896 460 3970 tari,
477 3902 509 3958 et
523 3913 593 3956 eam
614 3892 735 3975 proprii
757 3891 860 3954 cordis
881 3889 1136 3953 inhabitatricem
1193 3893 1359 3965 reducunt,
1370 3898 1488 3954 stantes
1504 3892 1706 3967 confirmant,
1715 3901 1748 3955 et
1762 3893 1940 3970 universos,

388 3992 601 4066 haberelOui
618 3998 722 4074 potest
736 4008 849 4072 capere
865 3989 980 4073 capiat,
997 3989 1072 4071 quia
1087 4008 1137 4051 res
1193 3997 1347 4072 quantum
1377 3997 1425 4051 est
1455 3991 1486 4051 iu
1517 3990 1606 4071 ipsis,
1632 3990 1802 4054 aedificant.
1835 3993 1942 4056 Simus

389 4095 450 4158 ista
465 4093 593 4156 videtur
607 4090 686 4153 mihi
702 4097 795 4152 tantm
810 4087 1025 4170 gratiositatis,
1037 4088 1137 4168 digni·
1194 4089 1291 4169 igitur
1306 4095 1417 4150 mutuo
1432 4089 1641 4170 exemplares,
1658 4090 1794 4153 consilio
1808 4099 1840 4152 et
1854 4091 1941 4153 auxi-

386 4194 460 4257 tatis
489 4200 521 4254 et
550 4188 840 4263 desiderabilitatis,
866 4195 900 4249 ut
929 4188 1023 4269 plene
1052 4205 1136 4250 com·
1152 4193 1176 4254 D
1194 4187 1236 4250 lio
1250 4187 1338 4250 omui
1355 4205 1418 4269 quo
1439 4205 1609 4269 possumus
1624 4205 1682 4250 uos
1698 4188 1838 4252 invicem
1855 4189 1942 4270 adju-

386 4292 541 4377 prehendi
567 4307 631 4353 non
656 4294 763 4370 queat,
784 4305 842 4348 uec
867 4286 1003 4368 exprimi
1029 4286 1134 4367 digne.
1192 4307 1316 4361 vemas,
1333 4286 1449 4349 divina
1470 4286 1645 4366 majestatis
1660 4287 1941 4350 honorificentiam

387 4395 492 4457 Tantas
521 4391 619 4472 igitur
643 4385 806 4468 diguitatis
834 4392 866 4447 et
894 4385 1012 4466 gratias,
1043 4392 1136 4447 tanta
1192 4387 1266 4449 totis
1283 4385 1406 4448 viribus
1421 4385 1942 4470 exquiramus,procuremus,pro

386 4488 623 4556 sublimationis
643 4505 680 4549 ao
701 4484 862 4548 felicitatis
882 4502 1000 4556 amore,
1018 4483 1135 4545 iutuitu
1193 4503 1387 4548 moveamus.
1413 4483 1451 4545 Et
1475 4483 1556 4546 sicut
1580 4485 1619 4546 de
1643 4483 1830 4548 beatissimo
1854 4493 1941 4567 patre

386 4601 418 4655 et
454 4588 585 4662 effectu,
617 4604 781 4649 servemus
813 4583 928 4647 Christi
960 4600 1134 4654 sermones,
1192 4584 1329 4649 Antonio
1359 4584 1484 4664 legitur,
1515 4583 1599 4665 quod
1631 4582 1759 4664 egregio
1787 4584 1858 4647 viro
1887 4583 1941 4647 illa

387 4691 582 4771 frangamus,
600 4686 766 4748 vincamus
786 4691 880 4764 atque
899 4681 1035 4743 viriliter
1056 4698 1136 4742 mor·
1192 4701 1320 4765 semper
1335 4681 1466 4743 flamma
1485 4681 1563 4742 arsit
1577 4680 1610 4742 iu
1632 4681 1737 4755 corde,
1757 4699 1797 4744 ue
1817 4679 1850 4743 in
1866 4701 1941 4763 qua·

386 4789 549 4852 tifioemus
572 4802 630 4848 uos
651 4784 736 4865 ipsos
753 4800 760 4844 :
778 4800 910 4862 regnum
931 4780 1018 4842 euim
1041 4778 1135 4842 coelo·
1192 4799 1331 4862 cumque
1352 4780 1469 4842 virtute
1490 4777 1587 4841 alicui
1610 4779 1809 4842 inveniretur
1827 4799 1940 4842 secuu-

386 4907 458 4951 rum
483 4885 640 4968 diripiunt
663 4880 802 4943 violenti.
1191 4880 1250 4941 dus
1270 4879 1337 4940 sive
1358 4877 1507 4955 iuferior3
1524 4877 1566 4938 ita
1586 4883 1618 4939 et
1636 4876 1774 4958 quilibet
1794 4886 1939 4941 nostrum

427 4985 570 5066 Denique
591 4983 623 5044 in
644 4980 694 5042 his
715 4977 822 5040 verbis
843 4975 1006 5039 confertur
1028 4994 1137 5039 conso·
1192 4995 1454 5058 unrrmquemque
1485 4976 1610 5038 studeat
1641 4975 1672 5037 iu
1704 4975 1793 5038 omni
1822 4977 1940 5040 virtute

387 5085 462 5150 latio
482 5099 597 5162 magna
617 5076 784 5159 religiosis.
802 5075 834 5138 Si
854 5093 992 5157 namque
1007 5092 1135 5137 omnem
1191 5076 1382 5159 praecedere,
1398 5076 1431 5138 iu
1455 5075 1543 5139 omui
1565 5073 1757 5148 humilitate,
1775 5075 1939 5156 patientia,

385 5180 636 5249 Christifidelem
654 5174 770 5240 Christi
791 5173 937 5236 mandata
955 5181 1136 5236 servantem
1191 5167 1356 5255 diligentia
1380 5191 1539 5255 superare.
1564 5172 1693 5235 Student
1717 5174 1942 5254 uuusquisque

387 5281 492 5363 diligit
507 5281 591 5344 Deus
611 5276 711 5349 Pater,
728 5281 759 5337 et
778 5272 817 5335 ad
836 5291 910 5334 eum
931 5272 1064 5336 veniunt
1082 5272 1135 5336 Pa·
1193 5292 1258 5355 prat
1273 5271 1386 5335 ceteris
1401 5271 1624 5354 exemplarior,
1640 5269 1873 5352 obsequiosior,
1889 5272 1944 5333 de-
