4288 6264
421 519 462 586 28
826 545 975 594 holmus
995 545 1015 592 v
1035 545 1110 594 rosr
1129 544 1258 593 rascas.
1279 563 1321 576 -
1341 545 1440 593 amno
1460 545 1571 593 marrus

421 712 576 794 pericula.
592 715 733 790 Quorum
755 716 930 799 unicuique
949 717 1033 799 apud
1057 717 1170 780 lsaiam
1185 715 1211 779 Α
1228 717 1328 778 menti
1347 715 1505 798 pollutum
1520 714 1658 788 duxerit,
1674 721 1707 777 et
1721 712 1852 796 spiritui
1868 710 1979 794 gratie

276 822 408 876 ramulo.
423 811 564 876 dicitur:
581 814 743 897 Sapientia
765 823 818 877 tua
837 823 869 878 et
889 815 1022 878 scientia
1043 824 1096 878 tua
1118 816 1170 877 de·
1227 815 1453 877 contumeliam
1484 814 1618 875 feceritl
1642 813 1722 874 llino
1748 829 1879 893 quoque
1908 811 1980 873 Sar-

423 910 511 991 cepit
530 919 570 975 te.
587 913 661 976 ldeo
679 913 757 975 dicit
772 913 940 994 Gregorius
956 914 1039 996 Papa
1055 934 1062 978 ι
1079 914 1170 976 Sum·
1226 913 1333 975 raceui
1361 913 1543 995 despiciunt
1572 911 1779 984 Christianos,
1805 917 1838 972 et
1866 908 1981 972 dicunt

424 1027 477 1071 ma
507 1028 583 1072 cura
613 1011 846 1093 providendum
877 1019 937 1086 est,
969 1031 1010 1074 ne
1040 1019 1171 1093 accepta
1226 1027 1280 1072 eos
1299 1011 1517 1092 pravissimos,
1532 1028 1571 1072 eo
1588 1011 1673 1092 quod
1692 1009 1797 1089 legem
1817 1027 1836 1070 a
1853 1006 1980 1071 Christo

422 1107 580 1189 sapientia
607 1109 684 1172 dum
713 1110 898 1192 ignorantiae
922 1110 1069 1173 tenebras
1098 1109 1170 1172 illu·
1226 1127 1353 1172 summo
1381 1109 1537 1190 propheta
1565 1108 1759 1190 acceperint,
1783 1124 1845 1168 nec
1869 1113 1979 1167 umen

421 1204 533 1280 minat,
563 1206 674 1270 lumen
702 1207 892 1270 humilitatis
921 1208 1020 1282 tollat,
1045 1215 1078 1270 et
1103 1207 1169 1287 jam
1226 1207 1410 1269 custodiunt
1429 1225 1509 1269 eam.
1528 1206 1566 1268 llt
1585 1224 1695 1268 revera
1715 1205 1875 1267 malorum
1891 1203 1981 1267 Chri-

421 1320 492 1364 esse
514 1303 672 1385 sapientia
695 1314 843 1387 nequeat,
864 1324 935 1387 quae
957 1305 1016 1367 etsi
1042 1305 1171 1367 locutio
1225 1305 1401 1367 stianorum
1418 1323 1512 1386 poeua
1525 1311 1574 1366 est
1587 1301 1776 1384 gravissima
1790 1302 1824 1364 in
1841 1300 1980 1375 inferno,

421 1399 472 1462 uis
494 1401 612 1465 virtute
636 1402 768 1482 fulgeat,
788 1403 936 1466 elationis
960 1411 1066 1465 tamen
1089 1403 1172 1464 vela·
1227 1401 1391 1484 multoque
1406 1401 1533 1483 gravior
1547 1419 1644 1483 quam
1664 1398 1849 1462 infidelium
1870 1417 1978 1481 poena.

422 1498 510 1561 mine
531 1517 586 1562 eor
608 1499 768 1582 loquentis
789 1500 948 1563 obscurat.
1267 1500 1423 1575 Secundo,
1440 1507 1589 1562 tenentur
1603 1499 1774 1562 Christiani
1793 1499 1833 1560 ad
1847 1505 1914 1560 tam
1934 1497 1982 1558 di-

461 1595 626 1671 Preterea,
647 1596 738 1677 juxta
761 1596 845 1660 beati
869 1597 978 1661 iacobi
1002 1598 1172 1660 documen·
1228 1598 1376 1679 figentem
1390 1599 1580 1678 evangelice
1596 1598 1675 1678 legis
1689 1596 1981 1671 observantiam,ex

274 1709 406 1762 racanas.
421 1697 463 1764 ta,
488 1693 544 1773 qui
573 1692 607 1754 iu
631 1692 815 1773 evangelica
839 1693 908 1773 lege
932 1701 1172 1774 perseveranter
1227 1704 1316 1778 parte
1337 1695 1437 1777 ipsius
1457 1695 1634 1776 legisque
1654 1694 1756 1757 multo
1775 1693 1904 1757 facilius
1923 1711 1983 1775 po

421 1789 575 1854 obediens
592 1791 754 1866 manserit,
767 1792 800 1852 in
815 1791 883 1854 suis
898 1791 1009 1854 beatus
1024 1793 1085 1854 erit
1099 1810 1172 1874 ope·
1229 1801 1290 1855 test
1305 1792 1432 1874 impleri
1448 1811 1543 1873 quarn
1561 1801 1682 1873 poterat
1698 1793 1748 1854 lex
1763 1793 1890 1876 Moysis,
1898 1810 1980 1874 prae-

275 1905 406 1958 rantra.
421 1888 521 1952 ribus.
544 1890 623 1953 Nam
648 1891 731 1952 [leus
756 1891 860 1953 reddit
884 1891 1059 1972 unicuique
1082 1892 1171 1971 juxta
1191 1888 1339 1953 Bsertim
1364 1891 1513 1971 quoniam
1535 1890 1648 1971 jugum
1670 1890 1787 1953 Christi
1809 1907 1908 1952 suave
1929 1897 1981 1952 est
2009 1900 2112 1943 Mateta

420 2004 517 2069 opera
540 2007 608 2051 sua.
634 1987 804 2051 Christiani
832 1996 939 2050 autem
969 2008 1034 2071 prae
1057 1991 1173 2052 ceteris
1228 1998 1260 2052 et
1274 2007 1355 2052 onus
1370 1989 1441 2069 ejus
1456 1989 1579 2063 levc,ut
1594 1987 1981 2071 ipsemetasseritdlvan-
1995 1967 2030 2006 ³⁰·

421 2085 550 2167 populis
563 2085 604 2147 ad
620 2085 810 2166 evangelicae
828 2085 906 2166 legis
921 2085 1051 2148 fidelem
1068 2085 1173 2148 obser·
1226 2088 1328 2169 golica
1345 2104 1472 2169 quoque
1491 2087 1542 2150 lex
1561 2087 1694 2168 gratiam
1715 2086 1840 2150 confert
1855 2104 1913 2168 per
1926 2105 1981 2149 ec-

421 2183 562 2246 vantiam
576 2182 759 2264 obligantur
771 2203 777 2246 :
789 2183 904 2256 Primo,
921 2203 961 2246 ex
977 2191 1065 2264 parte
1080 2183 1172 2264 legis·
1227 2185 1405 2248 olesiastica
1420 2192 1616 2247 sacramenta
1632 2203 1639 2246 :
1656 2184 1749 2247 etsie
1765 2184 1868 2246 multa
1882 2183 1981 2246 habet

422 2279 541 2342 latoris.
553 2281 706 2342 Videmus
720 2281 807 2342 euim
823 2281 855 2342 iu
871 2281 989 2344 saeculo
1004 2281 1075 2354 isto,
1087 2282 1171 2362 quod
1226 2293 1322 2365 atque
1342 2283 1499 2364 impendit
1520 2282 1663 2345 subsidia
1681 2283 1722 2344 ad
1740 2282 1979 2345 observantiam

423 2385 543 2460 quanto
568 2385 744 2460 preceptor
765 2386 797 2440 et
819 2378 980 2459 legislator
1001 2386 1050 2440 est
1070 2379 1173 2459 major
1227 2382 1286 2444 sui.
1305 2382 1363 2444 Sed
1386 2389 1418 2443 et
1438 2388 1582 2461 tempore
1605 2381 1665 2442 isto
1687 2382 1770 2443 Deus
1794 2379 1980 2462 specialiter

420 2495 458 2538 ac
480 2475 616 2557 dignior,
637 2483 725 2538 tanto
747 2475 932 2558 diligentius
956 2484 1080 2558 oportet
1102 2477 1172 2558 ejus
1227 2486 1394 2561 promptus
1411 2485 1459 2540 est
1475 2477 1608 2558 gratiam
1628 2478 1790 2560 copiosam
1807 2477 1976 2540 tribuere:

421 2582 619 2658 praeceptum
634 2593 690 2636 seu
706 2572 809 2655 legem
824 2575 970 2656 implere,
982 2575 1046 2637 imo
1061 2582 1092 2636 ct
1106 2582 1172 2638 tau-
1228 2578 1312 2639 unde
1327 2584 1453 2658 tempus
1468 2574 1658 2656 evangelicae
1674 2574 1900 2658 legis‚tempus
1913 2593 1980 2656 gra·

422 2681 455 2735 to
469 2671 598 2754 gravius
619 2679 667 2734 est
682 2671 752 2752 ejus
770 2672 948 2752 jussionem
969 2680 1172 2735 contemnere
1228 2676 1279 2737 tiae
1298 2673 1485 2756 appellatur.
1502 2673 1582 2736 llinc
1602 2681 1720 2754 quanto
1740 2673 1809 2736 haec
1828 2674 1880 2744 lex
1902 2672 1978 2735 faci-

420 2777 476 2832 aut
490 2769 618 2832 violare.
635 2771 732 2851 ldagis
748 2789 886 2852 namque
901 2788 1031 2833 enorme
1046 2777 1094 2833 est
1109 2788 1172 2833 uon
1229 2774 1290 2834 lius
1307 2779 1409 2853 potest
1425 2771 1564 2853 impleri,
1581 2778 1668 2834 tauto
1682 2770 1900 2834 damnabilius
1915 2773 1980 2834 vio

421 2867 552 2931 obedire
582 2867 660 2950 regi,
686 2887 782 2950 quam
813 2867 940 2931 ballivo.
966 2869 1069 2943 Quum
1098 2886 1173 2949 ergo
1229 2872 1320 2932 latur.

422 2973 599 3048 preceptor
622 2983 659 3028 ac
684 2965 845 3047 legislator
869 2965 1133 3043 Christianorum,
1155 2986 1174 3028 a
1273 2967 1387 3040 Tertio,
1414 2974 1563 3029 tenentur
1587 2968 1759 3031 Christiani
1782 2968 1823 3030 ad
1850 2967 1911 3031 hoe
1940 2987 1980 3031 ex

420 3081 485 3146 quc
504 3064 687 3145 evangelica
707 3063 758 3126 lex
779 3064 962 3127 immediate
982 3065 1095 3127 collata
1114 3074 1172 3140 est,
1193 3071 1318 3148 Cparte
1343 3064 1575 3127 beneficiorum
1600 3065 1667 3139 Dei,
1689 3085 1760 3149 quae
1784 3067 1831 3128 eis
1853 3085 1872 3128 a
1892 3066 1980 3130 Chri-

420 3163 462 3226 sit
484 3163 627 3226 Christus
652 3163 836 3243 unigenitus
857 3162 957 3225 Filius
980 3163 1036 3226 Dei
1061 3163 1171 3237 Patris,
1229 3172 1277 3226 sto
1301 3172 1333 3225 et
1356 3182 1413 3244 per
1437 3163 1598 3225 Christum
1630 3164 1776 3246 impensa
1799 3172 1884 3226 sunt.
1910 3166 1978 3228 lam

421 3282 515 3326 verus
540 3261 787 3344 incarnatusque
807 3262 890 3324 Deus
909 3261 1018 3342 (cujus
1039 3263 1173 3325 auctori·
1229 3263 1315 3325 enim
1338 3279 1396 3344 pro
1415 3262 1462 3323 eis
1484 3261 1667 3343 unigenitus
1684 3263 1783 3326 Filius
1801 3263 1858 3325 Dei
1878 3264 1980 3326 incar-

419 3369 466 3423 tas
487 3367 518 3422 et
541 3359 677 3440 dignitas
701 3360 878 3421 secuudum
900 3360 986 3441 quod
1007 3360 1090 3422 Deus
1113 3369 1170 3436 est,
1229 3369 1332 3435 uatus,
1349 3361 1381 3422 iu
1405 3360 1524 3422 mundo
1545 3360 1605 3422 hoc
1625 3368 1830 3424 conversatus
1848 3379 1887 3423 ac
1908 3381 1979 3424 cru-

420 3466 469 3520 est
488 3456 617 3539 penitus
639 3456 786 3535 infinita3
802 3457 973 3520 auctoritas
994 3475 1122 3539 quoque
1141 3467 1172 3521 et
1229 3459 1345 3522 cifixus
1374 3466 1437 3537 est;
1463 3457 1677 3520 ecclesiastica
1704 3468 1904 3522 sacramenta
1932 3460 1979 3522 eis

420 3555 558 3636 dignitas
583 3554 653 3634 eJ'us
679 3561 794 3628 creata,
820 3555 965 3616 omnium
993 3563 1171 3618 ceterorum
1229 3557 1360 3639 largitus
1385 3563 1443 3630 est,
1468 3556 1672 3637 potissimum
1699 3556 1907 3622 Eucharistiae
1931 3577 1979 3620 sa·

420 3653 642 3717 auctoritatem
677 3659 710 3714 et
744 3651 932 3732 dignitatem
965 3653 1173 3716 vehementer
1228 3661 1439 3728 crementum,
1456 3653 1592 3734 Spiritus
1608 3654 1713 3716 Sancti
1733 3653 1925 3717 charismata
1944 3655 1979 3717 li·

420 3751 641 3831 transcendit),
663 3757 787 3814 constat
811 3750 899 3831 quod
919 3749 1088 3813 Christiani
1108 3752 1171 3814 val·
1229 3752 1427 3815 beralissime
1451 3753 1548 3825 dedit,
1575 3752 1823 3815 innumerabilia
1850 3771 1979 3835 quoque

421 3851 460 3912 de
479 3849 650 3930 diligenter
668 3856 838 3912 teneantur
860 3848 995 3930 implere
1014 3851 1172 3932 evangeli·
1229 3851 1383 3914 miracula
1397 3869 1454 3932 per
1469 3868 1502 3911 se
1518 3869 1554 3911 ac
1570 3867 1644 3912 suos
1662 3851 1827 3914 ministros
1843 3853 1976 3934 peregit.

421 3968 492 4010 cam
509 3948 611 4029 legem
627 3954 659 4009 et
674 3946 789 4010 Christi
809 3954 978 4028 precepta,
994 3947 1090 4010 etiam
1106 3969 1172 4012 am·
1228 3950 1286 4013 'lot
1309 3968 1383 4031 crgo
1408 3956 1440 4010 et
1463 3948 1558 4010 tantis
1583 3947 1752 4011 beneficiis
1778 3967 1849 4012 esse
1875 3950 1979 4031 ingra-

420 4046 506 4130 plius
536 4065 633 4129 quam
663 4044 854 4107 tenebantur
880 4045 979 4108 ludaei
1010 4044 1043 4107 in
1071 4049 1171 4110 veteri
1228 4057 1308 4122 turn,
1330 4047 1502 4110 enormiter
1522 4055 1617 4127 auget
1640 4046 1768 4128 culpam
1794 4046 1980 4111 inobedien-

421 4147 502 4227 lege,
534 4144 637 4226 legem
664 4144 780 4228 Moysis
811 4143 990 4208 observare.
1022 4145 1172 4219 Quamvis
1227 4148 1279 4210 tiae
1301 4145 1562 4209 Christianorum.

421 4245 509 4309 enirn
532 4243 583 4307 lex
606 4243 661 4306 illa
682 4242 744 4305 fuit
763 4260 782 4303 a
801 4242 877 4316 Deo,
894 4259 958 4306 non
981 4250 1087 4306 tamen
1108 4245 1213 4311 ccl-D
1275 4244 1401 4317 Quarto,
1426 4250 1577 4305 tenentur
1605 4243 1644 4305 ad
1673 4243 1771 4319 idem,
1799 4245 1914 4309 saltem
1938 4245 1977 4310 de

421 4347 483 4408 lata
503 4351 598 4427 atque
618 4341 782 4426 proposita
800 4348 849 4404 est
865 4341 985 4424 populo
999 4343 1173 4406 lsraelitico
1229 4358 1379 4423 congruo,
1396 4360 1435 4404 ex
1450 4348 1539 4423 parte
1555 4341 1679 4423 praemii
1695 4341 1907 4408 observantia
1922 4345 1978 4407 hu-

421 4443 607 4506 immediate
621 4442 662 4505 ab
678 4459 733 4520 eo;
750 4441 807 4504 sed
823 4459 880 4522 per
894 4441 1022 4522 angelos
1038 4441 1110 4503 data
1125 4449 1174 4504 est
1227 4442 1280 4522 jus
1303 4440 1392 4521 legis,
1409 4459 1480 4522 quae
1502 4440 1569 4502 suis
1593 4440 1745 4522 perfectis
1768 4441 1977 4505 observatori-

419 4541 530 4625 lloysi,
546 4549 578 4604 et
600 4559 658 4623 per
679 4541 807 4623 Moysen
829 4539 959 4622 populo.
977 4540 1064 4604 Unde
1085 4548 1118 4602 et
1139 4541 1172 4603 in
1229 4540 1300 4614 bus,
1322 4539 1427 4601 statim
1451 4540 1528 4601 dum
1549 4538 1756 4620 egrediuntur
1772 4540 1811 4602 de
1832 4557 1975 4623 corpore,

273 4665 404 4714 scimea.
419 4640 553 4703 Actibus
573 4639 603 4704 S.
622 4639 801 4721 Stephanus
821 4637 902 4700 dixit
918 4638 1172 4702 Judeis:hcce-
1229 4640 1282 4701 dat
1311 4638 1497 4701 felicitatem
1532 4646 1694 4711 aeternam,
1725 4657 1743 4700 a
1777 4657 1840 4720 qua
1876 4639 1975 4702 sancti

421 4740 514 4824 pistis
535 4739 637 4820 legem
655 4738 687 4800 in
703 4736 912 4819 dispositione
927 4737 1124 4820 angelorum,
1141 4746 1172 4799 et
1228 4738 1346 4801 veteris
1370 4737 1573 4810 Testamenti,
1598 4743 1630 4799 et
1654 4736 1710 4818 qui
1734 4744 1808 4800 ante
1833 4736 1974 4812 fuerunt,

420 4857 485 4902 non
509 4837 701 4901 custodistis.
723 4837 803 4899 llinc
824 4837 862 4898 ad
887 4836 1035 4900 llcbraeos
1060 4835 1172 4899 scribit
1228 4837 1284 4899 diu
1304 4835 1553 4897 retardabantur.
1575 4834 1655 4896 llinc
1676 4834 1783 4916 itaque
1801 4834 1973 4908 ferventes,

272 4961 405 5015 maana,
421 4937 592 5021 Apostolus
623 4953 629 4998 ε
661 4935 785 4998 lrritam
815 4935 888 5019 quis
918 4935 1039 4998 faciens
1069 4936 1172 5016 legem
1228 4935 1396 5016 diligentes
1420 4953 1456 4997 ac
1482 4933 1622 4997 timorati
1647 4933 1749 4996 simus
1772 4932 1811 4996 ad
1838 4935 1975 4999 custodi-

273 5027 307 5070 ²⁹·
420 5036 547 5120 hloysis,
564 5034 634 5098 sine
655 5035 720 5096 ulla
743 5033 957 5107 miseratione,
974 5033 1100 5096 duobus
1119 5041 1173 5096 aut
1228 5035 1347 5096 endum
1369 5033 1471 5115 legem
1493 5040 1526 5094 et
1545 5039 1704 5115 praecepta
1724 5032 1853 5096 Domini
1876 5032 1975 5098 nostri

349 5185 351 5190 .
421 5135 524 5199 tribus
539 5131 675 5196 testibus
692 5132 827 5194 moritur
844 5150 851 5194 :
868 5140 987 5214 quanto
1002 5133 1103 5215 magis
1119 5152 1175 5214 pu·
1225 5134 1299 5196 lesu
1321 5131 1448 5195 Christi.

420 5235 496 5298 tatis
518 5231 675 5296 deteriora
697 5231 813 5294 mereri
833 5231 1003 5313 supplicia,
1024 5233 1079 5314 qui
1101 5231 1173 5293 Fili·
1267 5232 1410 5312 Insuper,
1426 5229 1516 5310 juxta
1537 5228 1713 5292 doctrinam
1736 5231 1871 5312 apostoli
1891 5232 1975 5294 laco

422 5352 475 5396 um
493 5333 549 5396 [lei
565 5329 808 5406 conculcaverit,
826 5337 858 5393 et
872 5330 1060 5411 sanguinem
1080 5338 1172 5394 testa·
1228 5329 1271 5404 bi,
1299 5328 1422 5390 studeat
1448 5328 1668 5411 uuusquisque
1693 5328 1892 5392 Christianus
1916 5329 2124 5402 lin-rme,
