4192 6258
349 537 498 588 nonnum
517 539 571 586 111
591 539 665 587 rosr
684 539 878 586 rnrunsrnu.
899 559 938 570 -
959 540 1001 586 an
1021 539 1215 605 nnnrsrosos3
1239 542 1336 590 snauo
1358 543 1469 590 saurus
1621 520 1681 585 583

129 709 204 774 llaec
220 718 270 773 est
283 711 439 794 sapientia
454 729 539 786 vera,
552 711 666 774 caritas
681 718 799 786 saneta,
811 729 881 794 par·
895 710 922 773 Α
936 710 1037 774 simus
1052 713 1097 774 ait
1111 713 1273 795 apostolus
1287 712 1421 776 lacobus
1439 728 1446 774 :
1463 709 1538 785 Quis
1555 709 1681 792 sapiens
1708 727 1786 774 reor.
1798 740 1829 780 ιιι.

127 807 229 872 fectio
248 829 374 892 magna,
391 810 553 892 propriam
576 808 780 891 fragilitatem
799 827 882 872 sem·
936 817 966 871 et
981 810 1203 892 disciplinatus
1219 811 1395 874 intervos?
1410 809 1559 872 Ostendat
1574 826 1612 870 ex
1628 807 1682 870 bo·
1697 795 1730 836 ¹³·

127 925 190 990 per
213 908 387 982 attendere,
413 908 629 990 exemplarem
659 927 692 970 se
718 908 880 982 exhibere,
936 926 977 969 na
1008 911 1248 972 conversatione
1279 909 1497 992 operationem
1528 925 1619 969 suam
1647 905 1681 967 in

128 1005 342 1088 omniumque
358 1007 494 1070 salutem
515 1006 588 1069 totis
607 1006 790 1088 praecordiis
805 1005 881 1068 alfe·
935 1006 1181 1070 mansuetudine
1202 1007 1375 1090 sapientiae.
1392 1007 1495 1080 Quum
1515 1005 1602 1068 enim
1618 1020 1682 1067 om-

127 1111 227 1166 ctare.
253 1104 359 1180 Porro,
385 1105 441 1187 qui
472 1105 514 1166 ita
543 1104 763 1186 proximorum
792 1103 882 1186 cupit
935 1105 986 1168 nis
1009 1105 1104 1187 culpa
1123 1105 1164 1166 sit
1182 1106 1327 1188 quedam
1348 1105 1482 1168 stultitia
1500 1103 1681 1185 (Salomone

126 1202 279 1277 salntem,
296 1220 360 1265 non
383 1202 518 1265 dubium
543 1201 621 1284 quin
644 1201 698 1264 illa
721 1201 799 1284 ipsis
821 1201 881 1264 im-
936 1209 1081 1276 testante,
1098 1201 1285 1278 Stultorum,
1302 1204 1334 1266 id
1349 1209 1397 1266 θεῖ
1411 1200 1828 1285 peccatorum,in·nc0e.1,rs.

126 1299 336 1382 pendetque
350 1299 505 1382 sapientia
519 1299 667 1373 dictat,et
681 1299 795 1361 caritas
810 1317 878 1362 esse
937 1301 1049 1364 finitus
1076 1308 1125 1364 est
1146 1303 1326 1382 numerus),
1351 1308 1474 1363 certum
1498 1306 1545 1362 est
1569 1317 1683 1360 unum-

127 1397 348 1479 impendenda
375 1398 510 1480 requirit
536 1414 543 1459 :
569 1417 640 1480 quae
669 1405 744 1460 sunt
772 1397 878 1460 fidelis
936 1417 1099 1481 quemque
1118 1407 1206 1462 tanto
1224 1418 1294 1462 esse
1311 1399 1548 1482 sapientiorem,
1564 1402 1683 1477 quanto

127 1496 245 1570 oratio,
267 1495 404 1559 fraterna
428 1497 596 1578 correptio,
617 1496 793 1559 admonitio
813 1495 876 1578 pia,
936 1498 1160 1561 virtuosiorem
1185 1505 1217 1561 et
1240 1497 1516 1580 exemplariorem,
1532 1501 1683 1574 tantoque

128 1593 316 1656 informatio
331 1593 425 1668 bona,
442 1593 612 1658 edificatio
631 1595 789 1669 salutaris,
805 1593 878 1656 sub·
937 1595 1204 1678 insipientiorem,
1225 1601 1344 1678 quanto
1367 1592 1630 1676 negligentiorem
1651 1597 1684 1652 et

2 1705 113 1757 rann.
129 1694 244 1756 ventio
266 1693 371 1756 omnis
393 1693 556 1776 possibilis
580 1701 612 1755 et
635 1693 780 1756 salubris.
807 1691 880 1755 Uni·
937 1693 1360 1775 inexemplariorem3etiam
1376 1692 1403 1754 si
1419 1691 1547 1774 ingenio
1562 1691 1604 1752 sit
1618 1707 1683 1752 acu·

130 1792 252 1874 cuique
267 1791 386 1854 etenim
403 1791 564 1855 mandavit
577 1793 661 1854 Deus
681 1792 720 1853 de
736 1789 882 1873 proximo
936 1800 988 1854 tus
1007 1800 1039 1855 et
1058 1792 1191 1856 scientia
1210 1792 1365 1874 acquisita
1384 1790 1560 1863 abundans,
1581 1786 1683 1850 nihilo

129 1908 204 1964 suo,
231 1899 266 1952 ut
289 1890 413 1953 scilicet
435 1889 531 1952 faciat
554 1890 583 1953 ei
608 1897 703 1972 prout
726 1889 788 1952 sibi
811 1888 882 1951 vult
899 1888 1044 1954 Bminus
1064 1897 1152 1954 tanto
1173 1889 1456 1973 reprehensibilior
1475 1886 1682 1967 stolidiorque

129 1989 217 2051 fieri.
234 1989 314 2051 llinc
330 1989 511 2063 innotescit,
528 2007 624 2071 quarn
641 1988 736 2050 utiles
751 1995 784 2050 et
798 1988 880 2050 salu·
937 1990 1100 2073 probatur,
1117 1997 1236 2071 quanto
1256 1989 1328 2071 plus
1343 1988 1400 2050 ltei
1419 1985 1511 2050 donis
1528 1985 1681 2059 abutitur,

130 2087 207 2150 bres
230 2086 346 2150 sintin
367 2087 455 2150 omni
477 2086 719 2168 congregatione
739 2103 881 2169 persone
936 2095 969 2150 et
988 2087 1203 2168 irregulariter
1224 2092 1437 2149 conversatur.
1454 2083 1535 2147 Hinc
1555 2087 1683 2146 sanctus

129 2204 209 2248 vere
234 2185 407 2267 sapientes,
432 2185 605 2248 caritativae
629 2192 724 2267 atque
748 2184 879 2258 devotae,
934 2187 993 2249 lob
1008 2185 1090 2247 dixit
1105 2203 1112 2246 :
1129 2185 1210 2248 Ecce
1225 2185 1322 2247 timor
1335 2183 1462 2247 Domini
1477 2182 1553 2263 (rel,
1570 2180 1685 2243 utalia
1709 2199 1829 2252 roenna,

130 2284 286 2366 quoniam
308 2283 385 2346 tales
410 2283 510 2345 instar
533 2283 669 2346 lucernae
694 2283 831 2346 lucentis
850 2289 882 2344 et
936 2283 1033 2346 habet
1046 2283 1221 2358 translatio,
1238 2283 1319 2345 Ecce
1334 2281 1439 2344 cultus
1455 2281 1536 2361 Dei),
1553 2279 1622 2362 ipsa
1636 2285 1685 2342 est
1697 2264 1732 2306 ²⁸·

128 2383 273 2446 ardentis
291 2382 371 2446 alios
392 2382 585 2458 illuminare,
602 2382 762 2445 aedificare
781 2389 813 2444 et
834 2381 881 2443 in·
936 2383 1110 2465 sapientia;
1126 2391 1157 2444 et
1181 2381 1329 2444 recedere
1350 2400 1369 2443 a
1392 2380 1486 2454 malo,
1507 2377 1684 2458 intelligen-

129 2481 301 2544 llammare
332 2499 396 2545 non
427 2489 562 2555 cessant,
593 2481 763 2563 implentes
795 2480 881 2561 quod
935 2482 989 2544 tia.
1003 2482 1027 2545 0
1042 2500 1138 2564 quarn
1154 2480 1247 2562 longe
1262 2487 1369 2542 sunta
1383 2478 1540 2561 sapientia
1554 2475 1684 2539 salutari

3 2580 284 2662 rar.1v,prineeps
308 2579 352 2642 ait
374 2579 598 2662 Apostolorum
624 2596 631 2640 :
658 2577 882 2659 Unusquisque
936 2579 969 2640 bi
986 2580 1069 2641 inter
1082 2596 1162 2662 quos
1177 2578 1286 2660 vigent
1300 2578 1386 2640 zelus
1402 2584 1434 2638 et
1449 2575 1621 2649 contentio,
1638 2592 1685 2636 as·
1698 2598 1830 2651 reeens

2 2695 5 2705 ·
129 2678 356 2759 sicutaccepit
373 2678 518 2758 gratiam,
536 2676 568 2739 in
589 2677 777 2739 alterutrum
794 2675 880 2737 illam
937 2676 1092 2759 pematio,
1124 2675 1278 2738 detractio
1309 2682 1341 2736 et
1370 2673 1514 2746 ambitio,
1545 2689 1682 2755 quorum

128 2776 413 2854 administrantes;
429 2782 461 2838 et
476 2776 560 2856 quod
575 2773 722 2838 Salomon
741 2773 882 2835 exhorta·
936 2794 1020 2837 unns
1042 2773 1105 2836 alio
1127 2774 1300 2856 sapientior
1324 2772 1414 2854 cupit
1437 2770 1550 2846 videri,
1568 2770 1684 2832 discre-

3 2899 111 2944 (θεῖε.
128 2883 196 2949 tur,
213 2874 402 2936 Deriventur
416 2873 520 2936 fontes
536 2873 582 2935 tui
597 2872 689 2935 foras.
707 2872 793 2945 Ouod
809 2889 881 2933 eum
934 2873 998 2935 tior
1022 2872 1173 2954 reputari,
1193 2871 1332 2953 amplius
1357 2868 1525 2931 honorarit
1542 2867 1610 2930 Non
1635 2875 1683 2929 est
1709 2885 1787 2930 tuoe.
1799 2899 1829 2936 n.

129 2973 221 3036 omni
237 2972 417 3034 bumilitate
437 2971 594 3053 agendum
615 2977 672 3044 est,
689 2970 777 3033 omni
797 2986 882 3032 eorn-
936 2971 1092 3054 sapientia
1111 2970 1171 3032 ists
1185 2988 1203 3032 a
1218 2970 1292 3042 lieo,
1309 2968 1364 3030 sed
1380 2974 1517 3040 terrena,
1533 2965 1682 3029 animalis
1698 2952 1731 2993 ¹⁵·

129 3071 293 3155 placentia
307 3089 388 3133 vana
402 3079 434 3132 et
448 3070 635 3151 gloriatione
652 3069 761 3150 iniqua
776 3068 917 3133 exclu-(l
937 3077 968 3132 et
989 3068 1156 3130 diabolica.

2 3191 107 3238 magr.
128 3170 189 3244 sis,
206 3168 290 3231 sicut
303 3167 473 3250 Apostolus
490 3174 681 3250 protestatur
697 3185 704 3229 :
722 3167 881 3230 Debemus
970 3168 1131 3240 Praeterea,
1139 3185 1196 3248 per
1210 3165 1401 3228 febrientem
1417 3164 1511 3227 istum
1527 3163 1683 3227 aGhristo

129 3284 192 3329 nos
215 3265 387 3340 firmiores,
415 3265 650 3327 imbecillitates
677 3265 881 3328 infirmorum
937 3272 1095 3338 curatum,
1113 3262 1302 3344 intelligitur
1320 3262 1425 3326 omnis
1449 3262 1589 3343 iniquus,
1606 3280 1683 3344 praa·

129 3371 271 3446 portare,
297 3371 328 3425 et
351 3380 415 3425 non
440 3362 533 3425 nobis
558 3362 692 3444 placere.
717 3363 881 3446 Siquidem
937 3364 1046 3426 sertim
1072 3363 1176 3425 omnis
1202 3362 1379 3443 negligens,
1395 3361 1486 3442 piger
1510 3367 1542 3421 et
1563 3359 1685 3422 aredio

127 3461 383 3525 ferventioribus
417 3469 449 3524 et
484 3461 880 3543 irreprehensibilioribus,
936 3480 1001 3524 sus.
1019 3460 1108 3523 Sicut
1122 3459 1208 3522 enirn
1225 3459 1257 3520 in
1272 3459 1474 3521 febricitante
1490 3465 1565 3520 sunt
1583 3457 1684 3538 frigus

127 3560 421 3642 exemplarioribns
443 3560 756 3641 reputatioribusque
778 3577 883 3642 perso·
938 3559 1099 3622 intensum
1115 3577 1154 3620 ex
1170 3575 1297 3619 recessu
1312 3555 1476 3636 sanguinis
1491 3574 1510 3617 a
1530 3554 1683 3618 membris

127 3661 184 3722 nis
203 3659 307 3721 solent
326 3659 517 3741 quandoque
537 3658 768 3739 complacentia
787 3658 883 3721 stulta
938 3657 1139 3740 proveniens,
1156 3663 1187 3718 et
1207 3655 1348 3737 corporis
1369 3662 1490 3716 tremor
1509 3672 1548 3716 ex
1566 3652 1684 3734 frigore

128 3765 163 3820 et
183 3757 284 3838 gloria
305 3775 386 3819 vana
405 3756 567 3835 insidiari3
583 3756 638 3818 sed
658 3755 707 3818 vir
726 3774 800 3818 vere
819 3757 882 3819 vir-
936 3756 1054 3829 oriens,
1080 3753 1255 3816 difficultas
1285 3770 1412 3834 quoque
1436 3752 1476 3813 ad
1506 3750 1683 3814 calefactio-

126 3866 243 3920 tuosus
257 3874 293 3918 ac
309 3854 447 3937 sapiens,
461 3853 645 3935 hujusmodi
661 3853 880 3918 stolidissime
937 3874 1023 3929 nem,
1049 3852 1164 3915 deinde
1193 3850 1358 3914 calefactio
1382 3850 1590 3913 immoderata
1613 3868 1683 3911 san-

128 3973 205 4017 rum
227 3960 372 4016 motuum
387 3958 498 4015 ventos
516 3950 653 4015 faciliter
671 3952 880 4035 celeriterque
935 3952 1032 4033 guine
1047 3951 1085 4013 ad
1102 3949 1170 4012 loca
1185 3949 1319 4031 pristina
1332 3948 1594 4029 redeuntemque
1611 3945 1684 4010 infe-

127 4051 295 4116 exsulflat.
936 4050 999 4112 ctio
1013 4056 1124 4129 gustus
1139 4067 1177 4110 ex
1197 4047 1314 4110 amaris
1329 4053 1361 4108 et
1375 4045 1466 4108 salsis
1480 4045 1681 4121 humoribus,

174 4151 222 4213 Sit
242 4167 318 4230 ergo
338 4150 370 4211 in
390 4148 477 4210 omni
498 4148 646 4228 religioso
664 4167 739 4210 vera
756 4149 881 4229 justitia
934 4154 965 4208 et
979 4145 1059 4208 ultra
1073 4144 1248 4216 baec‚totius
1263 4143 1401 4225 corporis
1413 4142 1684 4224 lassitudo,torp0r

128 4247 389 4330 compassionem
404 4245 525 4308 habens
540 4246 734 4327 adjunctam,
748 4254 779 4309 et
794 4248 880 4310 zelus
895 4243 920 4305 b
936 4252 968 4308 et
989 4244 1132 4327 quaedam
1154 4241 1306 4320 afflicti03
1323 4242 1369 4304 sic
1391 4240 1540 4303 universa
1561 4241 1629 4304 hec
1649 4241 1682 4302 in
1798 4261 1801 4268 ·

128 4345 335 4409 rectitudinis
351 4344 541 4406 discretione
560 4352 700 4419 ornatus,
716 4362 780 4407 non
796 4364 880 4408 ama·
937 4341 1080 4426 quolibet
1105 4340 1230 4414 vitioso,
1257 4339 1432 4421 praesertim
1462 4338 1495 4400 in
1524 4338 1681 4414 acedioso,

128 4443 275 4507 ritudine
290 4441 505 4524 qualificatus.
523 4442 560 4504 Et
576 4443 630 4524 qni
650 4462 683 4505 se
703 4444 881 4524 sapientem
938 4441 1151 4522 reperiuntur.
1169 4439 1223 4500 Est
1245 4438 1364 4520 quippe
1388 4437 1420 4498 in
1442 4437 1489 4499 eis
1510 4436 1611 4518 frigus
1637 4437 1682 4499 in-

128 4559 204 4606 esse
219 4540 364 4614 confidit‚
381 4559 438 4622 per
453 4539 549 4603 verba
568 4540 709 4602 salubria
727 4548 759 4603 et
777 4561 882 4604 exem·
938 4548 1075 4612 tensum,
1102 4538 1178 4620 quia
1202 4537 1233 4598 in
1260 4537 1306 4598 eis
1330 4535 1477 4616 refriguit
1504 4536 1627 4610 caritas,
1653 4544 1684 4600 et

129 4639 237 4722 plaria
251 4656 359 4720 opera,
376 4638 565 4719 sapientiam
586 4657 676 4700 suam
692 4639 731 4700 ad
747 4640 802 4702 Dei
817 4639 882 4721 glo·
938 4638 1018 4702 tardi
1040 4637 1079 4699 ad
1101 4653 1197 4717 opera
1218 4635 1302 4697 bona
1325 4634 1513 4708 consistunt,
1530 4642 1625 4717 atque
1650 4643 1686 4698 ut

130 4739 217 4800 riam
231 4745 263 4799 et
278 4737 496 4818 proximorum
517 4735 762 4800 edificationem
778 4747 882 4802 osten·
937 4736 1054 4818 glacies
1079 4733 1314 4814 restringuntur
1333 4732 1365 4794 in
1387 4733 1540 4795 membris
1560 4735 1626 4798 suis
1648 4754 1685 4798 ac

130 4837 200 4908 dat,
225 4842 261 4896 ut
284 4833 470 4896 verificetur
495 4835 528 4896 in
554 4852 592 4897 eo
616 4836 701 4917 quod
726 4837 882 4918 seriptum
937 4835 1072 4908 viribus,
1090 4851 1131 4894 ne
1150 4851 1188 4894 aa
1207 4831 1246 4892 ad
1269 4849 1365 4912 opera
1386 4831 1547 4894 meritoria
1567 4833 1683 4896 laxent.

41 4968 61 4996 a.
79 4966 111 5004 ιε,
130 4941 204 4997 est:
222 4931 291 5006 rili,
302 4932 328 4994 si
344 4932 471 5014 sapiens
487 4931 597 5006 fueris,
608 4932 666 4995 tibi
682 4941 713 4996 et
729 4934 882 5015 proximis
938 4930 1210 5006 Quemadmodum
1226 4936 1333 4992 autem
1349 4929 1473 5003 caritas,
1490 4938 1625 5011 quaest
1641 4931 1686 4994 vi·

2 5031 44 5122 ³⁰]
62 5029 111 5119 ⁰¹¹¹]
129 5031 200 5094 tuis
215 5030 288 5093 eris.
305 5029 395 5104 Nam,
410 5037 445 5092 ut
458 5031 570 5093 asserit
585 5032 616 5092 R.
630 5031 692 5094 Leo
707 5032 797 5114 Papa,
813 5033 884 5094 nul·
938 5031 1056 5094 vacitas
1078 5029 1205 5104 mentis,
1222 5027 1325 5090 elficit
1345 5027 1507 5090 bominem
1529 5028 1568 5090 ad
1589 5047 1685 5112 opera

12 5112 17 5129 ⁸
131 5131 200 5192 lius
215 5128 371 5211 sapientia
385 5128 446 5190 sibi
462 5128 521 5191 soli
537 5136 585 5190 est
600 5130 753 5211 proficua.
765 5129 802 5190 Et
817 5131 884 5193 haec
939 5128 1087 5209 religiosa
1101 5127 1237 5189 alacrem
1254 5134 1286 5189 θῖ
1298 5126 1493 5206 jucundum3
1506 5126 1548 5188 ita
1564 5128 1683 5201 acedia,

132 5245 287 5292 verarum
312 5234 360 5288 est
379 5227 534 5288 virtutum
558 5234 680 5300 natura,
702 5235 737 5288 ut
761 5228 885 5309 prosint
939 5227 1133 5308 negligentia
1152 5233 1182 5287 et
1204 5224 1308 5288 omnis
1330 5223 1492 5304 iniquitas,
1508 5224 1682 5300 horrorem,

132 5346 176 5390 ac
197 5326 324 5389 luceant
344 5323 462 5387 multis.
484 5325 615 5407 Propter
638 5326 722 5407 quod
743 5327 885 5389 saeratis-
939 5325 1121 5389 tarditatem
1136 5332 1168 5387 et
1188 5323 1393 5386 omissionem
1413 5329 1594 5385 sanctarum
1608 5323 1684 5385 aeti·
