4192 6258
452 503 600 554 nonnum
621 505 675 551 xxr
695 504 769 552 rosa
788 503 982 551 carantana.
1002 521 1042 533 -
1063 504 1161 552 sanxo
1182 503 1336 552 saturnus
1609 487 1669 576 573

112 675 237 750 sentiae,
254 675 299 738 ita
313 677 398 759 quod
415 675 520 739 cordis
535 675 585 738 sui
606 674 866 738 distractionibus
880 672 906 736 Α
920 673 1153 737 rationabiliter
1167 693 1231 738 non
1248 675 1309 738 fuit
1323 675 1510 738 timendum.
1518 674 1669 738 Homines

111 781 261 856 tempore
283 774 462 837 orationum
485 793 522 836 ac
546 773 652 836 cultus
676 773 778 836 divini
803 791 866 836 non
920 773 1008 835 enim
1025 773 1147 854 injusti,
1164 773 1317 850 carnales,
1334 773 1545 848 obtenebrati,
1559 791 1617 856 pro
1632 789 1670 836 co

110 873 192 935 satis
207 873 339 948 resistit,
356 891 415 936 nec
429 873 567 936 venialia
581 880 713 955 peccata
731 891 805 935 cum
821 872 867 934 di·
921 871 1007 953 quod
1026 871 1128 934 Deum
1148 879 1179 934 ct
1198 872 1269 954 ejus
1291 871 1449 935 offensam
1469 879 1564 954 atque
1582 878 1671 934 acter-

111 971 248 1052 ligcntia
266 972 346 1034 vitat
366 971 533 1053 condigna.
552 971 675 1054 Nempe
695 990 795 1054 quum
815 989 869 1034 ve-
922 989 995 1032 nam
1027 969 1264 1034 damnationem
1295 972 1410 1034 merito
1439 989 1536 1052 snper
1564 969 1671 1032 omnia

109 1069 212 1133 nialia
227 1077 358 1152 peccata
372 1069 545 1152 disponant
559 1071 598 1132 ad
614 1070 771 1144 mortalia,
789 1070 867 1133 dum
922 1067 1141 1142 formidarent,
1174 1069 1289 1131 timent
1321 1069 1510 1152 temporalia
1543 1068 1669 1142 damna,

110 1168 212 1231 homo
226 1167 371 1251 quotidie
390 1167 470 1230 levis
489 1176 522 1230 et
541 1186 660 1251 pronus
680 1176 729 1231 cst
749 1168 783 1231 in
799 1187 868 1230 ver·
923 1165 1065 1248 corporis
1088 1166 1294 1243 afflictiones,
1314 1167 1525 1251 privationem
1550 1174 1671 1248 tempo

111 1265 166 1327 bis
191 1265 373 1340 inutilibus,
390 1266 423 1327 in
446 1266 512 1328 risu
535 1272 567 1327 et
586 1265 680 1347 jocis,
698 1265 730 1328 in
752 1264 867 1346 cogita·
894 1313 896 1318 .
923 1263 997 1326 ralis
1012 1264 1154 1340 honoris,
1170 1284 1271 1347 quum
1290 1273 1396 1328 tamen
1412 1265 1479 1329 haec
1495 1265 1602 1328 omnia
1617 1285 1672 1328 sae·

112 1364 259 1427 tionibus
282 1363 384 1438 vanis,
401 1364 434 1426 in
455 1363 634 1427 incustodia
653 1382 818 1438 sensuum,
835 1362 867 1424 in
924 1381 963 1445 pc
992 1363 1164 1444 expediant
1187 1364 1368 1426 animarum
1393 1364 1498 1426 saluti.
1523 1363 1590 1426 lmo
1614 1381 1672 1445 per

112 1462 301 1545 sumptione
331 1461 478 1524 ciborum
506 1480 543 1524 ae
573 1468 719 1543 potuum,
745 1468 868 1523 certum
923 1460 984 1522 ista
998 1461 1081 1523 Deus
1096 1479 1170 1524 suos
1186 1462 1303 1526 electos
1319 1462 1352 1524 in
1371 1462 1520 1544 presenti
1536 1461 1601 1524 vita
1620 1479 1672 1524 ex·

112 1561 265 1642 estquod
286 1559 350 1622 cito
370 1560 565 1623 inmortalia
583 1559 708 1622 labatur
728 1567 866 1642 peccata.
923 1566 1019 1633 ercet,
1046 1568 1170 1641 purgat,
1196 1568 1292 1642 atque
1320 1569 1470 1644 purgatos
1495 1562 1612 1624 virtute
1639 1568 1671 1622 et

112 1659 248 1740 Propter
275 1659 361 1741 quod
394 1659 427 1721 in
459 1657 682 1720 Ecclesiastico
713 1657 868 1739 scriptum
922 1658 1023 1738 gratia
1043 1658 1155 1740 implet
1177 1659 1361 1741 multiplici,
1381 1678 1418 1722 ac
1437 1659 1552 1722 deinde
1570 1658 1671 1740 gloria

10 1787 61 1829 aa.
112 1759 219 1822 estzsi
235 1776 297 1822 non
311 1759 345 1820 in
360 1758 471 1821 timore
486 1757 609 1820 Domini
625 1755 765 1818 tenueris
779 1763 810 1818 te
826 1755 870 1818 in·
924 1755 1077 1830 aeternali,
1094 1764 1130 1818 ut
1150 1764 1235 1840 patet
1256 1757 1289 1819 in
1308 1758 1495 1821 sanctislob
1514 1756 1667 1820 etlohis.
1703 1777 1815 1832 roera„

9 1861 21 1898 ¹·
49 1879 56 1890 ·
112 1864 248 1932 stanter,
262 1857 326 1920 cito
340 1857 542 1920 subvertetur
557 1856 671 1917 domus
687 1861 750 1917 tua.
768 1854 869 1927 Quum
886 1854 958 1918 Bln
978 1871 1061 1917 novo
1082 1872 1209 1936 quoque
1228 1855 1429 1919 Testamento
1448 1856 1613 1939 potissime
1632 1874 1669 1918 ac

1685 1840 1738 1884 rot.
1747 1855 1760 1892 t,
1767 1855 1788 1896 n;
1795 1855 1816 1895 ιι,

113 1955 204 2019 enim
235 1954 453 2018 invisibilibus
481 1951 691 2016 atrocissimis
722 1951 868 2014 hostibus
923 1951 1162 2014 evidentissime
1193 1954 1296 2036 patuit
1328 1954 1388 2016 hoc
1420 1953 1452 2016 in
1484 1953 1670 2036 parentibus
1685 1906 1719 1950 Μ’

113 2055 262 2136 undique
276 2053 378 2116 simus
397 2051 532 2125 obsessi,
548 2068 725 2133 eorumque
746 2050 868 2133 laqueis
923 2051 952 2112 S.
979 2051 1152 2114 Clementis
1176 2068 1352 2134 eorumque
1377 2052 1467 2127 filiis,
1493 2053 1608 2116 deinde
1637 2053 1671 2114 in

115 2151 364 2226 circumvallati,
381 2150 542 2233 quomodo
562 2149 737 2232 poterimus
757 2166 868 2211 eorum
923 2149 953 2212 S.
970 2149 1141 2211 Eustochio
1156 2149 1291 2232 ejusque
1306 2150 1458 2213 contorali
1473 2169 1510 2214 ac
1524 2150 1605 2213 filiis
1619 2168 1670 2213 eo·

115 2251 254 2314 evadere
272 2249 389 2332 jacula,
406 2248 539 2312 insidias
559 2255 653 2329 atque
676 2247 782 2309 letalia
800 2247 869 2309 vul·
923 2247 1080 2310 cumdem.
1097 2247 1171 2312 ldeo
1195 2248 1256 2310 ista
1277 2266 1341 2311 non
1363 2255 1437 2311 sunt
1462 2249 1671 2312 immoderate

115 2369 207 2424 nera,
223 2349 286 2412 nisi
303 2348 503 2412 incontinua
522 2347 679 2411 fuerimus
695 2346 799 2409 cordis
815 2364 869 2408 cu·
924 2346 1075 2421 timenda,
1092 2365 1151 2438 nec
1173 2345 1317 2410 absolute
1336 2347 1534 2429 refugienda,
1550 2349 1606 2410 sed
1625 2347 1671 2410 di·

115 2450 223 2514 stodia
238 2457 347 2512 contra
366 2451 441 2511 eost
455 2447 608 2510 Videmus
623 2446 708 2528 quod
723 2445 869 2509 homines
923 2444 1006 2508 vinae
1021 2444 1223 2527 dispositioni
1238 2463 1274 2507 ac
1290 2446 1400 2527 pietati
1416 2446 1570 2509 debemus
1590 2463 1674 2510 com·

115 2549 175 2631 qui
191 2547 301 2610 letales
317 2545 502 2610 inimicitias
518 2563 591 2608 cum
612 2543 799 2608 hominibus
818 2545 870 2607 ha·
924 2543 1062 2617 mittere,
1088 2562 1128 2606 an
1159 2543 1219 2605 ista
1247 2542 1341 2606 nobis
1368 2544 1527 2608 eveniant.
1554 2545 1672 2608 Verum

115 2648 207 2721 bent,
220 2645 341 2727 ubique
356 2652 495 2727 pergunt
508 2642 638 2721 armati3
655 2641 805 2705 similiter
819 2661 871 2704 ne·
923 2641 984 2703 hoe
998 2641 1130 2704 omnino
1143 2660 1162 2703 a
1176 2640 1241 2703 Deo
1257 2642 1430 2723 petendum
1446 2651 1505 2716 est,
1519 2650 1554 2705 nt
1569 2643 1596 2705 si
1612 2643 1672 2705 ista

114 2745 290 2826 gotiatores
311 2744 388 2805 dum
409 2761 467 2825 per
487 2741 556 2805 loca
575 2740 752 2804 latronibus
769 2747 871 2823 rapto·
924 2737 1016 2800 nobis
1031 2739 1207 2813 evenerint,
1221 2739 1289 2820 ipsc
1305 2739 1338 2802 in
1354 2741 1400 2802 eis
1416 2740 1602 2822 patientiam
1618 2758 1672 2805 no

116 2843 275 2925 ribusque
305 2841 439 2904 infamia
466 2840 665 2922 gradiuntur,
696 2839 729 2900 in
757 2856 871 2920 magna
924 2836 973 2898 bis
988 2844 1148 2918 praestare,
1165 2844 1197 2899 et
1211 2837 1250 2899 ad
1265 2845 1406 2900 nostram
1422 2839 1556 2901 salutem
1571 2858 1609 2902 ea
1624 2857 1673 2902 or-

115 2941 273 3004 incedunt
294 2938 478 3012 formidine,
494 2936 638 2999 custodia
658 2955 695 2998 ae
715 2954 871 3018 praepara-
924 2935 1033 2998 dinare
1048 2935 1204 3016 dignetur.
1213 2935 1300 2998 Unde
1314 2955 1415 3018 quum
1430 2944 1558 3000 sanctus
1574 2939 1672 3002 David

115 3040 207 3102 tione
222 3039 260 3100 ad
276 3037 638 3118 resistendumzquanto
653 3033 753 3115 magis
769 3053 869 3117 quum
884 3036 907 3099 G
924 3052 942 3095 a
956 3033 1087 3116 proprio
1102 3032 1171 3096 filio
1192 3033 1303 3116 pulsus
1324 3043 1408 3098 esset
1426 3054 1465 3098 ex
1483 3054 1591 3118 regno,
1608 3055 1672 3100 non

115 3147 231 3202 contra
253 3135 432 3200 invisibiles
454 3135 562 3198 hostes
584 3141 615 3197 et
636 3132 809 3196 infernales
829 3132 871 3196 la·
924 3133 1103 3196 inordinate
1132 3133 1388 3208 contristabatur,
1415 3135 1470 3196 sed
1499 3135 1580 3197 dixit
1606 3154 1612 3198 :
1639 3136 1671 3200 Si
1692 3166 1816 3225 pam„

115 3247 227 3300 trones
247 3242 343 3316 atque
363 3241 504 3315 raptores
525 3231 715 3294 incessabile
734 3251 770 3294 ac
787 3231 870 3314 peri·
924 3231 1040 3294 dixerit
1055 3232 1148 3307 Deus,
1165 3231 1241 3294 llibi
1256 3250 1320 3295 non
1335 3231 1441 3314 places
1455 3233 1501 3314 (id
1517 3242 1576 3308 est,
1591 3235 1671 3298 mihi
1685 3232 1719 3274 ²⁶·

115 3335 267 3398 culosum
282 3333 429 3416 praelium
449 3332 635 3406 habeamus,
652 3338 684 3392 et
704 3329 792 3393 locus
810 3329 870 3392 iste
924 3347 988 3393 non
1017 3329 1122 3411 placet
1151 3337 1186 3391 nt
1210 3330 1349 3412 amplius
1375 3331 1419 3392 sis
1446 3333 1526 3412 rex),
1556 3341 1672 3415 praesto

114 3452 184 3517 quo
199 3431 429 3513 degimusillis
445 3429 621 3493 latronibus
637 3447 672 3492 ac
688 3427 869 3510 raptoribus
925 3446 1015 3507 sum3
1032 3423 1117 3509 duod
1139 3426 1260 3490 bonnm
1285 3436 1333 3490 est
1355 3429 1388 3490 in
1409 3428 1512 3492 oculis
1534 3431 1612 3505 suis,
1628 3431 1673 3493 la·

116 3533 237 3616 plenus
252 3532 304 3606 sit,
320 3530 475 3593 debemus
491 3527 708 3591 indesinenter
723 3544 792 3589 esse
807 3527 870 3588 vir·
926 3527 997 3588 ciat.
1016 3527 1068 3590 Sic
1088 3544 1215 3608 quoque
1238 3525 1442 3590 beatissimus
1462 3527 1578 3591 Christi
1602 3547 1674 3592 con-

114 3631 244 3694 tutibus
259 3637 369 3692 contra
383 3629 454 3692 illos
470 3627 633 3701 armati,et
647 3625 754 3688 animo
769 3631 872 3688 custo
926 3624 1037 3698 fessor,
1053 3623 1169 3707 praesul
1185 3642 1222 3686 ac
1238 3625 1504 3707 consanguineus,
1517 3627 1674 3708 gloriosus

116 3731 192 3804 diti,
210 3728 350 3792 timorati
365 3735 460 3809 atque
478 3725 619 3800 solliciti,
636 3743 677 3788 ne
692 3724 869 3799 vincamur,
926 3723 1212 3805 sanctissimusque
1241 3723 1414 3800 servatius,
1439 3744 1539 3807 quum
1564 3745 1582 3788 a
1606 3744 1675 3809 per·

115 3828 298 3911 spoliemur
313 3834 344 3889 et
359 3832 460 3889 morte
480 3833 597 3888 aetema
616 3823 814 3884 trucidemur
831 3821 871 3884 ab
925 3820 1120 3883 versissimis
1139 3826 1171 3881 et
1190 3818 1417 3902 ingratissimis
1436 3822 1675 3904 Tungrcnsibus

7 3971 49 4000 w.
116 3929 209 3991 illisl
230 3925 310 3988 llinc
331 3925 479 3988 Salonmn
500 3923 642 4005 loquitur
658 3938 665 3983 ε
682 3921 797 3983 Beatus
816 3921 871 3982 ho·
926 3917 1140 4000 expelleretur
1170 3924 1235 3980 tam
1266 3918 1478 3982 irreverenter
1509 3929 1545 3983 ut
1574 3922 1673 3997 canis,

7 4037 22 4067 ¹·
69 4051 75 4062 ·
115 4025 247 4108 moqui
267 4042 395 4105 semper
414 4029 462 4084 est
480 4021 625 4103 pavidus.
643 4020 680 4082 llt
699 4018 776 4081 alibi
796 4018 872 4080 dici·
927 4026 1032 4081 mente
1052 4017 1226 4100 tranquilla
1247 4036 1284 4080 ac
1307 4019 1433 4100 placido
1451 4020 1544 4082 vultu
1563 4022 1673 4098 exivit,

9 4157 14 4165 ·
115 4135 206 4188 tur:
230 4123 362 4205 Sapiens
387 4121 420 4182 in
444 4118 593 4182 omnibus
619 4118 742 4180 metuit.
763 4117 872 4198 ltaque
926 4135 985 4180 nec
1009 4117 1048 4178 de
1073 4135 1130 4178 sua
1154 4116 1396 4179 inhonoratione
1424 4126 1519 4200 atquc
1543 4118 1672 4200 injuria,

112 4225 240 4310 jugiter
260 4240 429 4286 caveamus
449 4239 489 4282 ne
509 4219 616 4281 fervor
634 4218 734 4280 divini
755 4216 872 4280 amoris
887 4218 911 4279 D
926 4216 980 4278 sed
996 4215 1035 4277 de
1051 4215 1179 4278 illorum
1196 4214 1323 4276 dolebat
1338 4217 1589 4296 transgressione
1603 4236 1673 4298 gra-

113 4327 263 4406 tepescat
283 4321 316 4382 in
335 4319 440 4394 nobis,
457 4318 512 4380 sed
533 4317 566 4378 in
586 4334 624 4379 eo
646 4316 789 4399 quotidie
808 4334 873 4378 am·
925 4313 1066 4377 vissima.
1084 4313 1164 4375 llinc
1185 4313 1292 4395 itaque
1307 4313 1340 4374 in
1355 4313 1495 4376 adversis
1515 4315 1672 4398 patientes

115 4423 209 4506 plius
225 4419 477 4491 inflammemur,
495 4415 657 4478 infinitam
677 4414 733 4476 Dei
751 4414 872 4477 bonita-
925 4419 957 4474 et
979 4409 1200 4493 imperturbati
1223 4429 1293 4472 esse
1314 4410 1478 4474 debemus.

111 4531 199 4594 tem,
228 4516 471 4591 amabilitatem,
496 4513 712 4589 dulcedinem,
738 4513 871 4595 ejusque
965 4510 1128 4584 Praeterea,
1155 4508 1332 4571 secundum
1357 4511 1442 4591 quod
1465 4512 1618 4588 cernitur,
1640 4514 1673 4577 in

110 4617 281 4684 beneficia
302 4635 338 4678 ac
360 4615 517 4698 promissa
539 4613 779 4676 considerando.
924 4606 1183 4670 febricitantibus
1199 4614 1248 4669 est
1263 4607 1349 4671 calor
1363 4608 1612 4693 immoderatus3
1628 4614 1674 4676 sio

159 4719 305 4799 Insuper,
324 4715 408 4778 sicut
427 4713 460 4775 in
479 4711 738 4776 febricitantibus
759 4731 797 4774 ex
818 4711 871 4773 fri·
925 4724 1053 4788 quoque
1070 4706 1102 4767 in
1118 4705 1352 4787 peccatoribus,
1369 4707 1445 4770 durn
1461 4728 1480 4771 a
1498 4709 1614 4774 divinae
1629 4712 1675 4774 di-

109 4835 197 4902 gore
216 4815 362 4897 sequitur
382 4811 524 4894 eorporis
548 4818 677 4886 tremor,
693 4811 737 4872 ita
758 4809 791 4872 in
816 4809 871 4873 bo·
925 4804 1071 4867 lectionis
1086 4803 1261 4884 frigescunt
1276 4805 1575 4882 calore,acccnditur
1589 4827 1676 4873 amor

70 4965 74 4970 .
111 4918 210 4982 mine
224 4913 339 4978 vitioso
358 4931 377 4974 a
393 4909 495 4973 divini
515 4909 633 4972 amoris
652 4907 757 4971 calore
777 4907 871 4988 frige·
925 4903 1062 4967 carnalis
1076 4923 1113 4966 ac
1128 4903 1382 4986 mundialis,quo
1397 4923 1431 4968 se
1446 4905 1531 4988 ipsos
1545 4927 1582 4971 ac
1596 4909 1675 4972 alios

109 5018 207 5081 facto
229 5018 277 5076 est
302 5019 432 5083 tremor,
453 5009 485 5071 id
509 5015 556 5070 est
582 5007 678 5070 timor
702 5005 871 5088 multiplex
925 5002 1095 5065 carnaliter
1127 5009 1246 5076 amant,
1283 5003 1412 5085 propria
1445 5007 1611 5069 commode
1644 5015 1675 5071 et

110 5112 332 5184 inordinatus,
349 5109 432 5171 sicut
446 5108 485 5170 de
505 5106 615 5188 impiis
630 5106 674 5168 ait
688 5106 869 5188 Propheta:
924 5100 1159 5164 oblectamenta
1183 5101 1356 5182 quaerendo
1384 5109 1416 5163 et
1439 5102 1672 5185 amplectendo,
1709 5161 1738 5176 .,

12 5243 91 5294 urs.
111 5217 224 5281 Deum
248 5227 312 5273 non
336 5205 583 5284 invocaverunt;
603 5203 668 5266 illic
693 5204 871 5286 trepidave-
924 5200 1053 5262 divitias
1076 5207 1108 5261 et
1127 5199 1263 5262 honores
1285 5198 1522 5262 ferventissime
1545 5203 1674 5284 cupien-
1775 5193 1777 5196 ’

111 5319 198 5381 runt
212 5309 334 5384 timore,
344 5305 400 5369 ubi
416 5322 480 5370 non
496 5311 563 5368 erat
578 5303 684 5380 timor,
694 5302 727 5366 id
742 5309 801 5378 est,
813 5302 870 5365 ubi
925 5300 974 5376 do,
991 5307 1024 5361 et
1042 5298 1193 5374 breviter,
1213 5297 1400 5380 temporalia
1418 5305 1513 5382 atque
1535 5303 1674 5372 carnalia
