4192 6258
463 449 524 512 578
666 466 814 513 nouuucn
835 467 889 513 xxr
909 467 982 514 rosr
1003 465 1196 512 ιιιιιιιιιιιιιι.
1217 484 1257 494 -
1277 466 1320 513 ιιι
1340 465 1535 528 amictosos3
1558 466 1653 514 saeuo
1674 467 1802 523 orsurus

463 639 520 704 lici
540 656 604 704 non
624 656 718 723 posse
738 638 860 721 aliquid
880 638 1043 703 meritorie
1061 638 1210 720 cogitare,
1225 638 1251 702 A
1266 638 1464 703 naturalibus
1479 638 1596 702 nostris
1610 657 1719 702 sumus
1733 638 1909 704 vehementer
1919 643 1955 706 de

463 745 625 821 appetere,
642 737 730 820 loqui
754 745 808 801 aut
831 738 968 820 operari,
984 755 1044 800 nec
1069 737 1214 801 tentatio
1265 737 1412 812 fectuosi,
1428 745 1461 800 et
1475 736 1596 800 debiles
1612 737 1645 799 in
1659 737 1862 820 superioribus
1874 740 1955 804 anina

463 836 560 899 nibus
584 836 767 918 prevalere,
786 855 846 899 nec
871 836 926 898 diu
950 853 1044 917 posse
1068 835 1213 898 mortalia
1265 835 1398 911 viribus,
1407 853 1445 901 eo
1460 835 1544 918 quod
1559 835 1662 898 anima
1675 834 1825 899 rationalis
1837 836 1866 898 in
1877 839 1955 902 ordire

463 935 563 998 vitare
589 943 729 1017 peccata
751 954 855 1016 neque
880 934 1047 1017 proficere.
1067 934 1105 996 Et
1128 934 1211 997 istud
1266 935 1531 998 intellectualium
1560 932 1803 997 substantiarum
1828 953 1857 996 sc
1876 935 1956 998 habeat

463 1053 532 1097 ease
552 1034 757 1096 verissimum
780 1051 844 1097 non
867 1034 971 1096 solum
992 1033 1093 1095 credit
1113 1051 1212 1115 popu·
1265 1035 1348 1096 sicut
1372 1033 1504 1110 materia
1525 1032 1631 1115 prima
1653 1031 1687 1094 in
1712 1031 1815 1094 ordine
1839 1033 1954 1096 entium:

462 1132 512 1196 lus
528 1131 721 1195 christianus
736 1150 811 1194 vere
826 1132 1012 1206 catholicus,
1028 1132 1130 1220 sedet
1145 1149 1211 1194 om·
1265 1139 1396 1214 propter
1413 1131 1499 1214 quod
1522 1132 1554 1194 in
1577 1130 1692 1193 umbra
1713 1129 1902 1211 intelligentie
1916 1133 1955 1194 fcr-

462 1249 519 1293 nes
549 1229 758 1313 spiritualiter
787 1237 1023 1304 conversantes,
1052 1228 1211 1311 prolicere
1264 1236 1316 1292 tur
1331 1237 1446 1305 creata,
1462 1237 1493 1292 et
1509 1229 1690 1292 intellectus
1705 1228 1956 1312 humanusinprir·

462 1328 640 1411 cupientes,
657 1327 792 1392 internis
817 1347 853 1391 ac
876 1328 1026 1391 virtuosis
1050 1327 1211 1390 exercitiis
1265 1329 1351 1411 cipio
1371 1329 1421 1390 sui
1436 1336 1485 1390 est
1502 1336 1654 1410 tanquam
1675 1326 1779 1390 tabula
1792 1345 1860 1390 rasa.
1873 1327 1954 1402 lertio,

461 1445 536 1488 vere
552 1426 678 1500 intenti,
690 1434 722 1489 ct
736 1433 845 1491 eontra
859 1426 938 1490 vitia
952 1426 1144 1509 preliantes,
1153 1444 1211 1508 per
1265 1427 1340 1510 quia
1364 1435 1473 1490 contra
1497 1426 1732 1500 callidissimos,
1756 1426 1955 1508 expertissimos,

461 1525 692 1606 experientiam
715 1533 841 1588 norunt.
867 1525 979 1588 Merito
1003 1542 1078 1606 crgo
1103 1532 1211 1586 monet
1264 1525 1455 1589 fortissimos
1469 1532 1502 1588 et
1516 1523 1766 1588 innumerabiles
1783 1523 1873 1586 hostes
1887 1527 1956 1586 corti-

460 1622 630 1704 Apostolus
652 1631 687 1685 ut
708 1623 926 1688 confortemur
948 1624 980 1685 in
1003 1623 1147 1686 Domino.
1263 1643 1326 1686 nna
1339 1623 1489 1687 babemus
1505 1621 1799 1703 certaminaquibus
1812 1639 1956 1704 nequaqum

502 1721 562 1784 Sed
578 1721 656 1803 qnid
671 1729 719 1784 est
733 1722 906 1784 confortari
922 1721 955 1783 in
975 1721 1129 1785 Dominol
1145 1721 1209 1783 Hoc
1265 1724 1404 1805 propriis
1428 1740 1599 1804 possumus
1624 1720 1749 1784 viribus
1773 1719 1896 1782 reluctari
1914 1739 1920 1780 :
1936 1729 1957 1782 et

460 1827 509 1882 est
537 1819 700 1902 propriam
726 1819 1013 1896 defectuositatem,
1039 1819 1208 1882 infirmita·
1226 1819 1250 1881 B
1265 1820 1346 1883 hanc
1361 1821 1517 1884 rationem
1532 1820 1633 1901 tangit
1654 1819 1687 1881 in
1707 1819 1832 1901 epistola
1846 1818 1957 1881 hodierne

460 1926 637 2000 temetque
654 1918 687 1980 in
707 1936 804 1981 omne
818 1918 934 1981 vitium
952 1919 1144 2001 pronitatem
1162 1937 1210 1980 re·
1262 1920 1442 2003 Apostolus.
1459 1919 1586 1993 Quarto,
1602 1926 1734 2001 propter
1748 1917 1918 1980 infectionem
1929 1916 1957 1979 le

460 2034 651 2098 cognoscere
666 2034 702 2078 ac
717 2014 821 2090 fateri,
838 2024 870 2078 et
889 2016 1010 2079 auxilio
1028 2016 1084 2078 Dei
1101 2017 1207 2090 inniti,
1264 2019 1361 2094 mitis,
1388 2019 1428 2081 ad
1460 2017 1542 2080 mala
1572 2017 1694 2098 jugiter
1722 2035 1758 2079 ac
1783 2015 1871 2078 valide
1893 2015 1957 2078 incli-

460 2132 524 2178 non
543 2115 606 2176 sibi
627 2115 690 2196 ipsi
711 2113 885 2189 confidere,
901 2132 965 2178 non
987 2115 1026 2177 de
1048 2114 1114 2177 suis
1135 2114 1209 2176 viri·
1263 2118 1379 2190 nantis,
1411 2117 1466 2178 sed
1499 2124 1531 2178 et
1563 2123 1697 2198 propter
1726 2113 1956 2195 incomparabilem

459 2211 520 2274 bus
539 2211 727 2294 meritisque
748 2231 953 2294 presumere,
973 2213 1028 2274 sed
1047 2231 1081 2275 se
1101 2229 1208 2275 coram
1263 2215 1515 2297 magnitudinem
1532 2214 1750 2297 periculorum
1770 2212 1956 2275 imminentium

459 2310 524 2372 lico
539 2310 677 2392 dejicere
698 2317 730 2372 et
749 2311 920 2374 humiliare
936 2331 969 2374 se
989 2311 1106 2394 ipsum,
1123 2311 1207 2393 ejus·
1262 2314 1364 2377 nohis.
1383 2314 1453 2376 Sint
1475 2313 1572 2394 igitur
1592 2313 1681 2375 oculi
1703 2312 1798 2374 nostri
1816 2329 1916 2392 semper
1930 2311 2023 2370 alren

459 2427 522 2489 que
545 2408 741 2490 adjutorium
767 2409 949 2492 implorare,
967 2409 1064 2471 robur
1086 2408 1206 2490 gratiae,
1262 2412 1445 2486 Dominum,
1470 2419 1502 2473 et
1530 2411 1750 2474 indesinenter
1776 2409 1918 2472 clamemus
1935 2410 1957 2469 in

459 2505 569 2569 lumen
585 2507 760 2589 sapientie,
774 2507 916 2588 vigorem
933 2508 1207 2590 constantiamque
1261 2511 1378 2574 coelum
1388 2528 1396 2590 ;
1408 2509 1594 2582 innitamur,
1607 2506 1957 2588 inhaereamusinliganur

458 2604 614 2666 virtutum
630 2605 791 2687 postulare
806 2605 846 2668 ah
862 2605 1015 2688 ipso.lloc
1031 2606 1207 2668 clarissima
1262 2629 1390 2691 semper
1409 2614 1441 2671 ct
1460 2607 1708 2671 inavertibiliter
1728 2608 1790 2671 lieo
1806 2615 1902 2679 nostro,
1913 2613 1957 2666 tan

459 2703 734 2785 contemplabatur
749 2711 781 2766 et
795 2711 945 2786 expertus
960 2704 1023 2766 fuit
1036 2705 1093 2786 qui
1108 2705 1205 2766 dixit:
1263 2709 1405 2772 filialiter
1424 2716 1456 2770 et
1477 2705 1617 2790 perfecte
1637 2714 1799 2789 sperantes
1819 2705 1846 2766 in
1863 2705 1923 2786 ipso,
1935 2710 1958 2763 ιι

319 2825 443 2882 ranna,
459 2801 594 2882 Diligam
610 2809 652 2876 te,
670 2803 814 2878 Domine,
830 2802 984 2866 fortitudo
1000 2821 1088 2882 mea;
1104 2803 1208 2865 Domi·
1262 2827 1335 2871 curn
1356 2815 1464 2871 sancto
1481 2806 1539 2870 lob
1559 2806 1720 2869 fateamur
1736 2823 1743 2868 :
1759 2805 1849 2868 Etiam
1866 2802 1887 2865 si
1901 2802 2033 2865 ccci-nnn

312 2893 332 2933 ³·
460 2919 521 2962 nus
536 2900 778 2964 firmamentum
794 2921 902 2966 meum
918 2909 950 2965 ct
965 2902 1124 2984 refugium
1144 2921 1207 2964 me·
1261 2907 1344 2969 derit
1358 2923 1420 2980 me,
1438 2905 1471 2966 in
1487 2905 1557 2987 ipso
1572 2904 1720 2988 sperabo.
1736 2903 1781 2967 Ab
1797 2904 1847 2965 bac
1859 2901 1958 2963 inniten-

460 3017 526 3074 um,
549 3006 582 3061 et
604 2999 756 3062 liberator
770 2994 879 3081 meus3
895 3002 978 3064 Deus
1003 3020 1093 3064 meus
1117 3001 1206 3082 adju·
1225 2999 1305 3067 Ctia
1330 3013 1425 3087 alque
1449 3003 1569 3066 fiducia
1591 3003 1702 3065 nullus
1729 3009 1839 3066 avertat
1858 3017 1902 3062 nos
1919 3017 1959 3058 un-

458 3104 507 3159 tor
534 3115 636 3172 mene,
658 3105 690 3161 et
713 3098 848 3181 sperabo
873 3100 907 3161 in
931 3117 1024 3178 eum;
1047 3106 1208 3181 protector
1261 3110 1409 3184 quam,ut
1423 3121 1496 3166 cum
1510 3101 1674 3164 Psalmista
1688 3120 1728 3164 ex
1744 3099 1959 3164 cordedicanus:

459 3213 561 3270 meuc,
579 3202 611 3257 et
626 3213 725 3258 cornu
746 3195 856 3259 salutis
877 3216 965 3260 mea.
983 3199 1070 3260 Unde
1090 3205 1122 3260 et
1137 3217 1206 3260 san·
1260 3202 1295 3263 ln
1324 3202 1389 3264 lieo
1417 3201 1554 3263 salutare
1583 3219 1694 3263 meum
1724 3208 1756 3263 et
1781 3198 1869 3280 gloria
1891 3212 1959 3269 nea;
1977 3203 2035 3244 nn«,

458 3300 528 3355 ctus
544 3293 654 3367 David,
667 3293 782 3355 borum
798 3294 937 3376 prolator
951 3295 1134 3369 verborum,
1150 3295 1206 3377 qui
1261 3299 1344 3360 Deus
1359 3298 1470 3360 auxilii
1489 3298 1563 3372 mei,
1579 3306 1612 3361 et
1632 3317 1707 3380 spes
1728 3316 1796 3360 mea
1812 3297 1841 3358 in
1853 3296 1904 3357 lieo
1919 3299 1958 3354 est.

458 3400 522 3453 tarn
539 3390 737 3454 admirabilis
753 3391 814 3453 fuit
834 3400 866 3454 et
881 3392 1052 3474 praeclarus
1071 3393 1207 3456 inomni
1300 3396 1444 3479 Insuper,
1462 3397 1508 3458 sie
1524 3395 1745 3459 confortemur
1760 3397 1792 3458 in
1810 3395 1961 3464 hominnm

458 3489 615 3571 sapientia
630 3497 662 3551 ct
676 3489 805 3564 virtute,
822 3491 855 3552 in
871 3489 1011 3552 caritatis
1026 3489 1161 3566 fervore,
1173 3491 1207 3554 in
1261 3494 1445 3557 studeamus
1461 3493 1603 3576 quotidie
1624 3495 1656 3556 in
1677 3495 1766 3557 omni
1784 3492 1871 3575 gratia
1885 3498 1909 3552 et
1919 3488 1961 3550 rir-

458 3605 586 3649 summa
605 3587 784 3663 devotione,
802 3588 833 3650 in
854 3588 942 3651 omni
963 3589 1088 3651 interna
1107 3598 1138 3653 et
1159 3609 1206 3651 se·
1260 3600 1339 3668 tute,
1357 3593 1389 3654 in
1405 3592 1492 3655 omni
1508 3592 1591 3655 dono
1606 3599 1639 3654 et
1653 3592 1762 3655 fructu
1781 3591 1898 3674 Spiritus
1909 3587 1961 3649 sn·

459 3684 638 3747 arctissima
668 3685 905 3762 exercitatione,
935 3706 974 3749 ex
1005 3688 1105 3768 gratia
1138 3688 1204 3762 Dei,
1261 3692 1315 3766 cti,
1332 3692 1365 3753 in
1388 3691 1475 3753 omni
1500 3698 1608 3753 saneta
1628 3691 1796 3755 devotione
1813 3696 1842 3752 et
1859 3683 1961 3750 caritatis

458 3783 584 3864 quaudo
601 3784 763 3866 paulisper
783 3784 1019 3866 dispensatione
1038 3787 1147 3848 divina
1161 3806 1207 3849 re·
1259 3791 1371 3853 ardore
1396 3789 1564 3872 proficere,
1591 3789 1624 3851 in
1649 3789 1716 3852 Deo
1744 3785 1922 3856 constabiliri,
1939 3782 1960 3842 in

459 3881 665 3963 linquebatur
687 3903 705 3945 a
728 3883 838 3964 gratia,
854 3883 1052 3946 horribiliter
1075 3886 1203 3948 corruit.
1260 3896 1347 3952 recto
1361 3887 1492 3952 rationis
1505 3888 1628 3969 judicio
1648 3885 1867 3960 immobilitari,
1880 3889 1907 3945 ut
1920 3897 1960 3943 nec

458 3979 556 4060 Cujus
572 3981 720 4062 exemplo
735 3998 845 4044 omnes
861 3982 987 4044 edoceri
1002 3983 1156 4045 dehemus
1172 3989 1207 4045 ut
1260 3987 1421 4069 prosperis
1446 3987 1620 4062 elevemur,
1636 4005 1697 4048 nec
1718 3984 1850 4048 adversis
1869 3979 1961 4061 dejicit-

456 4077 577 4159 jugiter
600 4078 751 4153 timorati,
772 4080 921 4142 custoditi
941 4099 978 4144 ac
1002 4081 1140 4144 humiles
1165 4082 1206 4144 si·
1260 4083 1343 4160 mur,
1359 4104 1419 4148 nco
1438 4085 1620 4147 adulatione
1634 4092 1690 4146 aut
1705 4084 1796 4147 laude
1809 4081 1960 4146 delectemur

458 4195 542 4252 mus,
558 4195 617 4240 nco
633 4196 774 4258 unquam
795 4177 932 4240 inaniter
951 4179 1135 4260 gloriemur,
1151 4199 1204 4243 ne·
1219 4182 1244 4246 D
1260 4184 1410 4258 humana,
1422 4202 1481 4246 nec
1495 4182 1731 4264 vituperatione
1746 4183 1915 4262 frangamur,
1923 4191 1960 4236 nc·

457 4293 520 4356 que
544 4275 661 4338 nostris
687 4274 860 4349 laboribus,
881 4276 1058 4352 industriis,
1081 4278 1205 4342 viribus
1259 4301 1321 4364 que
1351 4281 1506 4344 diffamia.
1537 4280 1630 4343 Nulla
1660 4281 1766 4363 passio
1795 4296 1847 4342 suo
1871 4277 1959 4356 inpetu

457 4372 687 4449 adscribamus,
709 4373 736 4435 si
761 4373 838 4454 quid
861 4374 970 4454 gratiae
994 4383 1026 4438 et
1048 4377 1204 4439 virtutum
1260 4388 1400 4444 mentem
1415 4379 1575 4454 obscuret,
1592 4379 1681 4441 nulla
1697 4379 1838 4461 voluptas
1851 4375 1960 4438 volunta·

456 4470 624 4546 hahemus,
641 4471 696 4534 sed
711 4472 750 4534 ad
770 4471 890 4534 fontem
912 4473 1139 4538 charismatum
1156 4494 1203 4538 re·
1258 4486 1323 4541 tcrn
1346 4478 1519 4552 subvertat,
1536 4477 1645 4539 nullus
1668 4485 1800 4541 eventus
1820 4481 1933 4538 mentem
1949 4486 1962 4528 ι

457 4567 562 4630 fluant
576 4569 684 4648 gratie
699 4569 836 4644 dona,ut
851 4590 962 4634 rursus
977 4572 1204 4637 exuberantius
1258 4597 1315 4639 sua
1340 4575 1373 4638 in
1402 4577 1467 4639 lien
1496 4575 1667 4638 stabilitate
1697 4575 1872 4658 praecipitet
1893 4566 1961 4648 legio

307 4691 442 4746 Marma,
457 4665 605 4728 refluant.
623 4666 716 4730 Grato
737 4668 824 4731 enirn
846 4670 938 4732 datur
957 4679 992 4732 ut
1012 4671 1161 4735 abundet.
1258 4693 1385 4758 semper
1399 4674 1513 4737 itinere
1527 4674 1710 4755 gradiamur
1723 4675 1762 4737 ad
1777 4667 1962 4742 Deumethac

308 4757 342 4798 ²⁹·
497 4763 653 4844 Deinceps
676 4765 835 4846 adjutorio
856 4767 912 4830 Dei
931 4770 1079 4848 gratioso,
1096 4789 1205 4853 super·
1258 4771 1351 4836 nobis
1371 4772 1412 4835 sit
1430 4791 1556 4836 summa
1573 4779 1669 4854 atque
1689 4771 1864 4834 indesinens
1880 4761 1964 4830 sollici

456 4861 605 4936 naturali,
637 4861 819 4926 incessabili
850 4865 1030 4946 indigemus
1055 4886 1062 4929 :
1087 4869 1203 4944 Primo,
1258 4873 1346 4946 tudo,
1364 4871 1508 4945 intentio,
1524 4869 1665 4946 affectio,
1679 4890 1720 4934 ne
1735 4871 1831 4934 Deum
1845 4864 1964 4942 ineliquo

457 4960 532 5042 quia
546 4960 586 5021 ad
602 4961 876 5042 supernaturalem
892 4962 1121 5028 beatitudinem
1135 4984 1205 5029 con·
1258 4970 1470 5042 offendamus,
1488 4988 1547 5032 nec
1561 4968 1703 5051 aliquam
1716 4969 1822 5050 gratiae
1839 4964 1963 5028 larionem

456 5058 514 5120 diti
544 5077 667 5132 sumus,
693 5059 732 5121 ad
759 5078 853 5141 quarn
884 5078 948 5123 non
974 5063 1037 5125 nisi
1067 5084 1124 5146 per
1152 5086 1204 5129 su·
1258 5075 1312 5130 aut
1336 5068 1491 5130 virtutum
1516 5066 1761 5128 minorationem
1787 5065 1909 5127 incurrat
1926 5071 1964 5118 cot

454 5155 669 5238 pernaturalia
692 5157 809 5232 media,
833 5158 1007 5238 gratiarum
1033 5163 1204 5227 charisma·
1258 5151 1414 5240 nostrum,
1431 5165 1487 5228 sed
1499 5164 1590 5247 juxta
1605 5171 1755 5247 praetacta
1768 5168 1962 5226 crescatacre

455 5263 497 5332 ta,
518 5256 687 5340 pervenire
711 5257 864 5320 valemus.
888 5259 1044 5336 Secundo,
1065 5262 1140 5344 quia
1163 5282 1202 5326 cx
1258 5263 1388 5328 boretur
1410 5264 1444 5328 in
1467 5265 1523 5328 eis.
1541 5263 1629 5337 Quod
1652 5263 1710 5327 fiet
1734 5263 1762 5327 si
1785 5260 1866 5327 omni
1886 5250 1963 5320 cordis
