4288 6264
459 466 498 529 64
628 484 776 532 odulman
798 484 872 530 POST
892 481 1103 530 ascensionum
1124 483 1241 528 nomint.
1261 500 1301 510 -
1322 481 1364 528 An
1383 483 1578 546 nattd108053
1601 484 1700 530 sanae
1719 485 1848 541 QUINTUS

459 655 513 731 lio,
527 656 612 738 quod
628 655 770 718 Salvator
785 654 818 716 in
833 672 979 717 sermone
994 662 1066 736 post
1080 653 1209 717 Coenam
1224 652 1250 716 Α
1265 661 1321 715 est.
1340 655 1444 728 Perre,
1461 654 1559 716 llilius
1579 655 1635 717 llci
1654 673 1729 718 vere
1750 673 1786 716 ac
1808 655 1938 736 copiose
1958 672 2009 717 no

458 753 618 835 Apostolis
638 753 723 816 facto
737 753 892 835 praedixit.
910 752 1075 835 Siquidem
1095 752 1127 814 in
1145 771 1209 814 ser·
1264 751 1314 814 bis
1338 753 1477 816 ostendit
1498 754 1583 835 quod
1609 752 1731 816 deliciae
1755 753 1826 833 ejus
1856 751 1921 814 sint
1943 770 2009 814 esse
2031 770 2101 813 aaa

459 869 554 915 mone
574 851 630 913 illo
648 851 815 924 altissimo,
832 849 1069 933 sapientissimo
1088 858 1120 912 et
1133 869 1208 912 vere
1265 867 1337 911 cum
1362 850 1439 913 filiis
1462 851 1638 914 hominum.
1655 849 1746 926 Nam,
1761 869 1864 932 quum
1885 836 2102 941 dilexis-{2²¹¹

458 949 676 1031 pulcherrimo
692 948 862 1011 innotescit
877 945 1067 1010 excellentia
1081 948 1206 1022 Christi,
1264 956 1312 1010 set
1335 965 1408 1010 suos
1438 949 1492 1030 qui
1522 957 1612 1011 erant
1635 949 1667 1010 in
1697 949 1827 1022 mundo,
1854 967 1956 1030 usque
1979 947 2037 1008 inr-

458 1046 632 1109 eminentia
647 1046 811 1128 sapientiae
827 1045 908 1126 ejus,
921 1045 1087 1127 plenitudo
1100 1046 1208 1126 gratiae
1264 1045 1364 1108 finem
1395 1046 1507 1108 dilexit
1530 1064 1602 1126 e0s;
1628 1046 1822 1129 tradiditque
1847 1065 1881 1108 se
1907 1047 2102 1128 ipsumsi-tar:

459 1145 634 1227 prophetia
650 1164 714 1227 qua
731 1143 833 1218 fulsit,
849 1151 881 1206 et
897 1144 1012 1206 veritas
1032 1143 1108 1206 fidei
1127 1143 1209 1205 chri·
1264 1162 1322 1226 pro
1350 1145 1396 1206 eis
1422 1143 1615 1208 oblationem
1641 1153 1672 1207 et
1696 1145 1833 1207 hostiam
1858 1145 1952 1216 Patri,
1980 1145 2008 1205 in

458 1242 577 1306 stianae.
599 1243 634 1305 ln
656 1242 711 1305 illo
736 1243 856 1324 quippe
883 1260 1030 1305 sermone
1055 1242 1208 1304 Dominus
1263 1241 1392 1305 odorem
1416 1242 1590 1304 suavitatis.
1608 1243 1646 1304 Et
1665 1242 1821 1325 quidquid
1845 1241 2009 1304 danastro

458 1350 490 1403 et
511 1340 652 1403 Salvator
677 1341 785 1403 omnia
809 1339 871 1403 sibi
892 1339 1116 1422 Apostolisque
1134 1359 1209 1402 ven·
1263 1341 1397 1422 accepit,
1411 1340 1503 1402 nobis
1519 1340 1742 1403 liberalissime
1760 1340 2009 1422 mirabiliterque
2110 1403 2111 1420 ¹

459 1446 530 1501 tura
549 1439 786 1521 praenuntiavit,
804 1445 836 1500 et
853 1437 1043 1518 evangelicae
1064 1438 1142 1519 legis
1162 1438 1207 1500 di·
1264 1439 1418 1520 rependit.
1432 1439 1515 1501 Misit
1531 1456 1669 1521 quoque,
1682 1438 1801 1502 inludit
1815 1447 1847 1502 et
1862 1440 1950 1501 dedit
1963 1439 2011 1501 he
2110 1441 2111 1530 ¹

458 1535 1209 1617 vulgationemmundiconversionemetmul·
1264 1536 1405 1599 minibus
1434 1536 1588 1618 Spiritum
1619 1537 1786 1617 Sanctum3
1815 1544 1847 1600 et
1876 1537 2010 1618 Spiritus

460 1642 491 1696 ta
514 1642 634 1698 secreta
657 1632 815 1716 praedixit,
842 1652 931 1696 suam
956 1632 1106 1695 videlicet
1131 1641 1206 1695 tunc
1263 1635 1396 1698 Sanctus
1412 1636 1492 1697 Patri
1507 1655 1544 1698 ac
1559 1636 1639 1698 attio
1653 1635 1945 1710 consubstantialis,
1959 1636 2011 1697 bu-

458 1733 628 1795 instautcm
645 1733 837 1814 captionem,
848 1731 1209 1813 passionemcrucifixi-
1263 1751 1429 1796 manorum
1447 1734 1591 1797 cordium
1607 1753 1676 1797 esse
1693 1734 1877 1809 instructor,
1890 1734 2011 1798 inhabi-

457 1849 562 1904 onem,
573 1831 781 1914 sepulturam,
794 1830 1071 1904 resurrectionem,
1083 1830 1206 1912 appari·
1225 1833 1354 1906 Btator‚
1372 1831 1521 1914 impletor
1542 1833 1689 1913 dignatus
1711 1839 1768 1895 est.

456 1930 588 2003 tionem,
600 1929 831 2000 ascensionem,
843 1927 994 1990 Paracleti
1012 1928 1205 2002 missionem,
1304 1930 1383 1992 Ecce
1403 1932 1562 2012 quomodo
1581 1930 1801 2012 magnificavit
1815 1932 1898 1994 Deus
1913 1932 2111 2014 'irini-ramni

457 2028 682 2110 Apostolorum
707 2027 987 2101 illuminationem,
1006 2026 1207 2089 confortatio·
1263 2034 1310 2089 tas
1330 2029 1454 2110 operari
1474 2028 1654 2102 nobiscum,
1672 2048 1767 2111 quam
1791 2029 1963 2112 magnilica
1982 2036 2011 2092 et

457 2125 1208 2206 nem,inflammationem,pradicationem.Quod
1262 2126 1398 2207 gratiose
1426 2127 1492 2207 agit
1520 2146 1594 2189 cum
1622 2127 1733 2189 electis
1753 2128 1828 2190 ,suis
1858 2129 2008 2211 quotidie.

458 2231 572 2300 totum,
588 2223 672 2285 sicut
690 2223 847 2305 praedixit,
865 2223 1000 2285 effectus
1019 2224 1165 2286 ostendit.
1262 2224 1373 2287 Nonne
1399 2226 1493 2287 corda
1516 2225 1784 2308 pauperculorum
1810 2244 1942 2289 suorum
1969 2227 2011 2288 vi-

499 2323 616 2384 Verum
638 2321 688 2384 bis
711 2322 873 2384 immorari
895 2340 959 2384 non
979 2330 1027 2385 est
1048 2323 1109 2385 fori
1132 2343 1208 2405 prae·
1263 2322 1369 2396 sitare,
1391 2321 1578 2398 inhabitare,
1600 2323 1749 2398 excitare,
1773 2324 1942 2399 instruere,
1964 2343 2011 2387 ac-

459 2422 589 2484 sentis:
617 2420 744 2483 infinita
767 2421 854 2483 enim
878 2428 927 2483 est
950 2421 1106 2484 certitudo
1129 2421 1207 2484 fidei
1264 2422 1399 2484 cendere
1426 2440 1464 2482 ac
1494 2421 1577 2484 tueri
1607 2421 1803 2484 incessanter
1831 2422 2010 2503 dignaturl

460 2519 641 2582 christianae
655 2526 687 2581 et
702 2519 848 2581 firmitas.
865 2520 982 2581 Verum
1003 2519 1122 2582 idcirco
1140 2520 1207 2584 baec
1263 2520 1457 2601 Frequenter
1478 2520 1632 2602 praevenit
1650 2538 1705 2582 eos
1727 2519 1882 2602 piissime,
1900 2519 2011 2602 implet

458 2618 560 2699 tetigi,
577 2626 613 2679 ut
633 2617 865 2698 supernaturali
890 2617 1049 2680 altitudini
1074 2617 1152 2698 legis
1171 2637 1207 2681 ac
1263 2616 1582 2699 uberrime,loquitur
1597 2618 1838 2692 intus,mentem
1854 2619 2013 2701 praestrin-

458 2716 536 2778 fidei
557 2715 649 2778 nobis
668 2716 708 2778 de
728 2715 810 2779 coelo
828 2734 886 2798 per
906 2716 1021 2778 lliliurn
1037 2717 1093 2779 llei
1113 2717 1206 2779 colla·
1261 2716 1318 2796 git,
1335 2715 1397 2778 sibi
1416 2716 1590 2798 conjungit,
1609 2716 1702 2799 rapit,
1718 2717 1877 2792 absorbet,
1894 2717 2012 2800 ample

457 2823 508 2889 tae,
540 2814 784 2897 correspondeat
812 2815 1061 2878 conversationis
1091 2823 1206 2880 nostrae
1262 2815 1369 2890 ctitur,
1389 2815 1559 2878 oseulatur.
1583 2815 1621 2877 Et
1644 2815 1708 2896 agit
1731 2816 1798 2880 haec
1823 2817 1932 2879 omnia
1957 2816 2011 2878 ubi

458 2913 638 2977 sublimitas
663 2913 696 2975 in
721 2912 809 2976 omni
832 2913 1056 2996 spiritualitate
1080 2921 1111 2976 et
1135 2933 1205 2996 per·
1262 2913 1342 2987 vult,
1363 2914 1488 2994 quando
1510 2914 1589 2988 vult,
1611 2921 1766 2996 quantum
1788 2915 1858 2977 vult
1882 2923 1915 2977 et
1934 2933 2012 2996 quo

458 3011 606 3088 fontiano,
623 3013 657 3076 in
676 3011 800 3075 ardenti
820 3030 938 3086 amore,
958 3013 990 3075 in
1011 3015 1242 3096 contempla-G
1264 3013 1356 3075 modo
1376 3013 1461 3092 vult;
1483 3013 1526 3074 ita
1545 3021 1581 3075 ut
1600 3013 1761 3076 interdum
1779 3014 1855 3076 dum
1872 3022 2010 3096 rogatur,

457 3112 522 3174 tiva
541 3113 693 3185 oratione,
710 3111 744 3173 in
764 3128 909 3173 amorosa
924 3112 1204 3193 contemplatione,
1262 3110 1408 3174 ethome
1430 3111 1468 3173 ad
1489 3110 1565 3172 talia
1587 3109 1761 3173 obtinenda
1782 3119 1925 3185 conatur,
1949 3130 2011 3175 non

458 3217 493 3271 ut
507 3211 571 3273 Deo
589 3210 745 3273 altissimo
765 3217 797 3272 et
815 3209 911 3272 rebus
932 3209 1154 3292 spiritualibus
1176 3219 1208 3274 et
1262 3209 1368 3284 faciat,
1385 3208 1576 3291 quandoque
1591 3217 1698 3271 autem
1720 3227 1783 3272 non
1803 3217 1930 3291 rogatus
1944 3210 2012 3273 haec

458 3307 602 3382 internis,
619 3307 803 3370 coelestibus
821 3326 858 3370 ac
875 3307 1005 3381 divinis,
1021 3315 1086 3370 tam
1104 3308 1207 3372 valide
1262 3315 1421 3388 operetur,
1448 3307 1558 3388 sicque
1588 3307 1771 3389 praeveniat,
1798 3315 2010 3390 praeoccupet,

456 3404 1207 3488 adhaereamus,immoremur,afficiamur,quod
1262 3405 1491 3487 superimpleat
1517 3405 1669 3480 animam,
1696 3413 1731 3468 ut
1758 3407 1839 3489 ipsa,
1864 3407 2012 3489 quamvis

458 3502 497 3564 de
519 3503 665 3577 terrenis,
682 3502 872 3564 transitoriis
893 3510 988 3583 atque
1013 3504 1205 3579 carnalibus,
1261 3503 1339 3565 velit
1358 3502 1511 3584 effugere,
1528 3511 1665 3585 nequeat
1687 3521 1694 3566 ε
1714 3511 1872 3586 quatenus
1891 3523 1930 3566 ex
1950 3505 2011 3567 hoc

458 3600 545 3663 salva
566 3601 764 3675 necessitate,
780 3600 826 3660 nil
848 3618 1014 3680 curemus;
1029 3603 1207 3664 necessaria
1262 3601 1477 3681 intelligamus
1494 3602 1654 3684 propriam
1677 3601 1909 3676 infirmitatem,
1926 3602 2012 3664 defe-

457 3716 584 3781 quoque
607 3698 732 3780 corpori
755 3697 854 3778 magis
875 3717 948 3760 cum
969 3699 1062 3761 taedio
1082 3706 1114 3760 et
1130 3719 1206 3764 moe
1263 3701 1475 3774 ctuositatem,
1492 3700 1645 3782 inopiam,
1661 3719 1697 3762 ac
1714 3699 1937 3782 benignissimi
1955 3701 2011 3763 [lei

456 3815 527 3860 rore
549 3815 646 3879 quam
668 3815 742 3858 cum
763 3795 924 3878 voluptate
946 3804 978 3858 et
997 3797 1205 3862 dissolutione
1262 3797 1682 3874 liberalitatemcaritatem,
1698 3799 1915 3880 dignationem
1932 3807 1965 3861 et
1980 3798 2013 3861 li·

455 3895 663 3977 accipiamus,
689 3895 721 3956 in
751 3893 817 3956 solo
845 3894 991 3959 Crantore
1020 3897 1205 3961 consolatio·
1262 3895 1427 3970 bertatem,
1444 3897 1554 3979 sicque
1574 3904 1640 3959 tota
1662 3915 1734 3979 spes
1756 3897 1919 3964 nostruin
1941 3897 2013 3980 ipso

456 4012 541 4068 nem,
552 3993 693 4075 quietem
709 4000 741 4054 et
755 3993 996 4074 occupationem
1012 4013 1202 4077 quaeramus.
1259 3994 1387 4076 figatur.
1405 3994 1608 4076 Experientia
1627 4014 1765 4077 namque
1781 3995 1938 4058 donorum
1955 3996 2012 4058 [lei

497 4091 577 4153 Ecce
599 4110 695 4173 quam
716 4109 870 4166 amorose,
892 4111 988 4173 quam
1009 4092 1146 4172 gratiose
1167 4114 1203 4158 ac
1260 4111 1350 4175 spem
1375 4093 1469 4175 parit,
1490 4099 1522 4154 et
1546 4093 1623 4155 fidei
1648 4093 1874 4156 certitudinem
1895 4093 2009 4175 gignit.

456 4189 708 4272 dignantissime,
728 4209 823 4272 quarn
849 4189 1033 4265 liberaliter,
1055 4211 1205 4273 superna·
1219 4195 1244 4257 Ι)
1260 4192 1427 4273 Quumque
1449 4192 1509 4254 boc
1532 4191 1626 4254 modo
1646 4191 1783 4273 Spiritus
1803 4192 1937 4255 Sanctus
1957 4211 2012 4256 no

456 4288 601 4352 turaliter
615 4307 651 4351 ac
666 4288 1060 4370 supermisericordissime
1075 4297 1139 4353 tota
1153 4310 1204 4352 su·
1260 4299 1323 4354 stra
1353 4290 1533 4372 impleverit
1557 4292 1662 4366 corda,
1689 4299 1720 4354 et
1743 4291 1951 4373 hospitaverit
1977 4293 2010 4355 in

456 4387 742 4470 pergloriosissima
765 4387 901 4449 Trinitas
930 4388 994 4468 egit
1023 4387 1202 4450 nobiscum.
1260 4391 1392 4464 eisdem,
1405 4390 1508 4452 reddit
1523 4390 1741 4453 testimonium
1758 4398 1866 4455 nostro
1880 4391 2009 4474 spiritui
2036 4414 2084 4458 aaa
2110 4413 2111 4430 ¹

456 4487 621 4568 Siquidem
645 4487 728 4549 Deus
749 4487 839 4548 Pater
864 4486 1065 4566 unigenitum
1087 4486 1203 4550 llilium
1259 4490 1343 4571 quod
1365 4488 1428 4550 filii
1450 4490 1550 4552 simus
1572 4490 1638 4551 Dei.
2024 4481 2052 4520 ¹⁶·
2090 4419 2111 4552 q

455 4603 550 4648 suum
574 4584 637 4646 sibi
662 4583 976 4658 consubstantialem,
998 4584 1203 4665 coaequalem,
1301 4587 1348 4649 Ad
1377 4596 1558 4670 praetactam
1583 4607 1657 4668 ergo
1680 4589 1941 4670 gratiosissimam
1972 4610 2009 4654 ac

455 4683 761 4765 consempiternum,
778 4681 991 4756 simillimum,
1004 4682 1204 4765 complaceu-
1262 4685 1595 4749 munificentissimam
1612 4687 1748 4770 Spiritus
1763 4688 1870 4751 Sancti
1890 4690 1923 4752 in
1940 4708 2010 4753 cor·

452 4782 609 4846 tissimum
623 4790 655 4845 et
670 4780 966 4864 supercarissimum
983 4781 1070 4843 misit
1083 4781 1123 4843 ad
1138 4799 1203 4858 nos,
1261 4784 1355 4847 dibus
1376 4786 1492 4848 nostris
1512 4786 1748 4868 susceptionem
1765 4806 1802 4849 ac
1821 4788 2010 4852 demoratio-
2110 4813 2111 4864 ¹

453 4882 588 4947 contulit
602 4880 800 4960 nobis;fecit
814 4899 889 4943 eum
904 4879 1035 4943 fratrem
1050 4889 1203 4956 nostrum,
1261 4903 1334 4947 nem
1355 4885 1561 4966 disponamus
1583 4884 1851 4948 assidue-animas
1874 4895 2009 4964 nostras,
2110 4887 2111 4892 ’

453 4990 486 5047 et
505 5000 562 5065 per
582 4981 688 5063 ipsum
709 4979 786 5042 fecit
804 4996 862 5041 nos
883 4977 969 5041 filios
991 4997 1083 5058 suos;
1103 4980 1205 5043 voluit
1259 4984 1436 5065 praesertim
1465 4984 1526 5046 hoc
1550 4991 1704 5066 tempore,
1730 4985 2010 5068 appropinquante
2110 4993 2111 4996 ’

455 5100 529 5146 eum
555 5078 724 5154 incarnari,
746 5077 823 5140 fecit
846 5096 920 5140 eum
943 5085 990 5141 tot
1013 5079 1105 5142 anuis
1130 5098 1204 5142 cum
1260 5081 1396 5164 Spiritus
1413 5081 1518 5144 Sancti
1534 5081 1731 5156 solennitate,
1748 5101 1806 5164 per
1821 5084 2008 5165 regularem,

455 5177 641 5244 bominibus
670 5176 861 5251 conversari,
887 5183 981 5258 atque
1010 5195 1069 5259 per
1097 5178 1202 5260 ipsum
1259 5181 1455 5244 fructuosam
1485 5188 1517 5242 et
1544 5180 1760 5263 exemplarem
1792 5181 1826 5244 in
1858 5183 2009 5246 omnibus

457 5278 594 5345 redemit
617 5295 686 5354 nos,
712 5283 744 5341 et
767 5283 814 5341 tot
837 5275 921 5340 bona
950 5276 1042 5340 nobis
1072 5277 1202 5361 largitus
1259 5279 1540 5354 conversationem,
1548 5297 1605 5362 per
1619 5278 1777 5343 orationes
1792 5277 2011 5355 internasme
2110 5361 2111 5364 Ἴ
