4192 6258
428 499 490 566 tot
774 520 922 570 nournrca
941 523 983 570 ru
1003 521 1077 568 rosr
1096 521 1290 569 minimam.
1309 540 1349 600 -7
1370 521 1469 568 sunno
1488 519 1641 569 suasurus

944 933 1134 1021 SERMO
1173 933 1470 1021 SECUNDUS

653 1203 693 1248 DF.
713 1201 940 1250 uuarlrtlcmus
961 1201 1081 1248 normis
1102 1201 1141 1247 ott
1163 1200 1270 1257 QUIBUS
1292 1201 1391 1248 sacua
1412 1201 1560 1257 nooulrutt
1581 1200 1759 1248 scalarum.

500 1481 722 1544 ENEBUNT
749 1481 874 1556 nuptie
902 1481 1004 1556 Aoni,
1034 1489 1064 1538 et
1094 1477 1218 1540 ucorh
1235 1477 1291 1551 dit,
1308 1477 1475 1560 amplexus
1489 1486 1549 1553 est,
1565 1479 1717 1561 omnique
1733 1479 1855 1544 lumine
1872 1482 1963 1562 gratie

514 1582 586 1658 ejus
596 1582 801 1657 praeparavit
817 1600 859 1641 se.
877 1579 972 1661 Apoc.
989 1597 1054 1652 xix,
1071 1578 1099 1640 7.
1233 1594 1270 1638 ac
1291 1576 1411 1656 gloriae,
1435 1577 1523 1639 omni
1545 1577 1662 1640 virtute
1685 1586 1717 1640 et
1740 1579 1825 1641 dono
1846 1579 1963 1662 Spiritus

471 1679 625 1752 Quoniam
641 1679 736 1741 horno
751 1697 789 1740 ex
810 1695 941 1760 corpore
957 1686 989 1740 ct
1006 1678 1113 1740 anima
1128 1695 1180 1738 ex·
1234 1675 1340 1738 Sancti
1364 1695 1402 1738 ac
1426 1675 1575 1739 beatifica
1597 1675 1750 1740 fruitione
1775 1677 1914 1761 impleuit
1932 1699 1962 1741 ac

431 1784 491 1840 stat
510 1776 717 1860 compositus,
735 1776 877 1840 naturale
897 1784 945 1838 est
964 1776 992 1838 ei
1013 1795 1052 1838 cx
1072 1775 1178 1856 cogni·
1234 1773 1417 1836 fecundavit
1436 1775 1591 1838 camdem.
1613 1775 1743 1850 lterum,
1759 1776 1842 1838 siout
1860 1778 1889 1840 iu
1910 1797 1963 1840 car-

431 1875 516 1938 tione
538 1875 751 1957 corporalium
771 1893 878 1938 rerum
898 1875 935 1936 ad
961 1873 1176 1956 spiritualium
1233 1871 1297 1934 nali
1320 1872 1522 1936 matrimonio
1542 1883 1775 1948 consummato,
1791 1893 1919 1957 sponsus
1937 1887 1961 1939 et

430 1992 537 2036 rerum
554 1973 685 2056 perduci
702 1973 856 2036 notitiam.
875 1973 962 2036 Unde
983 1979 1015 2035 ct
1029 1973 1178 2035 Aristote·
1233 1989 1359 2051 sponsa,
1376 1988 1432 2032 seu
1457 1971 1590 2034 maritus
1615 1980 1647 2034 et
1670 1973 1801 2055 conjux,
1821 1993 1881 2036 una
1901 1975 1960 2037 lieri
1973 1999 2054 2041 casa

430 2072 476 2135 les
491 2071 699 2154 docuitquod
716 2070 940 2133 intellectualis
955 2079 1062 2134 nostra
1077 2071 1179 2152 cogni·
1233 2087 1305 2131 caro
1327 2069 1487 2143 dicuntur,
1504 2076 1536 2132 et
1557 2088 1654 2132 unam
1678 2070 1802 2152 prolem
1824 2073 1868 2134 eis
1890 2091 1962 2136 com-

429 2169 529 2244 ti0,ex
544 2170 696 2233 sensitiva
711 2169 891 2250 cognitione
906 2169 1000 2230 sumit
1014 2169 1177 2250 originem.
1233 2185 1363 2228 munem
1386 2167 1584 2249 producunt;
1601 2167 1645 2230 ita
1670 2169 1702 2231 in
1726 2170 1848 2251 nuptiis
1871 2190 1962 2252 perso

429 2267 494 2330 Hoc
510 2267 812 2340 Christus,increata
827 2267 983 2348 sapientia
997 2267 1053 2329 Dei
1068 2266 1175 2340 Patris,
1232 2263 1359 2327 nalibus
1382 2283 1418 2327 ac
1441 2264 1661 2347 spiritualibus
1680 2267 1747 2347 jam
1773 2268 1963 2350 prelatis&
2073 2307 2074 2344 3

430 2366 607 2428 certissime
628 2365 743 2438 sciens,
761 2365 793 2426 in
816 2365 986 2446 Evangelio
1001 2365 1177 2446 saepissime
1233 2361 1457 2442 conjunctione
1480 2362 1576 2425 Verbi
1604 2365 1716 2426 aterni
1741 2384 1797 2428 seu
1828 2367 1895 2428 Filii
1918 2368 1962 2430 llci

431 2483 488 2545 per
510 2463 723 2526 materialium
745 2482 852 2525 rerum
877 2462 1105 2525 similitudines
1130 2464 1177 2525 in·
1232 2479 1304 2522 oum
1322 2467 1434 2522 natura
1453 2461 1593 2524 humana
1609 2469 1733 2524 constat
1753 2483 1815 2526 una
1831 2483 1962 2546 persona,

430 2563 525 2625 struit
539 2581 597 2624 nos
611 2563 650 2624 de
665 2561 947 2635 intellectualibus,
957 2562 1177 2643 spiritualibus
1232 2566 1366 2640 quaeest
1381 2559 1532 2622 Christus.
1541 2559 1685 2623 Christus
1700 2581 1841 2645 namque
1855 2571 1901 2626 est
1913 2583 1965 2626 uua

429 2681 466 2724 ac
485 2661 614 2735 divinis,
632 2661 715 2723 sicul
730 2668 762 2722 et
782 2661 814 2722 in
829 2659 994 2740 evangelio
1012 2660 1176 2736 hodierno,
1192 2650 1215 2711 Β
1233 2675 1367 2738 persona
1383 2657 1416 2718 in
1431 2657 1553 2738 duplici
1569 2656 1748 2722 subsistens
1763 2669 1886 2736 natura,
1901 2663 1966 2724 diri-

431 2760 463 2821 in
480 2777 544 2842 quo
560 2758 704 2822 Christus
720 2777 778 2840 per
793 2758 1038 2821 similitudinem
1053 2760 1178 2840 nuptia·
1234 2774 1273 2817 na
1296 2754 1446 2817 uidelicet
1472 2763 1504 2817 et
1527 2755 1675 2819 humana.
1703 2755 1851 2840 Operatio
1873 2769 1965 2824 aulen

431 2877 502 2920 rum
519 2857 694 2920 carnalium
716 2857 808 2919 docet
827 2875 884 2920 nos
900 2857 939 2920 de
958 2856 1178 2938 spiritualibus
1232 2852 1330 2933 hujtls
1345 2870 1500 2934 pelSOHfflt
1517 2873 1587 2935 quae
1607 2855 1696 2918 velut
1711 2857 1817 2938 pwles
1836 2859 1965 2940 quaedtm

430 2955 552 3036 nuptiis
573 2973 644 3036 quae
664 2954 696 3016 in
719 2954 868 3016 militanti
886 2953 970 3016 liunt
986 2954 1136 3017 Ecclesia.
1232 2951 1272 3014 ab
1288 2970 1325 3014 ea
1340 2951 1551 3033 progreditur,
1569 2952 1626 3014 toli
1641 2971 1787 3034 personae
1806 2957 1881 3018 huic
1896 2976 1967 3020 corn·

469 3053 626 3134 Deinceps
649 3052 812 3134 Scriptura
835 3050 976 3134 loquitur
996 3053 1035 3114 de
1058 3053 1178 3134 nuptiis
1234 3051 1340 3112 munis
1362 3058 1419 3112 est.
1437 3048 1588 3113 Praeterea
1609 3050 1648 3114 da
1673 3052 1724 3115 his
1743 3055 1866 3136 nuptiis
1886 3055 1966 3118 debc-

430 3151 711 3234 quinquepartitis,
729 3169 784 3212 seu
808 3150 847 3213 de
867 3151 1070 3213 matrimonio
1086 3151 1178 3233 quin·
1233 3167 1305 3211 mus
1321 3148 1481 3230 unigenito
1496 3149 1576 3212 Filio
1590 3149 1730 3222 Dei,imo
1744 3153 1800 3214 toti
1818 3155 1968 3236 superbea-

429 3249 553 3331 tuplici.
571 3248 683 3313 Primae
698 3257 774 3311 suut
788 3249 907 3330 nuptiae
923 3249 1112 3329 corporales,
1122 3269 1178 3312 seu
1233 3247 1364 3310 lissimae
1379 3246 1523 3309 Trinitati
1536 3247 1654 3330 jugiter
1669 3257 1701 3311 et
1716 3248 1967 3316 affectuosissima

430 3348 555 3410 carnale
571 3347 872 3429 connubium,quod
889 3355 937 3410 est
952 3347 1094 3429 legitima
1109 3366 1179 3412 con·
1233 3345 1407 3426 regratiari,
1425 3345 1508 3426 quod
1531 3345 1654 3408 scilicet
1672 3356 1812 3411 nostram
1837 3359 1967 3414 naturam

429 3445 553 3526 junctio
570 3446 665 3508 maris
685 3454 716 3508 ct
736 3445 874 3518 leminae,
892 3445 1090 3508 individuam
1106 3448 1178 3510 vitae
1233 3450 1353 3505 uaturae
1369 3441 1486 3506 divinas
1500 3450 1565 3504 tam
1582 3444 1768 3509 immediate
1782 3467 1819 3509 ac
1837 3449 1968 3532 hyposta-

432 3544 696 3606 oonsuetudinem
718 3543 1018 3606 communionamve
1037 3564 1176 3608 servans.
1232 3541 1295 3602 lice
1312 3541 1404 3603 unire
1424 3541 1572 3623 dignatus
1592 3551 1651 3616 est,
1669 3543 1712 3606 ita
1731 3547 1817 3626 quod
1839 3547 1968 3629 unigeni·
2075 3597 2076 3612 .

283 3642 475 3715 :euacuabo
498 3641 547 3703 his
570 3642 693 3723 nuptiis
716 3641 816 3703 lentur
838 3641 871 3702 in
895 3641 1013 3704 loanne
1031 3643 1179 3724 :Nuptias
1232 3645 1283 3700 tus
1308 3638 1407 3700 Filius
1427 3639 1494 3714 Dei,
1516 3640 1610 3714 Deus,
1628 3649 1750 3704 creator
1768 3663 1805 3706 ac
1830 3645 1968 3707 Dominus

431 3739 522 3802 lactas
544 3747 618 3801 sunt
641 3739 674 3802 in
697 3738 780 3803 Cana
805 3739 948 3803 Galilaeae.
967 3741 1046 3813 Ouid
1071 3749 1177 3804 autem
1233 3745 1350 3812 noster,
1366 3736 1470 3800 lactus
1490 3746 1537 3800 cst
1556 3736 1653 3801 irater
1674 3749 1791 3815 noster,
1809 3761 1967 3807 conservus

432 3837 536 3900 taliter
559 3837 720 3920 conjugati
745 3837 806 3900 sibi
836 3838 975 3900 invicem
999 3847 1176 3916 teneantur,
1193 3831 1215 3894 C
1233 3843 1350 3910 Ηοὸῑθΐ,
1371 3835 1554 3917 redempt&
1577 3844 1694 3900 noster.
1713 3839 1834 3903 Harum
1858 3843 1966 3923 nuptio·

285 3951 417 4008 cssmrx,
432 3943 464 3999 et
485 3935 622 4018 qualiter
643 3937 751 3999 vivere
772 3937 919 4010 debeant,
935 3937 1055 4000 dictum
1079 3939 1178 4003 estin
1231 3954 1303 3997 rum
1319 3934 1477 3997 thalamus
1497 3934 1559 3997 luit
1579 3936 1779 4000 castissimus
1793 3939 1966 4021 gloriosissi-

283 4019 417 4071 ¹³·¹⁸⁹⁸²⁸'
431 4053 578 4098 sermone
600 4034 693 4097 tertio
714 4035 871 4115 evangelii
894 4035 926 4096 in
949 4036 1110 4099 dominica
1130 4056 1177 4100 se·
1232 4053 1292 4097 ma
1316 4033 1454 4113 Virginis
1479 4041 1599 4096 uterus.
1623 4035 1667 4097 [te
1690 4036 1812 4118 quibus
1837 4039 1966 4121 predixit

430 4134 534 4196 cunda
549 4141 620 4215 post
637 4141 763 4197 octavas
783 4133 961 4196 Natiuitatis
977 4134 1102 4198 Christi.
1231 4131 1396 4194 Psalmista
1420 4149 1427 4194 :
1453 4133 1488 4193 ln
1513 4133 1580 4195 sole
1605 4135 1713 4215 posuit
1736 4136 2024 4200 tabernaculunnu
2048 4166 2052 4179 ·

471 4233 623 4296 Secundae
647 4242 722 4295 sunt
746 4233 865 4314 nuptias
889 4235 1082 4315 personales,
1108 4255 1178 4317 quae
1231 4249 1337 4303 suum,
1354 4230 1468 4311 etipse
1484 4237 1635 4313 tanquam
1651 4251 1790 4314 sponsus
1806 4237 1965 4318 procedens

429 4342 504 4395 sunt
518 4333 595 4395 nnio
610 4330 705 4394 Verbi
725 4332 836 4395 aeterni
856 4350 911 4394 seu
933 4333 1090 4414 unigeniti
1106 4334 1177 4397 Filii
1231 4330 1269 4392 de
1289 4328 1428 4391 thalamo
1447 4345 1514 4391 suo.
1532 4329 1576 4392 lle
1597 4330 1646 4392 his
1666 4332 1791 4413 nuptiis
1810 4335 1886 4397 dicit
1906 4335 1967 4398 Cre-

428 4431 484 4494 hai
501 4450 574 4493 oum
590 4438 702 4492 natura
717 4430 868 4503 humana,
882 4448 952 4511 quae
968 4431 1044 4493 unio
1059 4440 1108 4493 cst
1122 4433 1176 4515 hy·
1230 4427 1338 4509 gorius
1351 4444 1358 4488 :
1370 4427 1456 4490 'lunc
1472 4427 1555 4490 Deus
1573 4427 1663 4491 Pater
1678 4429 1758 4493 Filio
1777 4451 1837 4496 suo
1853 4433 1965 4514 nuptias

429 4529 582 4610 postatica
602 4547 658 4590 seu
678 4528 886 4611 suppositalis
909 4529 1093 4609 conjunctio
1114 4550 1177 4611 qua
1231 4526 1317 4600 lecit,
1334 4527 1409 4589 dum
1427 4526 1456 4588 ei
1473 4535 1619 4589 naturam
1638 4528 1815 4593 humanam
1831 4532 1864 4594 in
1879 4531 1966 4612 Virgi-

428 4632 539 4688 natura
553 4625 688 4688 humana
703 4627 871 4707 conjuncta
885 4634 933 4689 est
945 4626 1045 4690 Verbo
1059 4636 1177 4692 aeterno
1230 4625 1280 4687 nis
1303 4633 1393 4688 utero
1415 4625 1585 4706 copulavit.

427 4724 461 4785 in
485 4723 616 4787 Christo.
638 4723 672 4785 ln
696 4724 756 4786 hac
778 4725 913 4806 nuptiali
938 4725 1174 4807 conjunctione,
1269 4724 1381 4789 Vortiae
1395 4731 1469 4787 sunt
1485 4725 1605 4807 nuptias
1619 4729 1877 4804 sacramentales,
1892 4730 1966 4791 vide·

427 4839 563 4903 persona
577 4821 671 4884 Verbi
686 4823 797 4886 aterni
813 4842 846 4886 se
862 4823 957 4886 habet
971 4843 1029 4905 per
1044 4826 1174 4888 modum
1230 4824 1304 4886 licet
1324 4822 1508 4904 conjunctio
1530 4823 1647 4887 Christi
1671 4843 1746 4887 curn
1772 4827 1920 4890 Ecclesia
1936 4827 1967 4888 Et

426 4920 546 5002 sponsi,
570 4927 602 4981 et
626 4927 738 4982 natura
766 4921 906 4984 humana
930 4932 1094 5005 assumpta
1118 4944 1175 5006 per
1229 4922 1349 5004 nuptiae
1369 4922 1436 4985 istae
1458 4929 1535 4984 tunc
1555 4923 1722 5003 potissime
1741 4924 1897 4988 celebrari
1915 4943 1968 4988 coe·

425 5018 557 5082 modurn
579 5036 712 5098 sponsas.
731 5017 873 5100 Sponsus
893 5038 1032 5101 namque
1053 5022 1173 5102 amplc-
1188 5023 1213 5085 D
1228 5026 1355 5102 perant,
1372 5019 1448 5083 dum
1469 5019 1615 5084 homines
1638 5022 1768 5084 credere
1789 5024 1967 5107 inceperunt

425 5116 521 5178 ctitur
545 5134 705 5198 sponsam,
729 5124 761 5178 et
785 5135 855 5179 earn
880 5116 1047 5197 lecundat;
1074 5119 1116 5182 ita
1139 5120 1173 5182 in
1229 5117 1261 5180 in
1282 5117 1443 5182 Christum
1464 5118 1531 5199 jam
1554 5117 1767 5196 incarnatum,
1783 5130 1817 5184 ct
1837 5123 1967 5186 converti

425 5213 483 5275 hac
510 5214 637 5286 unione,
655 5214 841 5295 Unigenitus
863 5215 917 5277 Dei
944 5223 1089 5279 naturam
1115 5217 1172 5280 hu·
1227 5218 1366 5291 adeum,
1384 5236 1566 5300 quanquam
1589 5219 1651 5282 dici
1670 5221 1773 5301 possit
1791 5223 1879 5304 quod
1894 5223 1967 5285 ince-

425 5328 550 5373 manam
574 5311 686 5374 intime
712 5311 774 5374 sibi
800 5313 976 5393 conjunxit,
993 5316 1171 5396 apprehen·
1228 5324 1343 5398 perunt
1365 5335 1403 5378 ex
1425 5324 1502 5378 tuno
1526 5335 1591 5400 quo
1610 5318 1758 5382 homiues
1779 5322 1918 5404 desuper
1938 5321 1966 5382 il-
