4288 6264
421 442 460 511 le

666 467 815 516 ocultum
835 467 867 512 tv
887 465 960 514 POST
981 463 1110 512 PASGHA.
1131 483 1171 494 -
1191 465 1234 512 Ab
1254 465 1447 530 nec1a10s⁰s;
1470 464 1569 514 suello
1590 465 1727 523 Quantus

420 634 563 710 beatum,
589 636 616 699 si
642 636 906 718 omnipotentem,
932 637 983 700 vel
1012 635 1169 718 quidquid
1183 633 1209 696 Α
1224 636 1331 711 bendi,
1343 636 1493 699 coarctari
1510 636 1691 699 nullatenus
1707 642 1838 718 queunt.
1850 635 1889 697 Et
1903 635 1970 697 brc-

420 732 484 796 tale
499 733 538 796 de
552 733 617 797 Deo
631 735 762 810 dixeris
780 735 813 798 in
828 735 888 799 hoc
903 734 1001 798 verbo
1016 735 1169 796 instaura-

421 839 484 908 tur,
501 833 559 905 Qui
579 842 636 895 est.
653 832 775 916 Nempe
794 834 853 897 boo
874 842 922 896 θεῖ
940 832 970 896 ei
989 831 1169 914 essequod

420 929 489 993 baec
510 932 618 994 omnia
642 951 723 1008 esse,
741 940 772 995 et
797 933 822 994 si
848 940 977 994 centum
1002 939 1056 993 aut
1080 931 1170 993 mille

420 1028 496 1090 talia
519 1029 626 1104 addas,
647 1048 712 1093 non
735 1030 893 1093 recessisti
914 1029 954 1092 ab
977 1046 1066 1109 esse3
1083 1029 1109 1090 si
1133 1047 1171 1091 ea

420 1125 549 1202 dixeris,
571 1127 652 1190 nihil
677 1127 786 1191 divino
809 1147 877 1191 esse
899 1127 1068 1204 addidisti3
1085 1127 1111 1188 si
1134 1145 1170 1188 ea

419 1242 482 1287 non
510 1225 641 1300 dixeris,
672 1225 753 1287 nihil
784 1226 813 1288 ei
843 1225 1034 1288 diminuisti.
1061 1226 1169 1306 ltaque

417 1321 500 1384 Deus
516 1323 660 1385 excelsus
677 1329 709 1384 et
722 1322 878 1404 gloriosus
894 1329 942 1384 est
963 1323 1069 1405 ipsum
1086 1341 1166 1397 esse,

417 1427 529 1502 utputa
544 1439 613 1483 esse
634 1421 786 1502 primum,
804 1421 1033 1503 independens,
1051 1421 1182 1506 impar·

416 1517 594 1600 ticipatum‚
611 1519 865 1594 interminatum,
882 1537 946 1581 non
962 1525 1165 1592 coarctatum,

416 1634 480 1679 non
499 1623 676 1699 receptum,
694 1618 749 1680 sed
769 1617 802 1679 in
826 1636 860 1680 se
882 1618 952 1699 ipso
977 1616 1165 1690 subsistens,

416 1722 608 1797 separatum,
631 1716 823 1798 perfectum,
848 1717 878 1777 in
906 1733 970 1797 quo
991 1715 1096 1777 omnis
1120 1734 1167 1776 es-

1224 735 1316 810 viter,
1333 735 1372 797 ab
1388 736 1458 815 ejus
1478 735 1635 818 condigno
1654 735 1824 817 preconio,
1841 734 1882 795 ab
1902 733 1970 815 ejus

1225 833 1319 914 pleno
1338 834 1502 915 obsequio,
1518 833 1559 895 ab
1577 833 1647 914 ejus
1667 833 1848 915 cognitione
1864 833 1970 914 plena-

1224 930 1271 992 ria
1286 931 1455 994 deficimus
1472 932 1504 993 in
1520 932 1711 993 immensum
1720 949 1728 1009 ;
1745 938 1777 992 θῖ
1792 931 1852 994 hoc
1867 930 1971 1012 ipsum

1224 1029 1308 1111 quod
1328 1030 1435 1093 verbis
1457 1031 1496 1092 de
1518 1048 1555 1092 eo
1576 1029 1779 1112 proferimus,
1796 1036 1903 1091 mente
1923 1047 1970 1090 ca-

1224 1147 1311 1210 pere,
1323 1135 1418 1210 prout
1433 1128 1501 1210 ipse
1518 1129 1550 1190 in
1566 1147 1599 1190 se
1616 1129 1685 1209 ipso
1700 1135 1758 1202 est,
1768 1145 1969 1209 nequaquam

1223 1225 1377 1289 valemus.
1398 1227 1472 1290 ideo
1493 1227 1522 1288 ei
1546 1245 1619 1288 cum
1642 1225 1893 1308 profundissima
1913 1225 1970 1286 bu-

1224 1323 1410 1398 miliatione‚
1428 1343 1553 1386 summa
1573 1323 1760 1397 reverentie,
1777 1323 1903 1385 decenti
1918 1324 1971 1385 ad-

1224 1422 1403 1495 miratione,
1421 1423 1612 1484 indesinenti
1633 1428 1665 1484 et
1684 1422 1823 1483 maxima
1837 1420 1969 1499 diligen-

1223 1520 1276 1594 tia,
1287 1521 1390 1594 subdi,
1403 1521 1531 1595 servire,
1541 1521 1664 1582 adstare
1680 1520 1839 1593 debemus,
1849 1519 1971 1582 sincera

1223 1637 1350 1701 quoque
1379 1619 1646 1701 contemplatione
1670 1617 1970 1700 ferventissimoque

1222 1735 1329 1779 amore
1354 1718 1382 1780 ci
1409 1717 1573 1779 intendere
1598 1735 1634 1778 ac
1659 1717 1762 1796 uniri;
1780 1735 1839 1778 nec
1864 1724 1970 1778 tamen

415 1814 506 1875 sendi
530 1814 692 1888 nobilitas,
710 1815 875 1897 perfectio,
896 1813 1070 1887 beatitudo,
1091 1831 1165 1875 cum
1184 1812 1397 1897 Bquidquam
1413 1815 1561 1896 condigni
1576 1833 1631 1878 nos
1647 1815 1675 1877 ei
1692 1815 1843 1878 exhibere
1857 1814 1972 1876 bumil-

414 1910 542 1974 infinita
557 1913 746 1975 excellentia
760 1932 797 1975 ac
816 1912 1027 1994 plenitudine,
1045 1911 1165 1993 absque

413 2010 503 2072 omni
518 2029 649 2092 prorsus
671 2030 821 2073 mensura
835 2019 867 2072 et
882 2011 948 2073 fine
968 2009 1166 2092 simplicissi-

414 2127 466 2170 me
482 2109 664 2171 continetur
678 2116 709 2172 et
725 2117 773 2171 est
789 2127 796 2170 :
814 2109 857 2170 ita
872 2110 957 2191 quod
973 2109 1080 2191 ipsum
1096 2127 1164 2170 esse

412 2206 613 2282 divinum,in
629 2214 771 2270 extrema
787 2207 992 2289 simplicitate
1007 2215 1056 2270 est
1070 2225 1164 2269 omne

414 2303 499 2366 istud
512 2323 521 2384 ;
536 2312 569 2367 et
587 2305 695 2367 omnia
713 2305 773 2367 ista
792 2323 863 2387 quae
883 2323 948 2367 uno
965 2305 1095 2367 nomine
1113 2323 1164 2366 ex-

415 2403 554 2485 primere
578 2421 643 2466 non
665 2403 819 2477 valemus,
837 2411 912 2466 sunt
933 2403 1038 2485 ipsum
1063 2403 1164 2484 puris·

415 2501 534 2564 simum
556 2509 588 2564 et
609 2501 983 2583 supersimplioissimum
1004 2520 1073 2564 esse
1095 2501 1162 2574 bei,

415 2607 447 2661 θῖ
472 2599 540 2681 ipse
566 2600 659 2675 Deus,
683 2600 716 2662 in
741 2617 805 2681 quo
829 2600 956 2682 penitus
980 2601 1065 2662 idem
1090 2606 1164 2660 sunt

414 2698 499 2779 quod
516 2705 610 2760 estet
625 2698 709 2779 quod
725 2697 831 2773 babet,
848 2706 1003 2780 quantum
1019 2698 1057 2759 ad
1073 2697 1162 2760 abso-

414 2796 489 2858 luta.
507 2797 586 2859 llinc
611 2797 697 2859 solus
722 2797 806 2859 Deus
827 2804 875 2859 est
899 2816 955 2860 ens
980 2815 1037 2879 per
1059 2815 1163 2859 essen-

412 2895 501 2958 tiam.
520 2896 563 2958 lle
583 2913 647 2978 quo
669 2895 701 2958 B.
719 2895 857 2958 Hilarius
877 2895 1038 2958 subtiliter
1057 2895 1136 2957 dixit
1154 2913 1160 2956 :

1222 1913 1298 1976 lime
1319 1914 1485 1976 fateamur.

1259 2013 1420 2086 Praeterea,
1438 2012 1521 2074 sicut
1541 2013 1574 2074 in
1595 2012 1729 2094 epistola
1748 2012 1901 2075 hodierna
1919 2013 1967 2075 Ja-

1220 2110 1318 2173 cobus
1343 2111 1443 2192 tangit
1467 2112 1639 2193 apostolus,
1660 2112 1744 2192 apud
1769 2111 1876 2192 ipsum
1902 2130 1965 2174 non
1980 2134 2114 2190 roeeatrt.

1219 2217 1267 2271 est
1285 2209 1517 2283 transmutati0,
1533 2227 1592 2270 nec
1607 2209 1838 2272 vicissitudinis
1855 2208 1966 2272 obum—

1219 2307 1330 2368 bratio.
1356 2307 1426 2369 Haec
1452 2325 1590 2388 namque
1617 2305 1892 2388 imperfectionem
1918 2309 1965 2371 in·

1218 2405 1360 2486 cludunt.
1383 2405 1470 2466 Unde
1495 2412 1526 2466 et
1548 2403 1732 2467 Aristoteles
1756 2405 1965 2470 subtilissime

1218 2510 1312 2585 atque
1333 2503 1509 2564 certissime
1530 2503 1561 2564 in
1582 2522 1639 2564 sua
1660 2503 1872 2586 bletapbysica
1894 2513 1965 2588 post

1219 2601 1437 2682 longissimam
1453 2601 1692 2683 inquisitionem
1709 2601 1964 2683 probavittlleus

1218 2708 1266 2763 est
1285 2719 1384 2783 purus
1403 2707 1503 2774 actus,
1521 2700 1553 2762 id
1573 2707 1621 2762 est
1640 2707 1752 2762 natura
1767 2700 1799 2762 in
1820 2719 1854 2763 se
1873 2701 1964 2764 abso-

1219 2799 1283 2860 lute
1313 2797 1464 2880 perfecta,
1490 2798 1582 2878 cujus
1611 2806 1659 2860 θεῖ
1687 2799 1795 2861 omnia
1823 2817 1962 2875 movere,

1219 2904 1351 2970 mutare,
1370 2896 1536 2978 perficere,
1553 2904 1585 2957 et
1603 2915 1621 2958 a
1640 2896 1729 2959 nullo
1744 2898 1877 2973 moveri,
1896 2919 1964 2961 mu-

414 2993 489 3055 Esse
504 3011 568 3056 non
584 3001 632 3056 est
646 2994 794 3056 accidens
810 2995 884 3068 ileo,
901 2995 956 3056 sed
972 2994 1160 3066 subsistens,
1177 2993 1199 3056 C
1217 2996 1277 3057 tari
1292 3003 1347 3058 aut
1361 2995 1485 3077 perfici,
1502 3001 1616 3076 utputa
1631 2995 1693 3057 sibi
1709 2996 1739 3057 in
1757 3015 1791 3058 se
1806 3005 1838 3060 et
1855 3017 1911 3078 per
1930 3017 1963 3060 se

412 3092 529 3154 veritas
545 3110 688 3168 manens,
706 3100 737 3154 et
757 3092 909 3155 naturalis
925 3092 1112 3175 proprietas.

452 3190 582 3264 Deinde,
599 3189 682 3252 sicut
704 3209 785 3265 esse,
802 3191 887 3272 quod
907 3190 940 3251 in
962 3208 995 3252 se
1019 3208 1161 3253 commu-

412 3288 584 3350 nissimum
613 3297 671 3362 est,
697 3289 730 3351 in
760 3308 817 3352 sua
846 3289 1047 3371 plenitudine
1076 3307 1161 3350 sum-

412 3393 516 3469 ptum,
542 3395 591 3450 est
614 3387 755 3468 primum
781 3394 813 3449 θῖ
837 3388 1002 3469 proprium
1028 3387 1083 3448 Dei
1107 3402 1161 3448 no-

414 3503 518 3564 men3
548 3485 594 3547 sic
629 3485 851 3547 convertibilia
885 3485 977 3558 entis,
1011 3485 1161 3547 videlicet

412 3602 536 3658 verum,
553 3602 666 3657 unum,
682 3582 814 3656 bonum,
831 3583 864 3644 in
885 3603 941 3645 sua
961 3583 1160 3665 plenitudine

412 3690 550 3764 sumpta,
577 3681 743 3744 verissime
767 3700 804 3744 ac
831 3681 1052 3764 propriissime
1077 3699 1161 3744 com-

412 3786 526 3863 petunt
547 3781 612 3843 Deo
633 3780 799 3855 altissimo,
817 3779 860 3842 ita
883 3788 917 3842 ut
939 3781 1007 3862 ipse
1031 3781 1072 3842 sit
1097 3780 1160 3862 pri-

413 3896 503 3939 mum
517 3895 641 3951 verum,
658 3877 799 3960 primum
820 3894 931 3952 unum,
949 3877 1090 3959 primum
1105 3876 1159 3940 bo-

412 3995 502 4050 num,
526 3975 591 4038 imo
615 3975 731 4038 veritas
756 3975 870 4057 prima,
893 3975 996 4036 unitas
1022 3994 1157 4052 summa,

411 4074 536 4136 bonitas
561 4073 697 4136 infinita.
725 4074 892 4154 Deinceps,
916 4073 1081 4155 quidquid,
1105 4073 1158 4135 ab·

1218 3113 1341 3156 summe
1357 3101 1388 3156 et
1407 3092 1534 3155 infinite
1553 3092 1731 3166 sufficiens,
1749 3095 1901 3177 nulloque
1917 3095 1962 3157 in-

1217 3191 1338 3272 digens,
1353 3208 1416 3272 quo
1432 3197 1536 3251 cetera
1551 3189 1695 3270 indigent
1710 3190 1879 3254 universa:
1892 3193 1963 3254 ideo

1216 3297 1333 3363 movet,
1350 3296 1451 3350 mutat
1467 3296 1498 3349 et
1514 3287 1641 3370 perficit
1656 3307 1703 3362 ea,
1721 3295 1871 3370 tanquam
1887 3308 1962 3352 cun-

1217 3396 1339 3449 ctorum
1364 3386 1560 3468 principium
1584 3395 1615 3447 ct
1642 3386 1787 3448 omnium
1816 3387 1902 3462 finis,
1929 3389 1962 3451 in

1217 3503 1280 3566 quo
1309 3485 1396 3546 nulla
1420 3492 1468 3545 est
1492 3484 1633 3564 potentia
1659 3483 1785 3565 passiva
1809 3485 1960 3561 limitans,

1216 3582 1305 3644 nulla
1319 3581 1501 3643 differentia
1516 3581 1715 3655 contrahens,
1728 3581 1816 3644 nulla
1830 3584 1962 3646 materia

1216 3679 1518 3742 coarctansldcirco
1534 3697 1608 3741 vere
1623 3684 1654 3740 et
1670 3679 1810 3761 perfecte
1825 3688 1962 3744 aeternus

1215 3786 1273 3853 est,
1290 3777 1624 3860 incomprehensibilis
1645 3784 1677 3839 et
1698 3778 1834 3858 ignotus,
1852 3787 1961 3862 utpote

1215 3896 1343 3940 causam
1365 3894 1429 3939 non
1454 3875 1584 3949 babens,
1602 3883 1633 3938 et
1657 3875 1690 3937 in
1712 3894 1746 3938 se
1769 3877 1962 3940 invariabili-

1214 3981 1273 4050 ter,
1303 3975 1489 4036 felicissime
1518 3974 1961 4058 incircumscriptibiliterque

1213 4074 1401 4146 consistens,
1419 4073 1451 4134 in
1472 4090 1535 4154 quo
1555 4072 1643 4134 nulla
1664 4080 1713 4134 est
1731 4073 1961 4137 vicissitudinis
1992 4095 2096 4143 ouem.

410 4172 514 4235 solute
546 4171 715 4253 loquend0,
747 4171 874 4251 dignius
903 4178 935 4232 θῖ
966 4170 1080 4232 melius
1111 4172 1426 4245 estllobumbratio,
1445 4172 1475 4233 id
1498 4178 1545 4234 est
1564 4171 1651 4232 nulla
1673 4173 1855 4253 praeteritio,
1873 4174 1960 4237 nulla

409 4271 525 4345 inesse,
546 4271 656 4333 adesse
681 4271 747 4332 sive
772 4268 893 4342 baberi,
915 4288 1011 4351 quam
1036 4270 1156 4344 deesse,

410 4370 470 4433 hoe
484 4389 559 4433 vere
574 4378 606 4432 et
621 4369 748 4431 infinite
764 4368 916 4450 competit
937 4369 1000 4430 Deo
1016 4374 1047 4430 et
1062 4375 1110 4430 est
1126 4369 1157 4430 in

409 4486 458 4543 eo,
475 4475 507 4530 et
526 4468 662 4550 ipsemet
677 4466 757 4529 illud
777 4475 833 4530 est.
851 4466 972 4529 idcirco
992 4467 1025 4528 in
1046 4485 1083 4530 eo
1098 4475 1156 4541 est,

410 4566 525 4648 etipse
540 4574 598 4641 est,
615 4566 771 4648 sapientia
786 4565 835 4626 inf
837 4565 924 4639 inita,
941 4572 1080 4646 potestas
1100 4566 1158 4627 im-

411 4683 530 4738 mensa,
551 4663 712 4727 beatitudo
736 4671 870 4743 aeterna3
892 4682 956 4726 suae
981 4664 1157 4746 pulchritu-

409 4763 505 4836 dinis,
536 4782 600 4826 suae
630 4761 820 4835 dulcedinis,
854 4781 919 4825 suae
952 4761 1156 4824 amabilitatis

409 4861 517 4922 nullus
536 4868 584 4923 est
597 4860 693 4938 finis;
708 4860 873 4942 opulentia
892 4867 925 4922 θῖ
944 4860 1083 4935 libertas,
1100 4860 1157 4923 mi·

409 4959 591 5033 sericordia,
606 4959 730 5041 justitia
745 4967 777 5021 et
793 4959 965 5022 liberalitas
982 4959 1052 5040 ejus
1068 4959 1156 5021 nullo

409 5076 544 5140 usquam
567 5058 704 5120 termino
726 5058 938 5137 clauduntur3
954 5058 1100 5140 voluptas
1125 5065 1157 5120 et

408 5156 519 5239 gloria,
540 5156 703 5230 securitas,
724 5156 1029 5220 incommutabilitas
1052 5165 1083 5219 et
1105 5177 1155 5219 su-

409 5255 664 5339 persufficientia
678 5255 748 5338 ejus
764 5255 997 5332 circumscribi,
1014 5272 1156 5339 compre-

1214 4272 1384 4344 successio,
1400 4269 1489 4333 nulla
1503 4269 1679 4346 alternatio,
1692 4271 1761 4351 ejus
1777 4272 1957 4353 puritatem,

1213 4369 1503 4442 invariabilitatem,
1527 4367 1767 4450 perlectionem,
1791 4367 1959 4434 beatitudi-

1212 4487 1286 4530 nem
1302 4468 1410 4548 aliquo
1429 4467 1524 4529 modo
1539 4466 1742 4541 obnubilans
1760 4467 1882 4532 violans
1903 4489 1959 4532 seu

1212 4564 1416 4628 obumbrans.
1434 4565 1500 4626 lmo
1520 4565 1589 4645 ipse
1608 4564 1693 4626 solus
1713 4564 1809 4628 habet
1830 4567 1958 4630 immor·
1987 4596 2115 4655 1T,·„„„¹

1212 4664 1376 4738 talitatem,
1394 4663 1425 4724 id
1447 4669 1495 4724 est
1512 4663 1728 4724 omnimodam
1751 4663 1960 4728 incommuta·
1974 4663 2006 4704 ¹⁶·

1210 4763 1379 4838 bilitatcm,
1396 4780 1496 4842 quum
1520 4761 1551 4822 in
1575 4761 1644 4843 ipso
1664 4761 1752 4822 nulla
1771 4762 1812 4823 sit
1830 4762 1956 4826 volendi

1210 4868 1263 4924 aut
1279 4859 1477 4940 intelligendi
1494 4860 1663 4933 successio,
1681 4859 1789 4922 nullus
1804 4869 1894 4923 actus
1910 4881 1957 4924 re-

1210 4978 1296 5034 cens,
1314 4959 1453 5040 inceptio
1479 4957 1546 5020 sive
1571 4957 1702 5038 desiti03
1719 4959 1774 5020 sed
1799 4959 1867 5041 ipse
1893 4968 1957 5022 tan-

1210 5078 1305 5141 quam
1328 5056 1689 5139 superhonoratissimus
1709 5057 1901 5134 intellectus,
1923 5078 1957 5121 se

1210 5157 1316 5240 ipsum
1346 5163 1376 5218 et
1402 5164 1505 5218 cetera
1535 5161 1648 5217 cuncta
1677 5172 1752 5230 uno,
1778 5164 1897 5219 aeterno
1920 5175 1956 5220 ac

1210 5255 1451 5340 simplicissimo
1466 5254 1553 5318 videt
1568 5261 1599 5316 et
1614 5255 1776 5335 cognoscit
1790 5254 1918 5333 intuitu,
1925 5263 1957 5319 et
