4288 6264
436 491 476 557 56
731 512 878 560 DOlllNlGA
899 511 972 558 rost
992 511 1202 559 ASGENSlONlffl
1224 511 1341 558 boulttt.
1361 529 1401 539 -
1422 510 1521 557 stulto
1541 509 1694 557 SECUNDUS

438 681 502 744 lem
526 683 683 746 rationem
708 682 800 746 valde
824 684 1057 758 transcendant,
1083 681 1225 746 nihilon
1280 682 1422 764 Denique
1436 681 1585 746 Albertus
1604 699 1700 763 super
1715 687 1839 762 septem
1856 678 1984 743 Canoni-

438 781 546 844 minua
567 781 649 845 fides
669 782 840 845 christiana
861 781 978 844 dicitur
998 781 1115 844 habere
1138 802 1184 844 ra·
1239 800 1291 843 cas
1315 781 1359 844 ait
1387 799 1394 843 ε
1419 781 1569 856 Quamvis
1595 781 1627 843 in
1653 780 1816 862 primitiva
1845 779 1985 842 Ecclesia

437 878 541 942 tiones
557 887 588 942 et
607 888 803 963 argumenta,
820 899 883 943 non
903 880 1021 962 quibus
1035 881 1184 943 veritates
1239 879 1376 962 quilibet
1396 879 1563 942 tenebatur
1582 879 1669 942 omni
1689 878 1834 961 poscenti
1854 878 1984 940 reddere

438 976 516 1040 fidei
532 997 587 1040 seu
603 979 673 1060 ejus
687 979 813 1041 articuli
830 979 861 1041 in
879 998 912 1042 se
927 979 1005 1061 ipsis
1022 979 1185 1042 sufficien-
1239 979 1394 1041 rationem
1424 978 1501 1041 fidei
1531 998 1606 1052 suae,
1633 986 1763 1062 propter
1787 977 1983 1040 credentium

437 1084 485 1138 ter
509 1076 694 1158 probentur,
712 1078 755 1141 ita
777 1086 812 1140 ut
835 1079 999 1140 evidenter
1021 1085 1185 1160 patescant
1239 1078 1442 1158 paucitatem,
1459 1096 1522 1141 non
1542 1085 1648 1140 tamen
1669 1078 1763 1140 modo
1782 1078 1822 1139 ad
1841 1077 1901 1139 hoc
1921 1094 1985 1139 om·

436 1175 520 1237 sicut
534 1175 710 1258 probantur
723 1185 756 1239 et
775 1178 936 1240 evidenter
954 1184 1118 1259 patescunt
1133 1197 1185 1240 ve·
1239 1194 1295 1237 nes
1311 1183 1470 1250 tenentur,
1485 1176 1540 1238 sed
1555 1176 1694 1238 maxime
1708 1176 1748 1237 ad
1762 1176 1822 1238 hec
1838 1181 1985 1236 tenentur

435 1273 543 1335 ritates
559 1274 751 1337 naturalium
767 1275 1050 1348 scientiarum‚sed
1067 1274 1184 1356 quibus
1239 1275 1417 1337 sacerdotes
1433 1274 1534 1354 etqui
1551 1272 1669 1355 populo
1687 1278 1836 1354 praesunt.
1854 1271 1985 1352 lnsuper

434 1371 518 1434 clare
533 1390 570 1434 ac
586 1372 787 1436 sufficienter
806 1373 983 1436 ostenditur
998 1374 1082 1456 quod
1102 1373 1184 1436 fides
1238 1370 1435 1434 Venerabilis
1456 1372 1540 1434 Beda
1559 1371 1660 1433 dicit:
1678 1369 1806 1434 Duobus
1828 1369 1929 1432 modis
1946 1370 1985 1432 de

435 1467 494 1529 ista
513 1487 532 1530 a
551 1469 616 1533 Deo
635 1469 677 1532 sit
698 1478 731 1533 et
751 1471 780 1532 ei
804 1471 1010 1552 complaceat,
1029 1479 1124 1553 atque
1143 1471 1183 1533 ab
1238 1469 1303 1532 fide
1319 1477 1350 1531 et
1365 1489 1420 1552 spe
1440 1477 1547 1532 nostra
1567 1468 1771 1551 poscentibus
1791 1469 1923 1531 reddere
1940 1488 1985 1530 ra-

436 1565 505 1648 ipso
526 1567 746 1631 testimonium
768 1568 893 1641 habeat,
917 1569 1183 1632 etconfirmetio·
1238 1566 1357 1630 tionem
1388 1566 1542 1628 debemus
1568 1583 1575 1628 :
1602 1567 1717 1649 primo,
1744 1572 1845 1628 rectas
1875 1584 1984 1627 causas

435 1683 508 1727 nem
534 1665 574 1728 ab
598 1685 636 1730 eo
655 1668 766 1730 sortita
787 1668 838 1740 sit,
853 1668 945 1747 juxta
964 1668 1042 1729 illud
1065 1669 1103 1730 ad
1127 1669 1183 1746 lle-
1238 1674 1352 1727 nostrae
1372 1665 1449 1726 fidei
1468 1683 1505 1726 ac
1524 1665 1591 1746 spei
1612 1664 1761 1726 omnibus
1782 1663 1983 1736 insinuando,

294 1779 419 1834 uetant.
434 1762 535 1827 braeos
548 1764 786 1828 :Abundantius
802 1774 926 1847 oportet
941 1784 998 1829 nos
1013 1767 1181 1829 observare
1238 1763 1305 1825 sive
1326 1761 1465 1824 fideliter
1482 1763 1548 1825 sive
1568 1762 1742 1824 infideliter
1761 1770 1921 1844 quaerant3
1938 1782 1985 1824 se·

434 1881 471 1925 ea
492 1882 563 1944 quae
584 1863 778 1936 audivimus,
795 1864 827 1926 id
849 1872 898 1927 est
919 1865 1047 1926 credere
1072 1871 1103 1926 et
1126 1865 1181 1927 im·
1200 1862 1353 1934 Bcundo,
1372 1861 1473 1943 ipsam
1495 1860 1572 1923 fidei
1593 1869 1624 1923 et
1643 1862 1711 1942 spei
1733 1868 1847 1924 nostran
1868 1861 1987 1942 profes-

434 1959 522 2041 plcre
544 1980 614 2042 quae
636 1961 780 2024 Christus
804 1962 912 2024 docuit
934 1982 1003 2025 esse
1025 1964 1182 2026 credenda
1236 1959 1357 2021 sionem
1373 1958 1525 2020 illibatam
1542 1958 1821 2040 inviolabilemque
1836 1959 1988 2022 servando

305 2076 363 2121 ratu,
372 2081 391 2129 ι,
399 2081 419 2122 ι,
433 2077 470 2120 ac
488 2058 658 2141 implenda.
670 2060 707 2121 Et
722 2059 831 2121 subdit
846 2060 890 2122 ibi
906 2061 1182 2141 Apostolus:Quo
1236 2058 1332 2119 etiam
1355 2057 1437 2119 inter
1456 2058 1663 2120 adversitates
1683 2064 1715 2119 et
1735 2058 1985 2138 persecutiones,

435 2157 530 2219 modo
551 2158 638 2219 enim
661 2156 866 2239 effugiemus,
883 2159 909 2221 si
931 2167 1051 2222 tanum
1077 2161 1181 2242 negle-
1237 2175 1294 2236 per
1310 2155 1495 2236 patientiam
1517 2155 1763 2217 demonstrando
1783 2175 1879 2237 quarn
1895 2156 1986 2219 ratio·

434 2254 575 2316 serimus
599 2255 745 2328 salutem,
763 2276 834 2338 quae
856 2257 889 2318 in
912 2276 968 2320 nos
994 2258 1182 2320 confirmata
1237 2252 1386 2315 nabiliter
1401 2261 1432 2316 et
1452 2262 1633 2316 constanter
1648 2271 1718 2315 eam
1735 2253 1920 2316 servandam
1938 2254 1984 2316 di-

433 2359 492 2426 est,
509 2359 706 2415 contestante
721 2353 784 2416 Dec
800 2354 910 2434 signiS,
927 2363 959 2417 et
975 2356 1139 2436 portentis,
1151 2363 1182 2417 et
1236 2350 1451 2432 dicimus‚pro
1467 2351 1559 2432 cujus
1574 2370 1682 2415 amore
1698 2370 1756 2414 nec
1772 2352 1904 2413 adversa
1920 2352 1984 2434 pati

433 2449 531 2512 variis
546 2450 730 2525 virtutibus,
748 2459 779 2513 ct
801 2453 938 2533 Spiritus
956 2453 1061 2515 Sancti
1077 2454 1182 2516 distri·
1237 2467 1295 2510 nec
1316 2457 1450 2510 mertem
1474 2449 1583 2511 subire
1608 2467 1766 2511 veremur.

434 2547 642 2613 nationibust
664 2551 773 2632 ltaque
797 2551 993 2632 quicumque
1017 2550 1124 2615 tidelis
1149 2554 1181 2615 in
1276 2547 1439 2620 Praeterea,
1460 2547 1499 2609 ad
1520 2547 1580 2608 noe
1599 2547 1685 2628 quod
1702 2547 1820 2628 uliquis
1841 2547 1921 2609 sciat
1940 2567 1986 2610 ra·

434 2646 565 2709 caritate
587 2647 754 2722 exsistens,
772 2649 856 2710 sicut
877 2649 971 2711 habet
994 2650 1113 2713 donum
1136 2651 1182 2712 in·
1236 2644 1338 2706 tiones
1354 2645 1514 2725 assignare
1530 2643 1606 2707 fidei
1623 2652 1739 2708 nostrae
1754 2663 1791 2706 ac
1806 2645 1886 2726 spei,
1905 2646 1986 2708 mul·

434 2744 580 2806 tellectus
605 2745 780 2807 secundum
806 2747 945 2828 aliquem
970 2748 1115 2827 gradum,
1140 2748 1182 2810 ita
1235 2751 1303 2804 tum
1326 2743 1410 2805 valet
1432 2744 1571 2806 humana
1593 2744 1771 2818 instructio,
1788 2751 1820 2806 et
1843 2745 1984 2806 studium

434 2841 530 2905 habet
554 2851 585 2905 et
613 2844 673 2906 scit
697 2844 837 2926 aliquam
867 2845 1021 2907 rationem
1051 2855 1182 2928 propter
1236 2841 1483 2923 Scripturarum,
1500 2860 1554 2903 seu
1578 2842 1671 2904 lectio
1695 2842 1984 2906 ecclesiasticorum

433 2959 529 3023 quam
555 2942 655 3004 credit
684 2950 715 3005 et
740 2950 845 3024 sperat
868 2961 906 3004 ea
930 2962 1001 3025 quaa
1025 2945 1126 3008 credit
1150 2955 1182 3008 et
1237 2939 1402 3001 librorum.
1420 2939 1492 3012 Sed,
1510 2939 1592 3001 utin
1609 2939 1740 3020 praefato
1760 2940 1899 3003 themate
1916 2959 1987 3002 san-

433 3047 548 3121 sperat,
567 3047 688 3121 utputa,
705 3040 789 3121 quod
812 3059 830 3102 a
849 3040 912 3102 Deo
934 3049 1009 3103 sunt
1031 3043 1179 3118 revelata,
1199 3041 1220 3104 u
1237 3046 1306 3100 ctus
1327 3037 1431 3100 innuit
1450 3039 1721 3120 archiapostolus,
1739 3039 1797 3100 iste
1816 3047 1864 3102 cst
1879 3046 1985 3102 rectus

433 3137 482 3202 vel
499 3157 556 3220 per
571 3139 724 3202 miracula
739 3139 1000 3214 confirmata,vel
1015 3162 1033 3203 a
1049 3142 1182 3224 Prophe·
1236 3136 1435 3218 salubrisque
1465 3137 1552 3210 crdo,
1578 3145 1612 3199 ut
1637 3137 1741 3218 primo
1764 3137 1924 3200 Christum
1949 3138 1983 3199 in

433 3236 474 3298 tis
503 3238 722 3318 praenuntiata‚
754 3245 809 3300 aut
839 3246 969 3320 propter
998 3240 1181 3302 consimiles
1236 3234 1351 3296 nostris
1380 3235 1529 3297 cordibus
1559 3235 1808 3308 sanctificemus,
1835 3235 1894 3298 hoc
1922 3243 1982 3310 est,

434 3335 581 3398 rationes.
1237 3332 1360 3394 sincero
1376 3334 1470 3394 corde
1485 3333 1513 3394 ei
1530 3332 1746 3395 adhaereamus
1766 3350 1771 3394 :
1790 3332 1874 3395 beati
1894 3334 1982 3396 enim
1998 3349 2095 3393 runnu

475 3435 535 3496 Sed
551 3441 670 3516 quante
689 3435 826 3516 quisque
840 3435 1049 3497 excellentius
1064 3437 1182 3499 illumi·
1237 3431 1356 3492 mundo
1380 3432 1484 3504 corde,
1509 3430 1658 3512 quoniam
1685 3431 1745 3512 ipsi
1771 3432 1870 3494 Deum
1896 3433 1984 3494 vide-

436 3538 530 3593 natur
549 3549 567 3592 a
586 3531 661 3603 Deo,
680 3531 844 3612 magisque
864 3532 1030 3612 perficitur
1050 3533 1083 3595 in
1105 3534 1182 3596 cari·
1237 3528 1335 3608 bunt;
1351 3529 1465 3590 deinde
1489 3529 1589 3610 parati
1615 3529 1715 3591 simus
1738 3530 1870 3593 reddere
1892 3531 1985 3593 ratio-

435 3635 499 3691 tate
515 3629 645 3691 etomni
660 3629 879 3702 virtute,tanto
893 3629 965 3712 plus
982 3629 1184 3694 confirmatur
1237 3646 1311 3690 nem
1335 3627 1413 3689 fidei
1442 3636 1556 3690 nostrae
1580 3647 1617 3690 ac
1641 3628 1721 3709 spei,
1747 3629 1822 3709 quia
1850 3629 1986 3691 scientia

437 3727 469 3788 in
497 3725 573 3800 fide,
598 3733 630 3788 et
654 3727 762 3808 plures
791 3727 928 3789 rationes
953 3728 1183 3791 credendorum
1237 3725 1357 3808 absque
1372 3724 1456 3787 bena
1470 3726 1535 3786 vita
1550 3726 1614 3788 Deo
1629 3743 1692 3788 non
1709 3726 1824 3808 placet,
1842 3747 1901 3790 nec
1916 3746 1988 3809 pro

437 3844 492 3888 seu
509 3825 716 3887 articulorum
731 3823 809 3887 fidei
826 3825 936 3887 noscit.
954 3825 1034 3888 llinc
1053 3827 1114 3888 viri
1131 3827 1185 3890 he·
1237 3825 1307 3888 ficit
1321 3825 1359 3886 ad
1380 3823 1525 3898 salutem,
1543 3825 1597 3886 sed
1619 3825 1724 3906 potius
1743 3833 1838 3906 auget
1856 3827 1986 3888 damna-

436 3924 514 3986 roici
538 3941 593 3986 scu
616 3922 750 4005 perfecti
775 3922 925 3985 dicuntur
943 3923 1060 3987 habere
1086 3925 1183 3989 fidem
1238 3924 1368 3986 tionem.

437 4041 512 4086 cum
531 4019 707 4084 rationibus
727 4021 968 4096 credendorum,
986 4029 1017 4084 ct
1036 4023 1184 4105 purifica·
1278 4021 1368 4083 Nunc
1383 4037 1457 4101 ergo
1472 4021 1645 4083 videndum
1662 4029 1710 4083 est
1724 4041 1795 4104 quse
1815 4023 1879 4085 sint
1893 4023 1986 4086 ratio-

437 4129 477 4189 1ae
491 4119 701 4200 intelligentia
717 4120 842 4182 mentis
860 4119 905 4182 hd
925 4119 983 4183 bos
999 4139 1073 4202 ergo
1089 4123 1184 4203 potis·
1238 4139 1295 4181 nes
1321 4118 1396 4181 fidei
1420 4138 1456 4180 ac
1479 4119 1547 4201 spei
1573 4119 1834 4183 Christianorum.
1854 4123 1986 4204 Propter

437 4218 555 4280 simum
575 4218 714 4300 pertinet
733 4217 893 4298 assignare
915 4219 1051 4282 rationes
1072 4238 1183 4284 eorum
1200 4226 1224 4287 Ι)
1239 4237 1317 4299 (tuas
1333 4217 1469 4279 rationes
1485 4217 1647 4280 Psalmista
1668 4219 1809 4300 loquitur
1822 4221 1887 4283 Deo
1904 4239 1911 4282 :
1927 4221 1985 4282 Te·
2009 4235 2099 4282 aanor

437 4336 508 4399 quae
528 4315 688 4379 credimus
710 4323 743 4378 et
762 4334 938 4397 speramus,
955 4337 1011 4379 seu
1030 4317 1107 4381 fidei
1130 4338 1185 4382 no·
1240 4314 1389 4376 stimonia
1412 4322 1466 4375 tua
1491 4315 1657 4377 credibilia
1677 4315 1760 4378 facta
1780 4324 1855 4379 sunt
1877 4318 1984 4380 nimis.

437 4423 570 4478 stratae
594 4414 673 4496 spei.
698 4414 786 4487 Quod
810 4415 906 4476 etiam
930 4415 969 4477 ad
994 4417 1182 4492 sacerdotes,
1239 4414 1348 4494 ltaque
1371 4411 1475 4493 prima
1497 4413 1575 4475 ratic
1601 4412 1677 4475 fidei
1702 4421 1733 4476 et
1757 4414 1824 4496 spei
1849 4416 1987 4497 praefatae

437 4513 598 4597 precipue
614 4511 770 4594 praelatoS,
783 4520 935 4595 pastores
947 4513 1091 4577 doctores
1106 4534 1184 4596 prae·
1240 4520 1288 4574 est
1316 4511 1458 4593 operatio
1489 4511 1687 4586 miraculosa,
1714 4513 1891 4595 pracsertim
1917 4534 1987 4597 quae

437 4611 657 4691 ditatoresque
672 4616 803 4691 spectat,
810 4609 900 4690 juxta
915 4609 995 4672 illud
1010 4611 1182 4676 llalachiae:
1239 4628 1304 4671 non
1329 4609 1390 4671 nisi
1415 4629 1433 4671 a
1457 4610 1521 4672 beo
1545 4608 1617 4672 fieri
1641 4618 1746 4692 queat,
1765 4619 1799 4674 ut
1824 4613 1988 4676 suscitatio

437 4707 534 4772 Labia
558 4706 729 4771 sacerdotis
752 4709 935 4770 custodiunt
959 4710 1136 4785 scientiam,
1153 4722 1185 4773 et
1240 4715 1448 4770 mortuorum.
1476 4708 1563 4770 Unde
1593 4715 1638 4770 tot
1662 4717 1737 4771 sunt
1761 4707 1838 4772 fidei
1863 4719 1895 4773 et
1918 4711 1987 4793 spei

438 4808 541 4888 legem
556 4826 595 4870 ex
610 4824 664 4869 ore
680 4805 750 4887 ejus
770 4807 942 4888 requirent.
960 4807 1078 4870 Horum
1096 4811 1184 4891 equi·
1239 4813 1354 4869 nostrae
1370 4806 1506 4868 rationes
1522 4811 1553 4867 et
1567 4815 1763 4888 argumenta,
1776 4815 1853 4890 quot
1868 4817 1932 4872 tam
1946 4807 1988 4870 ab

437 4909 510 4970 dem
526 4905 801 4986 estsubjectosac
817 4904 979 4986 simplices
999 4904 1182 4983 informare,
1240 4906 1376 4986 ipsomet
1406 4906 1540 4968 llomino
1567 4907 1640 4968 lesu
1669 4906 1794 4970 Christo
1822 4926 1919 4989 quam
1946 4907 1987 4971 ab

436 5013 546 5069 contra
562 5003 709 5067 infideles
725 5002 802 5066 fidei
819 5003 984 5065 veritatem
1001 5003 1182 5078 defendere,
1240 5003 1398 5066 universis
1414 5004 1483 5084 ejus
1499 5004 1666 5087 discipulis
1681 5024 1717 5067 ac
1734 5005 1889 5068 ministris
1905 5007 1988 5068 faeta

436 5102 624 5166 infidelibus
653 5120 781 5184 quoque
806 5119 899 5183 posse
928 5102 1119 5182 persuadere
1147 5123 1184 5166 ea
1239 5110 1363 5165 exstant
1386 5102 1549 5175 miracula,
1567 5103 1599 5164 in
1622 5103 1841 5167 testimonium
1864 5106 1986 5188 quoda

435 5221 506 5285 quae
521 5200 597 5264 fidei
614 5207 698 5274 sunt,
716 5208 747 5262 et
766 5218 819 5264 eos
834 5199 874 5260 ad
894 5197 993 5262 fidem
1014 5218 1071 5281 pro
1092 5219 1183 5282 posse
1239 5204 1303 5265 Deo
1333 5201 1396 5264 sint
1424 5200 1506 5264 fides
1538 5201 1597 5264 ista
1626 5212 1658 5264 et
1689 5221 1771 5285 spes.
1803 5204 1898 5266 Porro
1926 5205 1984 5266 mi-

435 5301 596 5364 inducere.
1238 5301 1345 5363 racula
1361 5300 1476 5363 Christi
1496 5301 1528 5362 in
1552 5301 1724 5382 Evangelio
1746 5303 1981 5376 describuntur,
