4206 6258
459 513 520 580 662
659 535 806 583 ncnmrca
827 537 887 582 xxv
910 537 982 583 rosr
1002 537 1195 582 autumarent.
1216 555 1256 566 -
1276 537 1531 600 annnn1u10s0s3
1554 537 1652 582 senno
1673 535 1807 582 omarus

458 704 499 767 tis
520 706 683 768 memoria.
707 704 765 768 Ubi
788 723 897 768 rursus
919 705 1107 788 principalis
1131 723 1204 787 pars
1219 704 1244 769 Α
1259 705 1438 788 complacet
1452 706 1513 768 sihi
1534 706 1567 768 in
1583 703 1849 788 contemplatione
1862 702 1987 766 theorica

459 802 598 865 hominis
613 821 671 885 pro
684 803 813 866 homine
829 803 1107 885 ponitur.Pertinet
1118 803 1206 886 quip·
1259 823 1321 885 qua
1344 805 1465 886 rapitur
1486 805 1526 867 ad
1546 804 1664 868 divina.
1680 805 1852 867 Advertant
1871 802 1933 864 hac
1948 821 1987 864 re-

459 919 499 982 pe
518 901 557 963 ad
575 901 779 974 monachum,
797 921 835 963 en
855 901 1106 965 consideratione
1122 919 1204 964 mor·
1259 901 1363 982 ligiosi
1379 901 1417 964 ad
1434 902 1589 978 levitates,
1606 899 1699 976 risus,
1716 901 1886 964 cachinnos
1903 900 1986 962 dissc

458 999 499 1060 tis
515 999 656 1081 quotidie
673 999 762 1073 llere,
780 1000 909 1082 propria
924 1001 1087 1082 pensando
1101 1021 1137 1064 ac
1152 1002 1205 1063 de·
1259 999 1461 1082 lotionesquc
1484 1001 1587 1082 proni,
1609 1009 1640 1062 et
1660 1000 1827 1083 deplorent
1849 1018 1883 1060 se
1903 999 1983 1079 ipsos.

458 1097 639 1178 plangendo
667 1104 806 1180 peccata,
836 1116 873 1160 ac
903 1099 1204 1162 metuendissimum
1259 1115 1297 1160 eo
1318 1100 1404 1181 quod
1424 1118 1441 1161 a
1461 1101 1582 1162 ratione
1602 1099 1770 1161 verissima
1789 1097 1932 1160 monachi
1950 1098 1985 1158 di-

458 1195 514 1258 nei
535 1197 739 1277 ponderando
755 1196 914 1276 judicium
933 1205 1028 1278 atque
1047 1197 1206 1280 supplicia
1259 1203 1342 1258 stent
1365 1205 1430 1260 tam
1456 1196 1592 1272 infinite,
1618 1215 1719 1278 quum
1743 1204 1775 1258 et
1798 1196 1935 1259 Christus
1958 1195 1984 1256 in

458 1294 680 1376 peccatoribus
700 1303 772 1377 post
791 1295 887 1356 vitam
909 1304 1097 1376 presentem
1119 1315 1205 1378 parn-
1259 1293 1430 1376 Evangelio
1450 1303 1644 1358 contestetur
1664 1313 1671 1356 :
1693 1296 1746 1358 Vae
1766 1293 1858 1357 vobis
1881 1293 1933 1375 qui
1952 1295 2062 1358 ricae:

457 1399 498 1453 ta.
517 1391 615 1454 Debet
635 1392 732 1454 etiam
753 1391 831 1455 llere
851 1412 916 1475 pra
938 1393 1096 1457 desiderio
1116 1393 1204 1475 regni
1259 1393 1340 1455 detis
1362 1412 1458 1468 nunc,
1478 1393 1553 1475 quia
1571 1393 1737 1476 plorabitis
1757 1400 1789 1455 et
1809 1391 1935 1454 llehitis.

328 1499 392 1543 Rom·
407 1513 443 1551 vr,
459 1490 608 1564 coelestis,
626 1509 700 1552 cum
724 1491 875 1572 Apostolo
899 1491 1106 1554 exclamando
1127 1512 1134 1555 :
1156 1493 1204 1554 ln·
1299 1491 1414 1564 Quinta
1428 1491 1600 1573 descriptio
1615 1499 1664 1554 est
1679 1510 1686 1552 :
1703 1491 1874 1553 Monachus
1891 1499 1935 1552 est
1947 1509 1986 1553 cr-

312 1561 345 1604 ²⁴'
457 1587 536 1649 ielix
550 1605 609 1669 ego
623 1588 719 1651 homo
737 1595 743 1649 l
766 1589 838 1670 quis
854 1607 904 1652 me
920 1588 1068 1652 liberabit
1083 1591 1122 1652 dc
1138 1609 1204 1653 cor·
1259 1589 1300 1651 dc
1316 1597 1347 1651 ct
1362 1589 1568 1652 consistentia
1582 1589 1831 1671 incorporalium
1846 1589 1879 1650 in
1893 1607 1986 1670 corpo

309 1703 442 1756 ramas.
458 1704 534 1768 pore
550 1687 661 1748 mortis
676 1686 793 1768 hujusl
808 1694 839 1748 et
855 1707 927 1749 cum
945 1687 1122 1770 Propheta:
1140 1689 1205 1750 Heu
1259 1705 1293 1748 re
1312 1687 1467 1750 materiali
1492 1695 1524 1750 ct
1548 1687 1675 1750 sordido
1699 1695 1941 1750 consummatus.
1959 1687 1985 1748 ln

458 1783 563 1845 mihil
589 1785 665 1866 quia
695 1785 851 1848 incolatus
879 1803 970 1846 meus
999 1786 1203 1867 prolongatus
1259 1804 1322 1867 qua
1341 1784 1528 1848 definitione
1550 1787 1656 1849 denuo
1675 1785 1870 1848 abstractum
1886 1785 1987 1848 etsub-

323 1900 361 1943 ru.
372 1907 440 1954 aaa.
456 1888 519 1960 est3
536 1889 567 1942 et
583 1900 711 1944 rursus:
725 1881 831 1944 Sitivit
846 1883 951 1944 anima
967 1902 1037 1945 mea
1052 1883 1090 1945 ad
1107 1884 1203 1946 heum
1219 1882 1241 1944 B
1258 1884 1430 1947 stantivum
1451 1893 1598 1948 concrete
1616 1884 1837 1967 adjectiveque
1857 1885 1984 1946 sumitur.

455 1979 582 2054 ionem,
599 1979 729 2059 vivum;
744 1981 872 2062 quando
889 1981 1013 2044 veniam
1029 1989 1060 2044 et
1074 2001 1204 2064 appare·
1258 1992 1292 2045 ut
1307 1983 1347 2046 sit
1362 2002 1475 2045 sensus
1492 2002 1499 2048 :
1515 1985 1687 2046 Monachus
1701 1991 1750 2046 cst
1764 1984 1861 2046 homo
1878 1983 1985 2044 ordina-

455 2076 497 2139 bo
515 2085 587 2138 aute
609 2077 723 2140 laciem
744 2078 799 2140 bei
821 2079 907 2140 meil
923 2079 982 2141 Sed
1005 2099 1043 2142 ex
1061 2097 1202 2162 compas-
1256 2089 1307 2143 tus
1322 2087 1354 2142 ct
1369 2082 1545 2143 consistens
1566 2082 1665 2144 instar
1683 2081 1868 2162 angelorum
1888 2081 1917 2143 in
1930 2099 1984 2142 ccr-

453 2175 543 2237 sione
567 2175 724 2257 passionis
748 2175 862 2238 Christi
891 2176 1036 2240 llcndum
1060 2185 1108 2239 est
1138 2197 1202 2241 mo·
1256 2197 1332 2261 pore
1357 2180 1512 2242 materiali
1536 2188 1568 2242 et
1595 2179 1723 2242 sordido
1751 2199 1807 2243 seu
1837 2179 1985 2241 immundo

453 2273 567 2346 nacho,
584 2290 647 2335 non
664 2273 695 2334 in
711 2281 866 2355 quantum
888 2276 993 2357 passio
1009 2276 1124 2338 Christi
1139 2276 1201 2338 luit
1255 2286 1403 2359 quantum
1419 2279 1456 2340 ad
1472 2278 1629 2340 naturales
1645 2279 1891 2359 impuritatesln
1905 2296 1984 2339 carne

453 2371 631 2452 redemptio
664 2371 786 2444 mundi,
817 2374 871 2434 sed
903 2373 979 2454 quia
1011 2375 1200 2437 mitissimus
1255 2377 1372 2438 etenim
1397 2395 1459 2439 non
1482 2377 1650 2439 carnaliter
1673 2385 1887 2448 conversatur,
1902 2384 1930 2438 el
1949 2376 1984 2436 ri-

309 2475 436 2531 Jemarc.
452 2469 560 2548 Agnus
580 2476 644 2530 tam
669 2468 923 2532 crudelissimam
951 2480 1085 2534 mortem
1110 2473 1199 2536 inno·
1253 2483 1317 2536 tam
1342 2475 1518 2555 angelicam
1545 2476 1634 2537 ducit
1659 2475 1692 2536 in
1717 2474 1821 2547 terris,
1848 2476 1982 2535 terminos
2003 2487 2066 2527 ccc

452 2566 635 2628 cautissime
657 2566 796 2648 pertulit.
813 2567 886 2630 ldeo
905 2569 986 2630 dixit
1004 2570 1173 2650 Apostolus
1191 2591 1197 2635 ε
1254 2572 1314 2634 sibi
1332 2572 1363 2634 in
1380 2573 1487 2654 regula
1502 2592 1558 2634 sua
1575 2571 1725 2654 praefixos
1742 2572 1914 2652 transgredi
1931 2589 1982 2632 non
1994 2552 2016 2588 '⁴'

306 2677 437 2728 caucino.
452 2664 576 2726 Christo
592 2663 739 2726 coniixns
760 2683 830 2726 sum
852 2667 958 2744 cruci;
975 2675 1007 2728 et
1023 2667 1150 2741 ilerum,
1168 2670 1198 2731 Si
1255 2687 1461 2752 presumens,
1479 2671 1534 2732 scd
1548 2671 1639 2750 juxta
1653 2669 1896 2732 similitudinem
1910 2687 1984 2748 ange

305 2737 435 2852 ‚ffffim'
450 2761 674 2843 compatimur,
704 2770 736 2824 ct
766 2763 1042 2842 conregnabimus.
1075 2766 1201 2848 Spectat
1255 2767 1389 2829 licorum
1410 2767 1582 2849 spirituum
1605 2769 1638 2830 in
1658 2767 1784 2830 cunctis
1802 2767 1938 2830 ordinate
1957 2785 1983 2827 sc

303 2877 325 2916 ¹¹·
336 2867 368 2908 ¹²·
450 2877 575 2942 quoque
591 2861 629 2922 ad
645 2861 987 2934 monachumaliornm
1003 2872 1132 2945 peccata
1147 2866 1199 2927 de·
1254 2866 1386 2940 hahens,
1403 2885 1501 2948 seque
1523 2867 1640 2930 divinae
1660 2867 1722 2948 legi
1738 2876 1770 2929 ct
1788 2866 1983 2930 observationi

451 2958 602 3041 plangere
616 2966 648 3021 et
664 2975 721 3039 pro
737 2958 888 3021 omnibns
904 2977 1004 3035 orare,
1022 2963 1198 3044 prasertim
1253 2963 1390 3044 regulari
1407 2965 1592 3044 subjiciens.
1610 2965 1698 3028 L'nde
1713 2973 1746 3028 ct
1760 2965 1906 3028 discretio
1920 2983 1983 3048 pre

452 3074 509 3138 pro
534 3055 792 3118 benefactoribus
813 3065 844 3119 et
869 3059 1059 3141 propinquis
1080 3079 1116 3122 ac
1136 3061 1197 3123 sibi
1215 3064 1237 3126 C
1253 3063 1348 3144 cipue
1364 3063 1543 3125 neccssaria
1557 3071 1605 3126 est
1620 3063 1786 3136 monacho,
1794 3071 1874 3126 teste
1886 3063 1983 3126 beatis

452 3154 642 3220 commissis.
667 3155 839 3230 Postremo,
863 3156 918 3238 qui
942 3159 1108 3220 verissime
1133 3177 1198 3222 mc·
1253 3160 1334 3222 simo
1359 3166 1447 3241 patre
1469 3168 1575 3224 nostro
1594 3161 1743 3234 Antonio,
1761 3169 1795 3224 ut
1814 3163 1918 3226 omnia
1937 3179 1984 3224 suc

450 3254 572 3315 nachus
587 3253 839 3326 cst‚lacrimatur
853 3253 1088 3337 frequentarer
1103 3257 1200 3320 abun·
1254 3257 1322 3320 loco
1342 3265 1374 3319 et
1388 3265 1532 3340 tempore
1551 3267 1633 3340 agat,
1652 3278 1693 3322 nc
1713 3260 1924 3341 perturbetur,
1939 3260 1982 3320 scd

451 3349 558 3412 dantia
576 3351 683 3431 gaudii
705 3351 891 3433 spiritualis,
907 3361 991 3415 etex
1010 3355 1199 3419 suavissima
1252 3355 1423 3437 tranquilla
1437 3365 1543 3418 mente
1558 3357 1723 3420 adhaercns
1735 3357 1984 3430 Altissimueiac

451 3447 681 3529 complacentia
699 3450 818 3530 proprii
835 3449 1001 3526 Creatoris‚
1011 3472 1073 3534 qua
1088 3473 1197 3536 super·
1254 3464 1382 3537 captum
1398 3474 1526 3537 semper
1540 3457 1650 3519 reddat
1663 3457 1983 3540 obsequium.Sapien·

451 3545 674 3608 serenissimus
693 3565 730 3608 ac
750 3550 1093 3630 supergratiosissimus
1116 3553 1198 3616 Dens
1253 3555 1377 3616 tissimo
1393 3555 1511 3616 etenim
1528 3556 1591 3617 llco
1606 3556 1765 3619 ordinatio
1779 3556 1870 3619 valde
1885 3555 1980 3637 placet.

981 3980 1172 4066 SERMO
1212 3982 1463 4068 octavus

766 4245 805 4289 DE
827 4245 932 4290 TRIBUS
955 4246 1184 4294 PRINClPALlBUS
1206 4247 1324 4295 ClllllSTl
1346 4249 1503 4305 consttus,
1524 4251 1556 4296 ΙΝ
1576 4250 1685 4305 QUIBUS

568 4342 660 4388 cultis
681 4343 852 4389 Monssrrcs
876 4344 996 4390 hausto
1018 4346 1149 4400 Thracus
1170 4347 1248 4392 VOTA
1269 4347 1491 4394 nctlsloscuusl
1511 4349 1696 4395 FUNDANTUR
1717 4349 1785 4404 QUAE
1807 4351 1884 4397 sulit

913 4443 952 4488 DE
979 4443 1127 4490 hssnltrm
1153 4445 1329 4492 oblustrant
1354 4445 1535 4492 natisionis

510 4720 673 4781 HRISTO
701 4724 848 4796 confisus
877 4740 948 4779 corn
976 4721 1094 4788 cruci;
1122 4723 1194 4780 civo
1210 4721 1234 4781 l)
1250 4721 1350 4784 suluit
1371 4729 1425 4784 aut
1447 4723 1599 4806 praecepit
1619 4743 1689 4787 csse
1710 4726 1841 4791 vitanda
1859 4738 1911 4792 aut
1928 4747 1982 4811 par·

523 4824 631 4875 autem
641 4816 717 4892 jam
739 4836 804 4876 non
820 4837 886 4893 epo,
903 4819 986 4877 vicit
1003 4838 1077 4877 carc
1094 4820 1127 4878 in
1144 4839 1194 4878 mc
1248 4820 1380 4901 agenda,
1397 4821 1556 4884 ordinavit
1573 4823 1611 4884 ad
1632 4823 1704 4898 hcc,
1722 4831 1757 4886 ut
1777 4829 1938 4891 credentes
1957 4828 1981 4887 in

447 4916 610 4976 Christus.
625 4912 721 4975 Galat.
740 4930 773 4986 u,
791 4911 840 4987 19,
856 4913 905 4977 20.
1249 4919 1367 5000 ipsum,
1385 4920 1418 4982 in
1435 4919 1565 4982 caritate
1580 4920 1636 4984 Dei
1653 4922 1836 5004 proficiant,
1854 4945 1983 5008 pcrscrc

312 5033 344 5075 ιι.
360 5048 430 5087 xxxin,
486 5011 640 5074 Dominus
661 5019 768 5074 noster
788 5012 878 5074 Jcsus
903 5013 1056 5086 Christus
1080 5013 1191 5094 legiler
1247 5024 1328 5090 rent,
1346 5016 1543 5100 perfectique
1558 5018 1648 5081 liant.
1663 5021 1751 5084 Unde
1766 5022 1799 5084 in
1815 5024 1982 5087 Euchiridic

299 5098 361 5202 ἷξον
378 5174 383 5202 Ι
398 5165 424 5205 ²4
445 5129 590 5172 summus
606 5118 637 5172 et
654 5109 810 5190 sapientia
828 5111 883 5172 Dei
903 5111 1012 5184 Patris
1029 5111 1133 5174 sciens
1153 5133 1190 5174 ac
1246 5114 1387 5196 loquitur
1401 5115 1616 5197 Augustinus:
1633 5117 1784 5183 Omnium
1800 5124 1981 5204 evangelico

363 5191 391 5212 ”
423 5195 561 5270 'docens
581 5208 745 5270 caritatem
766 5208 821 5270 Dei
842 5211 986 5272 omnium
1006 5229 1075 5272 esse
1096 5210 1190 5273 virtu·
1245 5232 1316 5274 rum
1341 5213 1456 5276 Christi
1477 5214 1684 5278 consiliorum
1703 5236 1741 5279 ac
1762 5231 2036 5323 praeceptorunw

443 5313 511 5369 tum
526 5306 725 5382 altissimam,
740 5307 888 5370 universa
903 5328 973 5390 quae
988 5308 1107 5383 docuit,
1118 5327 1189 5373 con·
1242 5310 1319 5374 finis
1338 5320 1396 5386 est,
1419 5320 1455 5374 ut
1474 5320 1671 5396 praeceptum
1691 5315 1774 5380 illud
1796 5321 1932 5402 primum
1950 5291 2037 5387 accis.
