4192 6258
394 528 542 578 ooumrca
562 530 604 576 xx
624 531 698 577 aosr
717 529 910 577 ramrmrrrr.
930 549 971 562 -
991 531 1165 581 autumno
1186 535 1219 582 ru
1239 535 1433 585 avuucnuorr
1624 521 1685 586 549

134 699 272 776 Christo,
298 709 334 764 ut
356 701 403 764 sic
427 702 592 766 crederent
621 703 654 765 in
678 702 883 778 mittendum,
899 703 926 767 Α
941 703 1057 768 Christi
1072 705 1165 769 vobis
1179 706 1326 784 offertur,
1342 708 1492 772 videlicet
1506 710 1685 792 purgatioa

135 798 220 861 sicut
243 817 302 862 nos
326 800 487 863 credimus
512 801 545 863 in
567 819 641 864 eum
661 801 717 883 qui
736 801 825 863 venit
847 819 884 863 ac
940 804 1079 885 peccatis
1095 806 1128 866 in
1144 807 1350 869 sacramentis
1365 807 1520 890 Baptismi
1534 827 1571 871 ac
1586 808 1686 872 Poeni-

136 897 256 960 missus
271 906 328 962 est.
345 902 390 962 lt't
404 901 555 960 uolebant
571 902 694 970 uenire,
711 898 742 961 id
760 907 808 962 est
828 917 885 981 per
940 903 1058 978 tentiae,
1076 903 1196 968 infusio
1216 906 1324 986 gratita
1345 925 1382 970 ac
1403 907 1571 982 virtutum,
1587 915 1623 971 ut
1646 907 1685 970 de
1699 923 1832 976 romana.

135 995 237 1060 iidem
251 996 421 1060 formatam
437 995 578 1073 credere,
594 1006 626 1060 et
641 1016 804 1062 servornm
820 997 887 1060 illo
940 1000 1140 1081 plenitudine
1157 1003 1227 1083 ejus
1247 1022 1358 1068 omnes
1376 1005 1550 1088 accipiatis.
1577 1008 1686 1069 Venite

135 1115 209 1159 rum
225 1096 417 1160 documenta
431 1098 594 1172 servando,
602 1097 801 1160 laudabiliter
815 1115 886 1161 con·
940 1101 984 1158 ad
997 1101 1133 1175 nuptias
1148 1099 1263 1163 Christi
1278 1102 1436 1184 praelatas,
1451 1103 1640 1167 adhaerendo
1655 1103 1685 1167 ei

135 1195 267 1258 uersari.
293 1195 393 1260 Judaei
423 1214 561 1278 namque
591 1195 805 1259 communiter
827 1214 885 1278 pro
941 1203 977 1258 ut
991 1197 1099 1280 capiti,
1117 1205 1152 1260 ut
1166 1198 1329 1262 inlluxum
1343 1201 1451 1282 gratita
1465 1202 1630 1285 accipiatis
1645 1201 1686 1264 ab

135 1293 251 1374 maiori
268 1301 358 1376 parte
373 1293 505 1357 luerunt
520 1294 676 1357 increduli
691 1303 723 1357 et
738 1294 882 1358 rebelles.
941 1312 990 1371 eo,
1005 1303 1101 1378 atque
1116 1315 1173 1379 per
1192 1299 1356 1362 caritatem
1373 1319 1455 1362 unns
1475 1318 1549 1362 cum
1564 1318 1602 1363 eo
1617 1299 1688 1363 eiii-

5 1418 119 1464 u.vn,sr.
135 1392 269 1474 Propter
291 1393 377 1476 q'uod
401 1393 579 1475 Stephanus
598 1392 678 1456 dixit
695 1411 702 1454 :
719 1393 802 1456 Dura
821 1411 886 1456 cer·
941 1393 1072 1456 ciamini
1094 1395 1235 1477 spiritus.

134 1491 218 1566 rice,
235 1499 268 1554 et
283 1491 500 1554 incircumcisi
517 1493 611 1554 corde
626 1500 657 1554 et
671 1491 813 1565 auribus,
829 1509 885 1555 vos
980 1493 1042 1552 Illi
1055 1502 1164 1553 cutem
1178 1497 1394 1571 nepteueruut
1409 1494 1530 1569 venire,
1541 1495 1688 1577 occupati

136 1609 267 1674 semper
281 1590 444 1653 restitistis
463 1591 595 1673 Spiritui
616 1590 741 1665 Sancto,
758 1591 841 1652 sicut
854 1597 886 1652 et
942 1589 1037 1652 rebus
1058 1590 1239 1654 carnalibus
1259 1611 1295 1656 ac
1315 1593 1462 1667 terrenis,
1480 1601 1512 1655 at
1529 1592 1688 1656 beneficia

137 1697 244 1772 patres
265 1690 372 1752 vestri.
389 1690 511 1773 Moyses
532 1707 659 1771 quoque
682 1688 714 1750 in
736 1689 885 1752 Deutero-
941 1687 996 1750 Dei
1013 1689 1303 1771 parvipendentes.
1320 1688 1414 1752 Pauci
1430 1690 1549 1754 etenim
1566 1691 1687 1754 Judaeo-
1770 1685 1773 1690 ’

2 1808 121 1858 uanas,
137 1787 248 1850 nomio
269 1787 411 1869 loquitur
426 1787 545 1870 populo
558 1788 739 1850 Judaeorum
756 1804 763 1848 :
780 1786 824 1849 Ne
840 1786 885 1849 di·
941 1805 1024 1860 rum,
1050 1788 1265 1870 comparative
1290 1787 1459 1871 loquendo,
1483 1788 1687 1852 crediderunt

3 1903 4 1910 ¹
138 1903 191 1947 cas
213 1885 245 1947 in
266 1886 360 1949 corde
379 1894 444 1959 tuo,
461 1885 591 1967 Propter
603 1883 760 1965 justitiam
781 1902 884 1946 meam
903 1879 975 1946 Bin
998 1884 1168 1948 Christum.
1184 1884 1231 1948 Ad
1251 1887 1336 1968 quod
1357 1887 1583 1949 insinuandum
1603 1887 1686 1949 Deus

139 1983 317 2047 introduxit
342 2003 392 2046 me
414 1984 568 2047 Dominus
593 1984 626 2046 in
650 1991 767 2045 terram
791 1983 883 2056 hanc,
941 2002 999 2066 pcr
1020 1985 1189 2047 Jeremiam
1220 1985 1407 2067 prophetam
1431 1985 1512 2048 dixit
1536 1986 1576 2048 ad
1599 2002 1684 2048 eos:

138 2101 240 2164 quum
262 2082 441 2146 durissima
463 2082 597 2144 cervicis
617 2082 660 2144 sis
682 2081 830 2164 populus.
848 2081 886 2143 Et
940 2080 1108 2144 hssumam
1131 2098 1199 2156 vos,
1216 2101 1317 2144 unum
1339 2083 1378 2145 de
1400 2083 1539 2158 civitate,
1555 2090 1588 2146 et
1606 2083 1685 2147 duos
1700 2100 1833 2152 arnust.

19 2204 25 2242 .·
44 2233 49 2243 .
137 2200 249 2243 rursus
265 2180 406 2263 loquitur
420 2180 450 2242 ei
468 2197 474 2242 :
492 2181 556 2261 Ego
570 2181 637 2244 scie
652 2180 887 2243 contentionem
941 2180 980 2242 de
1003 2181 1198 2261 cognatione.
1215 2183 1260 2242 lit
1279 2182 1444 2252 abierunt,
1460 2183 1547 2242 atius
1568 2183 1606 2241 iu
1627 2184 1688 2241 uil-

12 2297 17 2306 ·
139 2289 227 2342 tuam
251 2287 283 2343 et
305 2279 462 2342 cervicem
486 2287 573 2341 tuam
593 2278 886 2358 durissimam3ad-
942 2281 1008 2338 lam
1031 2299 1137 2348 suum,
1158 2278 1190 2340 id
1214 2285 1273 2351 est,
1294 2278 1327 2340 in
1352 2279 1487 2341 terrenis
1510 2279 1631 2342 divitiis
1656 2285 1688 2341 ct

138 2379 203 2440 huc
221 2379 351 2440 vivente
372 2397 423 2440 me
442 2385 474 2440 et
493 2377 690 2458 ingrediente
707 2377 885 2452 vobiscum,
942 2373 1109 2456 temporali
1130 2374 1274 2438 dominio
1292 2375 1461 2456 occupavit
1475 2393 1520 2449 se,
1536 2377 1623 2436 atius
1638 2396 1688 2436 ve-

138 2495 267 2558 semper
292 2475 488 2539 contentiose
512 2475 621 2558 egistis
650 2484 759 2539 contra
781 2477 887 2539 Domi·
944 2494 980 2534 ro
995 2475 1039 2532 ad
1052 2475 1304 2550 ucpotiatioeem
1318 2493 1424 2544 suam,
1440 2472 1501 2536 11⁰⁰
1519 2480 1569 2535 est
1583 2474 1623 2536 ad
1643 2473 1689 2535 lu·

139 2581 367 2658 num:quante
382 2575 482 2655 magis
498 2593 597 2656 quum
616 2581 760 2636 mortuus
774 2574 887 2638 iuerot
943 2589 998 2635 cra
1018 2571 1176 2634 sectanda.
1194 2570 1321 2654 Sicque,
1338 2589 1396 2654 per
1416 2579 1529 2634 euntes
1546 2593 1563 2630 u
1579 2571 1612 2634 in
1634 2571 1691 2635 vil-

179 2677 320 2743 Iterum,
337 2673 370 2735 id
389 2681 436 2736 est
457 2680 575 2754 postea,
592 2675 683 2732 misit
697 2673 780 2735 Deus
799 2674 889 2736 Pater
944 2670 1006 2732 lam
1030 2691 1059 2742 n,
1083 2669 1250 2750 signantur
1274 2667 1437 2732 ambitiosi
1459 2676 1492 2731 et
1517 2670 1572 2751 qui
1595 2669 1690 2733 rebus

137 2775 222 2834 alios
239 2791 357 2841 servos,
374 2772 406 2834 id
426 2778 473 2833 est
493 2771 685 2853 posteriores
704 2771 886 2853 Prophetas,
942 2768 1009 2849 jam
1024 2766 1141 2829 habitis
1162 2766 1339 2829 inordinate
1358 2766 1527 2846 insistunt;
1543 2785 1600 2849 per
1615 2786 1691 2830 euu-

137 2872 207 2934 sive
222 2869 553 2952 Apostolos,aliosque
568 2870 684 2932 Christi
699 2870 886 2953 discipulos,
943 2874 990 2928 tes
1015 2883 1091 2927 vero
1111 2886 1127 2922 a
1143 2864 1181 2926 ad
1207 2864 1453 2946 negotiationem
1470 2886 1499 2938 a,
1520 2865 1618 2938 arari,
1634 2866 1690 2946 qui

136 2972 251 3030 dr'eeus
261 2989 271 3028 .·
282 2969 390 3030 Dicite
404 2969 569 3037 inuitatis,
585 2976 662 3049 puta
675 2969 802 3042 Judaeis,
820 2969 889 3051 qui·
944 2981 1002 3046 pro
1030 2962 1262 3045 temporalibus
1290 2961 1506 3044 adipiscendis
1534 2961 1690 3024 immode-

137 3067 200 3130 bus
229 3065 410 3149 specialiter
433 3066 597 3148 Propheta
626 3074 701 3128 sunt
730 3067 830 3141 missi,
857 3074 888 3128 et
906 3065 928 3129 C
943 3069 1009 3124 rate
1025 3060 1177 3124 laborant.
1195 3061 1331 3140 Reliqui
1345 3080 1419 3120 vero
1436 3067 1613 3120 terrueruut
1627 3079 1692 3119 ser-

138 3166 257 3230 Christi
282 3173 331 3227 est
354 3165 585 3247 prenuntiatus
609 3166 764 3228 adventus
784 3183 790 3227 :
807 3168 888 3228 Ecce
944 3182 998 3222 vos
1021 3163 1104 3239 ejus,
1129 3169 1160 3220 et
1186 3161 1392 3219 coutumeliis
1415 3163 1543 3236 affectos
1570 3160 1691 3218 occide-

133 3266 322 3343 pramtium
346 3285 453 3324 meum
474 3266 607 3340 paraui,
633 3264 664 3326 id
689 3273 747 3338 est,
774 3273 888 3348 myste-
944 3268 1034 3320 ruut.
1052 3259 1087 3320 ln
1101 3255 1234 3319 Actibus
1249 3255 1336 3318 enim
1352 3254 1501 3336 leguntur
1514 3253 1691 3337 Apostolia
1716 3272 1836 3322 sareu

137 3365 224 3426 rium
252 3361 481 3425 iucarnationis
502 3362 635 3444 perfeci,
653 3371 887 3426 sacramentum
942 3357 1058 3421 Judaeis
1074 3357 1170 3438 capti,
1187 3354 1373 3416 incarcerati
1387 3372 1423 3416 ac
1441 3352 1593 3435 flagellati
1610 3370 1617 3415 :
1634 3353 1690 3435 qui
1705 3335 1836 3388 '¹¹⁸·²⁶·⁸⁰·

139 3461 348 3525 Eucharistiae
363 3479 420 3542 per
434 3459 595 3523 Christum
611 3461 746 3534 institui,
763 3461 889 3523 diversa
943 3457 1039 3520 etiam
1068 3473 1087 3516 a
1114 3453 1295 3517 Judaeorum
1324 3451 1461 3515 concilio
1490 3459 1692 3514 recessemnt
1718 3466 1823 3512 tuan.

138 3580 238 3624 sacrae
261 3560 433 3641 Scriptura
457 3558 609 3620 alimenta
633 3559 795 3641 proposui,
818 3578 887 3641 gra·
944 3573 1017 3616 cum
1043 3552 1169 3633 gaudio,
1197 3550 1347 3634 quoniam
1373 3550 1461 3631 digni
1490 3549 1590 3612 habiti
1615 3557 1691 3612 sunt

136 3659 257 3721 tiarum
279 3657 469 3720 charismata
488 3657 571 3719 dedi,
591 3660 696 3718 Tauri
714 3659 779 3716 mci
796 3667 826 3716 et
841 3661 887 3716 αῖ-
944 3649 1171 3714 contumeliam
1187 3649 1252 3731 pati
1268 3666 1326 3730 pro
1342 3648 1476 3712 Christo.
1493 3647 1689 3730 Stephanum
1705 3663 1836 3715 ostensa.

139 3760 217 3818 titia
232 3759 335 3816 occisa
354 3764 439 3816 suut.
457 3755 516 3817 Per
535 3763 641 3818 tauros
661 3761 756 3837 atque
775 3755 886 3829 altilia,
943 3758 1050 3812 autem
1066 3747 1297 3830 lapidaverunt,
1309 3753 1341 3809 et
1354 3745 1507 3809 Jacobum
1522 3745 1692 3809 decollavit
1707 3761 1835 3814 tatanus.

137 3854 347 3934 designantur
366 3852 544 3934 spiritualia
563 3851 694 3925 fercula,
711 3859 820 3933 utpote
840 3868 888 3914 so·
943 3847 1091 3910 Herodes.

139 3954 226 4016 lidus
242 3951 334 4014 cibus
349 3950 575 4034 perlectorum,
593 3959 750 4032 potusque
769 3950 888 4012 lacteus
984 3950 1056 4009 Reae
1077 3955 1198 4016 cutem,
1219 3945 1343 4007 scilicet
1366 3945 1449 4007 Deus
1472 3943 1572 4017 Pater,
1589 3963 1691 4022 quum

139 4051 350 4136 parvulorum
361 4068 368 4112 :
379 4050 438 4112 hoc
454 4057 502 4112 est
515 4049 578 4112 alta
592 4049 818 4131 contemplatio
833 4049 889 4112 Dei
944 4048 1088 4108 audisset
1108 4062 1220 4107 vocem
1240 4043 1404 4125 sanguinis
1423 4042 1612 4105 occisorum.
1629 4040 1690 4103 Au·
1716 4056 1836 4113 saurus.

139 4159 174 4214 et
197 4149 422 4234 mysteriorum
445 4147 561 4211 Christi
582 4148 681 4228 (unde
706 4148 785 4211 dixit
809 4149 890 4230 Apo-
945 4145 989 4207 ris
1004 4146 1092 4206 enim
1107 4142 1167 4206 zeli
1182 4142 1270 4204 audit
1284 4143 1442 4215 omniaut
1456 4141 1534 4203 dicit
1548 4140 1688 4222 Sapiens.

10 4269 123 4319 coena.
141 4250 256 4322 stolus,
281 4248 475 4330 Sapientiam
501 4247 662 4329 loquimur
687 4246 770 4309 inter
790 4247 892 4330 perie-
906 4248 930 4310 [t
946 4243 983 4305 Et
1006 4243 1171 4306 Psalmista
1193 4259 1199 4303 :
1221 4241 1280 4315 Qui
1303 4240 1458 4323 plantavit
1481 4239 1615 4321 (inquit)
1638 4259 1690 4302 au·
1704 4260 1836 4308 ramus

141 4347 355 4430 ctos);iacilis
370 4363 497 4428 quoque
512 4347 645 4409 scicntia
659 4355 891 4428 preceptorum
946 4361 1025 4415 rcm,
1049 4361 1112 4404 non
1137 4340 1265 4402 audieti
1288 4338 1470 4401 interiectio
1493 4356 1620 4420 quoque
1645 4337 1691 4399 in-

141 4467 180 4510 ac
195 4464 330 4528 operum
345 4445 515 4508 Salvatoris
530 4463 537 4507 :
554 4445 637 4506 unde
653 4464 762 4506 rursus
777 4444 891 4506 Paulus
946 4441 1130 4504 nocentium
1149 4448 1197 4502 est
1216 4457 1317 4501 unum
1337 4439 1375 4500 de
1397 4442 1533 4519 quatuor
1552 4435 1691 4518 peccatis

15 4565 73 4606 run.
87 4567 108 4606 a.
143 4545 343 4628 imperfectis
365 4544 504 4626 scripsit,
520 4543 588 4606 Non
606 4543 748 4624 judicavi
769 4562 819 4605 me
838 4543 893 4604 ali·
947 4559 1017 4622 quaa
1041 4539 1206 4601 clamitant
1228 4545 1302 4600 ante
1325 4537 1437 4598 Deum.
1454 4534 1549 4597 Porro
1571 4533 1693 4597 auditio

142 4643 224 4726 quid
239 4643 322 4706 scire
337 4643 420 4704 inter
434 4660 501 4715 voe,
519 4641 581 4704 nisi
595 4643 702 4705 Jcsum
718 4641 891 4715 Christum,
947 4639 1003 4700 Dei
1018 4655 1082 4700 uon
1102 4645 1150 4700 est
1169 4636 1254 4699 aliud
1275 4654 1371 4716 quam
1392 4633 1531 4715 cognitio
1548 4651 1604 4695 seu
1620 4650 1694 4696 con-

142 4751 178 4806 et
192 4742 279 4803 hunc
295 4740 499 4803 crucifixum.
516 4738 574 4802 Per
589 4747 695 4802 tauros
711 4739 806 4801 etiam
822 4757 892 4820 pos·
948 4736 1097 4800 sideratio
1111 4735 1191 4816 ejus.
1209 4734 1364 4816 Loquitur
1378 4740 1485 4796 tamen
1506 4733 1589 4796 Deus
1605 4749 1693 4794 more

142 4847 222 4904 sunt
252 4838 386 4920 intelligi
416 4838 512 4900 lirma
540 4838 595 4900 oei
625 4845 807 4919 praecepta;
837 4857 894 4920 per
948 4835 1099 4908 humano,
1130 4833 1221 4915 quasi
1251 4839 1395 4895 recenter
1424 4830 1694 4913 corporaliterque

141 4939 248 5003 altilia
267 4955 353 5010 vero,
369 4935 561 5018 evangelica
580 4936 659 5017 legis
678 4936 820 5010 consilia,
838 4955 895 5018 per
947 4934 1082 5007 audiret,
1099 4941 1135 4994 ut
1149 4951 1186 4994 ea
1201 4951 1271 5014 quae
1287 4931 1341 4994 Dei
1359 4938 1434 4992 sunt
1449 4930 1564 4992 melius
1580 4927 1695 4990 iutelli-

142 5056 285 5120 quorum
314 5036 548 5100 observantiam
573 5053 663 5098 mens
687 5035 896 5117 spiritualiter
948 5052 1071 5115 gamus.
1089 5031 1177 5094 Unde
1193 5049 1251 5113 per
1265 5030 1378 5092 lsaiam
1399 5028 1540 5111 loquitur
1559 5027 1625 5109 regi
1639 5027 1695 5089 As-

143 5136 370 5219 impinguatur
385 5133 585 5215 dulciterque
602 5133 756 5202 relicitur.
774 5137 816 5196 Et
831 5154 895 5193 om·
950 5132 1107 5215 syriorum
1137 5147 1144 5192 ε
1173 5130 1276 5203 Quum
1306 5128 1428 5191 iurares
1458 5128 1490 5188 in
1520 5133 1693 5207 conspectu
1720 5149 1838 5202 amm,

144 5239 206 5296 uia
219 5243 341 5311 paratu
357 5240 441 5306 suut,
459 5232 490 5294 id
510 5239 568 5303 est,
586 5232 741 5314 quidquid
760 5233 798 5294 ad
814 5231 897 5293 salu·
952 5248 1032 5303 meo,
1050 5228 1199 5312 superbia
1214 5233 1268 5290 tua
1282 5226 1424 5289 aseendit
1440 5226 1472 5287 in
1488 5243 1580 5286 aures
1595 5242 1691 5286 meas.
1708 5216 1742 5258 ²⁹·

142 5343 212 5397 tem
229 5331 414 5414 requiritur,
431 5348 488 5412 per
503 5329 683 5412 passionem
699 5337 731 5392 et
746 5329 896 5392 meritum
951 5328 1006 5391 Vel
1029 5328 1146 5390 dicitur
1167 5327 1276 5389 audire
1298 5324 1338 5387 ab
1360 5323 1481 5405 angelis
1502 5322 1619 5386 sanctis
1642 5342 1695 5384 an·
