4164 6258
445 511 591 558 uolttruus
613 511 656 558 vu
677 511 749 558 POST
769 511 962 558 rutuulrsu.
984 529 1024 540 -
1045 511 1144 558 suulto
1164 511 1274 559 chritus

635 914 829 1000 SERMO
867 916 1085 1002 PRIMUS

116 1178 153 1223 DE
173 1179 323 1224 duutet's
343 1178 479 1236 liliolus,
500 1178 538 1224 st
558 1179 700 1234 01101οὓ0
723 1180 781 1227 ulto
803 1181 999 1227 SERVIENDU!
1019 1181 1117 1228 GORDE
1138 1182 1290 1230 PERPRGPO
1311 1183 1411 1239 ATQUE
1432 1183 1602 1230 vshtssuto.

151 1459 298 1519 ΙΜΕΤΕ
308 1459 499 1528 Dominum,
516 1469 545 1518 et
561 1461 679 1520 servite
694 1461 725 1518 ei
739 1461 834 1519 corde
848 1461 872 1522 A
888 1459 955 1522 solo
978 1467 1043 1522 totu
1068 1469 1175 1524 nostra
1198 1460 1283 1524 salus
1308 1461 1462 1524 consistit.
1483 1461 1635 1524 Videmus

161 1557 304 1632 perfecto
323 1565 421 1635 atque
440 1557 729 1619 conscindimus
748 1574 832 1632 xxiv,
887 1557 975 1620 enirn
995 1559 1027 1620 in
1051 1558 1167 1622 saeculo
1190 1560 1260 1634 isto,
1277 1559 1362 1642 quod
1382 1558 1469 1632 honi,
1487 1558 1578 1641 probi
1598 1577 1635 1622 ιο

95 1651 138 1716 ll.
887 1655 1006 1718 dociles
1029 1655 1090 1719 lilii
1111 1651 1201 1720 ialdc
1221 1656 1359 1738 diligunt
1379 1674 1452 1719 suos
1475 1665 1633 1739 parantes,

129 1753 162 1814 ln
185 1751 235 1813 his
259 1750 366 1814 verbis
394 1753 456 1814 tria
484 1759 665 1834 tanguntur.
691 1753 833 1816 Primum
887 1760 1048 1817 eteorum
1068 1754 1280 1818 offensionem
1302 1773 1338 1818 ac
1359 1755 1635 1818 inhonorationem

93 1857 146 1924 est,
171 1858 205 1911 ut
234 1850 334 1912 Deum
365 1851 557 1930 timeamus;
582 1851 770 1924 secundum,
798 1859 834 1914 ut
887 1853 1022 1916 sollicite
1044 1853 1146 1914 vitant
1163 1871 1169 1914 :
1187 1859 1305 1936 quanto
1329 1853 1429 1934 magis
1452 1871 1559 1916 amare
1584 1854 1635 1915 de-

93 1949 263 2011 serviamus
288 1949 318 2012 ei
343 1949 438 2012 corde
463 1947 623 2032 perlacto;
640 1950 780 2023 tertium,
798 1939 834 2011 ut
887 1950 1001 2014 bemus
1028 1951 1150 2014 Patrem
1181 1952 1344 2014 coelestem
1373 1959 1404 2014 et
1432 1952 1634 2034 omnipoten-

93 2047 120 2108 id
144 2047 249 2129 ipsum
273 2065 405 2128 agamus
429 2048 525 2110 corda
548 2047 725 2111 verissimo.
752 2048 832 2122 Ouid
887 2057 963 2124 tem,
990 2049 1090 2113 Deum
1120 2057 1152 2112 et
1180 2049 1359 2113 Creatorem
1393 2057 1549 2124 nostrum,
1577 2051 1633 2132 qui

92 2153 137 2206 est
154 2145 254 2208 Deum
273 2146 411 2208 timaret
427 2145 504 2227 Ejus
524 2147 641 2209 intuitu
661 2147 833 2229 apeccatis
887 2147 1038 2210 omnihus
1062 2147 1216 2210 creaturis
1236 2144 1364 2211 infinite
1384 2147 1498 2210 melior
1516 2147 1635 2210 amabi-

91 2244 259 2318 discedere,
291 2243 560 2326 quemadmodum
591 2245 624 2306 in
655 2244 833 2308 Proverbiis
888 2246 1011 2329 liorque
1027 2246 1182 2320 consistit,
1199 2253 1231 2308 et
1249 2252 1461 2328 aquototum
1482 2246 1568 2328 quod
1585 2265 1635 2308 su·

32 2341 220 2410 ‚uhabetur
247 2361 254 2405 :
281 2343 339 2406 Per
367 2343 514 2406 timorem
545 2342 670 2406 Domini
695 2343 834 2406 declinat
888 2365 960 2408 mus
989 2354 1021 2407 et
1048 2344 1215 2418 hahemus,
1245 2344 1441 2428 accepimus,
1470 2353 1566 2427 atqua
1596 2362 1635 2406 ex

91 2441 308 2524 unusquisque
322 2460 341 2504 ι
355 2441 544 2504 malolinde
559 2459 670 2504 rursus
684 2441 832 2506 Salomon
887 2445 958 2526 ejus
978 2443 1189 2526 singulariae
1209 2461 1335 2506 summo
1356 2461 1464 2506 amore
1486 2443 1636 2506 universa

25 2571 78 2605 aa.
91 2537 121 2600 in
131 2539 313 2602 'Proverbiis
329 2539 603 2620 loquiturz'linror
617 2538 833 2614 Domini,lons
887 2552 1018 2625 paccata
1038 2543 1150 2616 vitare,
1167 2542 1243 2625 quia
1261 2560 1318 2624 per
1338 2541 1383 2603 nil
1403 2541 1465 2604 nisi
1487 2559 1544 2623 per
1564 2559 1636 2623 pec-

90 2637 168 2712 vita,
185 2645 221 2700 ut
234 2638 408 2702 declinata
427 2637 520 2701 ruina
539 2638 660 2702 mortis.
678 2639 708 2702 si
725 2648 831 2702 autem
847 2639 870 2702 B
887 2650 956 2704 cata
985 2641 1203 2714 inhonoratur,
1233 2639 1421 2712 offenditur,
1447 2642 1634 2722 separaturi

89 2735 144 2798 iste
158 2754 303 2800 recessus
322 2735 447 2798 avitiis
466 2734 525 2798 liat
544 2754 584 2799 ne
604 2753 662 2820 pro
681 2737 727 2800 eis
749 2737 833 2798 inili-
887 2741 1047 2822 Scriptum
1070 2747 1118 2802 est
1137 2739 1223 2802 enim
1245 2755 1252 2800 :
1273 2737 1438 2800 Plenitudo
1458 2737 1633 2820 sapientia,
1648 2757 1785 2809 satanan.

88 2842 174 2914 gatur
188 2835 399 2918 supplicium,
414 2841 545 2898 vocatur
564 2835 661 2898 timor
680 2835 805 2898 servilis
822 2853 829 2898 :
886 2846 935 2900 est
948 2839 1062 2901 timere
1079 2839 1195 2916 Deum3
1213 2837 1354 2918 itemque
1365 2835 1517 2898 :Timenti
1534 2836 1635 2898 Deum
1649 2856 1785 2906 natan.

88 2934 139 3014 qui
161 2951 224 2996 non
247 2942 297 2996 est
320 2933 501 2996 meritorius
520 2933 606 3016 apud
628 2933 740 3008 Deum,
757 2935 833 3016 quia
887 2936 968 3000 hene
984 2937 1045 2999 erit
1060 2936 1092 2998 in
1107 2935 1269 3008 extremis
1287 2942 1318 2996 et
1339 2934 1371 2996 in
1387 2934 1439 2996 die
1459 2932 1635 2996 defunctio

89 3049 147 3093 non
166 3032 231 3113 agit
250 3049 359 3094 amora
382 3030 468 3106 honi,
485 3031 541 3094 sed
562 3029 735 3096 formidine
755 3032 831 3096 mali
887 3036 937 3098 nis
961 3034 1185 3112 benedicetur3
1210 3032 1265 3116 qui
1290 3039 1397 3094 autem
1422 3032 1491 3095 sino
1520 3032 1636 3096 timore

87 3130 230 3210 poenalis.
252 3129 415 3204 Pratarea,
432 3129 459 3191 si
485 3128 605 3192 malum
630 3129 732 3213 culpae
756 3131 833 3194 vite
887 3133 1023 3206 Doleat,
1046 3149 1110 3194 non
1131 3139 1236 3214 potest
1254 3129 1439 3211 justificari.

88 3233 136 3288 tur
158 3247 197 3290 ne
221 3229 306 3290 Deus
328 3227 547 3302 inhonoretur,
571 3226 754 3291 ollendatur
778 3236 832 3292 aut
928 3230 1085 3303 Secundo,
1102 3230 1245 3292 hortatur
1266 3245 1324 3291 nos
1344 3229 1438 3291 losue
1461 3236 1496 3290 ut
1517 3228 1635 3292 servia·

86 3326 397 3400 amittatur,vocatur
410 3326 507 3388 timor
521 3334 649 3389 sanctus
663 3333 695 3390 et
709 3326 830 3402 iiliaiis,
887 3349 959 3392 mus
974 3330 1038 3392 Deo
1054 3350 1071 3388 a
1088 3328 1182 3390 corde
1198 3326 1341 3409 perlecto
1356 3349 1384 3388 n.
1401 3326 1483 3401 Ouid
1502 3333 1550 3389 est
1571 3326 1636 3390 Deo

86 3443 122 3486 ex
136 3425 261 3488 sincera
281 3424 337 3488 [lei
357 3423 488 3486 caritate
508 3425 691 3506 procedens.
710 3426 753 3488 De
768 3443 832 3509 quo
887 3428 1034 3491 serviret
1058 3426 1203 3488 Mandata
1226 3425 1297 3507 ejus
1322 3424 1467 3507 implere.
1495 3425 1535 3487 ut
1557 3425 1636 3508 quid

87 3522 117 3584 in
133 3523 357 3586 Ecclesiastico
372 3522 473 3585 multa
488 3523 668 3606 conscripta
683 3532 768 3598 sunt,
785 3534 832 3587 ut·
886 3533 935 3588 est
955 3525 1019 3588 Deo
1043 3522 1163 3586 servire
1188 3523 1283 3586 corde
1308 3521 1479 3606 perlectol
1499 3523 1563 3584 Hoc
1588 3530 1636 3584 est

14 3629 156 3703 1.·‚aa.p0lc
174 3639 181 3684 :
198 3621 308 3686 Timor
331 3622 469 3696 Domini,
487 3639 602 3684 corona
624 3622 771 3703 justitia;
788 3631 830 3696 et,
886 3624 1034 3687 mandata
1048 3623 1119 3703 ejus
1135 3640 1260 3684 servare
1276 3640 1349 3684 cum
1365 3621 1453 3684 omni
1469 3621 1636 3702 diligentia

14 3763 74 3801 m,
86 3719 168 3782 Nihil
187 3720 317 3784 dulcius
339 3738 435 3802 quam
456 3720 569 3782 timere
591 3719 708 3800 Deum3
724 3728 765 3794 et,
782 3721 830 3784 Ti·
885 3730 980 3804 atque
996 3721 1139 3784 custodia
1155 3720 1270 3794 cordis,
1287 3719 1370 3782 sicut
1384 3719 1428 3782 ait
1442 3719 1608 3781 Psalmisla
1625 3737 1632 3784 :

62 3837 155 3898 ¹mor
178 3819 307 3884 Domini
332 3835 430 3902 super
453 3819 563 3882 omnia
591 3837 624 3881 aa
654 3819 771 3902 posuit.
798 3819 830 3882 si
845 3823 867 3888 G
885 3819 1069 3884 Confitehor
1083 3817 1346 3892 tihi,ilomina,in
1361 3825 1426 3881 toto
1441 3817 1536 3880 corde
1552 3835 1631 3892 meo,
1664 3844 1781 3898 pm,

14 3887 157 3982 'm'vero
180 3919 302 3982 vitetur
324 3927 492 4000 peccatum
520 3916 636 4000 partim
660 3916 831 3981 formidine
886 3920 980 3982 idest
999 3925 1106 3980 mente
1127 3915 1295 3980 recollecta
1314 3933 1351 3978 ac
1368 3915 1486 3989 stabili,
1501 3914 1561 3978 tibi
1583 3934 1631 3979 so·
1644 3921 1722 4014 2¹¹¹&
1742 3912 1781 3962 ¹²³

85 4018 195 4100 culpa,
211 4016 364 4080 videlicet
384 4035 423 4078 ne
443 4016 527 4078 lleus
545 4015 737 4090 oiiendatur,
759 4035 831 4098 par·
885 4019 907 4080 li
934 4019 1067 4090 intenta,
1088 4033 1152 4078 non
1173 4033 1253 4097 vaga
1273 4023 1305 4078 at
1326 4015 1516 4078 intimorata.
1538 4015 1631 4078 Deni-
1644 4001 1735 4086 α’ωἷι,
1749 4037 1769 4079 r.

83 4115 138 4178 tim
155 4113 330 4178 tormidine
345 4132 459 4196 poena,
475 4132 515 4176 ne
531 4114 692 4177 damnatio
708 4114 831 4196 inlliga-
885 4133 947 4198 que
969 4114 1032 4176 Deo
1056 4112 1226 4187 servimus,
1252 4129 1315 4176 non
1340 4112 1444 4174 solum
1467 4131 1525 4194 per
1549 4112 1632 4176 hona

82 4220 284 4289 tur,vocatur
299 4213 395 4275 timor
410 4210 734 4286 initialis,dummodo
748 4215 833 4295 prin·
885 4230 982 4296 opera
1000 4211 1167 4286 exteriora,
1184 4211 1335 4276 videlicet
1349 4211 1455 4274 eundo
1469 4211 1509 4274 ad
1524 4211 1633 4275 divina

82 4311 216 4395 cipalius
241 4317 402 4374 metuatur
424 4309 479 4373 Dei
500 4309 624 4374 oflensa
646 4329 702 4374 seu
725 4312 829 4396 culpa.
885 4313 1011 4388 Ollicia,
1023 4311 1241 4395 eleemosynas
1256 4310 1370 4384 dando,
1384 4310 1515 4385 orando,
1530 4329 1634 4392 genua

82 4410 210 4495 Propter
224 4409 313 4492 quod
327 4408 425 4472 timor
438 4409 498 4472 iste
511 4417 561 4472 est
575 4411 832 4487 meritoriuanco
886 4411 1081 4486 inclinando,
1098 4411 1154 4473 sed
1175 4409 1277 4473 multo
1301 4409 1374 4493 plus
1397 4427 1454 4492 per
1476 4415 1565 4472 actus
1587 4410 1634 4472 in·

83 4507 149 4572 sine
171 4510 304 4572 caritate
324 4507 469 4571 hahetur.
886 4511 1030 4584 teriores,
1050 4508 1201 4574 videlicet
1222 4509 1254 4572 in
1278 4509 1385 4591 ipsum
1410 4507 1579 4584 credendo,
1601 4509 1634 4570 in

119 4609 231 4692 ltaque
247 4608 280 4670 in
296 4608 436 4670 themate
452 4617 692 4694 praessumpto,
703 4619 831 4673 sanctus
886 4629 923 4674 eo
938 4609 1105 4693 sperando,
1119 4609 1225 4691 ipsum
1241 4607 1364 4670 larvide
1379 4606 1551 4688 diligendo,
1564 4607 1635 4689 ejus

81 4716 110 4770 et
125 4707 395 4793 preclarissimus
415 4707 469 4770 ille
488 4708 581 4772 Josue
602 4709 745 4772 hortatur
760 4727 829 4783 nos,
886 4711 1038 4774 honorem
1054 4716 1086 4772 et
1099 4707 1233 4789 gloriam
1250 4707 1283 4770 in
1298 4705 1450 4770 omnibus
1471 4707 1635 4769 intenden-

82 4815 115 4870 ut
134 4809 239 4871 Deum
260 4807 365 4880 filiali,
382 4814 491 4870 sancto
509 4814 541 4870 et
561 4815 647 4871 casto
663 4827 831 4872 vereamur
885 4812 936 4884 do,
953 4829 1027 4872 euru
1049 4806 1189 4870 fideliter
1210 4805 1466 4888 contemplando,
1483 4805 1634 4868 salutaria

80 4907 370 4988 timore,tanquam
386 4905 831 4990 optimum,piissimqum,dul·
886 4907 1076 4971 meditando.
1094 4905 1148 4968 isti
1168 4913 1243 4967 sunt
1257 4912 1347 4967 actus
1365 4904 1559 4984 dignissimi,
1575 4923 1633 4986 per

81 5005 250 5069 cissimum
275 5013 370 5087 atque
400 5006 601 5069 carissimum
629 5013 763 5088 patrem,
790 5025 830 5070 ne
845 5014 870 5076 Ι)
884 5025 964 5091 quos
980 5006 1063 5069 Deus
1083 5004 1287 5088 potissimum
1302 5002 1428 5078 colitur,
1446 5003 1629 5078 honoratur,

79 5125 152 5170 aum
176 5107 211 5168 in
232 5105 341 5188 aliquo
361 5103 574 5179 oilendamus,
591 5113 623 5168 et
645 5123 684 5168 ne
707 5106 831 5188 elonge-
883 5107 978 5189 eique
997 5103 1145 5178 servitur,
1162 5102 1432 5186 quemadmodum
1453 5101 1558 5183 primo
1572 5101 1630 5164 ilc·

80 5225 152 5268 mur
167 5213 224 5268 aut
240 5223 427 5288 separemur
440 5204 480 5268 ab
499 5221 549 5280 eo,
566 5223 663 5288 quam
680 5207 712 5268 in
728 5205 829 5270 omni·
883 5208 963 5287 gum'
974 5202 1102 5266 Samuel
1117 5202 1301 5264 exhortatur
1318 5218 1325 5262 :
1342 5200 1516 5282 Praeparate
1535 5200 1629 5262 corda
1643 5217 1777 5275 insama.

78 5304 138 5368 hus
153 5313 186 5368 et
201 5323 301 5387 super
315 5303 464 5366 universa
479 5303 655 5386 diligimus,
670 5312 702 5366 et
717 5304 750 5367 in
766 5323 830 5388 quo
884 5310 990 5366 vestra
1009 5301 1154 5374 Domino,
1171 5307 1202 5362 et
1222 5299 1338 5362 servite
1357 5297 1405 5360 illi
1426 5297 1497 5360 soli.

204 5443 240 5496 T.
258 5445 298 5498 30.
1474 5434 1504 5484 1s
