4192 6258
359 505 507 554 noruruca
527 507 569 553 xx
590 505 663 554 rosv
682 505 876 554 mmrrarnrr.
896 523 936 536 -
956 507 999 552 nn
1019 505 1193 555 nstrorosos
1204 508 1213 572 ;
1235 507 1334 556 snnuo
1354 509 1466 558 snxrus
1617 471 1688 558 ‘563

138 676 247 758 genito
263 693 322 741 suo
340 676 371 739 in
393 683 484 739 utero
498 675 648 758 Virginis,
665 675 889 757 conjungendo
903 680 929 744 A
943 677 1222 758 exasperatricem‚
1243 675 1328 740 lilios
1347 676 1454 751 lsrael,
1476 675 1530 759 qui
1555 677 1689 740 audiunt

138 775 168 836 ei
184 783 331 837 naturam
351 775 525 837 humanam
546 775 579 836 in
597 774 718 837 unitate
733 791 886 856 persona.
943 792 1106 838 sermones
1127 792 1215 837 meos
1235 795 1274 838 ex
1296 783 1336 850 te,
1353 782 1384 837 et
1402 793 1465 838 non
1486 774 1610 838 faciunt
1623 793 1687 840 ces.

137 873 185 935 Ad
201 873 257 935 hes
273 873 401 954 nuptias
415 891 526 934 sumus
541 871 656 945 vocati,
674 879 709 934 ut
722 889 775 934 cas
790 871 888 933 lactas
983 872 1102 935 Deinde
1128 873 1160 934 in
1185 873 1350 954 evangelio
1378 873 1544 948 hodierno,
1567 874 1606 936 de
1635 874 1691 936 ali-

138 989 209 1034 esse
224 989 299 1034 vere
319 971 486 1033 credamus
505 977 537 1032 et
554 969 776 1045 conliteamur,
793 977 888 1051 atque

137 1088 197 1152 pro
212 1079 276 1133 tarn
293 1068 613 1152 incomprehensibili
629 1069 769 1143 caritate,
782 1067 889 1150 digna-

137 1169 224 1232 tione
237 1187 274 1231 ac
287 1167 510 1230 munificentia
523 1168 619 1230 totius
634 1167 888 1248 supergloriosis·

138 1265 228 1330 sime
243 1265 417 1340 Trinitatis,
426 1272 459 1328 et
473 1265 675 1348 potissimum
691 1263 786 1327 Verbi
802 1271 889 1328 aeter·

139 1365 173 1427 ni
190 1364 276 1427 circa
293 1370 434 1427 nostram
454 1371 612 1438 naturam,
628 1361 888 1446 superaltissimae

139 1463 287 1526 Trinitati
310 1463 384 1526 totis
406 1462 529 1525 viribus
552 1462 769 1543 regratiamur.
792 1462 826 1524 ln
849 1462 888 1524 iis

139 1561 275 1644 nuptiis,
296 1561 480 1642 unigenitus
501 1560 611 1635 Filius,
631 1566 783 1642 tanquam
805 1578 888 1624 amo

139 1659 324 1722 rosissimus
355 1677 502 1742 sponsus,
534 1666 680 1722 naturam
714 1659 886 1721 humanam

138 1777 239 1841 quam
260 1759 445 1840 assumpsit,
463 1757 572 1820 intime
593 1775 630 1820 ac
655 1757 888 1840 propinquissi-

943 970 1060 1052 quibus
1085 970 1203 1034 dicitur
1226 972 1312 1054 quod
1336 972 1545 1053 neglexerunt
1569 973 1688 1035 venire.

942 1069 999 1131 Per
1014 1087 1094 1152 quos
1109 1068 1333 1151 significantur
1350 1069 1546 1152 negligentes
1562 1076 1594 1134 et
1607 1071 1691 1153 pigri

943 1167 1095 1248 religiosi,
1112 1168 1167 1250 qui
1190 1186 1271 1249 opus
1293 1168 1349 1230 Dei
1370 1167 1493 1230 faciunt
1517 1168 1691 1231 irreveren-

942 1273 1001 1340 ter,
1024 1266 1182 1342 indevote,
1204 1266 1352 1348 insipide,
1372 1266 1570 1348 adspirantes
1590 1267 1630 1328 ad
1651 1266 1690 1328 li-

944 1383 1029 1438 nem,
1051 1373 1157 1427 mente
1177 1364 1260 1446 vagi,
1282 1365 1384 1427 oculis
1409 1363 1604 1439 incustoditi,
1624 1382 1691 1446 gra-

943 1483 998 1526 ves
1012 1470 1045 1525 et
1059 1463 1261 1525 somnolenti.
1278 1464 1336 1538 Qui
1353 1462 1521 1545 multiplex
1536 1463 1690 1525 damnum

944 1561 1121 1636 incurrunt,
1139 1561 1213 1644 quia
1238 1570 1270 1624 et
1293 1561 1325 1624 in
1351 1561 1499 1644 praesenti
1525 1561 1691 1625 tediosam

943 1667 991 1722 est
1011 1659 1058 1722 eis
1083 1659 1304 1742 spiritualibus
1330 1659 1490 1724 exercitiis
1515 1659 1689 1734 immorari,

943 1758 1052 1840 sicque
1082 1758 1259 1840 plurimum
1285 1758 1473 1834 laborantes,
1499 1777 1612 1841 parum
1637 1765 1691 1821 aut

140 1875 193 1919 me
220 1856 283 1920 sibi
312 1857 489 1938 conjunxit,
515 1855 695 1930 adstrinxit,
720 1855 887 1937 amplexus
905 1866 928 1928 Β
944 1857 1024 1918 nihil
1048 1857 1133 1938 apud
1158 1857 1258 1919 Deum
1288 1865 1469 1936 merentur3
1496 1857 1560 1919 imo
1584 1857 1690 1939 potius

138 1963 199 2029 est,
215 1955 368 2037 omnique
388 1955 472 2018 deno
492 1954 600 2036 gratiae
621 1971 658 2015 ac
680 1953 801 2016 lumine
822 1953 888 2034 glo-

139 2055 207 2129 riae,
229 2053 316 2116 omni
339 2052 476 2135 Spiritus
497 2051 603 2115 Sancti
628 2052 818 2114 charismate
843 2052 888 2114 in·

139 2150 400 2235 comparabiliter
420 2151 596 2225 adornavit,
615 2149 811 2225 secundavit,
832 2151 888 2212 im·

139 2251 253 2334 plevit,
279 2250 441 2332 quianon
465 2249 574 2311 decuit
604 2249 807 2330 Unigenitum
831 2249 887 2312 Dei

138 2349 314 2412 humanam
336 2355 480 2410 naturam
501 2347 563 2409 nisi
579 2347 666 2410 omni
682 2346 766 2410 dono
780 2365 889 2430 super·

138 2447 278 2511 naturali
303 2448 433 2530 praelato
457 2445 683 2510 venustissime
707 2446 887 2508 decoratam

139 2555 173 2609 et
187 2544 444 2629 pulchrificatam
463 2564 637 2618 assumere,
654 2561 717 2608 non
733 2545 817 2626 quod
837 2544 890 2607 ad-

139 2644 265 2708 ornatio
281 2643 335 2705 illa
353 2644 491 2724 gratiosa
509 2661 546 2705 ac
561 2642 698 2724 gloriosa
717 2642 889 2724 hypostati-

138 2763 212 2807 cam
235 2742 387 2806 unioncm
408 2749 463 2804 aut
482 2742 734 2824 assumptionem
760 2759 890 2823 praces-

139 2841 220 2904 serit
233 2849 387 2923 tempore,
404 2840 470 2903 imo
485 2841 596 2903 codem
612 2839 741 2901 instanti
756 2846 890 2921 utraque

943 1954 1179 2017 damnationem
1194 1955 1256 2017 sihi
1271 1955 1485 2029 accumulant,
1496 1975 1597 2038 quum
1613 1955 1691 2017 scri-

942 2059 1033 2135 ptum
1057 2054 1098 2116 sit
1115 2071 1122 2115 :
1139 2053 1323 2116 Maledictus
1346 2053 1402 2136 qui
1426 2053 1503 2117 lacit
1527 2072 1607 2137 opus
1632 2052 1689 2116 Dei
1712 2075 1836 2127 annm,

941 2151 1176 2231 fraudulentam
1193 2152 1344 2234 itemque,
1354 2152 1432 2226 Quia
1446 2152 1573 2234 tepidus
1588 2171 1633 2228 es,
1643 2153 1690 2214 in·
1732 2168 1739 2182 ·

943 2250 1060 2332 cipiam
1076 2257 1107 2312 te
1122 2268 1271 2313 evomere
1285 2269 1325 2313 cx
1339 2268 1393 2314 ore
1409 2267 1492 2314 meo.
1508 2250 1566 2324 Qui
1582 2259 1690 2313 autern

943 2349 1092 2410 custoditi
1109 2356 1183 2412 sunt
1198 2349 1313 2423 cordis,
1324 2349 1503 2431 spirituque
1519 2349 1690 2424 lerventes,

944 2465 1024 2530 opus
1053 2448 1109 2510 Dei
1138 2447 1370 2511 delectabiliter
1398 2456 1506 2530 agunt,
1537 2456 1569 2511 et
1598 2467 1692 2512 omne

943 2553 1072 2628 tempus
1101 2547 1186 2629 quod
1216 2547 1249 2608 in
1278 2547 1396 2609 divinis
1426 2548 1621 2629 expendunt,
1647 2546 1693 2609 eis

944 2644 1042 2708 breve
1061 2645 1199 2718 videtur,
1216 2645 1281 2708 imo
1301 2646 1354 2707 vir
1374 2663 1478 2708 moras
1499 2645 1691 2728 percipiunt.

945 2743 1077 2805 Etiamsi
1101 2743 1287 2806 matutinale
1308 2742 1455 2806 osticium
1480 2763 1538 2827 per
1558 2750 1694 2827 quatuor

944 2841 1155 2924 autquinque
1170 2842 1263 2905 horas
1279 2841 1491 2924 protrahatur,
1501 2849 1632 2924 apparet
1647 2845 1694 2908 cis

1703 2202 1837 2258 Apocnudt.

137 2941 225 3003 lacta
245 2948 301 3003 est.
945 2940 1035 3021 quasi
1056 2947 1273 3020 momentum;
1290 2939 1466 3022 psalmodia
1486 2941 1532 3003 eis
1551 2941 1694 3004 dulcissi-

181 3040 346 3114 Praeterea,
367 3038 487 3120 nuptia
511 3037 756 3100 sacramentales
778 3045 809 3100 et
833 3056 890 3099 nu·
906 3038 928 3103 C
946 3057 996 3102 me
1017 3039 1115 3121 sapit3
1131 3039 1340 3103 diuturnitate
1361 3039 1542 3103 orationum
1564 3059 1601 3103 ac
1627 3061 1693 3104 me·

139 3137 217 3221 ptiae
247 3136 419 3200 internales
450 3155 484 3199 se
513 3135 633 3198 habent
662 3143 698 3198 ut
728 3143 830 3198 totum
859 3143 891 3199 at
945 3137 1134 3201 dilationum
1167 3155 1230 3200 non
1264 3136 1466 3219 affliguntur,
1497 3139 1551 3201 sed
1584 3140 1693 3202 relici-

140 3255 216 3319 pars
233 3255 240 3300 :
258 3237 330 3299 ideo
352 3236 392 3297 ad
415 3242 566 3317 utrasque
587 3253 699 3296 sumus
720 3235 835 3309 vocati,
856 3241 891 3297 ut
944 3242 1053 3311 untur,
1084 3244 1116 3298 et
1145 3237 1226 3298 mira
1256 3235 1288 3297 in
1321 3235 1439 3298 sanctis
1470 3236 1605 3313 actibus,
1636 3238 1693 3321 qui

139 3336 243 3398 simus
273 3353 331 3417 per
358 3333 458 3397 lidem
487 3341 520 3396 et
548 3332 712 3396 caritatem
745 3333 890 3396 membra
944 3334 1102 3398 indevotis
1122 3333 1272 3398 laboriosi
1287 3333 1447 3410 videntur,
1465 3336 1619 3400 suavitate
1639 3357 1692 3420 pa·

138 3433 304 3508 Ecclesia,
328 3441 360 3497 et
383 3451 441 3515 per
463 3432 610 3495 eamdem
635 3430 734 3494 lidcrn
757 3438 790 3494 et
813 3432 891 3494 cari·
944 3440 1087 3508 scantur,
1108 3451 1183 3495 cum
1204 3432 1370 3496 Psalmista
1394 3432 1530 3496 latentes
1552 3453 1559 3498 :
1581 3435 1840 3510 Exsul-remea.

137 3540 240 3594 tatem
259 3531 324 3594 sint
342 3531 457 3595 animae
478 3538 593 3594 nostrae
614 3529 730 3593 Christi
754 3548 887 3612 sponsas.
943 3531 1057 3593 tabunt
1076 3531 1160 3593 labia
1179 3549 1250 3594 mea
1268 3550 1369 3613 quum
1390 3538 1558 3596 cantavero
1573 3533 1644 3608 tibi,
1661 3541 1693 3597 et

138 3631 204 3696 Sed
233 3630 316 3694 sicut
345 3630 378 3691 in
402 3629 574 3711 Evangelio
597 3628 747 3710 tangitur,
773 3628 891 3692 diversi
944 3629 1052 3692 anima
1066 3648 1137 3692 mea
1151 3647 1247 3711 quam
1263 3629 1484 3693 redemisti.Ei
1499 3631 1606 3713 itaque
1621 3633 1693 3696 aliis

137 3729 278 3793 diversis
300 3729 440 3810 peccatis
460 3726 681 3809 impediuntur
700 3724 741 3788 ab
759 3744 890 3788 accessu
945 3727 1177 3790 multominus
1206 3726 1398 3804 laborantes,
1425 3728 1527 3792 multo
1557 3729 1629 3812 plus
1655 3731 1694 3795 de

136 3829 181 3892 ad
211 3827 341 3909 nuptias
371 3826 457 3901 istas,
482 3833 515 3887 et
537 3843 595 3907 per
624 3841 822 3907 consequens
850 3824 891 3887 ab
944 3825 1106 3890 essentiali
1125 3826 1258 3908 premio
1272 3833 1524 3909 consequuntur,
1541 3829 1695 3910 quoniam

137 3925 314 4009 adeptione
338 3924 615 4008 supercaelestium
640 3924 835 4006 nuptiarum,
851 3924 891 3986 ad
944 3925 1134 4007 promptiori
1149 3930 1183 3987 et
1202 3924 1389 3988 ferventiori
1408 3925 1528 3988 ellectu
1546 3926 1610 3990 Deo
1630 3947 1695 3991 ser·

138 4044 223 4110 quas
245 4043 309 4088 non
329 4024 392 4088 nisi
414 4043 471 4107 per
491 4023 620 4106 nuptias
640 4022 789 4086 Ecclesia
811 4023 892 4085 mili·
944 4024 1012 4087 vire
1026 4023 1523 4106 noscunturhssucscamusergo
1536 4042 1593 4089 nos
1609 4026 1694 4109 ipsos

137 4125 241 4189 tantis
260 4123 461 4207 pertingitur.
478 4122 561 4185 Vitia
580 4129 687 4184 autern
706 4120 747 4183 ab
766 4121 816 4184 his
838 4141 893 4184 nu·
945 4141 1160 4205 compescere,
1178 4140 1291 4205 pravas
1315 4125 1562 4187 consuetudines
1583 4127 1694 4190 exstir-

138 4223 221 4309 ptiis
236 4221 590 4305 impedientia,sunt,ut
605 4219 811 4301 Evangelium
827 4227 891 4283 tan·
906 4221 931 4286 h
945 4240 1029 4304 pare,
1052 4220 1277 4283 dissolutiones
1301 4222 1413 4294 vitare,
1439 4221 1693 4286 consolatiuncu-

10 5146 85 5190 lsech.
95 5160 119 5196 u,

137 4324 200 4406 git,
222 4321 350 4395 duritia,
371 4318 553 4392 obstinatio,
573 4318 752 4381 indocilitas
774 4319 889 4394 cordis,

138 4420 316 4485 immansio
337 4419 458 4501 proprii
481 4435 604 4491 sensus,
621 4419 801 4500 aspernatio
819 4418 892 4480 ohe·

137 4518 254 4584 diendi
271 4537 278 4582 :
294 4523 327 4581 et
346 4517 395 4579 his
415 4515 502 4578 vitiis
522 4515 669 4590 involuti,
685 4515 891 4597 designantur

138 4637 204 4705 per
224 4635 278 4681 eos
298 4616 355 4698 qui
376 4615 549 4678 noluerunt
566 4615 687 4678 venire.
704 4615 794 4678 'l'ales
818 4621 892 4676 sunt

138 4718 202 4802 qui
222 4715 360 4797 correpti
377 4721 409 4776 et
423 4714 566 4794 castigati
587 4731 650 4776 non
669 4714 890 4787 emendantur,

138 4817 202 4880 sed
218 4814 458 4888 murmurando,
475 4813 670 4894 indignando
685 4831 782 4895 seque
798 4831 891 4875 excu-

137 4916 256 4989 sand0,
281 4921 336 4976 aut
359 4912 431 4976 aliis
455 4911 569 4987 modis,
587 4911 673 4973 liunt
697 4911 833 4994 pejoreS,
854 4909 894 4974 si-

138 5015 240 5080 miles
259 5011 519 5078 ohstinatissimis
540 5010 619 5073 titiis
640 5011 747 5085 lsrael,
763 5011 802 5074 de
823 5011 893 5094 qui·

138 5116 207 5179 bus
231 5113 269 5176 ed
294 5111 492 5174 Ezechielem
517 5109 659 5191 loquitur
682 5110 765 5172 Deus
789 5129 796 5174 :
822 5109 893 5172 Eilii

946 4319 991 4382 las
1006 4319 1086 4382 viles
1101 4327 1316 4392 contemnere,
1331 4319 1502 4382 exteriores
1518 4319 1693 4402 reprimere

946 4418 1116 4498 sensus3in
1132 4417 1215 4493 cibo,
1223 4425 1311 4499 potu,
1319 4435 1431 4480 somno
1446 4425 1478 4480 ct
1492 4418 1580 4481 omni
1593 4437 1626 4482 re
1642 4439 1694 4484 ex-

945 4518 1054 4581 teriori
1070 4535 1271 4600 nequaquam
1288 4535 1429 4599 quaerere
1444 4517 1630 4600 voluptates,
1637 4537 1693 4584 nos

946 4618 1032 4701 ipsos
1056 4616 1198 4700 quotidie
1227 4616 1409 4680 examinare
1436 4617 1693 4700 diligentissime,

946 4717 1152 4799 disciplinare
1181 4715 1328 4790 discrete,
1355 4734 1547 4799 componere
1577 4736 1693 4794 mores,

947 4825 979 4879 et
1000 4824 1142 4879 mentem
1164 4815 1291 4878 assidue
1312 4815 1351 4877 ad
1373 4815 1474 4878 Deum
1496 4815 1628 4897 erigere.

987 4917 1120 4998 Insuper
1144 4914 1176 4977 in
1202 4913 1367 4996 evangelio
1389 4914 1492 4976 lertur
1516 4915 1600 4997 quod
1625 4913 1694 4996 qui·

948 5016 1021 5078 dam
1045 5015 1193 5078 abierunt
1217 5013 1249 5076 in
1274 5013 1384 5076 villam
1409 5032 1510 5076 snam.
1533 5013 1590 5076 Per
1613 5031 1694 5095 quos

948 5113 1173 5196 exprimuntur
1194 5111 1366 5186 ambitiosi,
1385 5111 1514 5174 honoris
1534 5117 1566 5174 et
1585 5111 1694 5192 gloria

12 5213 73 5257 ¹¹¹·⁷·
139 5210 336 5278 indomabili
351 5210 446 5273 corde
462 5216 547 5285 sunt,
559 5215 591 5271 et
605 5208 711 5270 attrita
726 5207 847 5287 lronte3
863 5216 895 5271 ct
948 5211 1068 5294 cupidi,
1085 5226 1166 5292 quos
1183 5209 1318 5272 delectat
1338 5228 1484 5292 praeesse,
1506 5209 1691 5292 precipere,

10 5283 48 5326 tid.
58 5296 82 5333 u,
92 5283 120 5330 ὃς

10 5348 97 5396 Μ,
139 5331 270 5385 rursus,
287 5310 346 5373 Eili
367 5309 519 5384 hominis,
538 5308 630 5372 mitto
651 5315 682 5371 te
704 5308 742 5372 ad
767 5315 894 5390 gentem
947 5310 1155 5393 judicareque
1169 5309 1372 5391 alios,quum
1386 5326 1451 5371 non
1466 5309 1631 5372 sullicient
1645 5328 1693 5374 re-
