4214 6254
401 507 434 555 m
454 508 505 554 nm
527 507 643 556 sursum
665 507 880 556 rememoras.
902 525 940 536 -
962 507 1004 553 nn
1025 506 1221 572 scelerosam
1243 507 1343 554 smuo
1363 505 1476 552 smnus
1673 483 1711 549 el

161 677 277 752 votior,
303 677 489 753 ferventior,
514 679 753 763 temperantior,
779 679 913 743 alacrior
927 677 953 742 l
968 678 1067 753 Quam
1098 697 1211 760 magna
1235 677 1406 741 multitudo
1434 674 1614 739 dulcedinis
1638 682 1711 748 tuse,
1728 689 1859 743 ramae.

160 775 311 838 inveniri.
329 776 519 858 Huiusmodi
544 795 683 860 namquo
704 777 802 852 zelus,
823 775 913 840 flam·
967 777 1115 842 Dominet

160 892 214 937 ma
234 893 291 938 seu
313 875 476 957 appetitus
496 893 559 939 non
582 893 622 939 ex
642 875 748 958 aliqua
770 875 914 958 procedit
1006 876 1177 948 Postremo,
1194 874 1345 958 quoniam
1361 879 1440 936 teste
1456 873 1485 936 S.
1502 872 1606 936 Leone
1620 872 1713 954 Papa,

158 973 310 1048 elatione,
326 973 382 1036 sed
406 993 445 1036 ex
467 974 577 1038 divino
600 993 637 1038 ao
660 973 800 1037 fraterno
821 973 913 1056 spiri·
967 973 1046 1036 nihil
1062 981 1127 1036 tam
1143 973 1221 1036 utile
1237 973 1396 1046 Ecclesiae,
1413 979 1479 1034 tam
1499 969 1713 1034 necessarium

159 1071 239 1134 tuali
260 1089 380 1146 amore,
396 1090 460 1155 quo
480 1073 555 1156 quis
575 1073 676 1136 Deum
696 1072 769 1136 totis
789 1072 912 1136 viribus
966 1071 1164 1146 Christianis,
1193 1080 1258 1134 tarn
1287 1070 1415 1134 salubre
1443 1067 1607 1142 fidelibus,
1632 1067 1716 1130 sicut

160 1169 286 1252 appetit
309 1170 476 1246 honorare,
497 1179 529 1234 et
553 1171 715 1254 proximos
739 1169 909 1244 aedificare,
967 1187 1078 1250 pacem
1104 1169 1197 1231 istoru
1223 1169 1379 1232 internam
1407 1169 1535 1242 babere,
1559 1166 1714 1228 unitatem

160 1267 281 1350 quibus
305 1275 337 1331 et
359 1269 580 1350 negligentior,
598 1269 786 1343 indevotior,
803 1287 910 1332 carna·
966 1267 1109 1348 diligere,
1140 1267 1342 1331 concordiam
1370 1267 1561 1344 observare;
1590 1264 1714 1328 studea-

161 1365 234 1440 lior,
267 1365 485 1449 imperfectior
514 1367 651 1430 inveniri
682 1365 911 1449 sapientialiter
968 1384 1038 1428 mus
1067 1385 1194 1449 semper
1219 1365 1355 1448 pacifice
1379 1367 1497 1448 pariter
1520 1362 1712 1436 conversari,

158 1463 331 1528 erubescit
967 1462 1032 1526 imo
1053 1471 1177 1526 etcum
1196 1463 1246 1526 his
1267 1464 1321 1546 qui
1345 1464 1459 1527 odiunt
1477 1480 1588 1546 pacem
1608 1459 1712 1543 pacati

202 1563 366 1638 Praeterea,
383 1563 466 1627 sicut
485 1563 628 1628 Salvator
646 1563 726 1626 dixit
739 1563 909 1646 Apostolis,
965 1569 996 1625 ct
1020 1561 1182 1644 tranquilli
1208 1562 1391 1636 consistere,
1418 1561 1633 1624 discordantes
1660 1578 1715 1641 pa·

85 1713 89 1720 .
160 1660 274 1724 Pacem
300 1661 447 1744 relinquo
473 1661 577 1736 robis,
604 1680 715 1744 pacem
743 1679 846 1724 meam
870 1661 911 1724 do
965 1659 1104 1722 cificare.
1126 1659 1212 1722 Beati
1237 1679 1375 1742 namque
1398 1659 1538 1743 pacifici,
1561 1657 1712 1740 quoniam
1727 1675 1861 1728 suetas.

162 1759 273 1838 vobis;
289 1759 335 1822 sie
356 1760 433 1822 dum
458 1761 527 1842 ipsc
550 1767 583 1823 ct
606 1760 696 1824 Pater
718 1768 750 1822 ot
773 1759 910 1842 Spiritus
966 1757 1027 1820 filii
1044 1757 1098 1820 Dei
1112 1758 1321 1821 vocabuntur.
1334 1758 1523 1821 Turbatores
1538 1773 1625 1830 vero,
1642 1772 1715 1818 con·

160 1858 296 1921 Sanmus
313 1866 453 1922 mentem
469 1858 598 1922 visitant
613 1866 706 1940 atque
723 1855 947 1932 inhabitant,B
967 1855 1105 1930 tentiosi,
1131 1857 1334 1930 detractores,
1360 1855 1567 1919 seminatores
1595 1854 1714 1917 discor·

160 1975 274 2040 paoem
302 1958 458 2020 internam
484 1966 516 2020 et
545 1965 695 2039 tanquam
725 1956 909 2020 continuam
966 1954 1036 2027 diae,
1054 1953 1237 2036 litigatores,
1250 1954 1419 2036 pungitivi‚
1435 1953 1608 2027 mordaces,
1620 1951 1713 2032 cujus

158 2055 332 2138 quamdam
358 2055 560 2118 serenitatem
586 2062 718 2118 causant
741 2056 773 2117 in
798 2073 846 2129 ea,
864 2053 909 2117 fa·
965 2053 1028 2115 nisi
1044 2052 1162 2116 diaboli
1178 2052 1239 2115 filii
1255 2052 1521 2135 comprobanturf
1537 2051 1614 2116 Nam
1631 2049 1714 2114 sicut

160 2153 283 2216 cientes
304 2171 375 2215 eam
401 2153 433 2215 in
459 2171 492 2216 se
517 2153 682 2236 quiescere
705 2161 737 2216 et
759 2152 907 2234 gaudere.
966 2150 998 2213 in
1014 2169 1093 2233 pace
1109 2150 1211 2213 factus
1228 2159 1276 2214 est
1291 2151 1379 2214 locus
1399 2151 1467 2226 Dei,
1485 2150 1528 2212 ita
1543 2149 1577 2212 in
1592 2156 1713 2232 pertur-
1727 2169 1860 2220 caussa

160 2252 251 2315 Unde
280 2251 464 2334 hujusmodi
494 2251 590 2315 homo
616 2252 769 2315 veraciter
794 2250 910 2315 virtuo
966 2248 1104 2324 batione,
1125 2249 1340 2322 contentione,
1362 2249 1530 2322 divisione,
1552 2255 1600 2311 est
1625 2247 1713 2310 locus

159 2369 312 2433 sus,pace
327 2349 468 2413 abundat
482 2349 624 2413 interiori
641 2358 673 2412 et
686 2350 802 2431 gaudio
818 2349 910 2433 spiri·
965 2347 1094 2412 diaboli.
1111 2347 1169 2422 Qui
1189 2347 1273 2410 sicut
1295 2347 1383 2409 nulla
1402 2366 1435 2409 re
1455 2355 1580 2409 tantum
1598 2345 1713 2426 affligi-

159 2449 257 2528 tuali3
275 2457 386 2531 estque
401 2449 505 2512 alacer
521 2450 552 2511 in
568 2449 686 2512 divinis
704 2456 735 2512 et
747 2449 909 2530 jucundus
965 2453 1017 2507 tur
1041 2445 1124 2508 siout
1147 2446 1288 2518 caritate,
1306 2445 1475 2508 concordia
1499 2451 1531 2508 et
1554 2443 1712 2526 spirituali

161 2547 195 2609 in
220 2547 366 2622 Domino,
382 2565 456 2610 curn
479 2547 608 2610 mentali
636 2547 743 2610 laetitia
767 2547 909 2610 serviens
963 2543 1163 2625 jucunditate
1178 2561 1343 2606 servorum
1359 2543 1476 2618 Dci,ita
1490 2544 1529 2606 de
1545 2543 1634 2605 nullo
1648 2550 1714 2604 tan-

160 2647 238 2719 Deo,
255 2645 335 2707 etin
350 2644 509 2708 hilaritate
528 2663 624 2726 agens
639 2646 763 2726 qusead
783 2644 908 2708 laudem
966 2649 1032 2704 tum
1064 2641 1187 2705 lautus
1212 2650 1246 2704 ut
1275 2642 1313 2704 de
1342 2644 1518 2714 aversione,
1544 2640 1712 2712 discordia,

160 2750 194 2806 et
217 2743 350 2826 gloriam
376 2742 452 2806 facit
473 2743 621 2806 altissimi
645 2743 828 2826 summique
853 2743 908 2806 Dei
965 2741 1167 2804 contentione
1188 2748 1220 2804 et
1242 2740 1421 2804 inordinata
1441 2739 1570 2804 tristitia
1588 2757 1713 2803 corum-

159 2841 399 2924 omnipotentis.
424 2841 483 2916 Qui
507 2849 614 2904 autem
639 2849 725 2904 caret
748 2841 807 2904 bac
832 2861 909 2924 pace
964 2839 1047 2901 dem.
1066 2837 1244 2920 Propterea,
1261 2839 1346 2921 quod
1369 2838 1423 2902 illc
1445 2838 1477 2900 in
1501 2837 1593 2901 nobis
1613 2837 1713 2918 magis
1806 2845 1809 2852 ’

160 2941 298 3014 interna,
323 2959 394 3022 qum
422 2947 471 3002 est
494 2939 586 3022 quies
614 2959 670 3003 seu
696 2939 908 3022 tranquillitas
965 2936 1169 3020 persequitur
1183 2935 1354 3000 etauferre
1370 2943 1512 3010 conatur,
1529 2935 1713 3017 vigilantius

159 3039 268 3101 cordis
284 3037 316 3099 in
332 3038 407 3111 fleo,
424 3037 609 3120 passionum
628 3037 758 3119 quidem
778 3057 907 3100 suarum
927 3036 949 3100 C
965 3035 1199 3113 custodiamus3
1215 3041 1247 3098 et
1259 3034 1350 3116 juxta
1365 3033 1520 3097 Zacharia
1534 3033 1710 3106 oraculum,

158 3135 281 3198 aculeis
295 3134 480 3218 frequenter
495 3135 669 3211 mordetur,
681 3134 908 3217 inquietudini·
964 3152 1077 3216 pacem
1097 3141 1129 3196 et
1143 3133 1308 3196 veritatem
1326 3133 1445 3214 jugiter
1460 3133 1640 3214 diligamus.
1658 3131 1713 3193 Te·
1735 3145 1860 3198 aarum„

160 3233 222 3295 bus
241 3233 388 3314 agitatur,
405 3233 462 3306 ira,
480 3232 680 3314 impatientia
699 3239 730 3294 et
751 3232 822 3294 aliis
846 3250 910 3295 mo
964 3239 1011 3293 ste
1027 3231 1175 3313 equidem
1190 3231 1379 3312 Augustino,
1395 3231 1457 3294 tale
1473 3249 1508 3293 ac
1526 3237 1649 3292 tantum
1664 3237 1712 3291 est
1729 3215 1760 3254 ¹⁹·

160 3330 248 3393 tibus
264 3330 452 3394 inordinatis
471 3329 636 3412 affligitur.
654 3330 782 3392 l'alibus
802 3331 911 3394 solitu·
965 3329 1085 3392 bonum
1107 3329 1205 3412 pacis,
1223 3337 1258 3392 ut
1278 3329 1309 3391 in
1332 3329 1427 3392 rebus
1447 3329 1560 3392 creatis
1581 3328 1626 3390 nil
1642 3347 1711 3410 pre-

160 3431 202 3492 do
217 3437 266 3492 est
280 3429 397 3510 gravis,
411 3437 443 3492 et
458 3435 585 3511 tempus
601 3429 742 3510 longum,
754 3429 910 3492 discursio
964 3429 1076 3491 tiosius
1100 3427 1258 3502 audiatur,
1286 3427 1332 3489 nil
1361 3428 1486 3491 avidius
1510 3426 1713 3509 concupisca-

160 3527 322 3600 solatiosa,
339 3526 493 3590 fabulatio
511 3535 598 3608 grata
615 3544 622 3589 :
640 3546 713 3590 nam
734 3527 809 3610 quia
825 3529 910 3590 intus
965 3535 1027 3600 tur,
1049 3526 1094 3589 nil
1115 3527 1220 3590 carius
1241 3527 1450 3609 possideatur.

160 3644 226 3688 non
247 3625 425 3706 gloriantur
445 3625 478 3686 in
501 3625 646 3699 Domino,
663 3624 739 3687 foris
764 3635 910 3707 quarunt
1005 3625 1090 3687 llanc
1107 3625 1204 3705 igitur
1219 3643 1331 3708 pacem
1350 3624 1523 3688 mentalem
1543 3641 1606 3686 non
1622 3624 1714 3686 amit-

159 3722 317 3786 eonsolari
347 3741 420 3785 cum
451 3723 579 3786 mundo.
606 3723 744 3786 Redeant
773 3741 848 3804 ergo
871 3723 909 3785 ad
964 3731 1080 3796 tamus,
1097 3722 1332 3804 quantumlibet
1348 3723 1526 3786 forinsecus
1546 3722 1713 3804 impugne-

158 3839 226 3884 cor.
252 3820 441 3894 bonitatem,
469 3821 670 3895 suavitatem,
701 3821 910 3884 misericordi·
966 3839 1046 3883 mur.
1057 3820 1182 3884 Nullius
1198 3821 1412 3904 improbitate,
1424 3821 1645 3903 persecutione
1659 3827 1714 3882 aut

157 3939 225 3992 am,
241 3918 476 3993 excellentiam,
493 3918 722 3982 beatitudinem
737 3919 794 3981 Dei
810 3919 911 3982 consi·
964 3919 1201 3993 exercitatione,
1217 3920 1256 3982 ad
1281 3919 1508 3982 turbulentiam
1531 3919 1595 3993 irae,
1614 3919 1714 4002 impa-

158 4017 290 4096 derent;
301 4017 397 4079 etiam
413 4015 528 4080 Christi
543 4016 723 4098 passionem
739 4025 770 4080 et
785 4036 842 4080 sua
855 4035 909 4080 no
964 4017 1095 4092 tientiae,
1111 4017 1258 4092 tristitia,
1274 4025 1329 4080 aut
1348 4018 1464 4080 similis
1483 4016 1641 4100 passionis
1655 4036 1711 4079 seu

159 4115 294 4179 vissima
313 4115 529 4194 meditentur;
545 4116 578 4178 in
599 4115 774 4198 psallend0,
790 4116 910 4179 orando
964 4116 1034 4178 vitii
1052 4132 1253 4196 moveamur3
1270 4117 1325 4180 sed
1342 4116 1374 4178 in
1390 4116 1525 4180 Domino
1545 4123 1606 4178 stet
1621 4115 1712 4178 infle-

159 4213 383 4296 laudandoque
408 4215 507 4277 Deum
525 4214 650 4277 discant
672 4215 810 4295 gaudere
828 4232 835 4276 :
851 4215 910 4277 sic·
925 4215 949 4278 D
964 4215 1073 4278 nihilis
1101 4215 1227 4278 animus
1257 4223 1374 4290 noster,
1399 4217 1539 4290 caritate,
1565 4215 1711 4289 mititatc,

159 4331 226 4396 que
250 4313 402 4395 paulatim
427 4320 551 4387 vacent,
571 4321 699 4394 gustent
726 4321 758 4377 et
781 4314 910 4377 videant
964 4315 1128 4398 patientia,
1145 4314 1342 4389 fortitudine,
1364 4315 1530 4396 sapientia,
1551 4315 1713 4378 diseretio

160 4431 260 4494 quam
280 4411 383 4475 dulcis
402 4419 450 4475 est
469 4411 633 4487 Dominus,
650 4430 756 4476 coram
778 4429 842 4496 quo
864 4415 909 4476 iu·
964 4433 1015 4487 ne,
1032 4413 1209 4496 ceterisque
1231 4413 1404 4476 virtutibus
1427 4415 1568 4496 undique
1590 4414 1712 4478 confor-

160 4511 281 4574 teriora
294 4529 351 4574 sua
369 4511 511 4593 quotidie
527 4511 608 4574 bene
627 4511 799 4575 discutiant
813 4521 908 4595 atque
963 4519 1058 4584 tatus,
1090 4520 1240 4584 armatus,
1271 4511 1414 4574 munitus
1444 4521 1475 4574 et
1502 4513 1709 4596 constipatus,

158 4609 526 4692 custodiant30mnique
541 4609 606 4672 otio
621 4609 714 4692 pulso
734 4629 860 4694 semper
874 4631 908 4674 se
964 4610 1048 4672 sicut
1076 4629 1131 4671 rex
1160 4617 1246 4672 stans
1277 4609 1309 4671 in
1341 4610 1446 4673 medio
1473 4611 1522 4674 sui
1553 4613 1711 4674 exercitus

158 4707 284 4770 utiliter
304 4715 473 4790 occupent,
489 4715 520 4769 et
540 4708 579 4770 ad
601 4707 698 4771 Deum
719 4708 838 4791 ubique
858 4712 909 4773 ad·
964 4709 1070 4789 ipsum
1087 4708 1280 4791 protegentis
1299 4727 1336 4771 ac
1350 4708 1521 4772 ambientis
1542 4729 1581 4772 ne
1601 4711 1710 4773 vulne-

156 4807 293 4888 spirare,
309 4806 348 4868 ad
371 4805 476 4888 ipsum
501 4813 639 4869 mentem
659 4827 749 4871 suam
770 4808 907 4871 ubertim
964 4814 1059 4870 retur.
1087 4807 1150 4870 lloc
1175 4807 1267 4870 nobis
1292 4807 1553 4889 benignissimae,
1580 4809 1710 4872 adoran-

157 4905 265 4968 levare
285 4911 478 4968 assuescant.
497 4904 535 4967 Et
554 4913 630 4968 tunc
646 4905 756 4989 utique
777 4909 840 4972 cito
859 4929 909 4971 su·
962 4906 1033 4980 dus,
1045 4904 1249 4987 omnipotens
1265 4905 1401 4988 Spiritus
1416 4907 1549 4970 Sanctus
1565 4907 1710 4971 conferre

156 5023 267 5087 pernae
297 5003 523 5068 consolationis
551 5004 634 5067 fient
665 5005 847 5088 participes,
875 5007 907 5070 in
962 5003 1122 5085 dignetur,
1139 5003 1194 5086 qui
1215 5022 1289 5066 cum
1311 5005 1396 5067 Patre
1416 5013 1448 5067 et
1466 5006 1544 5069 lilio
1565 5027 1647 5069 unus
1663 5015 1711 5069 est

154 5111 283 5167 tantum
316 5103 401 5186 quod
433 5122 472 5166 ex
501 5103 658 5168 sententia
684 5103 868 5168 fatebuntur
899 5123 905 5168 :
962 5103 1045 5166 Deus
1066 5121 1162 5184 super
1184 5102 1293 5166 omnia
1316 5102 1513 5167 benedictus.
