4192 6258
331 507 479 556 nonrmca
499 510 553 556 ιιι
574 509 648 555 rosr
666 508 861 557 mmmm.
882 527 921 540 -
941 512 984 558 nn
1004 511 1179 560 nmisiosos
1190 513 1199 576 ;
1221 512 1320 560 sunno
1339 514 1476 570 ouanrus
1617 495 1679 560 579

121 673 269 737 custodia
289 693 326 738 ac
351 675 450 738 animi
473 675 648 757 vigilantia,
664 675 874 751 orationibus,
890 677 916 739 A
930 676 1000 740 aliae
1013 696 1118 759 parvae
1132 686 1187 739 aut
1201 677 1297 741 nullae
1313 674 1677 758 censentur,prmsertim

120 772 386 836 meditationibus
402 779 435 835 et
452 773 566 836 ceteris
581 773 732 836 virtuosis
753 773 877 836 insista·
930 794 1029 857 quum
1055 783 1087 838 et
1111 776 1171 838 boc
1192 776 1298 859 ipsum
1324 776 1408 858 quod
1433 791 1506 837 caro
1530 781 1562 836 ot
1585 793 1677 836 mun-

120 888 196 932 mus
212 871 374 953 operibus.
388 871 552 946 Praeterea,
570 871 603 932 in
618 871 683 933 Deo
698 871 875 953 poterimus
930 874 989 936 dus
1004 875 1194 956 impugnant
1213 891 1282 950 nos,
1298 893 1337 936 ex
1357 873 1475 937 diaboli
1492 871 1676 954 operatione
1793 899 1795 904 ·

120 967 307 1044 confortari,
325 969 358 1031 in
383 989 440 1051 spe
463 968 597 1042 firmari,
617 969 651 1030 in
673 968 802 1032 caritate
825 988 875 1032 ac·
930 969 1113 1053 frequenter
1138 973 1308 1052 contingat.
1331 974 1440 1053 ltaque
1459 977 1578 1053 quanto
1596 969 1675 1032 acri-

120 1065 229 1138 cendi,
245 1084 304 1128 nec
334 1084 476 1148 unquam
506 1066 545 1128 do
573 1065 638 1127 Deo
661 1064 822 1140 diffidere,
848 1065 874 1127 si
929 1086 976 1143 or,
992 1068 1202 1150 periculosior
1221 1076 1253 1131 et
1267 1068 1487 1132 incessabilior
1506 1086 1612 1150 pugna
1626 1075 1675 1130 est

121 1163 365 1226 consideremus
379 1183 476 1247 quam
498 1163 627 1226 infinita
641 1163 683 1225 sit
699 1163 823 1227 bonitas
843 1171 875 1226 et
928 1166 1021 1229 nobis
1041 1173 1150 1230 contra
1169 1167 1302 1249 spiritus
1323 1167 1489 1248 malignos,
1506 1173 1593 1228 tanto
1610 1164 1672 1228 for·

119 1263 351 1338 misericordia,
359 1269 477 1346 quanta
492 1262 621 1325 dilectio
636 1261 706 1344 ojus
721 1263 760 1325 ad
774 1281 874 1344 genus
928 1265 990 1327 tior
1003 1273 1174 1340 armatura,
1191 1265 1373 1346 vigilantior
1388 1265 1503 1327 mentis
1518 1265 1672 1340 custodia,

118 1361 312 1437 humanum,
324 1369 442 1444 quanta
457 1360 618 1424 beneficia
632 1361 703 1442 ejus
719 1361 752 1422 in
769 1360 872 1436 nobis,
928 1362 1053 1424 virilior
1074 1362 1254 1424 resistentia
1272 1361 1365 1425 nobis
1384 1369 1459 1424 sunt
1477 1361 1673 1425 necessarie.

119 1479 206 1542 quaa,
222 1468 341 1543 quanta
355 1467 386 1522 et
406 1459 513 1542 qualia
533 1459 719 1540 Unigenitus
739 1459 796 1521 Dei
815 1476 874 1540 pro
968 1461 1041 1534 Qnae
1057 1479 1131 1542 ergo
1146 1468 1221 1524 suut
1234 1478 1323 1523 arma
1338 1466 1454 1534 nostra,
1464 1460 1527 1522 nisi
1542 1459 1676 1523 virtutes

119 1566 231 1621 nostra
259 1559 361 1622 salute
385 1559 570 1641 assumpsit,
596 1557 672 1621 lecit
696 1576 732 1620 ac
761 1576 873 1639 passus
928 1567 959 1622 et
982 1560 1065 1622 dona
1088 1559 1225 1642 Spiritus
1250 1559 1368 1634 Sancti,
1385 1559 1450 1621 imo
1474 1558 1580 1640 potius
1601 1567 1678 1622 stre-

120 1664 183 1731 ast,
200 1663 232 1720 et
247 1658 331 1740 quod
348 1657 416 1740 ipse
432 1656 539 1719 fidelis
554 1665 586 1719 ot
600 1675 696 1721 verus
711 1657 805 1730 Deus,
822 1675 874 1719 vo·
928 1677 992 1721 nua
1022 1659 1174 1720 exercitia
1204 1665 1236 1720 et
1269 1656 1483 1737 infatigabiles
1515 1664 1604 1720 actus
1636 1657 1674 1720 il-

119 1773 156 1817 re
172 1757 375 1837 omnipotens
390 1763 423 1816 et
436 1755 545 1818 omnia
560 1755 699 1829 intuens,
711 1755 803 1817 ‘toties
819 1771 873 1817 no
929 1756 1057 1818 lorumt
1084 1755 1358 1830 Quemadmodum
1391 1754 1478 1817 enim
1511 1755 1674 1839 corporale

119 1853 174 1916 bis
198 1871 292 1937 opem
316 1861 348 1916 et
370 1854 504 1934 gratiam
528 1872 618 1917 suam
643 1854 801 1935 promisit,
827 1861 872 1916 tot
890 1856 913 1918 B
928 1854 1049 1916 bellum
1077 1853 1262 1934 gerentibus
1291 1870 1355 1915 non
1383 1852 1506 1915 suflicit
1532 1854 1674 1936 undique

120 1952 207 2016 bona
222 1952 370 2034 promisit
384 1971 421 2014 ae
437 1953 637 2035 praeparavit,
654 1952 828 2015 dummodo
842 1951 871 2014 ei
926 1952 1059 2034 fulgidis
1082 1971 1118 2016 ac
1139 1951 1342 2014 solidissimis
1366 1952 1464 2014 armis
1489 1969 1558 2014 csse
1582 1951 1674 2014 indu·

119 2051 290 2113 humiliter
304 2050 504 2113 confidamus
520 2069 659 2132 eumque
674 2051 871 2124 invocemus,
927 2059 985 2124 tos,
1015 2051 1167 2124 munitos,
1193 2057 1365 2125 contectos,
1391 2050 1453 2113 nisi
1482 2051 1579 2112 armis
1608 2051 1674 2113 suis

119 2157 152 2212 ct
179 2151 265 2232 quod
288 2150 321 2211 in
346 2149 439 2212 nobis
463 2156 512 2211 est
536 2148 700 2210 faciamus.
722 2149 827 2222 Porro,
844 2147 871 2210 si
925 2157 1072 2229 utantur3
1089 2149 1135 2211 sic
1159 2167 1217 2211 nec
1238 2149 1270 2210 in
1291 2148 1450 2230 spirituali
1473 2149 1582 2231 praelio
1601 2167 1675 2212 con·

118 2249 283 2311 daemones
304 2249 444 2330 aliquem
466 2266 549 2330 saepe
565 2246 685 2310 vellent
703 2246 742 2309 ad
761 2247 872 2330 despe-
927 2248 1046 2310 stitutis
1072 2246 1243 2309 sufficiunt
1270 2247 1398 2308 babitus
1428 2247 1490 2329 ipsi
1519 2247 1674 2310 virtutum

119 2347 279 2409 rationem
294 2354 349 2408 aut
363 2345 496 2408 nimiam
511 2345 809 2428 pusillanimitatem
825 2345 872 2407 in·
927 2354 1022 2429 atque
1042 2347 1210 2420 donorum,
1227 2345 1283 2408 sed
1298 2363 1410 2408 eorum
1429 2354 1518 2408 actus
1539 2353 1569 2408 et
1589 2365 1676 2409 exer-

121 2445 253 2518 ducore,
284 2450 392 2525 posset
425 2462 459 2506 se
491 2443 597 2526 ipsum
629 2443 807 2506 confortare
839 2443 871 2504 in
927 2445 1002 2506 citia
1018 2443 1513 2526 requiruntur:alioquibabitus
1529 2444 1590 2526 ipsi
1607 2463 1676 2526 per·

118 2541 270 2616 Domino,
291 2542 484 2605 attendendo
509 2540 674 2603 humiliter
697 2541 781 2604 bona
801 2559 872 2623 quse
927 2543 1056 2605 duntur.
1073 2543 1246 2616 Postremo,
1263 2541 1347 2604 sicut
1367 2541 1531 2625 corporale
1552 2542 1674 2606 bellurn

118 2641 197 2720 egit,
214 2646 246 2703 et
265 2640 344 2702 dura
366 2658 437 2722 quae
458 2639 514 2702 Dei
539 2640 657 2702 intuitu
676 2639 818 2722 pertulit,
834 2657 871 2702 ac
926 2641 1044 2704 acturis
1070 2640 1287 2703 necessarium
1316 2648 1365 2702 est
1391 2641 1516 2722 singula
1539 2659 1674 2723 qumque

118 2739 205 2801 dona
218 2739 327 2819 gratiae
342 2737 404 2802 sibi
424 2737 579 2800 divinitus
599 2737 744 2820 piissime
760 2745 791 2800 et
809 2737 871 2800 fre·
926 2739 1072 2803 membra
1087 2745 1305 2821 competenter
1318 2757 1356 2800 ac
1374 2739 1611 2821 proportionata
1626 2759 1675 2802 ar-

118 2843 257 2918 quenter
278 2853 440 2910 concessa,
456 2835 566 2918 sicque
586 2854 620 2898 se
639 2836 746 2918 ipsum
763 2854 872 2899 conso·
927 2857 1024 2912 mare,
1051 2837 1094 2899 ita
1117 2836 1270 2898 fidelibus
1298 2843 1407 2899 contra
1435 2837 1594 2900 daemones
1624 2839 1673 2900 in·

118 2935 180 2996 lari
206 2936 238 2996 in
261 2934 663 3010 Deo,diccndo:Confido
682 2935 767 3016 quod
788 2936 871 2997 [leus
926 2944 1086 3000 cessanter
1122 2935 1339 3018 pugnantibus
1373 2943 1589 3018 opportunum
1626 2944 1693 3000 est,

118 3033 178 3115 qui
194 3033 254 3095 ista
268 3041 300 3096 et
315 3033 375 3096 ista
390 3033 470 3095 mibi
490 3033 721 3115 benignissime
735 3033 810 3096 dare
825 3034 872 3096 di·
889 3034 911 3098 C
926 3035 1067 3116 singulas
1091 3052 1234 3117 quasque
1256 3034 1371 3096 animas
1394 3033 1477 3097 vires
1501 3035 1675 3098 virtutibus

116 3139 236 3213 gnatus
261 3139 320 3206 est,
337 3131 452 3194 borum
476 3133 642 3195 occasione
667 3131 872 3196 miserebitur
926 3134 1137 3208 communire,
1163 3134 1256 3196 utin
1281 3133 1398 3216 quibus
1426 3134 1533 3198 anima
1559 3135 1699 3199 tentari.

118 3231 199 3305 mei,
216 3249 320 3313 neque
341 3230 501 3313 relinquet
522 3249 584 3294 me.
926 3239 1040 3315 potest,
1064 3232 1136 3295 laedi
1158 3250 1195 3294 ac
1218 3231 1317 3305 vinci,
1338 3232 1380 3294 sit
1402 3232 1574 3295 virtutibus
1599 3251 1674 3296 con·

8 3372 15 3400 ,
57 3372 101 3410 „,‚
158 3329 315 3392 Praeterea
336 3329 428 3392 docet
450 3329 621 3411 Apostolus
642 3337 678 3390 ut
701 3328 871 3391 induamus
925 3332 1012 3413 gruis
1029 3330 1673 3412 roborato‚armats,provisa:utscilicet

38 3456 43 3466 ·
117 3443 181 3489 nos
196 3435 390 3489 armaturam
411 3426 479 3500 Dei,
495 3433 652 3509 quatenus
672 3434 755 3489 stare
771 3427 871 3509 possi·
926 3431 1107 3493 intellectus
1136 3437 1277 3492 armetur
1305 3429 1382 3504 fide,
1408 3429 1573 3512 sapientia,
1600 3449 1673 3513 pru·

116 3543 195 3586 mus
223 3524 376 3587 adversus
404 3524 536 3588 iusidias
565 3524 695 3600 diaboli,
720 3526 871 3606 quoniam
926 3529 1043 3604 dantia,
1060 3528 1204 3602 consilio,
1221 3528 1672 3610 scientia;voluntasspe‚ca·

116 3641 186 3686 non
202 3630 252 3684 est
266 3621 358 3684 nobis
374 3622 555 3685 colluctatio
572 3623 723 3686 adversus
743 3641 871 3684 carnem
926 3628 1029 3701 ritate,
1044 3626 1187 3708 justitia3
1208 3628 1368 3708 appetitus
1384 3627 1555 3690 sensitivus
1573 3628 1673 3690 virtu-

114 3728 150 3783 et
175 3720 376 3801 sanguinem,
397 3721 453 3783 sed
478 3721 630 3784 adversus
654 3721 816 3804 principes
841 3729 873 3784 et
925 3724 1012 3788 tibus
1028 3724 1203 3787 moralibus
1218 3724 1257 3787 ad
1274 3725 1380 3806 ipsum
1396 3725 1625 3807 spectantibus.
1636 3725 1675 3788 Et

115 3826 304 3902 potestates.
322 3819 382 3881 Sed
406 3820 566 3901 quomodo
590 3837 703 3883 verum
727 3825 775 3881 est
798 3820 869 3895 boc,
926 3824 1010 3886 sicut
1025 3823 1058 3886 in
1074 3823 1159 3886 bello
1174 3823 1335 3896 exteriori,
1352 3841 1495 3906 personae
1511 3824 1606 3886 unius
1621 3842 1673 3886 ex·

115 3936 222 4000 quum
254 3916 332 3979 alibi
363 3924 555 3999 protestetur
581 3917 666 3979 idem
689 3918 869 4000 Apostolus,
926 3921 1043 3984 arcitus
1068 3940 1102 3984 se
1129 3921 1268 3984 invicem
1290 3922 1414 4002 juvant,
1440 3921 1620 3984 confortant
1642 3931 1674 3985 et

8 4038 63 4084 arar.
76 4053 98 4088 v,
115 4017 202 4080 Caro
232 4015 432 4098 concupiscit
459 4016 610 4079 adversus
637 4016 808 4098 spiritumf
835 4016 872 4078 Et
925 4027 1103 4103 protegunt,
1113 4019 1156 4081 ita
1171 4019 1203 4081 in
1219 4019 1305 4082 bello
1320 4020 1478 4101 spirituali
1494 4039 1557 4082 una
1571 4019 1672 4084 virtus

115 4115 273 4197 princeps
292 4114 516 4196 Apostolorum
533 4131 540 4175 :
555 4114 720 4178 Abstinete
738 4114 871 4198 (inquit)
925 4119 1053 4182 roborat
1066 4118 1174 4194 aliam,
1190 4125 1223 4180 et
1236 4135 1347 4181 omnes
1363 4137 1396 4181 se
1413 4126 1525 4182 mutuo
1537 4118 1670 4201 juvant:

114 4233 134 4276 a
158 4212 345 4276 carnalibus
369 4212 547 4286 desideriis,
564 4231 634 4297 quae
660 4213 798 4275 militant
818 4215 870 4276 ad·
884 4219 910 4281 D
925 4225 961 4280 ut
984 4218 1011 4280 si
1036 4217 1108 4299 quis
1135 4217 1174 4280 de
1199 4216 1430 4280 incontinentia
1453 4216 1670 4300 impugnetur,

113 4329 233 4375 versus
248 4310 399 4374 animam.
411 4310 522 4375 Nonne
536 4311 635 4373 trium
650 4311 790 4374 bostium
805 4313 871 4374 ani·
924 4334 988 4381 non
1004 4316 1109 4380 solum
1125 4315 1252 4378 castitas
1267 4333 1324 4378 seu
1339 4315 1559 4397 temperantia,
1571 4317 1625 4379 sed
1640 4323 1672 4380 et

8 4435 97 4482 issu.
113 4426 275 4484 mae,caro
290 4409 421 4491 ponitur
435 4408 659 4473 unuslNonne
675 4427 790 4493 corpus
805 4428 870 4474 cor·
924 4415 1017 4490 fides,
1035 4414 1161 4488 caritas,
1181 4414 1342 4490 discretio,
1363 4432 1448 4496 spos,
1471 4413 1571 4477 oratio
1589 4415 1672 4478 relu-

112 4507 275 4591 ruptlbile
304 4515 452 4590 aggravat
480 4507 631 4581 animam,
659 4517 691 4571 et
718 4509 870 4592 deprimit
924 4521 1060 4588 utantur,
1073 4521 1167 4596 prout
1183 4513 1221 4575 de
1237 4513 1298 4576 isto
1314 4512 1508 4595 insequenti
1524 4530 1670 4578 sermone

113 4615 248 4670 terrena
263 4605 452 4670 inhabitatio
467 4625 597 4669 sensum
618 4608 717 4669 multa
732 4609 869 4688 cogitari·
924 4613 1050 4696 plenius
1070 4618 1120 4674 est
1137 4611 1343 4693 tangendum.
1360 4612 1411 4674 Sic
1432 4611 1529 4692 igitur
1545 4612 1669 4676 confor-

109 4704 868 4787 temlEtrespondendum,qnodutiqueomnia
922 4720 1028 4774 tamur
1052 4710 1085 4773 in
1108 4709 1254 4785 Domino,
1273 4710 1545 4793 spiritualiterque
1570 4731 1670 4775 arme-

109 4805 178 4867 ista
193 4809 269 4866 sunt
283 4821 366 4865 vera.
383 4803 554 4885 Apostolus
568 4822 645 4867 vero
660 4805 730 4868 vult
748 4805 865 4882 dicere,
922 4829 1005 4884 mur,
1022 4817 1058 4871 ut
1082 4807 1171 4871 nulla
1193 4809 1379 4883 tentatione,
1395 4809 1484 4872 nulla
1508 4811 1665 4892 passione,

110 4903 202 4986 quod
228 4902 410 4965 colluctatio
433 4922 529 4985 quam
555 4911 665 4966 contra
688 4905 866 4969 invisibiles
921 4909 1010 4972 nullo
1038 4908 1117 4971 vitio
1145 4925 1344 4990 superemur,
1370 4909 1426 4970 sed
1455 4908 1488 4970 in
1516 4909 1666 4974 omnibus

109 5002 225 5064 hostes
241 5000 408 5076 babemus,
424 5002 466 5064 sit
479 5003 559 5065 adeo
575 5003 691 5084 gravis,
708 5004 867 5088 principa·
920 5007 977 5070 flei
991 5007 1109 5069 virtute
1128 5007 1367 5088 prevaleamus,
1384 5015 1416 5072 et
1433 5007 1540 5071 omnia
1554 5025 1666 5092 coope-
1691 5031 1757 5078 nom.
1768 5043 1812 5087 sm,

109 5101 153 5164 lis
171 5107 268 5182 atque
282 5100 420 5176 assidua,
435 5102 521 5185 quod
540 5101 611 5183 ejus
631 5104 866 5185 comparatione
920 5113 1031 5169 rentur
1052 5103 1144 5168 nobis
1165 5105 1199 5169 in
1220 5105 1351 5169 bonum.
1678 5097 1713 5140 ²⁸·
1785 5129 1796 5150 ·

8 4163 67 4208 Pefr.
76 4177 99 4216 u,
