4140 6258
404 490 464 555 stt
675 507 823 555 norrmrcx
845 508 876 553 nr
898 507 971 554 rosr
991 504 1186 552 rmxrrsrnu.
1206 521 1247 534 -
1267 503 1441 555 nxmnxrro
1462 506 1494 554 rx
1513 505 1680 554 nrrsronarx

284 696 378 742 vocas,
406 700 463 744 sua
481 679 526 743 ait
546 679 704 744 Canonica
720 697 728 742 ε
743 681 833 744 lesus
852 677 1007 761 populum
1028 676 1153 739 salvans
1167 677 1192 741 Α
1208 675 1362 760 Denique,
1377 677 1468 758 juxta
1487 678 1662 742 doctrinam
1681 677 1785 741 divini
1800 677 1930 763 Dionysii,

406 779 762 862 deAEgypto,secnndo
783 778 912 859 eosqui
933 775 1154 839 nonoredide-
1207 782 1307 837 status
1323 775 1473 840 Ecclesiae
1494 777 1660 840 militantis
1681 777 1788 840 medio
1807 778 1931 842 modosc
1963 800 2027 844 nm

407 886 480 940 runt
495 877 644 960 perdidit.
658 880 702 940 Ia't
717 897 737 936 a
752 877 955 952 serpentibus
964 877 1152 951 perierunt.
1207 872 1303 936 habet
1327 874 1410 937 inter
1434 881 1551 937 statum
1576 875 1747 958 Synagogae
1772 883 1931 960 statumque
1945 861 1996 903 *¹¹⁸³
2008 879 2019 904 ¹·

273 994 391 1045 utuntur,
406 975 491 1038 ldisit
504 975 592 1037 enim
608 974 760 1036 Dominus
776 973 809 1035 in
825 991 879 1036 eos
897 972 1012 1053 ignitos
1027 989 1155 1053 serpen·
1208 971 1326 1053 patriae.
1354 973 1442 1036 Unde
1471 974 1555 1036 sicut
1578 993 1615 1036 ea
1639 994 1709 1056 quae
1738 982 1883 1055 geruntur
1905 976 1930 1037 in

259 1060 280 1099 ⁶·
405 1080 464 1147 tes,
493 1069 658 1152 aquibus
688 1071 786 1133 occisi
817 1077 892 1132 sunt
922 1068 1025 1141 multi,
1056 1066 1154 1128 utin
1208 1069 1351 1132 Ecclesia
1370 1071 1532 1146 militanti,
1549 1077 1623 1134 sunt
1637 1071 1742 1153 ligura
1758 1089 1864 1135 eorum
1876 1093 1932 1154 qua

405 1168 554 1231 Numeris
570 1166 715 1230 habetur.
733 1170 846 1246 Neque
861 1165 1154 1226 murmuraveritis
1208 1167 1294 1230 liunt
1313 1169 1346 1230 in
1367 1168 1509 1232 Ecclesia
1527 1170 1756 1252 triumphanti;
1772 1169 1932 1252 siccaque

405 1273 515 1328 contra
543 1265 722 1346 superiores
751 1271 804 1326 aut
833 1263 994 1346 proximos
1022 1267 1152 1334 vestros,
1208 1267 1393 1329 acciderunt
1415 1267 1447 1329 in
1471 1267 1644 1351 Synagoga,
1667 1268 1773 1349 ligura
1793 1277 1878 1331 erant
1894 1287 1933 1332 eo

405 1365 483 1428 dnm
499 1365 667 1446 increpant
680 1361 804 1438 vos,vel
819 1360 939 1443 aliquid
955 1358 1154 1424 adversitatis
1208 1384 1280 1427 rum
1300 1384 1371 1448 quae
1389 1373 1527 1448 aguntur
1546 1366 1579 1429 in
1599 1366 1751 1430 Ecclesia.
1770 1368 1837 1429 lmo
1854 1375 1934 1428 status

405 1464 523 1528 eccidit
547 1463 650 1538 vobis,
676 1465 760 1524 sicut
780 1465 916 1542 quidam
935 1481 1047 1522 eorum
1064 1481 1155 1520 mur·
1209 1482 1245 1525 ac
1273 1463 1412 1546 populus
1439 1464 1601 1539 ludoicus,
1632 1463 1694 1527 luit
1721 1463 1827 1546 figura
1854 1471 1936 1527 status

407 1571 625 1625 moraverunt
638 1569 747 1626 contra
761 1561 862 1624 Deum
876 1568 909 1623 et
922 1558 1155 1642 Moysenjuxta
1209 1562 1321 1644 populi
1343 1561 1517 1624 christiani.
1540 1563 1613 1626 ldeo
1635 1562 1669 1624 in
1691 1561 1797 1644 ligura
1820 1563 1937 1644 contige

277 1679 337 1724 ora.
349 1692 393 1732 nv,
407 1661 487 1724 illud
501 1661 528 1724 N
530 1677 714 1724 umerorum
728 1658 928 1724 :vociferans
943 1657 1047 1720 omnis
1061 1655 1155 1719 turba
1209 1666 1284 1722 runt
1304 1659 1413 1724 omnia
1434 1659 1508 1723 illis.

262 1751 304 1791 ¹¹³·
406 1759 551 1823 liliorum
574 1759 670 1822 lsrael
690 1758 794 1832 flevit,
815 1764 846 1819 et
869 1755 1058 1819 murmurati
1080 1762 1154 1817 sunt
1250 1761 1366 1837 Itaque
1389 1760 1449 1837 qui
1476 1779 1508 1818 se
1531 1759 1697 1819 existimat
1721 1769 1824 1830 sture,
1848 1757 1876 1820 id
1900 1767 1938 1820 cst

408 1867 516 1923 contra
539 1859 678 1941 Moysen,
695 1858 837 1920 dicentes
862 1873 868 1917 :
895 1856 1020 1919 Utinam
1046 1860 1191 1936 pereo-B
1210 1856 1419 1938 spiritualiter
1438 1864 1581 1919 erectum
1599 1875 1668 1920 csse
1691 1857 1724 1919 in
1745 1858 1811 1920 Deo
1832 1875 1884 1939 per
1899 1876 1939 1919 ca·

408 1977 491 2033 mus,
508 1966 539 2020 θῖ
559 1975 623 2020 non
643 1957 773 2018 inducat
792 1973 849 2018 nos
870 1954 1023 2017 Dominus
1044 1954 1076 2015 in
1093 1960 1154 2015 ter·
1210 1955 1335 2017 ritatem
1351 1962 1383 2016 et
1397 1973 1494 2038 opera
1508 1955 1777 2030 virtuosa,cidcat
1795 1976 1835 2016 ne
1848 1959 1938 2025 cudat,

408 2076 476 2120 ram
508 2057 599 2119 hanc.
632 2055 720 2118 Unde
750 2053 893 2117 Salvator
922 2053 955 2114 in
984 2051 1155 2132 Evangelio
1211 2053 1242 2116 id
1258 2061 1317 2128 est,
1329 2072 1369 2115 ne
1383 2054 1517 2134 gratiam
1534 2054 1695 2136 peccando
1712 2054 1846 2116 amittat.
1857 2054 1940 2116 Nemo

268 2170 396 2226 eriugen
409 2156 543 2237 loquens
563 2153 722 2237 perversis
740 2151 857 2216 Judaeis
874 2171 881 2216 :
897 2152 1154 2226 llurmuratoreS,
1211 2169 1286 2233 crgo
1301 2170 1432 2214 securus
1448 2152 1499 2226 sit,
1512 2153 1566 2215 sed
1584 2151 1617 2214 in
1632 2153 1777 2215 custodia
1797 2161 1829 2214 et
1843 2150 1940 2214 timore

258 2231 396 2344 ffiffff‘l
410 2253 525 2336 inquit,
542 2259 813 2314 murmuratorum
828 2249 901 2324 lilii,
918 2249 1049 2330 implete
1068 2267 1155 2310 men·
1211 2249 1252 2312 sit
1267 2250 1582 2331 unusquisque‚quia
1598 2250 1630 2312 in
1647 2251 1754 2313 medio
1770 2250 1941 2332 laqueorum

410 2369 517 2412 suram
543 2355 668 2430 patrum
693 2354 882 2410 vestrorum.
903 2349 947 2408 Εῖ
966 2346 1155 2421 perier-out,
1211 2367 1384 2410 versamur.
1403 2347 1441 2409 lit
1458 2347 1539 2411 bene
1554 2348 1608 2424 ait,
1626 2371 1643 2408 <‹
1659 2349 1824 2411 existimat
1838 2371 1865 2421 n,
1879 2365 1943 2430 qno

409 2447 470 2510 hoc
492 2454 550 2520 est,
568 2447 600 2508 in
621 2447 747 2508 deserto
769 2445 866 2507 occisi
890 2450 974 2517 sunt,
992 2445 1032 2502 ab
1054 2452 1157 2502 euter-
1211 2447 1298 2509 niam
1331 2445 1451 2529 absque
1484 2445 1677 2509 revelatione
1707 2446 1821 2508 divina
1851 2446 2016 2509 nultusum

409 2547 583 2614 minatore,
600 2543 631 2606 id
654 2551 702 2605 est
725 2541 765 2604 ab
784 2541 896 2623 angelo
918 2541 973 2623 qui
993 2557 1047 2602 eos
1069 2547 1157 2601 extra
1212 2552 1317 2608 certus
1339 2552 1441 2607 estse
1463 2561 1533 2606 esse
1554 2544 1588 2607 in
1610 2544 1750 2607 caritate.

409 2644 493 2708 lines
515 2651 607 2706 terre
628 2640 850 2724 promissionis
871 2639 1039 2721 percussit,
1061 2647 1092 2700 et
1114 2639 1157 2700 ita
1254 2644 1401 2705 Teutatio
1426 2663 1479 2703 cos
1502 2662 1567 2703 uon
1590 2645 1830 2718 apprehendat,
1850 2643 1879 2705 id
1896 2651 1944 2708 cst.

411 2763 468 2826 per
482 2742 742 2824 anticipationem
759 2757 812 2802 cos
831 2739 904 2801 inde
920 2737 1155 2800 exterminavit.
1212 2743 1245 2803 in
1267 2741 1359 2803 vobis
1384 2759 1448 2802 non
1470 2741 1521 2814 sit,
1538 2759 1598 2802 nec
1620 2740 1736 2822 capiat,
1759 2760 1821 2804 neo
1842 2742 1944 2813 vincat,

276 2856 395 2910 summu,
411 2842 495 2904 Dixit
516 2839 636 2902 etenim
658 2838 812 2901 Dominus
830 2857 837 2901 :
855 2836 971 2900 Omnes
993 2836 1050 2917 qui
1072 2854 1157 2897 mur·
1211 2841 1280 2900 uisi
1302 2841 1458 2908 bumana,
1479 2837 1510 2899 id
1535 2845 1584 2900 θεῖ
1607 2838 1687 2902 levis
1710 2845 1742 2900 et
1765 2839 1943 2905 transitoria,

262 2923 332 2964 ²⁹⁴³·
410 2939 559 3003 murastis
575 2946 684 3001 contra
704 2956 766 3010 me,
783 2954 846 2998 non
866 2934 1025 2997 intrabitis
1041 2942 1156 2996 terram
1213 2945 1322 3020 utpote
1345 2936 1510 2999 inclinatio
1528 2937 1566 2999 ad
1586 2937 1735 3011 venialia,
1752 2937 1825 2999 sine
1843 2936 1945 3019 quibus
1963 2953 2011 2994 xrs.
2029 2981 2034 2990 .
2053 2923 2054 2928 ’

410 3039 509 3117 hanc;
536 3036 592 3099 sed
617 3035 649 3098 in
674 3036 799 3098 deserto
827 3033 981 3116 jacebunt
1005 3033 1193 3103 cadaverce
1213 3054 1275 3098 non
1297 3042 1401 3116 potest
1420 3034 1470 3115 agi
1490 3034 1557 3098 haec
1576 3034 1649 3097 vita.
1667 3035 1733 3097 Hoc
1753 3043 1861 3098 autem
1880 3035 1946 3097 dicit
1956 3020 1971 3058 ὅ·

410 3145 523 3200 vestra.
550 3136 594 3198 De
618 3135 678 3197 hoc
707 3133 819 3215 angelo
845 3131 1090 3194 exterminatore
1113 3130 1157 3191 ait
1212 3133 1392 3216 Apostolus,
1419 3150 1483 3195 non
1506 3133 1662 3195 hortando
1690 3142 1745 3195 aut
1768 3133 1946 3196 licentiando

262 3249 396 3304 usuum,
411 3235 564 3298 Dominus
585 3235 616 3296 in
637 3233 745 3296 Exodo
762 3249 769 3294 :
786 3231 866 3293 Ecce
884 3248 943 3310 ego
960 3229 1050 3292 mitto
1065 3247 1158 3310 enge·
1213 3240 1247 3294 ut
1273 3231 1439 3294 venialiter
1469 3250 1650 3313 peccemus,
1677 3233 1733 3294 sed
1763 3249 1829 3297 non
1859 3232 1947 3314 probi-

263 3316 341 3364 Μ·
411 3335 477 3396 lum
508 3351 615 3395 meum
645 3339 718 3394 ante
747 3330 863 3392 faciem
892 3336 999 3407 tuam3
1024 3327 1158 3390 observa
1213 3331 1328 3405 bondo,
1354 3329 1431 3410 quia
1454 3329 1547 3391 vitari
1577 3347 1640 3392 non
1669 3336 1784 3411 potest.
1814 3329 1947 3404 Quamvis

410 3451 496 3504 eum,
513 3429 587 3511 quia
608 3447 670 3491 non
687 3428 827 3490 dimittet
841 3444 942 3507 quum
963 3425 1155 3507 peccaveris.
1212 3429 1299 3492 enim
1320 3427 1445 3508 singula
1461 3427 1560 3490 vitare
1575 3445 1757 3509 possumus,
1774 3437 1947 3490 nontamen

451 3533 529 3590 Haec
552 3537 660 3587 autem
686 3528 808 3595 omniu,
835 3525 865 3587 id
891 3531 940 3587 est
964 3523 1070 3585 debita
1099 3523 1158 3585 ista
1212 3525 1329 3589 omnia.
1348 3527 1473 3586 Fidelis
1496 3535 1605 3586 autem
1625 3527 1714 3588 Deus
1736 3535 1797 3597 est,
1817 3529 1875 3606 qui
1896 3545 1947 3585 uon
2054 3571 2055 3588 ι

410 3626 570 3709 supplicia
585 3642 642 3707 pro
657 3642 768 3687 eorum
784 3623 959 3686 sceleribus
976 3620 1109 3695 inflicta,
1122 3623 1157 3680 iu
1208 3627 1359 3703 potietur
1375 3644 1427 3682 uos
1443 3625 1580 3694 tentari,
1595 3623 1654 3686 hoo
1675 3631 1722 3686 est
1743 3624 1918 3706 impugnari
1934 3643 1948 3683 a
2054 3639 2055 3644 ¹

410 3729 534 3802 fipuru,
559 3722 591 3783 id
616 3727 664 3782 est
687 3719 793 3802 typica
816 3717 1063 3799 significatione,
1086 3737 1158 3776 ceu·
1213 3721 1412 3786 demonibus
1433 3729 1488 3784 aut
1511 3722 1618 3803 pravis
1643 3722 1842 3796 hominibus,
1861 3741 1948 3798 supro

412 3822 579 3899 tr'upcbuut
596 3821 676 3888 iltis,
692 3817 841 3880 videlicet
855 3818 893 3879 ad
909 3814 1158 3896 significandum
1214 3825 1251 3882 id
1266 3824 1352 3900 quod
1362 3823 1508 3897 potestis,
1526 3820 1557 3883 id
1573 3827 1620 3882 θεῖ
1636 3819 1718 3882 ultra
1735 3821 1823 3884 vires
1843 3829 1948 3884 nature

412 3918 497 4001 quod
512 3917 631 3979 similia
648 3923 704 3978 aut
717 3916 837 3997 majora
859 3915 1047 3996 infligentur
1067 3913 1159 3976 nobis
1214 3928 1268 3982 aut
1283 3919 1408 4000 grstiae;
1423 3922 1478 3979 sed
1492 3920 1592 3996 faciet
1607 3921 1704 3980 etiam
1721 3940 1797 3980 cum
1813 3920 1948 3980 tentatio

412 4024 569 4081 tormenta
591 4015 617 4078 si
642 4014 771 4077 illorum
792 4022 921 4095 peccata
941 4013 1042 4075 secuti
1062 4011 1160 4074 lueri·
1215 4039 1255 4079 uc
1275 4027 1484 4095 proventum,
1505 4017 1536 4080 id
1559 4025 1607 4080 θεῖ
1631 4017 1833 4100 spiritualem
1858 4016 1947 4099 prole

270 4131 397 4186 marsupo-
412 4136 493 4180 mus.
507 4117 640 4191 Scripta
651 4123 848 4174 strutuutem
858 4115 902 4172 od
911 4113 1159 4172 correctionem*
1215 4126 1313 4189 otum,
1345 4117 1450 4179 dando
1481 4115 1614 4197 gratiam
1646 4116 1815 4179 resistendi
1845 4123 1876 4178 el
1902 4133 1950 4196 pet

264 4205 326 4236 Μ’
411 4225 569 4286 nostram,
582 4220 616 4276 ul
631 4213 759 4275 illorum
776 4209 923 4293 exemplo
938 4218 1115 4274 terreamur
1129 4218 1160 4273 el
1174 4219 1199 4280 D
1216 4216 1404 4279 exercitium
1420 4214 1604 4277 tentationis
1622 4213 1827 4296 proficiendi,
1844 4224 1879 4276 ut
1889 4233 1950 4290 pos

411 4314 618 4378 emendemus
641 4331 709 4387 nos,
726 4319 883 4394 quatenus
906 4312 960 4392 qui
979 4329 1087 4373 amore
1108 4310 1160 4372 bo·
1215 4319 1288 4376 sitis
1302 4317 1477 4386 sustinere,
1493 4315 1525 4376 id
1540 4322 1588 4377 est
1602 4314 1760 4396 patienter
1774 4315 1949 4382 tolerarect

412 4415 445 4477 ni
467 4413 549 4476 bene
570 4431 664 4494 agere
689 4410 832 4492 negligit,
854 4409 967 4472 saltem
991 4429 1159 4491 poenarum
1215 4414 1378 4477 tolerando
1400 4432 1436 4475 ac
1459 4413 1635 4475 resistendo
1659 4412 1824 4475 meritorie
1847 4427 1950 4494 pracva-

411 4513 599 4576 emendetur
627 4508 808 4573 lormidine.
836 4508 922 4570 Felix
946 4509 1033 4570 enim
1063 4528 1159 4591 quem
1216 4515 1290 4576 lere.
1309 4513 1452 4576 Tentatio
1474 4530 1548 4594 ergo
1568 4512 1704 4594 passiva,
1722 4529 1786 4574 non
1806 4519 1856 4574 est
1873 4509 1904 4571 in
1923 4526 1949 4570 se

412 4611 535 4674 iaciunt
564 4610 668 4672 aliena
699 4609 815 4670 damna
847 4607 996 4689 peritum.
1030 4609 1160 4690 Propter
1216 4610 1300 4673 mala
1319 4619 1374 4673 aut
1399 4610 1560 4692 fugienda,
1582 4629 1683 4692 quum
1707 4609 1895 4673 exercitium
1916 4605 1949 4666 sit

279 4711 499 4792 rr00.1n,quod
530 4710 562 4771 in
591 4706 770 4770 Proverbiis
795 4706 931 4769 habetur
958 4726 964 4770 :
990 4707 1159 4770 Pestilente
1216 4709 1354 4782 virtutiS,
1385 4716 1417 4771 et
1446 4708 1664 4792 triumphandi
1692 4727 1728 4770 ac
1759 4702 1949 4790 promerendi

279 4799 288 4810 ⁹
413 4807 584 4889 flagellato,
611 4804 728 4868 stultus
757 4805 931 4887 sapientior
956 4806 1024 4867 erit.
1051 4806 1159 4888 ltaque
1217 4808 1359 4882 materia,
1378 4815 1472 4891 etque
1493 4807 1531 4870 ad
1554 4807 1655 4870 multa
1676 4807 1836 4889 perutilis,
1853 4811 1949 4886 utpote

413 4909 532 4991 scripta
561 4914 636 4969 sunt
664 4913 889 4988 propter-nos,
917 4907 954 4966 iu
979 4927 1057 4985 quos
1079 4911 1161 4984 flues
1216 4909 1255 4970 ad
1271 4907 1527 4988 cognoscendum
1549 4906 1711 4989 propriam
1727 4904 1949 4972 infirmitatem,

413 5011 606 5070 secutorum
616 5004 868 5074 deveneruumd
884 5011 933 5066 est
948 5005 1059 5067 ultima
1074 5024 1162 5066 mun·
1215 5008 1254 5069 ad
1276 5005 1525 5068 assuescendum
1545 5005 1693 5068 invocare
1708 5004 1855 5067 divinum
1874 4999 1950 5064 auxi·

414 5106 446 5170 di
467 5111 552 5178 astas,
569 5123 640 5185 quae
660 5102 781 5185 incepit
794 5121 812 5164 a
827 5110 970 5185 tempore
986 5103 1113 5176 Christi,
1131 5111 1162 5166 et
1217 5105 1309 5178 lium,
1326 5104 1364 5166 ad
1380 5102 1591 5166 obtinendum
1607 5101 1837 5184 experientiam
1854 5101 1885 5162 in
1900 5097 1951 5179 spi·

271 5259 305 5304 Η
413 5207 507 5270 durat
523 5203 677 5285 usquead
698 5201 871 5264 terminum
893 5202 1163 5285 mundizdequa
1218 5202 1386 5267 ritualibus
1411 5200 1516 5264 rebus.
1541 5202 1670 5283 Propter
1694 5202 1778 5282 quod
1803 5201 1837 5261 in
1860 5195 1951 5260 Eccle
1980 5243 2001 5284 ,.

268 5275 397 5368 mmmm
414 5307 550 5370 loannes
578 5302 633 5378 ait,
659 5299 775 5376 Filioli,
801 5299 975 5364 novissima
1003 5301 1080 5364 hora
1103 5310 1159 5364 est.
1219 5301 1346 5365 siastico
1370 5301 1505 5364 habetur
1531 5316 1538 5363 :
1563 5299 1621 5375 Qui
1651 5317 1714 5362 non
1742 5307 1788 5362 est
1811 5303 2000 5364 tentatusns¹
