4214 6254
440 479 499 548 {66
804 505 953 556 nournml
974 506 996 554 rr
1018 506 1091 554 rosr
1110 504 1305 553 minuamur.
1325 525 1365 536 —
1385 508 1483 556 smuo
1503 508 1629 557 ramma

439 674 529 750 dum,
545 675 585 740 ad
605 669 847 763 adipiscendum
870 679 1004 741 salutem
1025 684 1185 742 aternam.
1204 673 1351 752 hlsrael,
1369 678 1481 742 habuit
1502 679 1702 762 septuaginta
1723 676 1809 741 filios
1830 696 1868 740 ex
1887 675 1972 758 legiti·
1984 697 2062 747 rma

440 772 508 837 lmo
522 783 643 856 quanto
663 778 771 840 futura
789 777 854 840 vita
875 777 998 858 longior
1013 776 1074 839 erit
1092 794 1188 858 quam
1237 793 1297 859 ‘mo
1319 783 1406 858 toro;
1422 777 1535 842 habuit
1556 796 1684 861 quoque
1705 797 1805 841 unum
1826 775 1925 839 filium
1941 795 1972 838 ex

1982 764 2004 810 ll,
2011 768 2033 806 ll.

440 891 591 954 praesens,
608 882 696 938 tauto
711 875 784 958 plus
804 876 972 958 providere
991 875 1053 937 sibi
1073 874 1190 936 debent
1244 875 1432 939 concubina.
1458 877 1580 941 hlortuo
1609 877 1716 958 itaque
1744 875 1898 948 Gedeone‚
1921 874 1972 937 fili·
1993 894 2062 946 raam

440 969 684 1048 christifideles,
700 981 736 1035 ut
755 972 985 1036 sufficientiam
1003 973 1036 1034 iu
1056 972 1110 1035 illa
1125 971 1190 1035 vita
1244 991 1281 1034 us
1301 973 1361 1036 iste
1380 992 1419 1036 ex
1437 974 1626 1049 concubina,
1643 973 1772 1038 uomina
1792 963 2034 1046 Abimeleeu‘ltt·

439 1067 577 1132 habeant
591 1071 692 1152 magis
708 1091 802 1153 quam
819 1072 850 1134 in
864 1071 1016 1134 istaltlira
1031 1079 1063 1134 et
1079 1089 1190 1152 magna
1244 1090 1343 1153 quum
1373 1080 1457 1134 esset
1484 1072 1684 1146 ambitiosus
1709 1072 1834 1135 blandis
1863 1090 1973 1154 persua-

440 1174 488 1228 est
502 1168 671 1232 excaeatio
686 1170 790 1232 cordis
806 1169 951 1244 humaui,
966 1170 1050 1252 quod
1067 1177 1189 1231 tantum
1244 1169 1388 1233 sionibus
1413 1169 1552 1232 obtinuit
1576 1171 1812 1253 principatum3
1826 1169 1974 1252 factusque

439 1272 570 1328 veretur
594 1266 691 1348 hujus
716 1267 915 1331 brevissimae
938 1267 1011 1331 vitae
1035 1267 1188 1350 inopiam,
1244 1267 1406 1350 princeps,
1424 1268 1577 1332 conduxit
1595 1268 1657 1331 sibi
1677 1269 1763 1332 viros
1783 1285 1879 1350 vagos
1892 1287 1925 1330 ac
1938 1268 1975 1330 in·
2070 1337 2071 1358 χ

440 1371 472 1426 et
488 1363 691 1430 futuraevitae
707 1373 870 1450 perpetuae
884 1375 1036 1429 aeternam
1052 1384 1116 1428 non
1132 1365 1192 1428 for·
1245 1384 1330 1448 opes.
1341 1366 1462 1440 Quibus
1477 1367 1661 1450 assumptis,
1674 1367 1804 1430 intravit
1818 1367 1975 1449 improvise

441 1462 542 1524 midat
571 1464 740 1546 penuriam
765 1472 797 1528 et
825 1484 1010 1528 aerumnam.
1038 1465 1087 1539 Et,
1110 1464 1190 1546 proh
1245 1464 1375 1526 domum
1391 1462 1525 1526 fratrum
1541 1481 1684 1539 suorum,
1701 1473 1733 1527 et
1748 1462 1976 1545 interfecitsep

441 1560 551 1624 dolorl
578 1563 672 1625 multi
701 1571 776 1626 sunt
804 1563 859 1646 qui
887 1563 1034 1646 quamvis
1059 1565 1135 1626 satis
1160 1572 1191 1625 et
1244 1559 1387 1640 tuagiuta
1407 1561 1491 1623 viros
1510 1561 1623 1624 fratres
1643 1579 1717 1625 suos
1738 1580 1836 1643 super
1856 1560 1976 1643 lapidem
2070 1547 2071 1626 Ῐ

442 1659 627 1742 plusquam
643 1661 720 1724 satis
736 1661 873 1724 habeant
888 1679 946 1744 pro
961 1661 1190 1724 sustentatione
1245 1677 1357 1733 unum,
1374 1678 1414 1721 ne
1430 1678 1487 1741 per
1507 1677 1560 1722 eos
1580 1660 1750 1740 ejiceretur
1764 1678 1783 1721 a
1799 1659 1976 1742 principatu.

440 1757 515 1820 vitae
531 1760 707 1840 praesentis,
725 1759 770 1820 nil
786 1768 841 1822 aut
856 1760 1016 1824 modicum
1034 1777 1092 1841 pro
1107 1759 1190 1821 bona
1244 1757 1307 1819 Nea
1331 1776 1442 1838 passus
1467 1765 1515 1820 est
1539 1758 1622 1820 Deus
1645 1757 1846 1839 justissimus
1871 1765 1977 1818 tautum

441 1856 648 1920 consistentia
664 1857 696 1919 iu
711 1858 777 1920 vita
792 1857 910 1932 futura,
922 1864 1027 1920 tamen
1043 1876 1106 1920 non
1123 1877 1189 1920 cos·
1209 1857 1231 1918 B
1245 1855 1349 1917 scelus
1365 1874 1435 1917 esse
1451 1855 1599 1918 inultum.
1610 1856 1688 1919 Nam
1704 1864 1877 1938 autequam
1891 1855 1979 1917 tribus

440 1962 513 2017 sant
535 1955 722 2036 temporalia
742 1956 802 2019 sibi
824 1975 939 2038 augere
960 1965 992 2019 et
1011 1957 1190 2018 necessaria
1244 1953 1337 2015 aunis
1360 1962 1531 2035 regnasset,
1548 1955 1695 2038 permisit
1717 1956 1799 2018 Deus
1823 1955 1979 2017 maximam

440 2053 479 2114 ad
504 2052 638 2116 salutem
662 2054 832 2135 negligere.
1132 2069 1134 2074 ·
1245 2051 1320 2114 oriri
1337 2052 1569 2116 dissensionem
1586 2054 1668 2117 iuter
1684 2053 1854 2135 praefatum
1869 2053 1980 2115 Abime·

485 2151 656 2226 Postremo,
684 2153 854 2227 luxuriam,
881 2172 951 2235 quae
979 2161 1027 2215 est
1057 2151 1189 2214 bestiale
1246 2150 1315 2211 lech
1345 2150 1479 2233 ejusque
1509 2152 1675 2234 populum,
1707 2151 1761 2234 qui
1792 2151 1892 2234 coepit
1919 2169 1979 2212 eum

441 2257 620 2332 peceatum,
638 2259 670 2312 et
685 2251 838 2314 rationem
855 2251 986 2314 omuino
1002 2250 1188 2324 absorbens,
1244 2247 1525 2311 vehementissime
1557 2249 1717 2325 detestari,
1747 2251 1924 2333 presertim
1948 2249 1981 2312 ob

439 2365 572 2430 prorsus
596 2348 675 2410 vitet
699 2348 835 2430 quilibet
858 2349 1055 2412 Christianus
1082 2367 1088 2411 :
1115 2349 1191 2432 quia
1244 2346 1436 2410 occisionem
1452 2346 1584 2410 fratrum
1600 2347 1982 2430 suorumOuumquahbi-

441 2445 633 2508 mirabiliter
654 2455 790 2510 excaecat
812 2447 975 2511 hominem
998 2449 1057 2511 hoe
1080 2468 1189 2530 pecca·
1246 2445 1370 2506 melech
1384 2445 1545 2507 obsideret
1560 2446 1674 2509 turrim
1691 2447 1865 2528 quamdam
1886 2447 1981 2527 inqua

440 2551 522 2617 tum,
538 2542 679 2627 facitque
695 2564 767 2608 eum
785 2547 979 2621 acediosum,
996 2567 1126 2621 vanum,
1143 2548 1189 2608 in·
1244 2551 1334 2605 erant
1356 2543 1449 2605 multi
1474 2544 1513 2606 de
1538 2544 1658 2627 populo
1681 2562 1750 2618 suo,
1767 2545 1887 2606 mulier
1908 2563 1981 2627 qua·

440 2640 601 2716 stabilem,
623 2643 831 2724 dissolutum3
849 2663 908 2708 nec
933 2646 1091 2727 permittit
1115 2665 1189 2707 eum
1245 2641 1317 2704 dam
1347 2648 1433 2702 stans
1463 2660 1560 2724 super
1589 2641 1703 2704 turrim
1735 2642 1767 2705 in
1799 2644 1871 2706 loco
1900 2643 1982 2724 plano
2071 2635 2072 2642 '

440 2739 535 2804 facile
558 2759 615 2823 per
634 2741 856 2823 poenitentiam
878 2761 986 2806 veram
1012 2761 1187 2824 resurgere,
1243 2739 1333 2821 (quia
1355 2739 1451 2801 turris
1473 2739 1638 2822 planitiem
1662 2741 1837 2824 quamdam
1859 2741 1982 2822 habuit).
2071 2791 2072 2796 ,

440 2839 495 2901 sed
516 2839 619 2902 reddit
638 2859 712 2902 eum
733 2860 798 2904 suae
820 2841 931 2904 salutis
955 2841 1187 2904 immemorem.
1245 2836 1388 2918 fragmen
1410 2838 1500 2902 molae
1520 2839 1658 2921 desuper
1676 2839 1811 2921 jaciens,
1829 2841 1932 2922 tetigit
1946 2840 1983 2901 ri-

439 2936 575 2999 hlaxima
593 2954 721 3019 quoque
741 2938 905 3020 turpitudo
926 2938 958 3000 in
975 2939 1034 3000 boc
1054 2947 1102 3001 est
1117 2957 1188 3020 pec·
1245 2935 1454 2998 tiosissimum
1475 2936 1568 2999 illum
1581 2936 1768 3000 Abimelecb
1789 2937 1877 3001 iuter
1895 2938 1983 3001 cerri-

440 3042 519 3097 cato.
536 3035 601 3098 Neo
620 3035 724 3098 solum
744 3035 873 3098 vitanda
894 3044 943 3099 est
963 3037 1032 3118 ipsa
1051 3036 1187 3112 luxuria,
1208 3034 1316 3098 llcem
1339 3041 1371 3096 et
1397 3035 1553 3117 scapulas,
1580 3034 1801 3119 confregitque
1826 3037 1982 3100 cerebrum

440 3132 496 3196 sed
516 3140 548 3196 et
567 3134 828 3216 concupiscentia
850 3135 943 3208 mala,
961 3135 1109 3216 cogitatio
1130 3135 1188 3196 im·
1244 3132 1325 3212 ejus.
1341 3133 1399 3206 Qui
1415 3133 1522 3196 statim
1537 3133 1619 3196 dixit
1637 3134 1797 3215 armigero
1816 3153 1878 3199 suo
1894 3154 1901 3197 :
1918 3135 1983 3196 Era·

441 3232 570 3307 munda,
591 3233 776 3313 imaginatio
800 3234 915 3315 turpis,
936 3233 1084 3296 incautus
1103 3242 1135 3295 et
1154 3234 1189 3296 li·
1243 3232 1317 3312 gina
1341 3231 1482 3312 gladium
1506 3240 1609 3304 tuum,
1635 3241 1667 3294 et
1692 3233 1843 3297 interfice
1869 3253 1928 3306 me,
1952 3253 1983 3294 ue

440 3330 606 3394 bidiuosus
630 3332 811 3414 adspectus,
832 3333 1011 3414 amplexus,
1031 3340 1134 3395 taetus
1158 3341 1189 3395 et
1243 3330 1367 3393 dicatur
1389 3330 1474 3412 quod
1496 3350 1515 3392 a
1537 3331 1673 3394 muliere
1694 3333 1820 3395 occisus
1847 3333 1918 3396 sim.
1935 3332 1983 3406 Qui

440 3429 558 3512 oscula.
584 3429 728 3492 Vitemus
761 3430 867 3512 itaque
895 3449 990 3493 omne
1020 3439 1187 3513 peceatum
1243 3430 1381 3510 armiger
1403 3429 1492 3509 jussa
1517 3430 1693 3512 complens,
1720 3430 1885 3494 interfecit
1909 3451 1982 3494 eum.

442 3528 585 3604 mortale,
602 3529 856 3610 quoacoelestis
875 3548 974 3593 coeuae
995 3529 1189 3612 impedimur
1245 3528 1283 3589 Et
1312 3527 1393 3590 obiit
1424 3528 1564 3610 pessima
1595 3535 1707 3604 morte,
1737 3530 1983 3612 atemaliterque
2072 3555 2073 3602 r

441 3627 632 3708 adeptione;
657 3628 796 3690 venialia
820 3645 947 3711 quoque
977 3637 1107 3711 peecata
1131 3647 1189 3710 pro
1243 3626 1411 3687 damnatus
1431 3633 1488 3688 est.
1507 3627 1588 3688 Ecce
1607 3626 1647 3688 ad
1665 3635 1816 3709 quantam
1839 3629 1983 3691 malitiam

441 3741 547 3807 posse,
570 3725 721 3806 quoniam
743 3727 781 3789 ad
808 3727 954 3791 mortalia
977 3734 1107 3810 peccata
1128 3727 1189 3789 dis·
1244 3724 1392 3807 delapsus
1408 3733 1455 3787 est
1475 3725 1528 3788 ille
1544 3724 1656 3788 infelix
1671 3725 1861 3790 Abimelech
1881 3746 1919 3790 ax
1936 3745 1985 3788 sua

442 3829 577 3904 ponunt.
1244 3821 1430 3896 ambitione,
1460 3828 1492 3884 et
1520 3841 1617 3904 quam
1647 3823 1711 3885 cito
1739 3841 1776 3885 ae
1808 3824 1985 3887 terribiliter

482 3919 523 3982 At
537 3939 612 3984 vero
627 3929 743 4004 quanta
759 3923 840 3986 mala
860 3942 898 3986 ex
913 3923 1064 4006 superbia
1080 3931 1112 3986 et
1125 3943 1190 3986 am·
1245 3921 1328 3983 Deus
1350 3920 1570 3983 sanctissimus
1593 3921 1679 3983 ultus
1700 3930 1749 3984 est
1769 3923 1894 3986 scelera
1914 3923 1983 4003 ejus.

443 4018 566 4082 bitione
597 4029 783 4096 naseuntur,
818 4022 946 4104 copiose
979 4023 1071 4085 docet
1103 4040 1191 4084 sacra
1246 4019 1338 4083 Omni
1354 4036 1429 4100 ergo
1448 4019 1599 4101 superbia
1618 4020 1729 4101 procul
1750 4021 1857 4103 pulsa,
1874 4022 1984 4084 invera

444 4117 615 4200 Scriptura.
634 4118 721 4183 Unde
742 4121 773 4182 in
794 4120 877 4183 libro
894 4121 1042 4185 ludicum
1064 4121 1188 4202 legitur,
1245 4136 1372 4200 semper
1393 4117 1573 4180 humilitate
1594 4137 1850 4200 perseveremus,
1867 4122 1905 4185 ad
1928 4121 1984 4202 glo

444 4218 528 4299 quod
544 4217 682 4294 Gedeon,
698 4219 748 4283 vir
760 4219 866 4300 justus
882 4227 913 4284 et
930 4220 1028 4302 judex
1047 4220 1190 4283 filiorum
1206 4217 1231 4280 D
1246 4219 1325 4280 riam
1347 4217 1590 4300 Omnipotcntis.
