4154 6258
429 479 490 546 488
675 497 824 547 borrtutclt
843 498 908 544 XVll
928 496 1002 544 POST
1020 493 1215 542 rttttttrartttt.
1235 511 1276 523 ·-·
1295 493 1470 542 mamerto
1491 494 1523 542 ΙΝ
1543 493 1738 542 avarorum!

430 670 509 734 citas
529 672 727 745 eorumdem,
744 669 829 754 quod
849 667 1029 750 cogitabant
1048 673 1080 729 et
1096 665 1218 747 judi-h
1234 665 1405 730 clationem
1430 665 1588 731 internam
1612 667 1644 730 in
1669 685 1718 741 oo,
1737 683 1803 730 non
1824 665 1960 730 dehemus

430 769 545 832 cabant
569 777 634 832 tam
657 768 756 832 ictuc.
771 770 827 831 Ad
848 770 922 828 illos
945 767 1035 828 discit
1050 785 1062 824 :
1077 766 1179 843 Cujus
1233 763 1267 826 in
1282 765 1387 846 primo
1401 764 1471 828 loco
1485 765 1699 840 discumbere,
1716 764 1748 827 id
1768 771 1817 828 cst
1831 765 1898 826 aliis
1914 783 1961 827 nos

431 877 575 928 oestrum
590 869 705 928 asinos
723 876 782 928 eut
802 869 855 928 bos
869 867 907 926 in
921 873 1059 942 puteum
1073 866 1178 932 cadet,
1233 862 1394 944 praeferre,
1411 881 1515 946 neque
1531 864 1570 926 de
1590 863 1712 926 meritis
1727 862 1844 926 nostris
1863 881 1961 945 presu-

430 976 461 1026 ct
476 986 541 1027 aon
556 969 710 1026 continuo
725 967 876 1026 extrahet
890 965 986 1023 illum
1001 964 1054 1023 dic
1069 963 1178 1022 sabba·
1233 980 1330 1036 mere,
1354 980 1394 1024 ne
1416 961 1626 1044 reprobemur
1645 981 1664 1024 a
1684 962 1818 1025 Christo.

431 1066 459 1124 ti
468 1065 483 1124 t
497 1064 588 1147 quasi
603 1063 688 1126 dicat
705 1081 711 1125 :
729 1062 761 1126 Si
778 1061 853 1124 licet
868 1061 971 1124 brutis
985 1060 1035 1124 die
1055 1059 1178 1122 sabbati
1271 1063 1339 1122 Sed
1352 1081 1451 1140 quam
1468 1070 1599 1122 vocatus
1611 1062 1720 1138 fucris
1733 1059 1773 1122 ad
1793 1060 1915 1142 nuptias
1930 1059 1962 1122 si-

430 1181 504 1225 cum
519 1161 630 1244 grandi
646 1161 754 1224 labore
769 1177 1032 1234 succurrere,cur
1046 1175 1109 1221 non
1125 1175 1179 1240 po·
1233 1176 1271 1220 ve
1285 1157 1480 1233 convivium,
1493 1162 1585 1229 eade,
1595 1160 1742 1220 recumbe
1756 1160 1793 1218 in
1807 1161 1962 1219 noetsdmo

431 1261 494 1322 tius
511 1259 585 1322 licet
604 1259 727 1323 bomini
742 1274 826 1342 egro
845 1258 1012 1321 sanitatem
1027 1273 1179 1339 superna·
1233 1260 1310 1328 loco,
1323 1255 1354 1319 id
1369 1263 1428 1330 est,
1439 1264 1596 1339 quantum
1612 1256 1645 1318 in
1660 1264 1692 1320 te
1706 1264 1765 1332 cst,
1777 1256 1881 1320 locum
1894 1256 1961 1338 elige

431 1357 576 1420 turaliter
591 1358 665 1420 dare
680 1357 732 1420 dic
746 1354 1063 1437 sabbati,praesertim
1078 1373 1178 1437 quum
1233 1353 1437 1436 inferiorem3
1453 1365 1491 1417 ut
1506 1376 1608 1436 quum
1628 1357 1753 1416 venerit
1772 1357 1833 1436 qai
1850 1364 1878 1416 te
1892 1357 1962 1414 inot-

433 1457 517 1520 istud
539 1456 598 1518 liat
618 1464 683 1518 tam
702 1454 823 1536 absque
845 1454 963 1528 labore,
981 1453 1046 1516 imo
1066 1451 1179 1515 facilli·
1235 1455 1329 1524 tevit,
1344 1455 1434 1514 dicet
1453 1455 1526 1524 tibi,
1540 1453 1758 1517 admonitione
1780 1472 1837 1517 seu
1857 1452 1961 1535 suppli·

432 1557 505 1617 met
518 1557 563 1617 Et
586 1574 650 1615 aon
667 1563 821 1631 poterant
839 1556 884 1613 ed
902 1555 969 1614 bec
988 1554 1180 1628 respondere
1234 1551 1358 1615 catione
1382 1551 1550 1615 honoraria
1572 1550 1712 1632 (suflicit
1734 1551 1822 1614 enim
1846 1551 1962 1614 monitio

433 1655 498 1723 illi,
511 1651 662 1715 videlicet
676 1650 809 1715 Christo.
823 1650 883 1713 Sed
898 1650 1048 1713 viderunt
1061 1667 1095 1712 se
1110 1667 1179 1710 esse
1233 1650 1318 1732 apud
1333 1649 1501 1731 discretos)
1512 1667 1519 1711 :
1530 1651 1656 1721 Amice,
1667 1653 1801 1710 ascende
1816 1651 1960 1726 seperire.

432 1749 594 1813 convictos
614 1749 654 1812 ab
674 1767 723 1824 co,
739 1756 924 1830 secretaque
946 1747 1090 1811 cordium
1109 1764 1180 1808 suo
1234 1748 1349 1831 Sicque
1369 1766 1426 1830 per
1439 1748 1656 1812 humilitatem
1675 1748 1778 1812 honor
1792 1748 1961 1830 acquiritur,

432 1868 504 1912 rum
526 1849 669 1932 inspecta
689 1855 721 1912 et
742 1847 909 1928 redarguta
930 1864 999 1909 csse
1023 1845 1062 1908 ab
1083 1845 1176 1928 ipso:
1196 1842 1317 1908 Bsicut
1341 1844 1570 1927 subjungitur:
1589 1849 1681 1908 Tunc
1700 1847 1767 1906 erit
1789 1847 1852 1908 tibi
1868 1848 1963 1924 ptorrb

431 1947 516 2029 quod
550 1946 612 2010 luit
646 1946 746 2029 magis
782 1944 929 2008 mirabile
961 1963 998 2006 ac
1032 1943 1177 2006 divinum
1233 1965 1343 2006 coram
1357 1946 1457 2006 simul
1475 1945 1753 2007 discumbentibus
1766 1965 1779 2005 .·
1790 1944 1880 2026 juxta
1896 1943 1962 2006 illud

431 2064 527 2126 qnam
549 2043 715 2127 hydropici
736 2042 909 2125 corporalis
932 2041 1064 2116 curatio,
1081 2060 1177 2122 quem
1232 2041 1300 2116 lob,
1326 2041 1385 2115 oni
1414 2041 1601 2105 humiliatus
1630 2041 1739 2116 luerit,
1763 2043 1824 2105 crit
1851 2042 1883 2104 in
1906 2042 2054 2124 glo-rema.

431 2150 537 2206 tamen
562 2141 658 2206 etiam
684 2141 892 2224 spiritualiter
915 2139 1038 2202 curavit
1060 2139 1107 2220 (id
1131 2145 1179 2201 cst
1234 2140 1290 2202 ria.
1307 2140 1387 2204 Huic
1404 2138 1515 2202 morali
1530 2139 1682 2203 doctrine
1696 2140 1812 2204 Christi
1829 2147 1963 2203 consonat

432 2259 450 2302 a
472 2241 610 2322 pcccatis
633 2239 812 2320 mundavit)
833 2237 985 2302 Salvator.
1233 2239 1318 2320 qnod
1342 2237 1374 2300 in
1398 2237 1577 2300 Proverbiis
1598 2238 1748 2301 Salomon
1769 2238 1812 2300 ait
1830 2256 1838 2300 :
1854 2239 1896 2302 Nc
1910 2238 1964 2320 glo
1979 2259 2048 2299 nn..

473 2337 648 2401 Goniutatis
672 2356 746 2418 ergo
767 2337 957 2401 adversariis
978 2336 1131 2410 veritatis,
1148 2343 1180 2398 et
1234 2336 1336 2399 riosus
1351 2354 1504 2418 appareas
1519 2352 1625 2398 coram
1641 2354 1727 2418 rege,
1740 2344 1772 2399 et
1787 2335 1819 2399 in
1836 2337 1901 2400 loco
1915 2355 1964 2398 ma·
1974 2323 2009 2369 ⁶⁵·

433 2435 588 2517 corporali
606 2435 769 2518 hydropisi
786 2436 817 2497 in
835 2451 898 2497 uno
915 2442 1034 2508 curata,
1051 2452 1180 2497 convcr—
1233 2453 1369 2516 gnorum
1385 2453 1426 2496 ne
1445 2433 1586 2513 steteris3
1603 2435 1719 2498 melius
1738 2443 1841 2498 estut
1859 2434 1964 2498 dicatur

432 2533 472 2595 tit
495 2550 528 2594 se
554 2532 696 2596 Christus
720 2533 758 2594 ad
783 2531 959 2615 spiritualis
983 2532 1179 2594 curationem
1234 2532 1305 2607 tibi,
1321 2531 1465 2596 Ascende
1481 2531 1554 2607 huc,
1571 2551 1667 2614 quam
1683 2539 1718 2594 ut
1733 2532 1910 2596 humilieris
1923 2549 1964 2594 co

432 2629 623 2712 hydropisin,
641 2637 750 2712 utpote
764 2630 922 2712 superbiae
938 2637 969 2692 et
983 2627 1178 2703 ambitionis,
1235 2648 1302 2692 ram
1325 2630 1481 2712 principe.
1499 2629 1582 2692 Dicit
1602 2647 1730 2713 quoque
1751 2631 1885 2694 Basilius
1899 2649 1906 2692 :
1920 2631 1966 2694 oe-

433 2748 497 2812 qua
518 2728 703 2792 laborabant
725 2727 898 2809 legisperiti
917 2747 955 2790 ac
973 2727 1132 2802 Pharisaei,
1148 2735 1181 2790 et
1236 2747 1353 2811 cupere
1369 2727 1519 2790 ultimum
1537 2728 1643 2791 locum
1661 2729 1694 2791 in
1709 2729 1877 2800 conviviis,
1890 2731 1965 2811 juxta

433 2845 641 2908 nuncusque
662 2825 793 2908 plurimi
814 2833 889 2888 sunt
909 2825 1180 2888 insectabere
1237 2827 1419 2889 mandatum
1451 2826 1578 2900 Christi,
1608 2826 1802 2891 conveniens
1832 2837 1901 2906 est3
1921 2827 1965 2889 sed

433 2935 542 2987 aretem
564 2935 594 2986 ct
616 2928 660 2985 ad
681 2926 837 2985 invitatos
855 2927 1060 3000 parabolam,
1077 2925 1108 2987 id
1133 2931 1182 2988 est
1236 2944 1347 2987 rursus
1367 2924 1399 2987 iu
1419 2925 1506 2987 huno
1521 2925 1719 2988 contentiose
1739 2943 1773 2988 se
1793 2943 1916 3008 ponere,
1931 2925 1965 2986 ri·

433 3041 614 3087 sermonem
636 3022 757 3104 aliquid
780 3022 912 3105 mystice
931 3023 1179 3104 significantem,
1197 3024 1219 3088 G
1235 3022 1414 3106 tuperabile
1435 3031 1494 3097 est,
1510 3030 1662 3104 tauquam
1681 3024 1908 3086 destructivum
1926 3041 1965 3085 or-

434 3122 509 3206 quia
524 3140 582 3204 pcr
596 3120 774 3203 corporalia
787 3121 857 3194 ista,
867 3120 1019 3183 innuebat
1033 3122 1180 3204 spiritua·
1235 3122 1319 3185 dinis
1344 3129 1376 3185 ct
1397 3122 1595 3183 causativum
1617 3122 1783 3196 tumultus,
1808 3129 1842 3185 ct
1862 3123 1898 3184 dc
1917 3122 1964 3182 boc

435 3221 901 3297 liadocumcnta3iateadeas,
918 3219 1023 3293 idest,
1040 3221 1182 3283 considcss
1236 3228 1320 3282 mota
1346 3218 1507 3282 contentio
1531 3218 1729 3300 comparabit
1750 3237 1808 3282 nos
1832 3219 1964 3301 litiganti—

434 3337 508 3381 rans
532 3318 582 3381 vel
608 3316 742 3397 intelligi
768 3317 857 3391 dans,
880 3321 1035 3396 quomodo
1055 3321 1182 3394 primos
1236 3315 1295 3377 bus
1320 3315 1360 3377 de
1385 3315 1535 3397 primatu.
1557 3316 1767 3399 Quapropter,
1786 3317 1870 3380 sicut
1888 3317 1964 3379 docet

434 3418 602 3478 accubitus
616 3417 785 3493 eligerent,
803 3414 834 3477 id
855 3423 913 3489 est,
929 3415 968 3477 ad
986 3415 1097 3479 altiora
1114 3416 1181 3480 loca
1235 3414 1288 3476 hic
1313 3413 1467 3489 Christus,
1493 3414 1622 3497 expedit
1646 3415 1811 3477 accubitus
1837 3416 1963 3478 ordinem

435 3515 468 3578 in
493 3514 612 3577 mensis
636 3513 845 3594 adspirarent,
865 3513 1015 3575 aviditate
1039 3513 1179 3588 honoris,
1236 3511 1437 3574 committere
1458 3511 1589 3575 lacicnti
1611 3513 1806 3576 convivium.
1822 3514 1873 3577 Sic
1892 3512 1964 3575 enirn

434 3612 485 3676 vcl
502 3619 632 3693 propter
646 3609 768 3672 fercula
784 3611 916 3674 lautiora
936 3630 1006 3692 que
1020 3611 1114 3674 altius
1134 3631 1181 3674 se·
1236 3609 1269 3672 in
1290 3609 1443 3691 patientia
1462 3626 1519 3673 nos
1540 3617 1651 3673 mutuo
1670 3610 1907 3686 sustinebimus
1922 3611 1965 3672 ho

434 3709 585 3773 dentibus
609 3716 848 3790 proponuntur3
872 3710 984 3769 dicens
1008 3711 1052 3768 ad
1075 3712 1148 3770 illos
1170 3731 1182 3770 .·
1236 3715 1326 3770 ueste
1340 3715 1372 3770 ct
1392 3709 1569 3771 secundum
1589 3708 1735 3772 ordinem
1755 3712 1863 3774 omnia
1876 3727 1964 3792 prose-

436 3812 543 3878 Quum
567 3808 730 3867 invitatus
749 3809 857 3883 fueris
881 3811 924 3867 act
947 3810 1092 3883 nuptias,
1116 3828 1182 3869 reon
1236 3815 1380 3888 quantes

434 3906 619 3967 discumbas
635 3905 792 3979 inprime
808 3907 885 3975 loco,
902 3905 934 3967 id
953 3912 1011 3979 est,
1028 3913 1058 3968 te
1075 3906 1181 3988 ipsum
1276 3906 1361 3972 Quia
1384 3907 1489 3966 omnis
1511 3907 1571 3984 qui
1590 3925 1622 3965 se
1645 3911 1772 3967 cecatcer
1795 3926 1852 3990 per
1873 3923 1964 3988 supcr-

435 4022 516 4067 vane
531 4021 594 4066 non
610 4002 735 4082 ingeras
750 4001 789 4063 ad
804 4002 979 4064 sedendum
1000 4004 1032 4065 in
1048 4005 1117 4067 loco
1132 4024 1183 4066 su·
1236 4002 1333 4076 biam,
1345 4004 1580 4063 humiliabitur
1593 4003 1820 4068 humiliatione
1829 4005 1916 4086 justa
1929 4003 1964 4064 nl·

436 4103 566 4187 periori,
583 4120 623 4161 ae
640 4102 728 4178 forte
747 4101 937 4161 honoratior
955 4111 984 4161 te
1002 4103 1046 4163 sit
1062 4106 1181 4164 invita·
1235 4101 1343 4175 tionis,
1360 4101 1466 4173 idest,
1483 4101 1717 4183 reprobabitur,
1734 4103 1923 4186 deprimetur
1934 4117 1963 4161 ac

437 4213 501 4272 tas,
527 4208 586 4264 etc.
618 4199 736 4263 Sensus
764 4197 1010 4280 superficialiter
1038 4200 1182 4265 litteralis
1196 4199 1221 4261 D
1236 4199 1388 4281 punietur
1409 4205 1497 4261 tanto
1516 4198 1741 4263 confusibilius
1760 4209 1854 4284 atquc
1874 4217 1964 4282 parna-

435 4300 662 4366 dillicultatem
678 4314 741 4360 non
762 4296 872 4376 babet;
889 4298 943 4360 scd
960 4299 1110 4380 magister
1124 4301 1182 4362 bn·
1236 4299 1309 4374 lius,
1326 4305 1390 4360 tam
1410 4297 1442 4358 in
1464 4297 1648 4380 particulari
1668 4317 1727 4361 suo
1743 4300 1863 4380 judicio
1884 4315 1963 4381 quarn

436 4399 579 4463 militatis
599 4399 659 4461 hoc
681 4396 840 4477 exemplo,
857 4395 979 4478 hacque
1001 4397 1181 4460 rationabili
1237 4397 1405 4477 injudicio
1424 4397 1576 4476 generali,
1594 4405 1712 4480 quanto
1728 4417 1814 4460 nunc
1834 4399 1926 4478 magis
1937 4415 1964 4457 sc

436 4499 652 4580 persuasione,
684 4495 821 4558 intendit
850 4513 907 4557 nos
936 4495 1119 4570 informare,
1147 4504 1182 4558 ut
1235 4495 1339 4576 erigit,
1364 4495 1426 4556 nisi
1455 4513 1530 4558 vere
1558 4481 1712 4577 poenitcat
1740 4515 1837 4580 seque
1862 4497 1892 4558 in
1913 4495 1964 4556 rita

435 4614 573 4677 semper,
597 4601 752 4678 quantum
777 4593 809 4654 in
834 4593 926 4656 nobis
951 4601 1009 4668 est,
1032 4592 1180 4657 humilie-
1235 4593 1294 4655 hac
1315 4601 1428 4676 sponte
1447 4592 1606 4656 humiliet.
1623 4597 1668 4656 Et
1686 4597 1796 4674 quise
1814 4595 1963 4659 remittet

435 4712 507 4756 mus
527 4701 558 4756 et
577 4692 668 4775 parvi
687 4691 841 4754 iaciamus
861 4709 918 4754 nos
939 4691 1035 4773 ipsos,
1053 4693 1179 4775 nequis
1236 4692 1267 4755 id
1292 4700 1349 4766 est,
1375 4693 1538 4774 propriam
1564 4692 1838 4758 defectuositatcm
1863 4701 1892 4756 ct
1911 4689 1963 4754 cul·

434 4791 517 4854 ultra
539 4790 700 4872 propriam
723 4807 906 4850 mensuram
930 4807 964 4850 se
988 4789 1098 4870 erigat,
1116 4791 1180 4854 imo
1235 4810 1308 4872 pam
1340 4791 1513 4873 pensando,
1544 4790 1655 4872 dejicit
1683 4799 1716 4855 et
1745 4791 1912 4875 prosternit
1936 4807 1963 4849 se

432 4889 538 4972 potius
563 4886 768 4950 interioribus
793 4886 985 4949 arbitremur
1003 4905 1066 4950 nos
1091 4887 1179 4953 vilio
1234 4889 1341 4972 ipsum
1361 4907 1468 4952 coram
1487 4889 1661 4965 Altissimo,
1678 4897 1774 4974 atquo
1795 4892 1826 4953 in
1848 4888 1964 4954 exterio·

432 4985 786 5069 res.l)eniquo,quando
800 5002 857 5066 per
873 4983 987 5048 Christi
1004 4984 1176 5062 ministros,
1232 4986 1322 5049 ribus
1341 4987 1557 5051 humilitatem
1576 5005 1651 5050 vere
1671 4988 1809 5052 ostendit
1826 4988 1857 5051 in
1880 4985 1962 5048 verbo

432 5086 463 5148 id
480 5093 528 5149 cst
542 5084 688 5168 praelatos
703 5101 739 5146 ac
755 5082 988 5164 predicatores,
1005 5083 1179 5146 invitamur
1232 5093 1264 5147 ct
1278 5084 1372 5159 lacto,
1388 5087 1701 5168 eealtabitur:quia
1716 5087 1748 5149 in
1763 5087 1821 5150 bac
1836 5086 1898 5148 vita
1911 5102 1962 5146 ma·

430 5185 468 5246 ad
484 5184 611 5265 nuptias
627 5180 819 5264 spirituales
834 5181 894 5243 hoc
908 5188 957 5242 cst
971 5181 1009 5243 ad
1025 5180 1177 5244 unionem
1231 5202 1294 5264 gna
1312 5202 1330 5245 a
1349 5184 1413 5246 Deo
1434 5184 1572 5267 accipiet
1592 5185 1676 5248 dona
1699 5185 1806 5266 gratiae
1824 5204 1859 5248 ac
1878 5184 1962 5246 virtu·

432 5281 548 5346 mentis
570 5300 644 5344 cunr
665 5281 739 5355 Dco,
756 5280 794 5342 ad
815 5277 1021 5342 reiectionem
1042 5289 1074 5342 ct
1095 5280 1177 5342 delc-
1232 5289 1312 5356 tum,
1338 5281 1370 5345 in
1395 5283 1503 5346 futuro
1531 5302 1660 5366 quoque
1684 5284 1831 5348 sublimis
1858 5284 1914 5344 erit
1936 5281 1961 5341 iu
