4154 6258
461 499 608 546 beatulus
629 499 693 546 xvh
713 499 787 546 POST
806 499 999 547 salutamur.
1020 518 1061 530 -·
1081 501 1180 549 salillo
1199 501 1324 550 Thallus
1605 487 1665 552 493

114 667 222 730 lorum
244 687 281 731 ac
305 667 533 751 negligentium
559 667 773 753 prelatorum,
789 670 904 732 Pha-A
921 670 993 753 plus
1008 670 1184 754 adspirabit
1198 672 1301 736 adhuc
1315 672 1354 735 ad
1370 672 1597 738 sublimiorem.
1605 674 1665 738 Sed

113 765 224 830 risaeos
240 768 443 850 sequentium
461 785 468 830 ε
485 768 562 850 quia
576 768 603 830 si
619 769 757 830 viderint
774 785 865 850 peeo-
919 767 1003 830 sicut
1028 768 1080 831 isti
1104 777 1179 831 sunt
1200 770 1321 844 miseri,
1339 769 1382 833 ita
1403 770 1487 834 beati
1511 779 1586 833 sunt
1610 771 1666 853 qui

112 863 205 926 ribus
221 866 288 928 suis
305 865 427 948 aliquid
446 865 647 928 adversitatis
668 867 863 947 contingere,
919 867 1026 929 omnia
1041 867 1101 930 ista
1120 875 1286 950 spernunt,
1303 886 1478 951 omnesque
1498 889 1571 932 suas
1587 869 1667 932 alle·

111 961 233 1038 dolent,
246 963 455 1046 protinusque
471 981 529 1046 pro
546 981 639 1046 posse
655 971 847 1027 succurrunt
854 981 863 1044 ;
918 965 1039 1028 etioues
1059 964 1165 1046 figunt
1187 966 1220 1029 in
1240 967 1315 1042 lleo,
1332 985 1391 1030 nee
1412 967 1516 1044 ditari,
1533 987 1593 1031 nec
1615 969 1667 1031 de-

110 1060 138 1120 si
170 1078 248 1123 vero
278 1061 503 1144 conspexerint
531 1061 693 1144 proximos
724 1078 797 1124 suos
827 1081 864 1125 ac
918 1061 1038 1138 lectari,
1056 1082 1114 1126 nec
1133 1064 1280 1127 honorari
1302 1074 1448 1147 quaerunt
1466 1066 1528 1128 nisi
1549 1066 1581 1128 in
1602 1084 1664 1130 eo:

109 1157 260 1222 subditos
275 1159 484 1242 spiritualiter
499 1159 582 1233 laedi,
599 1159 664 1222 imo
678 1159 792 1234 occidi,
803 1160 863 1222 hoc
917 1162 973 1244 qui
1004 1169 1214 1225 contemnunt
1243 1171 1386 1226 terrenos
1414 1171 1447 1226 et
1473 1165 1665 1247 temporales

109 1265 161 1318 est
181 1257 359 1320 mortaliter
379 1259 566 1338 transgredi,
583 1264 697 1331 tacent,
715 1257 863 1320 dissimu·
916 1260 1064 1334 honores,
1081 1268 1117 1323 ut
1134 1261 1352 1343 adipiscantur
1366 1262 1511 1326 eoelestes
1525 1281 1563 1324 ac
1577 1270 1665 1326 aeter-

109 1354 190 1430 lant,
212 1373 276 1418 non
302 1363 424 1430 curant,
445 1375 550 1439 neque
575 1355 779 1419 subveniunt.
795 1356 863 1430 Quo
917 1358 1023 1438 nales3
1040 1377 1099 1422 nec
1124 1360 1156 1421 in
1181 1360 1372 1423 transitoriis
1395 1367 1507 1442 optant
1527 1360 1666 1423 abunda·

109 1459 237 1515 constat
261 1453 346 1534 quod
367 1470 475 1516 veram
497 1453 554 1516 llei
577 1471 613 1516 ac
638 1453 776 1536 proximi
798 1470 862 1516 non
916 1474 950 1518 re
966 1457 1096 1532 divitiis,
1113 1465 1270 1540 quatenus
1286 1466 1468 1522 mereantur
1482 1459 1664 1523 divinorum

109 1551 253 1612 habeant
269 1550 431 1613 caritatem
449 1568 456 1612 :
473 1569 590 1635 nempe
610 1569 673 1633 quo
689 1551 796 1613 anima
815 1559 863 1613 est
917 1554 1044 1636 impleri
1067 1555 1294 1618 charismatum
1318 1557 1422 1632 donis,
1439 1556 1471 1618 in
1491 1558 1665 1622 virtutibus

109 1651 314 1731 praestantior
336 1667 467 1732 corpore
486 1658 518 1713 ct
539 1650 627 1713 omni
650 1650 808 1731 jumento,
824 1667 863 1714 eo
916 1652 1042 1734 perlici,
1062 1653 1126 1716 Deo
1151 1653 1255 1734 uniri3
1274 1655 1423 1717 similiter
1447 1654 1588 1719 carnales
1612 1657 1667 1720 de·

109 1747 151 1810 de
167 1747 348 1811 animarum
363 1756 465 1811 morte
480 1767 516 1812 ae
531 1749 709 1832 perditione
723 1749 861 1831 amplius
917 1751 1058 1832 spiciunt
1080 1751 1270 1834 voluptates,
1293 1761 1328 1814 ut
1352 1761 1535 1816 mereantur
1557 1772 1667 1818 conso·

108 1855 159 1909 est
179 1846 363 1922 dolendum,
379 1855 474 1930 atque
494 1848 616 1910 eisdem
636 1847 772 1911 celerius
790 1867 860 1911 suc·
879 1849 902 1913 B
918 1847 1051 1912 lationes
1078 1850 1217 1932 experiri
1246 1850 1371 1913 divinas
1397 1858 1430 1915 et
1455 1851 1606 1916 delectari
1631 1853 1664 1916 in

108 1947 317 2009 currendum.
344 1947 424 2009 Hinc
454 1947 497 2010 ait
526 1947 768 2031 chrysostomus
794 1965 801 2010 ε
828 1948 860 2011 Si
917 1947 1064 2023 Domino,
1082 1955 1177 2030 atque
1201 1957 1273 2031 post
1292 1949 1390 2012 vitam
1415 1949 1498 2013 hanc
1521 1950 1663 2026 labilem,

107 2043 252 2126 populus
275 2045 415 2108 decimas
440 2063 503 2108 non
530 2045 691 2121 obtulerit,
718 2065 860 2109 murmu-
915 2065 1081 2128 nunquam
1098 2046 1331 2110 terminandam
1351 2047 1582 2112 beatitudinem
1598 2067 1664 2114 sor-

107 2150 183 2204 rant
202 2149 363 2225 pastores3
380 2144 435 2207 sed
455 2144 481 2207 si
503 2144 659 2226 populum
675 2152 859 2228 peccantem
914 2144 967 2205 tiri
992 2144 1032 2206 ab
1054 2144 1133 2227 ipso.
1155 2145 1236 2207 lline
1260 2145 1299 2208 de
1323 2145 1508 2227 hujusmodi
1533 2147 1663 2210 homine

107 2241 263 2318 viderint,
281 2249 396 2306 tacent.
409 2242 525 2306 Omnes
540 2242 580 2304 de
595 2260 654 2307 suo
668 2243 787 2306 honore
803 2243 862 2306 sol·
915 2241 958 2304 ait
976 2242 1131 2324 Propheta
1149 2260 1155 2304 :
1173 2243 1286 2306 Beatus
1301 2243 1351 2305 vir
1365 2243 1458 2324 cujus
1478 2252 1527 2307 est
1545 2262 1662 2309 nomen
1677 2271 1811 2330 narnus.

107 2339 192 2402 liciti
208 2347 293 2415 sunt,
311 2359 373 2405 non
393 2341 432 2404 de
447 2341 503 2403 Dei
524 2341 652 2404 honore.
670 2342 743 2404 ldeo
762 2341 859 2403 etiam
914 2341 1040 2405 Domini
1057 2360 1129 2425 spes
1149 2342 1231 2422 ejus,
1248 2350 1279 2404 et
1294 2359 1357 2406 non
1373 2344 1512 2426 respexit
1527 2344 1561 2406 in
1575 2347 1663 2408 vani-

107 2439 189 2502 dicit
213 2439 392 2503 Bernardus
414 2457 422 2502 :
443 2439 533 2503 Cadit
556 2441 655 2516 asina,
676 2447 708 2502 et
732 2447 780 2503 est
803 2439 859 2523 qui
914 2447 994 2503 tates
1018 2448 1049 2503 ct
1072 2441 1212 2504 insanias
1237 2441 1344 2505 falsas.

107 2537 276 2618 sublevet;
292 2538 376 2620 perit
397 2538 514 2612 anima,
531 2555 590 2601 nee
612 2547 660 2602 ast
681 2539 737 2620 qui
758 2545 857 2601 curet.
954 2539 1081 2614 Quarto,
1099 2539 1288 2603 instruimur
1303 2559 1341 2603 ex
1356 2541 1521 2623 evangelio
1541 2542 1665 2607 hodier-

108 2635 271 2718 Dcinceps
294 2635 326 2698 in
350 2635 410 2698 isto
432 2635 598 2699 saeculares
620 2637 716 2698 etiam
736 2637 860 2700 inveni·
915 2653 956 2699 no
971 2637 1109 2719 qualiter
1127 2639 1167 2700 ad
1187 2639 1350 2702 coelestem
1369 2639 1556 2704 felicitatem
1571 2659 1663 2724 opor-

107 2743 210 2797 untur
239 2734 414 2817 culpabiles
442 2751 449 2795 :
475 2734 568 2796 multi
597 2735 684 2798 enim
713 2743 859 2817 parentes
915 2742 979 2799 teat
993 2737 1170 2818 pervenire.
1183 2737 1235 2800 hit
1251 2737 1371 2821 quippe
1386 2739 1662 2815 Salvatorzlluum
1677 2756 1810 2810 mantio.

105 2833 289 2915 plurimum
303 2831 516 2907 tristarentur,
528 2833 554 2894 si
570 2831 632 2895 tilii
648 2841 702 2895 aut
716 2833 793 2898 filiae
808 2851 859 2898 eo·
915 2833 1067 2896 invitatus
1082 2834 1182 2898 rueris
1197 2836 1236 2898 ad
1253 2837 1392 2919 nuptias,
1405 2839 1495 2912 vade,
1510 2839 1663 2902 recumbe

105 2950 182 2994 rum
204 2950 278 2993 suas
298 2931 469 3013 perderent
487 2938 609 3012 vestes3
626 2932 680 2994 sed
700 2932 785 3014 quod
802 2950 860 3014 per
915 2932 947 2995 in
963 2933 1138 2998 novissimo
1154 2934 1234 2998 loco.
1252 2935 1368 2999 Omnes
1382 2936 1500 2999 etenim
1517 2939 1556 3001 ad
1571 2938 1663 3002 coele-

105 3030 237 3092 diversa
267 3037 398 3112 peecata
429 3029 575 3092 mortalia
605 3049 678 3094 suas
709 3030 896 3094 amittuntG
915 3031 972 3094 stis
992 3032 1081 3112 regni
1102 3051 1215 3096 sumus
1234 3033 1362 3116 nuptias
1383 3035 1519 3110 invitati,
1537 3036 1569 3098 in
1591 3037 1661 3119 qui-

104 3127 245 3202 animas,
268 3145 333 3191 non
356 3129 535 3191 advertunt.
556 3129 742 3192 Paucissimi
763 3128 858 3211 (proh
914 3129 974 3192 bus
996 3148 1087 3194 meus
1106 3132 1171 3194 Deo
1192 3131 1380 3214 plenissime
1403 3133 1660 3197 inavertibilitcr·

104 3227 231 3308 dolorl)
245 3233 320 3290 sunt
336 3227 392 3309 qui
412 3226 588 3309 spiritualis
608 3226 788 3291 dilectionis
808 3229 860 3291 de·
914 3248 976 3310 que
1000 3230 1120 3303 unitur,
1142 3230 1300 3295 beatilicae
1324 3231 1485 3295 fruitionis
1506 3233 1661 3296 suavitate

103 3326 215 3388 bitum
230 3325 384 3408 proximis
400 3325 467 3388 suis
483 3325 678 3408 impendant,
689 3327 860 3409 corripien-
913 3326 1069 3402 relicitur,
1087 3335 1118 3390 et
1132 3337 1272 3392 torrente
1286 3330 1458 3412 voluptatis
1473 3330 1590 3396 divine
1605 3349 1659 3414 po·
1673 3353 1808 3407 ramas.

103 3425 158 3497 do,
175 3424 353 3504 dirigendo,
371 3423 501 3499 orando,
517 3431 548 3486 et
570 3425 609 3486 dc
631 3442 743 3488 eorum
766 3426 859 3489 ruina
913 3433 1006 3490 tatur.
1023 3427 1081 3500 Qui
1104 3444 1179 3508 ergo
1200 3427 1240 3491 ad
1262 3428 1390 3510 nuptias
1413 3429 1470 3492 has
1492 3429 1660 3512 pervenire

102 3521 245 3586 dolendo
266 3541 303 3585 ac
323 3522 540 3586 succurrendo
561 3539 619 3605 pro
640 3540 742 3606 posse.
913 3527 1002 3609 cupit
1016 3546 1055 3589 ex
1070 3527 1188 3602 animo,
1199 3527 1364 3590 recumbat
1379 3527 1411 3590 in
1427 3529 1603 3594 novissimo
1618 3530 1662 3594 lo-

145 3620 265 3695 Tertio,
281 3638 320 3683 ex
335 3620 501 3701 evangelio
517 3620 577 3684 isto
591 3622 744 3685 doeemur
758 3622 859 3686 ambi·
913 3641 960 3699 ce,
977 3624 1037 3688 hoc
1057 3632 1116 3700 est,
1133 3625 1165 3687 iu
1186 3624 1377 3689 humilitatis
1398 3627 1561 3691 tutissimo
1582 3628 1662 3714 ligat

101 3721 230 3783 tionem
250 3718 360 3792 vitare,
378 3737 437 3781 nec
459 3719 657 3802 superiorem
677 3722 784 3784 locum
806 3741 859 3804 ap
912 3741 946 3785 se
975 3722 1196 3798 fundamento,
1222 3723 1399 3806 vilipendat
1428 3743 1462 3788 se
1487 3725 1605 3808 ipsum,
1630 3734 1662 3790 et

103 3825 228 3901 petere.
245 3817 325 3881 Nam
339 3816 423 3880 sieut
436 3817 587 3892 avaritias,
606 3819 650 3881 ita
664 3827 696 3882 et
710 3819 857 3883 ambitio·
911 3822 1149 3904 aspernationes
1169 3829 1264 3904 atque
1287 3823 1421 3904 injurias
1440 3824 1662 3908 equanimiter

100 3919 155 3979 uis
169 3915 289 3998 jugiter
302 3917 414 3979 crescit
428 3916 497 3980 sitis
512 3925 577 3980 tam
591 3919 624 3980 in
639 3918 857 4001 spiritualibus
911 3920 1001 3983 ierat.
1019 3920 1084 3983 Hoc
1107 3928 1156 3983 est
1180 3921 1266 4004 quod
1290 3921 1367 3984 alibi
1392 3923 1483 3986 docet
1507 3923 1658 3988 Salvator.

101 4034 205 4098 quam
230 4015 264 4077 in
286 4015 492 4078 sacularibus
514 4015 635 4100 ubique
659 4017 856 4096 homiuibus,
911 4019 1014 4092 Ouum
1035 4019 1122 4082 enim
1143 4019 1391 4102 interrogassent
1410 4040 1485 4084 eum
1504 4021 1659 4105 Apostoli,

100 4114 378 4197 quemadmodum
403 4123 531 4177 sanctus
554 4115 707 4178 describit
728 4117 857 4180 Bernar·
911 4118 997 4192 Quis,
1015 4125 1117 4200 putas,
1135 4119 1238 4199 major
1253 4127 1301 4182 est
1317 4119 1348 4181 in
1370 4137 1467 4201 regno
1483 4120 1660 4185 coeloruml
1699 4139 1787 4186 narra.

99 4215 174 4276 dus.
192 4212 273 4276 Nam
289 4213 316 4275 si
336 4213 409 4295 quis
431 4212 463 4275 in
478 4213 587 4297 aliquo
606 4215 741 4296 collegio
755 4223 857 4279 exstat
871 4218 895 4280 D
911 4216 1037 4279 vocavit
1058 4235 1194 4299 puerum
1216 4236 1317 4279 unum
1339 4219 1508 4300 posuitque
1528 4238 1602 4282 eum
1625 4221 1659 4283 in
1672 4217 1729 4255 ¹l'¹¹‘
1742 4207 1782 4249 ¹⁴·

99 4312 291 4386 canonicus,
308 4311 372 4374 cito
391 4313 624 4375 verecundatur
639 4332 709 4377 esse
729 4316 855 4379 canoni·
911 4315 1027 4389 medio,
1054 4315 1174 4388 dicens,
1199 4314 1267 4378 Nisi
1297 4317 1441 4378 conversi
1466 4316 1603 4392 fueritis,
1627 4325 1660 4381 et

98 4431 161 4474 cus
177 4409 329 4493 simplex,
345 4410 399 4473 sed
421 4411 460 4473 ad
479 4410 608 4492 aliquod
628 4412 769 4496 adspirat
785 4414 857 4477 olli·
911 4412 1101 4474 elliciamini
1117 4412 1201 4474 sicut
1215 4413 1352 4494 parvuli,
1369 4431 1432 4476 non
1450 4413 1609 4478 intrabitis
1624 4417 1658 4479 in

99 4510 205 4572 cium.
223 4509 290 4582 Ouo
310 4509 435 4591 adepto,
452 4509 627 4592 adspirabit
645 4512 683 4572 ad
703 4511 808 4586 altius,
826 4521 857 4575 et
912 4529 1045 4593 regnum
1068 4510 1240 4590 coelorum;
1258 4517 1289 4573 et
1309 4530 1418 4574 rursus
1438 4511 1569 4588 ibidem,
1586 4515 1658 4589 Qui·
1685 4534 1776 4581 ruas.

98 4615 228 4692 quanto
243 4607 315 4689 plus
331 4615 542 4690 promovetur,
549 4616 634 4673 tauto
648 4611 749 4672 adhuc
764 4611 803 4674 ad
818 4611 858 4674 al·
911 4629 1050 4692 cumque
1065 4609 1283 4672 humiliaverit
1297 4629 1331 4672 se
1350 4610 1433 4672 sicut
1451 4612 1603 4693 parvulus
1618 4613 1658 4676 is-

99 4710 189 4771 tiora
205 4705 480 4790 conabitur:quod
495 4708 521 4770 si
537 4709 776 4772 archidiaconus
792 4710 859 4774 lue·
911 4716 953 4784 te,
971 4707 1023 4770 hic
1039 4707 1141 4789 major
1155 4715 1203 4770 est
1219 4708 1250 4770 in
1268 4725 1364 4789 regno
1380 4709 1542 4773 coelorum.
1560 4711 1658 4793 Cujus

101 4806 232 4888 ritjam
248 4805 287 4868 ad
302 4805 518 4888 episcopatum
531 4807 651 4870 nitetur
665 4809 857 4891 pertingere,
913 4825 1041 4869 causam
1066 4806 1098 4869 in
1123 4805 1289 4886 evaugelio
1313 4807 1464 4889 exprimit
1492 4807 1657 4887 hodierno,

104 4905 222 4987 sicque
237 4903 438 4985 deincepslu
454 4904 655 4968 saecularibus
670 4924 794 4990 quoque
806 4907 859 4971 ho
912 4905 1047 4969 diceudo
1065 4921 1071 4966 :
1088 4904 1167 4978 Quia
1181 4904 1286 4968 omnis
1302 4905 1357 4986 qui
1376 4924 1409 4968 se
1428 4906 1588 4982 humiliat,
1606 4927 1658 4971 ex·
1671 4927 1805 4982 arcanas.

104 5003 255 5068 minibus
271 5002 584 5084 proportionabiliter
599 5004 766 5068 invenitur.
775 5007 858 5069 Unus
913 5003 1081 5083 altabitur3
1101 5003 1207 5086 etqui
1228 5021 1261 5066 se
1281 5005 1408 5079 exaltat,
1424 5005 1657 5070 humiliabitur.

103 5100 235 5184 appetit
259 5119 328 5162 esse
353 5099 505 5181 magister
527 5100 659 5175 civium,
680 5103 761 5166 alius
786 5121 861 5166 con·
913 5103 987 5177 011ae
1010 5101 1107 5164 verba
1131 5108 1205 5164 sunt
1235 5101 1384 5165 cordibus
1409 5103 1660 5168 Christianorum

102 5201 171 5275 sul,
190 5197 304 5261 tertius
324 5199 477 5261 scultetus
490 5207 546 5261 aut
558 5197 677 5280 judex;
694 5208 726 5263 et
741 5211 860 5285 quanto
913 5200 1101 5263 firmissime
1118 5198 1319 5262 inscribenda
1334 5218 1370 5263 ac
1388 5201 1506 5282 jugiter
1521 5203 1660 5266 recolen-

102 5299 183 5384 quis
208 5296 397 5380 ampliorem
422 5297 559 5380 acquirit
583 5297 747 5374 honorem,
771 5307 858 5364 tanto
915 5300 964 5362 da.
984 5299 1108 5364 Utinam
1129 5298 1264 5361 verbum
1286 5299 1370 5362 istud
1391 5299 1592 5364 adverterent
1610 5321 1662 5366 ex·
