4140 6258
397 493 544 542 1111111111
565 497 585 540 1
607 494 680 543 rosr
699 493 894 542 mrurrarsu.
915 511 955 523 -
975 494 1150 543 1111111111
1171 497 1202 544 ru
1223 497 1391 545 srrsroxxa
1604 481 1664 545 337

116 668 168 723 tus
190 661 307 737 Sancti,
325 670 356 726 et
375 679 439 725 non
461 664 637 727 secuudum
660 670 715 726 aut
736 662 903 746 propterll
921 682 975 726 11111
993 665 1032 726 de
1049 664 1088 727 iis
1108 684 1178 747 quae
1199 666 1232 728 in
1256 666 1365 729 animo
1385 666 1519 728 aliorum
1540 684 1665 728 versan·

117 759 230 821 merita
245 759 423 824 hominum.
442 761 600 844 Exprimit
613 768 720 824 autem
735 763 865 843 Aposlo·
918 769 982 836 tur,
993 769 1048 825 aut
1062 762 1102 825 ab
1117 763 1164 826 eis
1180 763 1396 846 proferuntur,
1407 771 1442 825 ut
1456 763 1576 845 Spiritu
1592 763 1666 825 San-

117 857 165 918 lus
183 857 250 921 hac
265 859 330 922 duo
344 861 426 922 dona
440 860 537 940 gratis
552 860 633 934 data,
644 858 866 942 praemittendo
919 866 970 921 cto
994 858 1174 923 illustrante
1196 862 1276 924 sciat
1300 880 1382 924 uuus
1411 868 1532 924 secreta
1561 860 1666 923 cordis

116 973 296 1020 sermonem
316 975 323 1020 :
340 959 456 1040 primo,
472 958 511 1020 ad
532 957 759 1021 insinuandum
780 957 864 1038 quod
918 957 1059 1033 alterius,
1071 967 1103 1021 et
1117 977 1181 1041 quo
1195 959 1303 1023 animo
1317 959 1393 1041 quid
1413 959 1546 1023 dicatur.
1563 958 1667 1022 Potest

117 1055 233 1118 dantur
251 1056 290 1119 ad
312 1057 448 1121 aliorum
468 1057 732 1136 instructionem3
753 1075 864 1118 secun·
918 1073 1046 1138 quoquo
1066 1057 1201 1138 intelligi
1222 1059 1260 1120 de
1279 1058 1379 1140 gratia
1398 1057 1599 1121 discernendi
1621 1057 1666 1118 in·

117 1149 166 1223 do,
184 1151 224 1214 ad
246 1152 444 1216 innuendum
465 1153 550 1236 quod
567 1170 630 1215 non
651 1152 756 1215 solum
775 1151 864 1214 habi·
918 1161 966 1216 ter
980 1155 1129 1236 spiritum
1145 1155 1265 1219 bonum
1281 1163 1313 1218 ct
1328 1156 1459 1230 malum,
1472 1156 1503 1218 id
1520 1163 1566 1218 cst
1583 1155 1666 1218 iuter

118 1249 213 1312 tualis
237 1251 361 1326 notitia,
384 1252 440 1314 sed
464 1251 561 1316 etiam
586 1251 656 1331 ejus
680 1258 781 1325 actus,
807 1269 864 1313 seu
917 1251 1066 1333 angelum
1086 1261 1117 1316 et
1132 1253 1295 1316 diabolum
1315 1256 1534 1337 apparentem,
1551 1272 1590 1316 ne
1607 1253 1664 1315 fal-

118 1365 196 1410 usus
210 1356 242 1410 et
257 1350 401 1414 ordinata
420 1349 593 1432 expressio,
609 1349 651 1412 sit
669 1349 775 1412 clleo.
791 1349 863 1412 Pro·
919 1350 1001 1412 latur
1021 1351 1093 1434 quis
1113 1371 1131 1414 a
1150 1352 1264 1416 Selene
1283 1352 1343 1416 sub
1363 1353 1470 1434 specie
1489 1351 1593 1433 angeli
1612 1371 1665 1436 ap·

5 1465 106 1512 ramas.
118 1452 190 1527 pter
204 1449 290 1529 quod
303 1449 348 1512 ait
362 1449 504 1512 Salvator
521 1465 528 1510 :
545 1447 610 1528 Ego
625 1447 707 1512 dabo
722 1447 813 1510 vobis
829 1464 864 1510 os
918 1457 1060 1530 parente,
1077 1469 1132 1512 seu
1153 1451 1237 1513 mala
1252 1450 1311 1512 sub
1331 1451 1438 1533 specie
1458 1450 1533 1514 boni
1554 1469 1665 1532 sugge·

119 1551 148 1605 et
170 1546 373 1628 sapientiam,
390 1547 441 1610 cui
465 1565 527 1609 uon
549 1554 698 1629 poterunt
717 1546 864 1608 resistcre
918 1556 1016 1610 rente.
1027 1549 1098 1612 llaec
1114 1549 1264 1612 discretio
1280 1567 1409 1632 prorsus
1424 1549 1602 1612 neccssaria
1617 1557 1665 1612 est

119 1659 230 1706 omues
244 1645 417 1708 adversarii
430 1645 539 1709 vestri.
552 1645 694 1727 Denique
709 1644 865 1726 sapientia
919 1645 957 1708 iis
976 1645 1094 1728 quibus
1114 1646 1323 1710 revelationes
1342 1647 1545 1729 visionesque
1567 1646 1662 1721 fiunt,

119 1747 149 1802 et
162 1743 299 1807 scientia
314 1746 374 1808 ista
388 1745 516 1808 realiter
529 1745 769 1826 distinguuntur
784 1762 801 1806 a
816 1762 863 1806 sa·
919 1763 959 1806 ne
975 1745 1258 1807 seducantur.Alii
1272 1745 1387 1808 dautur
1398 1765 1521 1823 partera
1536 1747 1665 1822 lingua-

20 1873 35 1900 1.
57 1873 93 1909 1,..
118 1839 240 1921 pientia
263 1851 295 1906 ct
319 1843 453 1907 scientia
473 1863 544 1928 quae
568 1851 642 1906 sunt
665 1844 704 1907 de
728 1859 863 1906 numero
880 1844 905 1909 B
920 1864 1008 1914 ram,
1025 1843 1055 1905 id
1071 1850 1119 1905 est
1133 1844 1259 1906 divorsa
1279 1843 1440 1917 idiomata,
1456 1863 1513 1907 scu
1529 1843 1664 1906 facultas

119 1947 241 2021 septem
263 1942 420 2006 donorum
444 1943 581 2026 Spiritus
603 1942 709 2006 Sancti
727 1959 734 2004 :
751 1943 864 2025 quoni·
918 1941 1029 2002 utcndi
1049 1941 1183 2004 diversis
1205 1941 1349 2023 loquelis.
1366 1943 1440 2004 Alii
1454 1942 1547 2004 datur
1561 1943 1664 2002 irater-

117 2057 165 2100 am
190 2038 253 2102 illa
273 2039 383 2103 haberi
405 2057 469 2104 uon
491 2048 626 2123 possunt
646 2041 715 2104 siue
734 2042 862 2105 caritate
913 2041 1059 2114 prelatio
1073 2060 1270 2111 sermonum,
1286 2040 1318 2101 id
1342 2047 1390 2102 est
1411 2039 1568 2122 expositio
1588 2039 1664 2102 alic-

118 2145 148 2198 et
169 2139 272 2218 gratia
292 2149 417 2220 gratum
437 2139 592 2220 facicuta3
610 2141 665 2204 sed
688 2141 755 2204 istm
777 2158 862 2204 com·
918 2156 1032 2201 norum
1063 2138 1261 2212 idiomatum,
1292 2157 1348 2201 scu
1377 2137 1564 2201 difficilium
1593 2157 1663 2202 sen-

118 2231 229 2300 mune's
245 2247 320 2300 suut
335 2238 427 2302 bouis
447 2239 613 2322 malisque.
631 2241 718 2304 Unde
737 2242 862 2323 sapien·
918 2256 1023 2310 suum,
1040 2246 1095 2299 aut
1109 2237 1344 2319 prophetalium
1360 2237 1531 2300 visionum.
1549 2237 1665 2299 Harum

116 2335 158 2396 tia
171 2342 204 2396 et
219 2336 353 2400 scientia
367 2357 438 2420 quaa
453 2345 525 2401 suat
538 2338 645 2420 gratiae
660 2339 757 2420 gratis
772 2340 860 2415 datas,
917 2337 1089 2416 gratiarum
1111 2335 1341 2398 sufficientiam
1362 2343 1486 2418 ponunt
1507 2337 1662 2412 doctores,

117 2435 291 2514 prasertim
307 2444 382 2498 sunt
401 2436 463 2500 illae
478 2437 599 2500 notitiae
615 2457 672 2520 por
686 2457 764 2520 quas
781 2438 861 2502 fides
918 2452 1013 2515 quam
1030 2442 1062 2496 et
1077 2452 1174 2515 super
1188 2433 1339 2516 epistolas
1354 2433 1440 2496 Pauli
1461 2433 1591 2512 induxi;
1609 2434 1664 2496 sed
1687 2459 1811 2514 (11111111,

116 2531 270 2595 catholica
299 2534 492 2610 defensatur,
518 2536 727 2618 persuadetur
749 2555 786 2599 ac
811 2537 862 2599 de·
917 2551 1008 2604 nunc
1026 2531 1173 2594 brevitati
1195 2533 1337 2606 studens,
1360 2532 1577 2614 praetermitto.
1678 2522 1811 2578 ΝΜ*

116 2629 261 2692 claratur.
957 2633 1036 2692 Hoec
1050 2639 1158 2691 autem
1173 2632 1283 2690 omnio
1298 2630 1505 2706 operatur,id
1521 2638 1666 2706 est,cun·
1696 2645 1698 2652 ⁴

153 2731 267 2790 Alteri
282 2729 375 2792 datur
387 2733 480 2808 fides,
497 2732 529 2794 id
548 2740 596 2795 est
616 2733 777 2816 praeoipua
797 2753 862 2797 aar.
918 2736 968 2791 cta
990 2730 1072 2791 dona
1095 2729 1246 2810 predicta
1270 2735 1379 2790 causat
1402 2728 1435 2790 in
1458 2727 1561 2802 nobis,
1579 2749 1666 2789 anus

114 2825 216 2889 titudo
241 2827 280 2890 de
309 2827 441 2892 veritate
470 2830 712 2906 credendorum,
739 2833 862 2914 potissi·
918 2836 1014 2906 atque
1024 2829 1110 2887 idern
1121 2829 1271 2903 Spiritus
1286 2826 1667 2898 Sanctuudividettsaitt-
1707 2861 1721 2899 a

114 2943 203 2986 mum
221 2925 429 2988 articulorum
449 2925 538 3002 fidei,
555 2929 610 3010 qui
633 2929 666 2992 in
688 2929 860 3012 Scripturis
914 2928 1005 3002 gatlia
1022 2935 1123 3002 prout
1144 2929 1226 2995 vulf,
1243 2924 1274 2986 id
1295 2931 1353 2998 θεῖ,
1370 2923 1545 3004 limentque
1565 2923 1666 2986 Ῑῑῦθΐθ

113 3022 205 3103 quasi
235 3023 394 3106 principia
423 3035 716 3109 praesuppouuntur
739 3029 861 3111 (itaque
880 3023 902 3088 G
918 3023 1039 3085 donans
1055 3029 1209 3104 quantum
1225 3022 1254 3084 ei
1271 3021 1384 3103 placet.
1403 3020 1448 3082 Ex
1465 3037 1528 3102 quo
1543 3028 1667 3083 constat

114 3120 198 3188 fides
211 3138 274 3185 nou
291 3124 428 3186 sumitur
442 3125 608 3207 laic,prout
622 3135 670 3189 est
684 3126 862 3209 theologica
918 3122 1002 3203 quod
1022 3121 1159 3204 Spiritus
1178 3120 1312 3183 Sanctum
1333 3120 1375 3181 sit
1394 3137 1488 3181 verus
1509 3119 1603 3193 Deus,
1619 3119 1665 3180 di-

112 3219 240 3300 virtus),
256 3223 293 3280 in
317 3224 426 3282 eodem
450 3225 596 3299 Spiritu,
615 3224 647 3287 id
672 3233 720 3288 ast
743 3227 860 3290 virtute
915 3219 991 3282 vina
1015 3228 1046 3282 et
1070 3219 1209 3282 increata
1233 3219 1420 3282 auctoritate
1447 3223 1665 3301 potestateque

112 3317 258 3398 ejusdem
274 3319 413 3402 Spiritus
427 3320 544 3384 Sancti.
555 3325 630 3385 Atii
643 3324 736 3387 datur
747 3328 862 3402 pratia
916 3336 1022 3399 agens·

112 3417 307 3488 sanitatum,
322 3417 354 3479 id
375 3425 424 3480 est
443 3419 544 3482 virtus
564 3422 695 3484 curandi
713 3423 861 3486 infirmos
956 3418 1128 3492 Postremo,
1152 3416 1299 3500 quamvis
1324 3416 1391 3478 haec
1416 3416 1524 3478 omnia
1546 3415 1665 3478 adscri-

112 3515 409 3596 supematuralitcr,
426 3519 461 3578 in
482 3538 547 3580 uno
562 3521 709 3596 Spiritu,
725 3520 757 3584 id
777 3529 824 3584 est
843 3541 862 3584 a
917 3516 1034 3578 bantur
1048 3515 1181 3598 Spiritui
1198 3515 1323 3588 Sancto,
1341 3521 1531 3577 nontamen
1552 3520 1664 3596 putau-

111 3611 234 3694 Spiritu
249 3613 374 3688 Sancto,
388 3615 444 3697 qui
460 3615 492 3677 iu
508 3635 542 3679 se
558 3617 627 3700 ipso
643 3638 726 3681 uuus
741 3627 772 3682 et
786 3619 861 3683 sirn-
917 3615 994 3678 dum
1016 3622 1065 3676 cst
1084 3614 1168 3696 quod
1190 3613 1231 3676 ab
1253 3632 1291 3676 eo
1313 3614 1476 3675 dumtaxat
1495 3613 1664 3687 donentur,

110 3710 186 3792 plcx
208 3719 265 3786 ost,
281 3713 429 3794 quamvis
451 3714 483 3776 iu
503 3715 594 3778 donis
619 3716 660 3778 sit
682 3717 859 3799 multiplex.
916 3732 1017 3796 quum
1051 3731 1148 3794 opera
1181 3711 1471 3794 superbeatissimae
1502 3711 1665 3785 Trinitatis
1760 3747 1761 3752 κ

107 3811 187 3872 Alii
208 3809 299 3872 datur
316 3813 462 3888 operario
477 3814 653 3886 virtutum,
674 3815 705 3878 jd
728 3823 777 3879 est
798 3837 862 3880 ma.
917 3811 981 3874 siut
1000 3811 1147 3886 indivisa,
1164 3811 1316 3892 quoniam
1336 3809 1433 3872 trium
1454 3810 1664 3872 Personarum

108 3925 248 3988 gnorum
270 3909 511 3986 miraculorum,
532 3911 716 3977 facultatem
741 3923 861 3980 naturas
916 3917 965 3972 ost
986 3928 1049 3972 uua
1069 3909 1205 3972 essentia
1228 3915 1260 3971 ct
1277 3927 1339 3970 uua
1359 3907 1508 3990 potentia.
1526 3907 1586 3970 Sed
1608 3925 1666 3989 per

107 4006 246 4070 omniuo
258 4009 536 4084 excedentium,ut
548 4020 594 4074 est
607 4014 771 4077 suscitatio
785 4033 862 4078 mor·
915 4007 1205 4091 appropriationem
1231 4006 1449 4068 attribuuntur
1474 4005 1542 4068 haec
1567 4004 1665 4087 Spiri-

108 4113 255 4180 tuorum,
271 4113 301 4169 at
317 4107 412 4170 statio
430 4126 466 4170 ac
483 4111 670 4174 retrocessio
685 4112 771 4174 solis.
788 4115 863 4176 Atii
916 4107 961 4170 tui
983 4108 1107 4182 Sancto,
1125 4105 1276 4187 quoniam
1297 4105 1326 4167 ei
1346 4104 1593 4186 appropriantur
1612 4102 1665 4166 bo

102 4205 297 4282 prophetia,
313 4205 346 4268 id
368 4213 416 4268 est
435 4207 574 4289 cognitio
589 4208 770 4273 futurorum
787 4228 860 4274 con·
876 4209 901 4271 ll
916 4204 1130 4280 nitas‚caritas
1144 4222 1181 4266 ac
1196 4202 1427 4277 liberalitas‚ad
1442 4220 1520 4283 quas
1535 4201 1665 4284 propria

108 4302 307 4384 lingentium
322 4307 860 4386 certadliidiscrctiospiritaum,
916 4305 1055 4388 pertinet
1077 4321 1111 4365 se
1135 4300 1384 4375 communicare,
1400 4299 1483 4363 bona
1505 4297 1662 4378 conferre,

107 4401 142 4466 id
158 4409 213 4464 est
229 4402 364 4466 discreta
379 4404 517 4486 cognitio
532 4425 588 4470 seu
608 4417 730 4473 rectum
745 4409 861 4490 judici·
916 4403 1007 4466 alteri
1029 4404 1114 4465 dare.
