4154 6258
427 465 488 530 466
711 481 858 530 oollmlta
878 481 930 528 xV1
951 480 1024 528 POST
1043 479 1238 528 calatratasi.
1257 495 1297 508 ···
1317 477 1491 524 marsallo
1512 477 1544 524 nt
1564 474 1758 524 evacuation

819 892 1124 982 ENARRATIO
1157 892 1212 979 IN
1247 889 1581 978 EVANGELIUM

655 1161 724 1208 rear
750 1160 839 1209 rasus
865 1159 897 1206 m
923 1158 1086 1206 ervrrarna
1110 1158 1178 1214 oua
1203 1157 1342 1205 voearun
1366 1156 1454 1204 nuru.
1476 1137 1745 1214 lacurn-16.

504 1441 671 1508 ODlllllNO
697 1441 730 1503 in
759 1439 922 1522 evangelio
945 1438 1098 1501 describit
1120 1437 1176 1500 Lu·
1191 1436 1216 1498 A
1231 1441 1278 1495 est
1303 1434 1479 1516 prasertim
1502 1435 1534 1496 in
1556 1433 1653 1498 vidua
1670 1432 1770 1515 :quia
1793 1433 1946 1496 nonhabet

518 1561 570 1605 cas
586 1539 790 1622 evangelista,
802 1538 1072 1621 quemadmodum
1088 1536 1176 1598 Chri·
1232 1532 1337 1594 mariti
1353 1532 1512 1607 solatium,
1524 1533 1595 1596 ideo
1610 1531 1700 1595 dolor
1713 1531 1818 1594 vidua
1832 1531 1945 1610 deunici

427 1647 495 1703 stus
520 1639 686 1703 suscitavit
709 1657 727 1700 a
752 1637 886 1700 mortuis
913 1635 1045 1698 unicum
1069 1633 1176 1696 lilium
1231 1629 1292 1692 lilii
1313 1639 1414 1694 morte
1429 1631 1637 1712 gravissimus
1656 1637 1713 1693 est.
1730 1629 1844 1704 Tertio,
1858 1629 1947 1712 quoni·

427 1739 595 1820 cujusdam
615 1738 720 1802 viduae
737 1755 744 1800 ε
763 1737 795 1798 in
811 1752 875 1818 quo
890 1735 1032 1798 Salvator
1051 1732 1173 1807 mundi,
1230 1747 1280 1791 am
1305 1729 1402 1793 vidua
1425 1737 1473 1792 est
1497 1747 1632 1812 persona
1655 1729 1844 1802 miseranda,
1865 1735 1894 1790 ut
1912 1746 1947 1790 or-

427 1837 571 1900 Christus
586 1836 751 1909 Dominus,
768 1840 956 1916 potestatem
972 1850 1061 1894 suam
1076 1849 1112 1893 ae
1128 1831 1176 1913 pi·
1230 1828 1365 1910 phauus,
1386 1847 1422 1891 ac
1447 1827 1601 1910 pupillus,
1624 1827 1813 1910 peregrinus
1834 1844 1945 1909 quoque,

427 1943 545 1999 etatem
565 1933 763 1998 monstravit.
782 1933 891 2014 ltaque
910 1931 953 1994 ait
970 1948 977 1993 :
993 1932 1067 1992 Ibat
1082 1933 1175 1990 Iesus
1229 1932 1261 1987 et
1284 1945 1416 2008 pauper,
1435 1933 1466 1987 et
1490 1925 1652 2000 infirmus,
1672 1933 1767 2008 atque
1791 1943 1945 2008 oppressus.

428 2035 464 2093 in
478 2035 644 2094 civitatem
660 2053 732 2112 quae
747 2029 882 2091 vocatur
897 2031 1098 2109 Nataque
1113 2027 1175 2089 luit
1228 2026 1302 2088 ldeo
1325 2027 1359 2088 in
1382 2025 1627 2089 Deuteronomio
1650 2025 1769 2088 dicitur
1791 2043 1798 2086 :
1821 2025 2032 2088 centanam

427 2131 539 2194 civitas
569 2149 667 2213 parva
689 2131 739 2211 (ut
768 2128 883 2208 lertur)
908 2127 941 2189 in
968 2126 1102 2190 Galilaea.
1130 2129 1174 2188 Et
1229 2124 1313 2187 Deus
1344 2124 1421 2187 lacit
1450 2124 1608 2205 judicium
1642 2124 1768 2206 pupillo
1798 2131 1829 2186 et
1853 2123 1945 2195 vidua,

427 2231 519 2290 ibant
540 2249 614 2290 cum
639 2230 696 2289 illo
720 2229 878 2304 discipuli
900 2228 982 2304 ejus,
998 2225 1173 2308 prasertim
1228 2229 1376 2305 amatque
1401 2223 1625 2306 peregrinum
1643 2231 1675 2286 et
1696 2223 1730 2285 in
1751 2222 1869 2286 Psalmo
1883 2239 1888 2284 :
1902 2221 2030 2284 onaan

426 2327 569 2409 Apostoli
586 2326 641 2409 qui
656 2327 686 2388 ei
706 2324 895 2388 familiarius
914 2323 1127 2398 adhaerebant,
1144 2332 1174 2382 et
1231 2322 1337 2384 minus
1362 2322 1500 2385 custodit
1522 2323 1671 2396 advenas,
1689 2321 1847 2404 pupillum
1867 2328 1895 2383 et
1912 2321 1947 2382 vi-

428 2427 526 2486 tarba
540 2426 666 2502 eopiosa
681 2423 823 2488 virorum
843 2441 879 2485 ac
900 2422 1084 2495 mulierum,
1100 2440 1175 2503 pue·
1230 2421 1325 2483 duam
1355 2421 1519 2504 suscipiet.
1547 2421 1674 2496 Quarto,
1704 2420 1854 2503 quoniam
1879 2419 1947 2482 lilius

427 2539 537 2586 rorum
557 2540 594 2584 ac
615 2540 737 2586 senum.
754 2521 833 2584 Nam
852 2528 982 2604 propter
997 2519 1113 2583 Christi
1129 2537 1175 2580 sa·
1230 2518 1289 2581 iste
1305 2519 1343 2581 ad
1359 2518 1579 2582 adolescentie
1593 2519 1683 2581 venit
1696 2525 1864 2594 aetatemet
1875 2526 1948 2600 aptus

426 2623 590 2704 pientiam,
600 2620 826 2704 eloquentiam,
836 2620 1044 2694 sanctitatem,
1054 2626 1085 2680 et
1100 2638 1175 2702 prae
1189 2616 1212 2678 Β
1228 2617 1294 2698 jam
1309 2617 1372 2680 luit
1387 2617 1545 2700 conjugio.
1556 2617 1851 2681 adolescentiorum
1863 2624 1948 2680 auten

428 2720 522 2802 cipue
551 2728 681 2802 propter
706 2717 991 2800 incomparabilem
1019 2716 1175 2780 excellen-
1230 2733 1316 2780 mors
1332 2716 1545 2780 miserabilior
1559 2724 1618 2791 est,
1634 2716 1710 2799 quia
1725 2717 1759 2778 in
1773 2717 1851 2780 flore
1862 2716 1949 2797 jureu-

427 2819 504 2882 tlam
519 2837 610 2886 suam
631 2818 665 2881 in
680 2816 918 2899 operationibus
934 2815 1172 2890 miraculorum,
1228 2815 1306 2876 tutis
1321 2833 1356 2877 ae
1371 2815 1445 2878 vitae
1463 2813 1604 2889 luerunt,
1622 2821 1654 2878 et
1672 2832 1747 2876 cum
1765 2814 1872 2896 grandi
1884 2811 1949 2874 solli·

427 2917 559 3000 plurimi
575 2917 791 3000 sequebantur
806 2935 891 2990 eum,
908 2915 973 2978 imo
990 2914 1175 2997 frequenter
1229 2913 1371 2976 citudine
1386 2932 1423 2976 ac
1438 2913 1546 2976 labore
1561 2920 1732 2995 parentum
1745 2913 1786 2977 ad
1801 2913 1881 2976 illan
1894 2929 1947 2993 per·

427 3015 528 3078 multa
548 3015 659 3078 millia.
678 3018 782 3085 Quum
806 3023 914 3076 autem
936 3014 1175 3092 appropinqua-
1229 3019 1387 3075 venerunt
1408 3019 1542 3076 atatem.

427 3216 634 3292 efferebatur,
651 3215 745 3290 filius
766 3214 883 3273 ticieus
907 3212 1025 3272 matris
1047 3232 1126 3282 scoe,
1142 3210 1173 3273 id
1231 3226 1303 3272 mox
1323 3217 1526 3273 convertetur
1541 3210 1574 3271 in
1592 3209 1759 3291 gaudium,
1775 3218 1808 3273 et
1825 3210 1880 3273 erit
1893 3225 1948 3270 ron·

428 3319 485 3386 est,
503 3328 619 3394 corpus
638 3310 781 3374 defuncti
801 3310 857 3392 qui
877 3309 980 3373 luerat
999 3309 1088 3372 filius
1106 3309 1175 3371 uni·
1230 3307 1342 3371 solatio
1370 3316 1425 3370 tua
1447 3315 1535 3371 tanto
1560 3307 1661 3389 major
1685 3317 1805 3391 quanto
1831 3307 1948 3388 inopina·

428 3430 484 3473 cus
504 3411 615 3474 matris
636 3429 711 3484 suae,
728 3409 913 3492 portabatur
926 3410 965 3471 ad
985 3426 1173 3472 monumen·
1229 3407 1299 3469 tior.
1317 3411 1361 3470 Et
1376 3410 1519 3478 accessit,
1534 3417 1565 3468 et
1580 3409 1688 3485 tetiqit
1703 3411 1843 3469 locutam
1857 3407 1886 3469 in
1901 3419 1950 3486 quo

426 3515 516 3589 tum3
532 3519 562 3570 et
583 3511 649 3569 boec
669 3510 770 3568 vidua
789 3518 872 3577 crat,
889 3507 961 3570 ideo
981 3507 1080 3588 magis
1102 3525 1174 3570 eon·
1227 3505 1328 3587 jacuit
1343 3523 1459 3589 corpus
1474 3506 1630 3570 exanime.
1647 3509 1697 3569 Hi
1710 3517 1820 3568 autem
1833 3507 1885 3587 qai
1893 3523 1949 3581 poe

428 3606 600 3669 dolendum
626 3605 730 3668 luerat
750 3606 791 3680 ei,
808 3605 884 3687 quia
904 3613 968 3668 tam
990 3605 1051 3668 viri
1076 3625 1171 3687 quam
1230 3607 1342 3665 tabant
1357 3604 1739 3679 defunctum,steterunt,
1750 3612 1902 3688 sperantes
1913 3603 1951 3664 de

428 3704 517 3766 unici
539 3703 600 3765 lilii
623 3703 685 3765 luit
706 3703 818 3766 solatio
840 3703 1007 3783 destituta;
1026 3713 1056 3764 et
1076 3707 1174 3764 turba
1229 3702 1376 3766 functum
1391 3722 1461 3766 esse
1474 3702 1542 3784 jam
1557 3703 1790 3779 suscitandum,
1802 3705 1872 3786 quia
1884 3701 1948 3764 lama

428 3803 573 3862 civitatis
596 3805 714 3870 malta,
736 3800 768 3862 id
792 3809 840 3863 est
863 3820 987 3882 magna,
1011 3802 1077 3864 ibat
1100 3802 1211 3865 euml}
1229 3801 1457 3865 miraculorum
1482 3800 1598 3864 Christi
1627 3802 1758 3865 devenit
1780 3802 1821 3865 ad
1841 3820 1896 3865 eos.
1917 3801 1949 3861 Et

429 3904 489 3961 illa
509 3917 568 3982 pro
589 3899 803 3962 consolatione
826 3899 937 3982 ipsius.
1229 3903 1277 3960 att
1293 3921 1304 3961 .·
1318 3903 1522 3970 Adolescens,
1544 3901 1606 3960 tibi
1624 3902 1709 3972 dico,
1728 3921 1837 3980 auree,
1857 3901 1948 3970 idest,

470 4002 574 4069 Quam
598 4017 699 4078 quum
723 3997 849 4058 videret
870 3999 1042 4069 Dominus,
1058 3999 1089 4061 id
1114 4007 1171 4074 est,
1229 3998 1337 4061 divina
1366 4005 1520 4081 potestate
1544 3997 1604 4061 tibi
1628 3999 1781 4082 praecipio
1806 4009 1840 4062 ut
1859 3996 1950 4061 revivi-

429 4114 492 4161 non
508 4097 612 4161 solum
631 4095 842 4159 exterioribus
861 4096 963 4158 oculis
982 4115 1052 4158 eam
1069 4097 1174 4180 inspe-
1229 4117 1309 4173 scas,
1318 4104 1351 4160 et
1364 4097 1522 4178 surgendo
1538 4115 1574 4159 ac
1588 4096 1785 4161 ambulando
1799 4099 1883 4180 sigua
1893 4097 1949 4159 rite

428 4195 536 4270 xisset,
553 4196 609 4258 sed
631 4201 663 4257 et
685 4193 891 4256 interioribus
913 4194 1014 4256 oculis
1038 4214 1103 4260 sua
1127 4215 1173 4258 sa·
1229 4196 1385 4260 veraciter
1409 4203 1576 4259 monstres.
1597 4231 1638 4242 -
1655 4196 1759 4269 Quaeri
1784 4203 1891 4280 potest,
1911 4192 1949 4256 cui

427 4295 555 4378 pientiae
578 4313 615 4357 ee
643 4293 879 4367 misericordiae,
905 4293 975 4373 ejus
1005 4312 1173 4358 moerorem
1230 4297 1373 4359 Christus
1397 4296 1478 4358 dixit
1500 4295 1569 4360 hec
1592 4295 1691 4358 verba
1716 4313 1723 4356 :
1751 4316 1826 4360 narn
1848 4291 1950 4378 quaudo
2059 4299 2060 4304 ’

427 4399 601 4474 pensasset,
617 4392 794 4455 secundum
814 4392 898 4473 quod
918 4392 1066 4455 subditur
1086 4411 1092 4455 :
1114 4397 1174 4455 mi·
1230 4395 1310 4458 dixit
1325 4395 1385 4457 hoc
1403 4394 1551 4468 verbum,
1567 4393 1752 4458 adolescens
1771 4395 1871 4458 adhuc
1887 4409 1951 4455 mor·
2058 4392 2059 4395 ’

428 4494 607 4552 sericordia
636 4500 741 4551 motus
769 4509 973 4567 supeream,
999 4491 1031 4553 id
1060 4493 1172 4566 est,ei
1229 4503 1303 4556 tuus
1327 4495 1399 4568 luit,
1417 4510 1491 4574 ergo
1512 4510 1576 4557 nou
1598 4493 1659 4556 luit
1682 4501 1760 4556 tunc
1781 4494 1949 4557 adolescens.
2057 4531 2058 4538 κ

429 4589 635 4670 compatiens.
653 4588 724 4650 Fuit
742 4607 882 4671 namque
898 4589 931 4651 in
947 4589 1086 4652 maximo
1101 4609 1173 4654 con·
1229 4593 1458 4676 Respondetur‚
1476 4593 1561 4674 quod
1577 4592 1609 4654 in
1625 4593 1800 4676 Scripturis
1814 4590 1949 4656 multoties
2059 4621 2060 4626 κ

428 4685 537 4748 stituta
559 4684 667 4748 dolore
689 4695 819 4769 propter
842 4695 978 4750 mortem
999 4688 1086 4750 unici
1111 4688 1173 4751 lilii
1229 4692 1359 4774 ponitur
1374 4709 1447 4773 pars
1462 4709 1520 4773 pro
1534 4697 1611 4764 toto,
1622 4698 1654 4753 et
1669 4709 1849 4756 econverso.
1858 4691 1950 4772 Sitque

429 4784 488 4845 sui.
505 4784 777 4858 Quemadmodum
793 4786 879 4848 enim
895 4785 940 4847 nil
960 4785 1064 4849 carius
1077 4788 1173 4851 unico
1230 4790 1373 4853 Christus
1402 4789 1532 4853 nomine
1560 4789 1772 4853 adolescentis
1799 4789 1951 4869 intelligere

429 4882 510 4956 lilio,
534 4882 578 4942 ita
601 4882 690 4944 dolor
714 4884 752 4945 de
777 4890 879 4945 morte
902 4883 988 4946 illius
1014 4884 1172 4948 maximus
1230 4888 1334 4971 potuit
1358 4906 1474 4971 corpus
1499 4889 1580 4969 ejus,
1607 4889 1660 4950 cui
1684 4889 1833 4973 praecepit
1855 4889 1951 4950 iterun

430 4989 486 5043 est.
512 4981 642 5062 Propter
666 4981 750 5063 quod
773 4981 924 5043 Jeremias
953 4982 1031 5044 dicit
1055 4983 1173 5066 populo
1188 4983 1213 5045 D
1228 4987 1364 5050 animari
1385 5005 1421 5048 ac
1443 4987 1599 5048 suscitari.

288 5093 414 5152 ternae.
430 5080 482 5142 cui
501 5079 641 5142 maxima
658 5079 787 5141 vastitas
811 5079 999 5142 imminebat
1016 5081 1171 5144 :Luctum
1268 5088 1312 5147 Et
1338 5087 1457 5145 resedit
1479 5086 1539 5164 qui
1559 5094 1631 5145 erat
1654 5096 1812 5157 mortuus,
1829 5086 1885 5149 hoe
1906 5089 1951 5154 est,

429 5178 586 5261 unigeniti
604 5177 654 5240 lae
671 5177 741 5252 tibi,
765 5177 928 5260 planetum
947 5198 1100 5242 amarum.
1119 5181 1170 5244 Se·
1230 5184 1336 5246 statim
1351 5183 1476 5258 revixit,
1493 5202 1591 5265 seque
1606 5185 1718 5260 erexit,
1733 5192 1766 5247 et
1784 5187 1862 5248 sedit
1874 5199 1953 5265 super

429 5280 543 5354 eundo,
560 5277 711 5360 quoniam
726 5295 815 5340 amor
830 5277 917 5340 unici
932 5278 991 5340 lilii
1014 5279 1171 5343 maximus
1227 5281 1258 5343 id
1282 5281 1314 5344 in
1339 5299 1403 5364 quo
1424 5281 1639 5356 deferebatur,
1655 5292 1686 5342 et
1707 5286 1801 5361 caepa't
1821 5280 1953 5363 topatio
