<?xml version="1.0" encoding="UTF-8"?>
<!DOCTYPE html PUBLIC "-//W3C//DTD XHTML 1.0 Transitional//EN"
    "http://www.w3.org/TR/xhtml1/DTD/xhtml1-transitional.dtd">
<html xmlns="http://www.w3.org/1999/xhtml" xml:lang="en" lang="en">
 <head>
  <title>
</title>
<meta http-equiv="Content-Type" content="text/html;charset=utf-8" />
  <meta name='ocr-system' content='tesseract 3.04.00' />
  <meta name='ocr-capabilities' content='ocr_page ocr_carea ocr_par ocr_line ocrx_word'/>
</head>
<body>
  <div class='ocr_page' id='page_1' title='image "./doctorisecstati01unkngoog_0367.png"; bbox 0 0 4140 6258; ppageno 0'>
   <div class='ocr_carea' id='block_1_1' title="bbox 412 441 1693 512">
    <p class='ocr_par' dir='ltr' id='par_1_1' title="bbox 412 441 1693 512">
     <span class='ocr_line' id='line_1_1' title="bbox 412 441 1693 512; baseline 0.003 -6"><span class='ocrx_word' id='word_1_1' title='bbox 412 441 472 506; x_wconf 73' lang='grc'>336</span> <span class='ocrx_word' id='word_1_2' title='bbox 691 462 839 512; x_wconf 76' lang='lat' dir='ltr'>uoltlltlca</span> <span class='ocrx_word' id='word_1_3' title='bbox 859 464 880 510; x_wconf 80' lang='lat' dir='ltr'>X</span> <span class='ocrx_word' id='word_1_4' title='bbox 901 464 974 511; x_wconf 74' lang='lat' dir='ltr'>eost</span> <span class='ocrx_word' id='word_1_5' title='bbox 994 461 1193 510; x_wconf 70' lang='lat' dir='ltr'>Tamiram.</span> <span class='ocrx_word' id='word_1_6' title='bbox 1213 481 1253 492; x_wconf 91' lang='lat'>-·</span> <span class='ocrx_word' id='word_1_7' title='bbox 1274 463 1448 512; x_wconf 65' lang='lat' dir='ltr'>annonario</span> <span class='ocrx_word' id='word_1_8' title='bbox 1473 465 1506 512; x_wconf 80' lang='grc' dir='ltr'>ΙΝ</span> <span class='ocrx_word' id='word_1_9' title='bbox 1527 464 1693 512; x_wconf 67' lang='lat' dir='ltr'>epistotam</span> 
     </span>
    </p>
   </div>
   <div class='ocr_carea' id='block_1_2' title="bbox 264 629 2061 5248">
    <p class='ocr_par' dir='ltr' id='par_1_2' title="bbox 264 629 2061 5248">
     <span class='ocr_line' id='line_1_2' title="bbox 412 629 1961 718; baseline -0.001 -26"><span class='ocrx_word' id='word_1_10' title='bbox 412 649 483 713; x_wconf 76' lang='lat' dir='ltr'>que</span> <span class='ocrx_word' id='word_1_11' title='bbox 507 631 600 696; x_wconf 92' lang='lat' dir='ltr'>datur</span> <span class='ocrx_word' id='word_1_12' title='bbox 624 633 845 717; x_wconf 76' lang='lat' dir='ltr'>principaliter</span> <span class='ocrx_word' id='word_1_13' title='bbox 869 642 999 718; x_wconf 92' lang='lat' dir='ltr'>propter</span> <span class='ocrx_word' id='word_1_14' title='bbox 1024 635 1160 698; x_wconf 89' lang='lat' dir='ltr'>salutem</span> <span class='ocrx_word' id='word_1_15' title='bbox 1178 633 1204 695; x_wconf 79' lang='grc' dir='ltr'><strong>Α</strong></span> <span class='ocrx_word' id='word_1_16' title='bbox 1222 652 1304 708; x_wconf 92' lang='lat' dir='ltr'>rum,</span> <span class='ocrx_word' id='word_1_17' title='bbox 1331 633 1414 696; x_wconf 90' lang='lat' dir='ltr'>sicut</span> <span class='ocrx_word' id='word_1_18' title='bbox 1441 632 1542 717; x_wconf 83' lang='lat' dir='ltr'>aliqui</span> <span class='ocrx_word' id='word_1_19' title='bbox 1571 640 1774 717; x_wconf 89' lang='lat' dir='ltr'>putaverunt,</span> <span class='ocrx_word' id='word_1_20' title='bbox 1800 630 1857 694; x_wconf 88' lang='lat' dir='ltr'>sed</span> <span class='ocrx_word' id='word_1_21' title='bbox 1885 629 1961 692; x_wconf 85' lang='lat' dir='ltr'>sicut</span> 
     </span>
     <span class='ocr_line' id='line_1_3' title="bbox 413 727 1961 816; baseline -0.001 -26"><span class='ocrx_word' id='word_1_22' title='bbox 413 727 484 808; x_wconf 83' lang='lat' dir='ltr'>ejus</span> <span class='ocrx_word' id='word_1_23' title='bbox 515 731 567 793; x_wconf 91' lang='lat' dir='ltr'>cui</span> <span class='ocrx_word' id='word_1_24' title='bbox 592 731 778 812; x_wconf 80' lang='lat' dir='ltr'>confertur3</span> <span class='ocrx_word' id='word_1_25' title='bbox 805 740 837 796; x_wconf 93' lang='grc' dir='ltr'>θῖ</span> <span class='ocrx_word' id='word_1_26' title='bbox 860 733 957 816; x_wconf 82' lang='lat' dir='ltr'>gratis</span> <span class='ocrx_word' id='word_1_27' title='bbox 983 734 1066 807; x_wconf 91' lang='lat' dir='ltr'>data,</span> <span class='ocrx_word' id='word_1_28' title='bbox 1092 752 1163 815; x_wconf 82' lang='lat' dir='ltr'>quae</span> <span class='ocrx_word' id='word_1_29' title='bbox 1219 749 1314 795; x_wconf 92' lang='lat' dir='ltr'>causa</span> <span class='ocrx_word' id='word_1_30' title='bbox 1333 730 1480 795; x_wconf 80' lang='lat' dir='ltr'>efficiens</span> <span class='ocrx_word' id='word_1_31' title='bbox 1501 739 1533 794; x_wconf 89' lang='lat' dir='ltr'>et</span> <span class='ocrx_word' id='word_1_32' title='bbox 1551 730 1670 806; x_wconf 81' lang='lat' dir='ltr'>finalis,</span> <span class='ocrx_word' id='word_1_33' title='bbox 1687 730 1782 812; x_wconf 78' lang='lat' dir='ltr'>cuius</span> <span class='ocrx_word' id='word_1_34' title='bbox 1801 729 1921 791; x_wconf 90' lang='lat' dir='ltr'>virtute</span> <span class='ocrx_word' id='word_1_35' title='bbox 1939 735 1961 790; x_wconf 86' lang='lat' dir='ltr'>et</span> 
     </span>
     <span class='ocr_line' id='line_1_4' title="bbox 413 821 1959 913; baseline 0 -26"><span class='ocrx_word' id='word_1_36' title='bbox 413 827 635 910; x_wconf 79' lang='lat' dir='ltr'>principaliter</span> <span class='ocrx_word' id='word_1_37' title='bbox 659 832 752 893; x_wconf 89' lang='lat' dir='ltr'>datur</span> <span class='ocrx_word' id='word_1_38' title='bbox 775 838 807 894; x_wconf 91' lang='lat' dir='ltr'>et</span> <span class='ocrx_word' id='word_1_39' title='bbox 832 832 997 895; x_wconf 91' lang='lat' dir='ltr'>ordinatur</span> <span class='ocrx_word' id='word_1_40' title='bbox 1021 832 1060 894; x_wconf 94' lang='lat' dir='ltr'>ad</span> <span class='ocrx_word' id='word_1_41' title='bbox 1090 821 1165 894; x_wconf 77' lang='lat' dir='ltr'>alio</span> <span class='ocrx_word' id='word_1_42' title='bbox 1218 829 1378 892; x_wconf 89' lang='lat' dir='ltr'>desiderio</span> <span class='ocrx_word' id='word_1_43' title='bbox 1399 837 1549 913; x_wconf 88' lang='lat' dir='ltr'>operatur</span> <span class='ocrx_word' id='word_1_44' title='bbox 1570 830 1674 893; x_wconf 92' lang='lat' dir='ltr'>omnis</span> <span class='ocrx_word' id='word_1_45' title='bbox 1699 847 1796 890; x_wconf 89' lang='lat' dir='ltr'>causa</span> <span class='ocrx_word' id='word_1_46' title='bbox 1817 825 1959 890; x_wconf 88' lang='lat' dir='ltr'>secunda.</span> 
     </span>
     <span class='ocr_line' id='line_1_5' title="bbox 412 925 1961 1012; baseline -0.001 -27"><span class='ocrx_word' id='word_1_47' title='bbox 412 941 485 986; x_wconf 90' lang='lat' dir='ltr'>rum</span> <span class='ocrx_word' id='word_1_48' title='bbox 508 925 654 1000; x_wconf 89' lang='lat' dir='ltr'>salutem,</span> <span class='ocrx_word' id='word_1_49' title='bbox 672 928 748 1010; x_wconf 90' lang='lat' dir='ltr'>quia</span> <span class='ocrx_word' id='word_1_50' title='bbox 767 947 825 1012; x_wconf 88' lang='lat' dir='ltr'>per</span> <span class='ocrx_word' id='word_1_51' title='bbox 843 928 925 992; x_wconf 90' lang='lat' dir='ltr'>banc</span> <span class='ocrx_word' id='word_1_52' title='bbox 948 949 1030 992; x_wconf 93' lang='lat' dir='ltr'>unus</span> <span class='ocrx_word' id='word_1_53' title='bbox 1053 947 1165 1012; x_wconf 90' lang='lat' dir='ltr'>coope-</span> <span class='ocrx_word' id='word_1_54' title='bbox 1262 927 1445 1008; x_wconf 82' lang='lat' dir='ltr'>Unicuique</span> <span class='ocrx_word' id='word_1_55' title='bbox 1473 937 1582 988; x_wconf 85' lang='lat' dir='ltr'>autem</span> <span class='ocrx_word' id='word_1_56' title='bbox 1612 931 1717 988; x_wconf 85' lang='lat' dir='ltr'>datur</span> <span class='ocrx_word' id='word_1_57' title='bbox 1744 925 1961 1001; x_wconf 80' lang='lat' dir='ltr'>manifestatio</span> 
     </span>
     <span class='ocr_line' id='line_1_6' title="bbox 413 1020 1960 1110; baseline -0.001 -27"><span class='ocrx_word' id='word_1_58' title='bbox 413 1029 501 1084; x_wconf 89' lang='lat' dir='ltr'>ratur</span> <span class='ocrx_word' id='word_1_59' title='bbox 515 1024 610 1086; x_wconf 87' lang='lat' dir='ltr'>saluti</span> <span class='ocrx_word' id='word_1_60' title='bbox 625 1025 769 1102; x_wconf 91' lang='lat' dir='ltr'>alterius,</span> <span class='ocrx_word' id='word_1_61' title='bbox 786 1034 821 1089; x_wconf 92' lang='lat' dir='ltr'>ut</span> <span class='ocrx_word' id='word_1_62' title='bbox 836 1035 921 1109; x_wconf 89' lang='lat' dir='ltr'>patet</span> <span class='ocrx_word' id='word_1_63' title='bbox 941 1027 980 1090; x_wconf 92' lang='lat' dir='ltr'>de</span> <span class='ocrx_word' id='word_1_64' title='bbox 997 1027 1164 1110; x_wconf 81' lang='lat' dir='ltr'>prophetia</span> <span class='ocrx_word' id='word_1_65' title='bbox 1217 1027 1381 1101; x_wconf 77' lang='lat' dir='ltr'>Spiritus,</span> <span class='ocrx_word' id='word_1_66' title='bbox 1397 1025 1429 1090; x_wconf 94' lang='lat' dir='ltr'>id</span> <span class='ocrx_word' id='word_1_67' title='bbox 1448 1033 1507 1101; x_wconf 88' lang='grc' dir='ltr'><strong>θεῖ,</strong></span> <span class='ocrx_word' id='word_1_68' title='bbox 1523 1024 1625 1106; x_wconf 80' lang='lat' dir='ltr'>gratia</span> <span class='ocrx_word' id='word_1_69' title='bbox 1643 1022 1742 1105; x_wconf 78' lang='lat' dir='ltr'>gratis</span> <span class='ocrx_word' id='word_1_70' title='bbox 1758 1024 1832 1087; x_wconf 89' lang='lat' dir='ltr'>data</span> <span class='ocrx_word' id='word_1_71' title='bbox 1845 1020 1960 1084; x_wconf 69' lang='lat' dir='ltr'>aoniae</span> 
     </span>
     <span class='ocr_line' id='line_1_7' title="bbox 412 1121 1959 1207; baseline -0.002 -26"><span class='ocrx_word' id='word_1_72' title='bbox 412 1127 444 1182; x_wconf 88' lang='lat' dir='ltr'>et</span> <span class='ocrx_word' id='word_1_73' title='bbox 464 1122 656 1204; x_wconf 89' lang='lat' dir='ltr'>apostolatu,</span> <span class='ocrx_word' id='word_1_74' title='bbox 672 1144 743 1206; x_wconf 77' lang='lat' dir='ltr'>quaa</span> <span class='ocrx_word' id='word_1_75' title='bbox 768 1134 843 1188; x_wconf 92' lang='lat' dir='ltr'>sunt</span> <span class='ocrx_word' id='word_1_76' title='bbox 865 1125 973 1207; x_wconf 80' lang='lat' dir='ltr'>gratiae</span> <span class='ocrx_word' id='word_1_77' title='bbox 994 1126 1091 1206; x_wconf 78' lang='lat' dir='ltr'>gratis</span> <span class='ocrx_word' id='word_1_78' title='bbox 1111 1127 1163 1188; x_wconf 90' lang='lat' dir='ltr'>da·</span> <span class='ocrx_word' id='word_1_79' title='bbox 1217 1130 1269 1184; x_wconf 90' lang='lat' dir='ltr'>tur</span> <span class='ocrx_word' id='word_1_80' title='bbox 1295 1123 1469 1206; x_wconf 91' lang='lat' dir='ltr'>unicuique</span> <span class='ocrx_word' id='word_1_81' title='bbox 1495 1123 1547 1186; x_wconf 89' lang='lat' dir='ltr'>cui</span> <span class='ocrx_word' id='word_1_82' title='bbox 1571 1121 1746 1196; x_wconf 77' lang='lat' dir='ltr'>confertur,</span> <span class='ocrx_word' id='word_1_83' title='bbox 1771 1123 1817 1181; x_wconf 81' lang='lat' dir='ltr'>ad</span> <span class='ocrx_word' id='word_1_84' title='bbox 1840 1121 1959 1180; x_wconf 81' lang='lat' dir='ltr'>utitita-</span> 
     </span>
     <span class='ocr_line' id='line_1_8' title="bbox 411 1221 1957 1306; baseline -0.001 -25"><span class='ocrx_word' id='word_1_85' title='bbox 411 1226 462 1294; x_wconf 75' lang='lat' dir='ltr'>taa,</span> <span class='ocrx_word' id='word_1_86' title='bbox 479 1227 511 1281; x_wconf 92' lang='lat' dir='ltr'>et</span> <span class='ocrx_word' id='word_1_87' title='bbox 530 1221 569 1283; x_wconf 89' lang='lat' dir='ltr'>ad</span> <span class='ocrx_word' id='word_1_88' title='bbox 591 1221 761 1286; x_wconf 76' lang='lat' dir='ltr'>utilitatem</span> <span class='ocrx_word' id='word_1_89' title='bbox 783 1231 878 1306; x_wconf 90' lang='lat' dir='ltr'>atque</span> <span class='ocrx_word' id='word_1_90' title='bbox 901 1224 1035 1286; x_wconf 86' lang='lat' dir='ltr'>salutem</span> <span class='ocrx_word' id='word_1_91' title='bbox 1058 1223 1164 1286; x_wconf 91' lang='lat' dir='ltr'>Eccle-</span> <span class='ocrx_word' id='word_1_92' title='bbox 1218 1231 1293 1292; x_wconf 88' lang='lat' dir='ltr'>tem,</span> <span class='ocrx_word' id='word_1_93' title='bbox 1310 1221 1341 1284; x_wconf 92' lang='lat' dir='ltr'>id</span> <span class='ocrx_word' id='word_1_94' title='bbox 1357 1230 1406 1284; x_wconf 88' lang='lat' dir='ltr'>est</span> <span class='ocrx_word' id='word_1_95' title='bbox 1420 1223 1458 1284; x_wconf 89' lang='lat' dir='ltr'>ad</span> <span class='ocrx_word' id='word_1_96' title='bbox 1473 1221 1609 1285; x_wconf 90' lang='lat' dir='ltr'>aliorum</span> <span class='ocrx_word' id='word_1_97' title='bbox 1625 1221 1832 1284; x_wconf 91' lang='lat' dir='ltr'>commodum</span> <span class='ocrx_word' id='word_1_98' title='bbox 1849 1226 1881 1281; x_wconf 92' lang='lat' dir='ltr'>et</span> <span class='ocrx_word' id='word_1_99' title='bbox 1897 1236 1957 1301; x_wconf 83' lang='lat' dir='ltr'>pro</span> 
     </span>
     <span class='ocr_line' id='line_1_9' title="bbox 412 1316 1956 1406; baseline -0.003 -24"><span class='ocrx_word' id='word_1_100' title='bbox 412 1319 467 1382; x_wconf 86' lang='lat' dir='ltr'>siae</span> <span class='ocrx_word' id='word_1_101' title='bbox 482 1320 635 1384; x_wconf 73' lang='lat' dir='ltr'>ordinate</span> <span class='ocrx_word' id='word_1_102' title='bbox 651 1340 688 1384; x_wconf 89' lang='lat' dir='ltr'>ac</span> <span class='ocrx_word' id='word_1_103' title='bbox 708 1323 787 1386; x_wconf 86' lang='lat' dir='ltr'>datae</span> <span class='ocrx_word' id='word_1_104' title='bbox 805 1341 812 1385; x_wconf 90' lang='lat'>:</span> <span class='ocrx_word' id='word_1_105' title='bbox 829 1324 904 1406; x_wconf 87' lang='lat' dir='ltr'>qnia</span> <span class='ocrx_word' id='word_1_106' title='bbox 926 1331 960 1386; x_wconf 90' lang='lat' dir='ltr'>ut</span> <span class='ocrx_word' id='word_1_107' title='bbox 976 1323 1020 1386; x_wconf 89' lang='lat' dir='ltr'>ait</span> <span class='ocrx_word' id='word_1_108' title='bbox 1033 1324 1164 1405; x_wconf 86' lang='lat' dir='ltr'>Aposto-</span> <span class='ocrx_word' id='word_1_109' title='bbox 1218 1318 1348 1382; x_wconf 88' lang='lat' dir='ltr'>lectum.</span> <span class='ocrx_word' id='word_1_110' title='bbox 1374 1320 1458 1382; x_wconf 88' lang='lat' dir='ltr'>Deus</span> <span class='ocrx_word' id='word_1_111' title='bbox 1488 1339 1627 1403; x_wconf 89' lang='lat' dir='ltr'>namque</span> <span class='ocrx_word' id='word_1_112' title='bbox 1650 1320 1703 1382; x_wconf 93' lang='lat' dir='ltr'>dat</span> <span class='ocrx_word' id='word_1_113' title='bbox 1731 1316 1956 1381; x_wconf 81' lang='lat' dir='ltr'>beneficiorum</span> 
     </span>
     <span class='ocr_line' id='line_1_10' title="bbox 264 1415 1954 1500; baseline -0.004 -18"><span class='ocrx_word' id='word_1_114' title='bbox 264 1417 562 1499; x_wconf 68' lang='lat' dir='ltr'>uon.x=11,r.luS,quae</span> <span class='ocrx_word' id='word_1_115' title='bbox 584 1437 602 1480; x_wconf 90' lang='lat' dir='ltr'>a</span> <span class='ocrx_word' id='word_1_116' title='bbox 624 1419 688 1483; x_wconf 88' lang='lat' dir='ltr'>Deo</span> <span class='ocrx_word' id='word_1_117' title='bbox 710 1429 795 1497; x_wconf 86' lang='lat' dir='ltr'>sunt,</span> <span class='ocrx_word' id='word_1_118' title='bbox 811 1421 955 1484; x_wconf 90' lang='lat' dir='ltr'>ordinata</span> <span class='ocrx_word' id='word_1_119' title='bbox 980 1429 1063 1484; x_wconf 91' lang='lat' dir='ltr'>sunt.</span> <span class='ocrx_word' id='word_1_120' title='bbox 1081 1421 1164 1484; x_wconf 87' lang='lat' dir='ltr'>Ordo</span> <span class='ocrx_word' id='word_1_121' title='bbox 1216 1435 1347 1480; x_wconf 87' lang='lat' dir='ltr'>suorum</span> <span class='ocrx_word' id='word_1_122' title='bbox 1372 1418 1500 1493; x_wconf 87' lang='lat' dir='ltr'>talenta,</span> <span class='ocrx_word' id='word_1_123' title='bbox 1527 1425 1562 1480; x_wconf 93' lang='lat' dir='ltr'>ut</span> <span class='ocrx_word' id='word_1_124' title='bbox 1586 1418 1809 1500; x_wconf 85' lang='lat' dir='ltr'>expendantur</span> <span class='ocrx_word' id='word_1_125' title='bbox 1832 1415 1954 1490; x_wconf 88' lang='lat' dir='ltr'>utiliter,</span> 
     </span>
     <span class='ocr_line' id='line_1_11' title="bbox 413 1514 1956 1602; baseline -0.002 -25"><span class='ocrx_word' id='word_1_126' title='bbox 413 1524 520 1578; x_wconf 89' lang='lat' dir='ltr'>autem</span> <span class='ocrx_word' id='word_1_127' title='bbox 545 1517 690 1580; x_wconf 85' lang='lat' dir='ltr'>consistit</span> <span class='ocrx_word' id='word_1_128' title='bbox 719 1518 752 1581; x_wconf 90' lang='lat' dir='ltr'>in</span> <span class='ocrx_word' id='word_1_129' title='bbox 782 1519 853 1594; x_wconf 92' lang='lat' dir='ltr'>boc,</span> <span class='ocrx_word' id='word_1_130' title='bbox 879 1519 963 1602; x_wconf 89' lang='lat' dir='ltr'>quod</span> <span class='ocrx_word' id='word_1_131' title='bbox 995 1539 1077 1582; x_wconf 92' lang='lat' dir='ltr'>unus</span> <span class='ocrx_word' id='word_1_132' title='bbox 1106 1538 1164 1602; x_wconf 90' lang='lat' dir='ltr'>per</span> <span class='ocrx_word' id='word_1_133' title='bbox 1192 1518 1279 1580; x_wconf 78' lang='lat' dir='ltr'>&#39;nou</span> <span class='ocrx_word' id='word_1_134' title='bbox 1309 1523 1345 1578; x_wconf 92' lang='lat' dir='ltr'>nt</span> <span class='ocrx_word' id='word_1_135' title='bbox 1373 1515 1610 1579; x_wconf 90' lang='lat' dir='ltr'>abscondantur</span> <span class='ocrx_word' id='word_1_136' title='bbox 1638 1515 1804 1597; x_wconf 81' lang='lat' dir='ltr'>ignaviter.</span> <span class='ocrx_word' id='word_1_137' title='bbox 1835 1514 1956 1595; x_wconf 86' lang='lat' dir='ltr'>Propter</span> 
     </span>
     <span class='ocr_line' id='line_1_12' title="bbox 274 1612 2043 1701; baseline -0.001 -21"><span class='ocrx_word' id='word_1_138' title='bbox 274 1633 397 1680; x_wconf 67' lang='lat' dir='ltr'>moeror.</span> <span class='ocrx_word' id='word_1_139' title='bbox 412 1614 512 1676; x_wconf 87' lang='lat' dir='ltr'>alium</span> <span class='ocrx_word' id='word_1_140' title='bbox 535 1615 574 1678; x_wconf 92' lang='lat' dir='ltr'>ad</span> <span class='ocrx_word' id='word_1_141' title='bbox 597 1617 697 1679; x_wconf 88' lang='lat' dir='ltr'>Deum</span> <span class='ocrx_word' id='word_1_142' title='bbox 724 1618 898 1692; x_wconf 89' lang='lat' dir='ltr'>reducitur,</span> <span class='ocrx_word' id='word_1_143' title='bbox 917 1626 1011 1701; x_wconf 91' lang='lat' dir='ltr'>prout</span> <span class='ocrx_word' id='word_1_144' title='bbox 1034 1618 1163 1680; x_wconf 84' lang='lat' dir='ltr'>divinus</span> <span class='ocrx_word' id='word_1_145' title='bbox 1216 1615 1297 1698; x_wconf 88' lang='lat' dir='ltr'>quod</span> <span class='ocrx_word' id='word_1_146' title='bbox 1314 1615 1460 1698; x_wconf 90' lang='lat' dir='ltr'>princeps</span> <span class='ocrx_word' id='word_1_147' title='bbox 1470 1614 1685 1698; x_wconf 85' lang='lat' dir='ltr'>Apostolomm</span> <span class='ocrx_word' id='word_1_148' title='bbox 1700 1612 1955 1677; x_wconf 73' lang='lat' dir='ltr'>hortaturzUnus</span> <span class='ocrx_word' id='word_1_149' title='bbox 1972 1636 2043 1683; x_wconf 55' lang='lat' dir='ltr'>rues.</span> 
     </span>
     <span class='ocr_line' id='line_1_13' title="bbox 264 1697 1986 1798; baseline -0.002 -23"><span class='ocrx_word' id='word_1_150' title='bbox 264 1697 397 1743; x_wconf 70' lang='lat'><strong>¹¹⁵⁸‘·⁰·&#39;¹¹¹&#39;·</strong></span> <span class='ocrx_word' id='word_1_151' title='bbox 412 1713 581 1797; x_wconf 83' lang='lat' dir='ltr'>Dionysius</span> <span class='ocrx_word' id='word_1_152' title='bbox 597 1722 799 1796; x_wconf 86' lang='lat' dir='ltr'>protestatur.</span> <span class='ocrx_word' id='word_1_153' title='bbox 816 1751 856 1762; x_wconf 86' lang='lat'>—-</span> <span class='ocrx_word' id='word_1_154' title='bbox 869 1715 915 1778; x_wconf 83' lang='lat' dir='ltr'>Ad</span> <span class='ocrx_word' id='word_1_155' title='bbox 937 1716 1161 1798; x_wconf 80' lang='lat' dir='ltr'>huncquoque</span> <span class='ocrx_word' id='word_1_156' title='bbox 1217 1714 1352 1796; x_wconf 89' lang='lat' dir='ltr'>quisque</span> <span class='ocrx_word' id='word_1_157' title='bbox 1377 1713 1460 1776; x_wconf 90' lang='lat' dir='ltr'>sicut</span> <span class='ocrx_word' id='word_1_158' title='bbox 1481 1713 1606 1795; x_wconf 90' lang='lat' dir='ltr'>accepit</span> <span class='ocrx_word' id='word_1_159' title='bbox 1627 1712 1773 1794; x_wconf 80' lang='lat' dir='ltr'>gratiam,</span> <span class='ocrx_word' id='word_1_160' title='bbox 1791 1711 1823 1774; x_wconf 89' lang='lat' dir='ltr'>in</span> <span class='ocrx_word' id='word_1_161' title='bbox 1848 1703 1986 1773; x_wconf 58' lang='lat' dir='ltr'>alteru-¹⁰*</span> 
     </span>
     <span class='ocr_line' id='line_1_14' title="bbox 412 1810 1953 1896; baseline 0 -24"><span class='ocrx_word' id='word_1_162' title='bbox 412 1811 582 1874; x_wconf 84' lang='lat' dir='ltr'>utilitatem</span> <span class='ocrx_word' id='word_1_163' title='bbox 598 1813 669 1875; x_wconf 89' lang='lat' dir='ltr'>aliis</span> <span class='ocrx_word' id='word_1_164' title='bbox 685 1814 929 1896; x_wconf 89' lang='lat' dir='ltr'>impertiendam</span> <span class='ocrx_word' id='word_1_165' title='bbox 946 1815 1005 1877; x_wconf 90' lang='lat' dir='ltr'>tria</span> <span class='ocrx_word' id='word_1_166' title='bbox 1021 1822 1096 1876; x_wconf 90' lang='lat' dir='ltr'>sunt</span> <span class='ocrx_word' id='word_1_167' title='bbox 1111 1833 1161 1877; x_wconf 88' lang='lat' dir='ltr'>ne·</span> <span class='ocrx_word' id='word_1_168' title='bbox 1177 1815 1202 1880; x_wconf 89' lang='lat' dir='ltr'>B</span> <span class='ocrx_word' id='word_1_169' title='bbox 1216 1817 1302 1875; x_wconf 90' lang='lat' dir='ltr'>trum</span> <span class='ocrx_word' id='word_1_170' title='bbox 1326 1813 1413 1875; x_wconf 89' lang='lat' dir='ltr'>illam</span> <span class='ocrx_word' id='word_1_171' title='bbox 1434 1811 1703 1875; x_wconf 86' lang='lat' dir='ltr'>administrantes.</span> <span class='ocrx_word' id='word_1_172' title='bbox 1721 1810 1864 1874; x_wconf 81' lang='lat' dir='ltr'>Christus</span> <span class='ocrx_word' id='word_1_173' title='bbox 1884 1827 1953 1893; x_wconf 82' lang='lat' dir='ltr'>quo</span> 
     </span>
     <span class='ocr_line' id='line_1_15' title="bbox 412 1909 2041 1992; baseline -0.001 -20"><span class='ocrx_word' id='word_1_174' title='bbox 412 1911 557 1974; x_wconf 84' lang='lat' dir='ltr'>cessaria.</span> <span class='ocrx_word' id='word_1_175' title='bbox 581 1911 724 1974; x_wconf 89' lang='lat' dir='ltr'>Primum</span> <span class='ocrx_word' id='word_1_176' title='bbox 749 1920 808 1988; x_wconf 91' lang='lat' dir='ltr'>est,</span> <span class='ocrx_word' id='word_1_177' title='bbox 834 1912 967 1976; x_wconf 87' lang='lat' dir='ltr'>iacultas</span> <span class='ocrx_word' id='word_1_178' title='bbox 991 1913 1160 1977; x_wconf 85' lang='lat' dir='ltr'>exercendi</span> <span class='ocrx_word' id='word_1_179' title='bbox 1216 1929 1278 1991; x_wconf 89' lang='lat' dir='ltr'>que</span> <span class='ocrx_word' id='word_1_180' title='bbox 1303 1911 1335 1972; x_wconf 89' lang='lat' dir='ltr'>iu</span> <span class='ocrx_word' id='word_1_181' title='bbox 1360 1909 1533 1992; x_wconf 83' lang='lat' dir='ltr'>Evangelio</span> <span class='ocrx_word' id='word_1_182' title='bbox 1548 1927 1555 1972; x_wconf 75' lang='grc' dir='ltr'><strong>ε</strong></span> <span class='ocrx_word' id='word_1_183' title='bbox 1571 1909 1784 1991; x_wconf 74' lang='lat' dir='ltr'>Negotiamini</span> <span class='ocrx_word' id='word_1_184' title='bbox 1799 1909 2041 1990; x_wconf 63' lang='lat' dir='ltr'>(studuerunt.</span> 
     </span>
     <span class='ocr_line' id='line_1_16' title="bbox 410 2007 1952 2093; baseline -0.001 -23"><span class='ocrx_word' id='word_1_185' title='bbox 410 2017 517 2072; x_wconf 89' lang='lat' dir='ltr'>actum</span> <span class='ocrx_word' id='word_1_186' title='bbox 538 2010 609 2073; x_wconf 89' lang='lat' dir='ltr'>aliis</span> <span class='ocrx_word' id='word_1_187' title='bbox 629 2011 755 2087; x_wconf 91' lang='lat' dir='ltr'>utilem,</span> <span class='ocrx_word' id='word_1_188' title='bbox 775 2020 810 2073; x_wconf 93' lang='lat' dir='ltr'>ut</span> <span class='ocrx_word' id='word_1_189' title='bbox 828 2019 876 2074; x_wconf 90' lang='grc' dir='ltr'>θεῖ</span> <span class='ocrx_word' id='word_1_190' title='bbox 896 2013 1015 2074; x_wconf 92' lang='lat' dir='ltr'>donum</span> <span class='ocrx_word' id='word_1_191' title='bbox 1038 2011 1160 2093; x_wconf 79' lang='lat' dir='ltr'>lingua·</span> <span class='ocrx_word' id='word_1_192' title='bbox 1215 2007 1318 2070; x_wconf 93' lang='lat' dir='ltr'>venio.</span> <span class='ocrx_word' id='word_1_193' title='bbox 1335 2007 1488 2071; x_wconf 85' lang='lat' dir='ltr'>Praeterea</span> <span class='ocrx_word' id='word_1_194' title='bbox 1507 2008 1607 2088; x_wconf 80' lang='lat' dir='ltr'>gratia</span> <span class='ocrx_word' id='word_1_195' title='bbox 1625 2007 1723 2089; x_wconf 80' lang='lat' dir='ltr'>gratis</span> <span class='ocrx_word' id='word_1_196' title='bbox 1742 2008 1814 2070; x_wconf 88' lang='lat' dir='ltr'>data</span> <span class='ocrx_word' id='word_1_197' title='bbox 1831 2014 1952 2070; x_wconf 87' lang='lat' dir='ltr'>vocatur</span> 
     </span>
     <span class='ocr_line' id='line_1_17' title="bbox 411 2105 1951 2191; baseline -0.001 -21"><span class='ocrx_word' id='word_1_198' title='bbox 411 2127 495 2184; x_wconf 92' lang='lat' dir='ltr'>rum,</span> <span class='ocrx_word' id='word_1_199' title='bbox 517 2109 618 2190; x_wconf 80' lang='lat' dir='ltr'>gratia</span> <span class='ocrx_word' id='word_1_200' title='bbox 640 2110 887 2191; x_wconf 89' lang='lat' dir='ltr'>miraculorum;</span> <span class='ocrx_word' id='word_1_201' title='bbox 903 2112 1080 2174; x_wconf 90' lang='lat' dir='ltr'>secundum</span> <span class='ocrx_word' id='word_1_202' title='bbox 1101 2119 1158 2187; x_wconf 91' lang='grc' dir='ltr'><strong>θεῖ,</strong></span> <span class='ocrx_word' id='word_1_203' title='bbox 1216 2106 1430 2169; x_wconf 82' lang='lat' dir='ltr'>manifestatio</span> <span class='ocrx_word' id='word_1_204' title='bbox 1453 2105 1602 2189; x_wconf 89' lang='lat' dir='ltr'>Spiritus,</span> <span class='ocrx_word' id='word_1_205' title='bbox 1623 2107 1655 2170; x_wconf 95' lang='lat' dir='ltr'>id</span> <span class='ocrx_word' id='word_1_206' title='bbox 1681 2113 1730 2170; x_wconf 90' lang='lat' dir='ltr'>est</span> <span class='ocrx_word' id='word_1_207' title='bbox 1753 2107 1871 2169; x_wconf 92' lang='lat' dir='ltr'>donum</span> <span class='ocrx_word' id='word_1_208' title='bbox 1897 2123 1951 2188; x_wconf 87' lang='lat' dir='ltr'>quo</span> 
     </span>
     <span class='ocr_line' id='line_1_18' title="bbox 410 2205 1950 2290; baseline -0.001 -22"><span class='ocrx_word' id='word_1_209' title='bbox 410 2208 581 2270; x_wconf 88' lang='lat' dir='ltr'>auctoritas</span> <span class='ocrx_word' id='word_1_210' title='bbox 597 2210 766 2272; x_wconf 82' lang='lat' dir='ltr'>exercendi</span> <span class='ocrx_word' id='word_1_211' title='bbox 787 2209 972 2290; x_wconf 86' lang='lat' dir='ltr'>hujusmodi</span> <span class='ocrx_word' id='word_1_212' title='bbox 992 2217 1109 2284; x_wconf 89' lang='lat' dir='ltr'>actum,</span> <span class='ocrx_word' id='word_1_213' title='bbox 1126 2217 1162 2272; x_wconf 89' lang='lat' dir='ltr'>nt</span> <span class='ocrx_word' id='word_1_214' title='bbox 1215 2205 1434 2268; x_wconf 76' lang='lat' dir='ltr'>manifestatur</span> <span class='ocrx_word' id='word_1_215' title='bbox 1445 2206 1614 2288; x_wconf 74' lang='lat' dir='ltr'>presentia</span> <span class='ocrx_word' id='word_1_216' title='bbox 1628 2205 1762 2289; x_wconf 87' lang='lat' dir='ltr'>Spiritus</span> <span class='ocrx_word' id='word_1_217' title='bbox 1777 2205 1950 2278; x_wconf 78' lang='lat' dir='ltr'>Sanctinon</span> 
     </span>
     <span class='ocr_line' id='line_1_19' title="bbox 412 2304 1951 2391; baseline -0.001 -25"><span class='ocrx_word' id='word_1_218' title='bbox 412 2305 758 2388; x_wconf 87' lang='lat' dir='ltr'>apostolatus;tertium</span> <span class='ocrx_word' id='word_1_219' title='bbox 774 2308 1002 2383; x_wconf 85' lang='lat' dir='ltr'>est,ersecutio</span> <span class='ocrx_word' id='word_1_220' title='bbox 1016 2327 1158 2391; x_wconf 91' lang='lat' dir='ltr'>operum.</span> <span class='ocrx_word' id='word_1_221' title='bbox 1215 2304 1299 2386; x_wconf 88' lang='lat' dir='ltr'>quod</span> <span class='ocrx_word' id='word_1_222' title='bbox 1315 2304 1387 2367; x_wconf 89' lang='lat' dir='ltr'>talis</span> <span class='ocrx_word' id='word_1_223' title='bbox 1402 2305 1502 2386; x_wconf 83' lang='lat' dir='ltr'>gratia</span> <span class='ocrx_word' id='word_1_224' title='bbox 1521 2323 1648 2388; x_wconf 88' lang='lat' dir='ltr'>semper</span> <span class='ocrx_word' id='word_1_225' title='bbox 1666 2304 1838 2386; x_wconf 85' lang='lat' dir='ltr'>conjuncta</span> <span class='ocrx_word' id='word_1_226' title='bbox 1856 2305 1897 2366; x_wconf 92' lang='lat' dir='ltr'>sit</span> <span class='ocrx_word' id='word_1_227' title='bbox 1911 2322 1951 2364; x_wconf 89' lang='lat' dir='ltr'>sa·</span> 
     </span>
     <span class='ocr_line' id='line_1_20' title="bbox 452 2403 1949 2490; baseline -0.001 -24"><span class='ocrx_word' id='word_1_228' title='bbox 452 2406 610 2479; x_wconf 77' lang='lat' dir='ltr'>Quantum</span> <span class='ocrx_word' id='word_1_229' title='bbox 625 2407 664 2469; x_wconf 94' lang='lat' dir='ltr'>ad</span> <span class='ocrx_word' id='word_1_230' title='bbox 679 2406 821 2489; x_wconf 90' lang='lat' dir='ltr'>primum</span> <span class='ocrx_word' id='word_1_231' title='bbox 837 2407 1068 2482; x_wconf 87' lang='lat' dir='ltr'>istorum,dicit</span> <span class='ocrx_word' id='word_1_232' title='bbox 1082 2407 1162 2490; x_wconf 82' lang='lat' dir='ltr'>Apo·</span> <span class='ocrx_word' id='word_1_233' title='bbox 1214 2403 1311 2478; x_wconf 91' lang='lat' dir='ltr'>ritati,</span> <span class='ocrx_word' id='word_1_234' title='bbox 1327 2421 1385 2485; x_wconf 89' lang='lat' dir='ltr'>per</span> <span class='ocrx_word' id='word_1_235' title='bbox 1406 2423 1502 2487; x_wconf 89' lang='lat' dir='ltr'>quam</span> <span class='ocrx_word' id='word_1_236' title='bbox 1525 2405 1607 2467; x_wconf 88' lang='lat' dir='ltr'>Deus</span> <span class='ocrx_word' id='word_1_237' title='bbox 1629 2403 1752 2467; x_wconf 87' lang='lat' dir='ltr'>habitat</span> <span class='ocrx_word' id='word_1_238' title='bbox 1776 2403 1808 2466; x_wconf 89' lang='lat' dir='ltr'>iu</span> <span class='ocrx_word' id='word_1_239' title='bbox 1829 2403 1949 2480; x_wconf 88' lang='lat' dir='ltr'>clectis;</span> 
     </span>
     <span class='ocr_line' id='line_1_21' title="bbox 412 2502 1949 2584; baseline -0.002 -19"><span class='ocrx_word' id='word_1_240' title='bbox 412 2503 511 2566; x_wconf 90' lang='lat' dir='ltr'>stolus</span> <span class='ocrx_word' id='word_1_241' title='bbox 534 2522 541 2566; x_wconf 91' lang='lat'><strong>:</strong></span> <span class='ocrx_word' id='word_1_242' title='bbox 564 2507 748 2567; x_wconf 86' lang='lat' dir='ltr'>Divisioues</span> <span class='ocrx_word' id='word_1_243' title='bbox 769 2526 843 2566; x_wconf 86' lang='lat' dir='ltr'>vero</span> <span class='ocrx_word' id='word_1_244' title='bbox 859 2507 1051 2584; x_wconf 80' lang='lat' dir='ltr'>pretiorum</span> <span class='ocrx_word' id='word_1_245' title='bbox 1071 2517 1159 2577; x_wconf 83' lang='lat' dir='ltr'>sunt,</span> <span class='ocrx_word' id='word_1_246' title='bbox 1215 2502 1280 2565; x_wconf 89' lang='lat' dir='ltr'>imo</span> <span class='ocrx_word' id='word_1_247' title='bbox 1303 2502 1412 2584; x_wconf 78' lang='lat' dir='ltr'>gratiae</span> <span class='ocrx_word' id='word_1_248' title='bbox 1440 2503 1537 2584; x_wconf 80' lang='lat' dir='ltr'>gratis</span> <span class='ocrx_word' id='word_1_249' title='bbox 1566 2504 1646 2568; x_wconf 76' lang='lat' dir='ltr'>data)</span> <span class='ocrx_word' id='word_1_250' title='bbox 1675 2521 1861 2567; x_wconf 86' lang='lat' dir='ltr'>communes</span> <span class='ocrx_word' id='word_1_251' title='bbox 1884 2509 1949 2564; x_wconf 93' lang='lat' dir='ltr'>sunl</span> 
     </span>
     <span class='ocr_line' id='line_1_22' title="bbox 412 2599 1948 2686; baseline -0.001 -22"><span class='ocrx_word' id='word_1_252' title='bbox 412 2602 472 2664; x_wconf 90' lang='lat' dir='ltr'>boc</span> <span class='ocrx_word' id='word_1_253' title='bbox 502 2609 561 2677; x_wconf 89' lang='lat' dir='ltr'>est,</span> <span class='ocrx_word' id='word_1_254' title='bbox 590 2603 698 2684; x_wconf 79' lang='lat' dir='ltr'>gratiae</span> <span class='ocrx_word' id='word_1_255' title='bbox 727 2603 824 2684; x_wconf 82' lang='lat' dir='ltr'>gratis</span> <span class='ocrx_word' id='word_1_256' title='bbox 852 2603 932 2667; x_wconf 85' lang='lat' dir='ltr'>datae</span> <span class='ocrx_word' id='word_1_257' title='bbox 961 2603 1014 2682; x_wconf 93' lang='lat' dir='ltr'>(de</span> <span class='ocrx_word' id='word_1_258' title='bbox 1042 2603 1160 2686; x_wconf 91' lang='lat' dir='ltr'>quibus</span> <span class='ocrx_word' id='word_1_259' title='bbox 1214 2599 1307 2664; x_wconf 91' lang='lat' dir='ltr'>bonis</span> <span class='ocrx_word' id='word_1_260' title='bbox 1330 2608 1362 2664; x_wconf 89' lang='lat' dir='ltr'>et</span> <span class='ocrx_word' id='word_1_261' title='bbox 1386 2599 1490 2677; x_wconf 89' lang='lat' dir='ltr'>malis,</span> <span class='ocrx_word' id='word_1_262' title='bbox 1513 2601 1623 2665; x_wconf 87' lang='lat' dir='ltr'>electis</span> <span class='ocrx_word' id='word_1_263' title='bbox 1645 2611 1677 2666; x_wconf 92' lang='grc' dir='ltr'>θῖ</span> <span class='ocrx_word' id='word_1_264' title='bbox 1699 2601 1843 2686; x_wconf 91' lang='lat' dir='ltr'>reprobis</span> <span class='ocrx_word' id='word_1_265' title='bbox 1859 2618 1867 2662; x_wconf 91' lang='lat'>:</span> <span class='ocrx_word' id='word_1_266' title='bbox 1882 2619 1948 2663; x_wconf 85' lang='lat' dir='ltr'>nam</span> 
     </span>
     <span class='ocr_line' id='line_1_23' title="bbox 412 2699 2041 2784; baseline -0.002 -22"><span class='ocrx_word' id='word_1_267' title='bbox 412 2718 497 2762; x_wconf 89' lang='lat' dir='ltr'>nunc</span> <span class='ocrx_word' id='word_1_268' title='bbox 513 2701 631 2781; x_wconf 83' lang='lat' dir='ltr'>egitur)</span> <span class='ocrx_word' id='word_1_269' title='bbox 645 2709 719 2762; x_wconf 93' lang='lat' dir='ltr'>sunt</span> <span class='ocrx_word' id='word_1_270' title='bbox 734 2701 867 2765; x_wconf 83' lang='lat' dir='ltr'>diversae</span> <span class='ocrx_word' id='word_1_271' title='bbox 882 2711 977 2784; x_wconf 88' lang='lat' dir='ltr'>atque</span> <span class='ocrx_word' id='word_1_272' title='bbox 993 2702 1158 2776; x_wconf 77' lang='lat' dir='ltr'>distinctae,</span> <span class='ocrx_word' id='word_1_273' title='bbox 1214 2707 1246 2762; x_wconf 91' lang='lat' dir='ltr'>et</span> <span class='ocrx_word' id='word_1_274' title='bbox 1260 2699 1385 2764; x_wconf 88' lang='lat' dir='ltr'>Balaam</span> <span class='ocrx_word' id='word_1_275' title='bbox 1405 2700 1467 2763; x_wconf 87' lang='lat' dir='ltr'>luit</span> <span class='ocrx_word' id='word_1_276' title='bbox 1486 2701 1650 2784; x_wconf 91' lang='lat' dir='ltr'>propbeta,</span> <span class='ocrx_word' id='word_1_277' title='bbox 1667 2708 1700 2764; x_wconf 90' lang='lat' dir='ltr'>et</span> <span class='ocrx_word' id='word_1_278' title='bbox 1718 2701 1813 2764; x_wconf 84' lang='lat' dir='ltr'>ludas</span> <span class='ocrx_word' id='word_1_279' title='bbox 1828 2701 1949 2762; x_wconf 86' lang='lat' dir='ltr'>traditor</span> <span class='ocrx_word' id='word_1_280' title='bbox 1962 2718 2041 2761; x_wconf 60' lang='lat' dir='ltr'>sam</span> 
     </span>
     <span class='ocr_line' id='line_1_24' title="bbox 411 2785 2041 2886; baseline 0.002 -29"><span class='ocrx_word' id='word_1_281' title='bbox 411 2800 496 2858; x_wconf 85' lang='lat' dir='ltr'>idem</span> <span class='ocrx_word' id='word_1_282' title='bbox 511 2808 620 2860; x_wconf 86' lang='lat' dir='ltr'>autem</span> <span class='ocrx_word' id='word_1_283' title='bbox 635 2801 798 2876; x_wconf 80' lang='lat' dir='ltr'>Spiritus,</span> <span class='ocrx_word' id='word_1_284' title='bbox 814 2800 846 2862; x_wconf 94' lang='lat' dir='ltr'>id</span> <span class='ocrx_word' id='word_1_285' title='bbox 861 2808 920 2875; x_wconf 88' lang='lat' dir='ltr'>est,</span> <span class='ocrx_word' id='word_1_286' title='bbox 932 2800 1070 2882; x_wconf 88' lang='lat' dir='ltr'>Spiritus</span> <span class='ocrx_word' id='word_1_287' title='bbox 1085 2800 1160 2863; x_wconf 92' lang='lat' dir='ltr'>San·</span> <span class='ocrx_word' id='word_1_288' title='bbox 1212 2799 1384 2881; x_wconf 91' lang='lat' dir='ltr'>apostolus.</span> <span class='ocrx_word' id='word_1_289' title='bbox 1402 2800 1490 2862; x_wconf 89' lang='lat' dir='ltr'>Unde</span> <span class='ocrx_word' id='word_1_290' title='bbox 1505 2807 1538 2862; x_wconf 91' lang='lat' dir='ltr'>et</span> <span class='ocrx_word' id='word_1_291' title='bbox 1552 2799 1695 2864; x_wconf 85' lang='lat' dir='ltr'>Christus</span> <span class='ocrx_word' id='word_1_292' title='bbox 1711 2799 1827 2864; x_wconf 81' lang='lat' dir='ltr'>fatetur</span> <span class='ocrx_word' id='word_1_293' title='bbox 1843 2817 1850 2861; x_wconf 91' lang='lat'><strong>:</strong></span> <span class='ocrx_word' id='word_1_294' title='bbox 1865 2797 1947 2861; x_wconf 79' lang='lat' dir='ltr'>ldulti</span> <span class='ocrx_word' id='word_1_295' title='bbox 1957 2785 2041 2886; x_wconf 41' lang='lat' dir='ltr'>*mn</span> 
     </span>
     <span class='ocr_line' id='line_1_25' title="bbox 411 2897 2061 2978; baseline 0.001 -21"><span class='ocrx_word' id='word_1_296' title='bbox 411 2901 493 2972; x_wconf 90' lang='lat' dir='ltr'>ctus,</span> <span class='ocrx_word' id='word_1_297' title='bbox 510 2898 599 2960; x_wconf 87' lang='lat' dir='ltr'>dator</span> <span class='ocrx_word' id='word_1_298' title='bbox 613 2898 785 2978; x_wconf 80' lang='lat' dir='ltr'>gratiarum</span> <span class='ocrx_word' id='word_1_299' title='bbox 802 2898 946 2974; x_wconf 89' lang='lat' dir='ltr'>istarum,</span> <span class='ocrx_word' id='word_1_300' title='bbox 964 2905 1012 2961; x_wconf 91' lang='lat' dir='ltr'>est</span> <span class='ocrx_word' id='word_1_301' title='bbox 1028 2918 1112 2960; x_wconf 91' lang='lat' dir='ltr'>unus</span> <span class='ocrx_word' id='word_1_302' title='bbox 1127 2905 1158 2960; x_wconf 93' lang='lat' dir='ltr'>et</span> <span class='ocrx_word' id='word_1_303' title='bbox 1213 2898 1321 2960; x_wconf 90' lang='lat' dir='ltr'>dicent</span> <span class='ocrx_word' id='word_1_304' title='bbox 1337 2897 1417 2960; x_wconf 91' lang='lat' dir='ltr'>mibi</span> <span class='ocrx_word' id='word_1_305' title='bbox 1437 2898 1470 2960; x_wconf 90' lang='lat' dir='ltr'>in</span> <span class='ocrx_word' id='word_1_306' title='bbox 1490 2898 1542 2960; x_wconf 92' lang='lat' dir='ltr'>die</span> <span class='ocrx_word' id='word_1_307' title='bbox 1562 2897 1627 2974; x_wconf 88' lang='lat' dir='ltr'>illa,</span> <span class='ocrx_word' id='word_1_308' title='bbox 1648 2897 1794 2973; x_wconf 88' lang='lat' dir='ltr'>Domine,</span> <span class='ocrx_word' id='word_1_309' title='bbox 1813 2899 1945 2970; x_wconf 87' lang='lat' dir='ltr'>Domine,</span> <span class='ocrx_word' id='word_1_310' title='bbox 1958 2909 2012 2950; x_wconf 56' lang='lat'>⁷¹5²</span> <span class='ocrx_word' id='word_1_311' title='bbox 2060 2915 2061 2926; x_wconf 59' lang='lat'>¹</span> 
     </span>
     <span class='ocr_line' id='line_1_26' title="bbox 411 2967 2041 3082; baseline 0 -25"><span class='ocrx_word' id='word_1_312' title='bbox 411 2994 506 3058; x_wconf 89' lang='lat' dir='ltr'>idem.</span> <span class='ocrx_word' id='word_1_313' title='bbox 533 2997 691 3082; x_wconf 80' lang='lat' dir='ltr'>Quantum</span> <span class='ocrx_word' id='word_1_314' title='bbox 716 2997 754 3059; x_wconf 92' lang='lat' dir='ltr'>ad</span> <span class='ocrx_word' id='word_1_315' title='bbox 780 2997 968 3071; x_wconf 88' lang='lat' dir='ltr'>secundum,</span> <span class='ocrx_word' id='word_1_316' title='bbox 992 2996 1157 3078; x_wconf 80' lang='lat' dir='ltr'>subjungi·</span> <span class='ocrx_word' id='word_1_317' title='bbox 1173 3003 1194 3066; x_wconf 85' lang='lat' dir='ltr'>C</span> <span class='ocrx_word' id='word_1_318' title='bbox 1213 3013 1319 3060; x_wconf 91' lang='lat' dir='ltr'>noune</span> <span class='ocrx_word' id='word_1_319' title='bbox 1335 2997 1366 3059; x_wconf 95' lang='lat' dir='ltr'>in</span> <span class='ocrx_word' id='word_1_320' title='bbox 1383 2996 1513 3060; x_wconf 89' lang='lat' dir='ltr'>nomine</span> <span class='ocrx_word' id='word_1_321' title='bbox 1528 3005 1583 3060; x_wconf 92' lang='lat' dir='ltr'>tuo</span> <span class='ocrx_word' id='word_1_322' title='bbox 1597 2996 1866 3079; x_wconf 88' lang='lat' dir='ltr'>prophetavimus,</span> <span class='ocrx_word' id='word_1_323' title='bbox 1874 3005 1905 3060; x_wconf 91' lang='lat' dir='ltr'>et</span> <span class='ocrx_word' id='word_1_324' title='bbox 1918 2995 1946 3057; x_wconf 91' lang='lat' dir='ltr'>in</span> <span class='ocrx_word' id='word_1_325' title='bbox 1957 2967 2041 3074; x_wconf 46' lang='lat' dir='ltr'>‚³2⁸stst</span> 
     </span>
     <span class='ocr_line' id='line_1_27' title="bbox 409 3093 1946 3178; baseline 0.002 -23"><span class='ocrx_word' id='word_1_326' title='bbox 409 3101 462 3155; x_wconf 77' lang='lat' dir='ltr'>tur·</span> <span class='ocrx_word' id='word_1_327' title='bbox 478 3112 485 3156; x_wconf 92' lang='lat'><strong>:</strong></span> <span class='ocrx_word' id='word_1_328' title='bbox 502 3097 546 3156; x_wconf 81' lang='lat' dir='ltr'>Et</span> <span class='ocrx_word' id='word_1_329' title='bbox 567 3097 745 3156; x_wconf 76' lang='lat' dir='ltr'>divisiones</span> <span class='ocrx_word' id='word_1_330' title='bbox 764 3098 1048 3157; x_wconf 63' lang='lat' dir='ltr'>ministrationum</span> <span class='ocrx_word' id='word_1_331' title='bbox 1068 3105 1157 3167; x_wconf 79' lang='lat' dir='ltr'>suut,</span> <span class='ocrx_word' id='word_1_332' title='bbox 1213 3095 1343 3158; x_wconf 87' lang='lat' dir='ltr'>nomine</span> <span class='ocrx_word' id='word_1_333' title='bbox 1364 3103 1419 3159; x_wconf 88' lang='lat' dir='ltr'>tuo</span> <span class='ocrx_word' id='word_1_334' title='bbox 1440 3095 1597 3160; x_wconf 80' lang='lat' dir='ltr'>damonia</span> <span class='ocrx_word' id='word_1_335' title='bbox 1614 3095 1783 3178; x_wconf 76' lang='lat' dir='ltr'>ejecimuS‚</span> <span class='ocrx_word' id='word_1_336' title='bbox 1799 3104 1855 3160; x_wconf 84' lang='lat' dir='ltr'>cte.</span> <span class='ocrx_word' id='word_1_337' title='bbox 1867 3098 1879 3156; x_wconf 87' lang='lat' dir='ltr'>l</span> <span class='ocrx_word' id='word_1_338' title='bbox 1893 3093 1946 3158; x_wconf 78' lang='lat' dir='ltr'>Sed</span> 
     </span>
     <span class='ocr_line' id='line_1_28' title="bbox 409 3191 2060 3277; baseline 0 -23"><span class='ocrx_word' id='word_1_339' title='bbox 409 3191 469 3255; x_wconf 90' lang='lat' dir='ltr'>hoc</span> <span class='ocrx_word' id='word_1_340' title='bbox 489 3200 548 3268; x_wconf 89' lang='grc' dir='ltr'><strong>θεῖ,</strong></span> <span class='ocrx_word' id='word_1_341' title='bbox 565 3191 674 3256; x_wconf 84' lang='lat' dir='ltr'>cilicia</span> <span class='ocrx_word' id='word_1_342' title='bbox 693 3213 749 3256; x_wconf 91' lang='lat' dir='ltr'>seu</span> <span class='ocrx_word' id='word_1_343' title='bbox 771 3193 949 3256; x_wconf 89' lang='lat' dir='ltr'>ministeria</span> <span class='ocrx_word' id='word_1_344' title='bbox 969 3194 1159 3257; x_wconf 88' lang='lat' dir='ltr'>ecclesiasti·</span> <span class='ocrx_word' id='word_1_345' title='bbox 1214 3193 1331 3256; x_wconf 88' lang='lat' dir='ltr'>dieitur</span> <span class='ocrx_word' id='word_1_346' title='bbox 1354 3194 1454 3276; x_wconf 83' lang='lat' dir='ltr'>gratia</span> <span class='ocrx_word' id='word_1_347' title='bbox 1482 3195 1543 3257; x_wconf 91' lang='lat' dir='ltr'>ista</span> <span class='ocrx_word' id='word_1_348' title='bbox 1567 3193 1783 3258; x_wconf 77' lang='lat' dir='ltr'>manifestatio</span> <span class='ocrx_word' id='word_1_349' title='bbox 1810 3193 1945 3277; x_wconf 88' lang='lat' dir='ltr'>Spiritus,</span> <span class='ocrx_word' id='word_1_350' title='bbox 2059 3257 2060 3276; x_wconf 44' lang='lat'>,</span> 
     </span>
     <span class='ocr_line' id='line_1_29' title="bbox 410 3291 1947 3375; baseline 0.001 -24"><span class='ocrx_word' id='word_1_351' title='bbox 410 3308 519 3354; x_wconf 89' lang='lat' dir='ltr'>carum</span> <span class='ocrx_word' id='word_1_352' title='bbox 537 3309 744 3374; x_wconf 84' lang='lat' dir='ltr'>personarum</span> <span class='ocrx_word' id='word_1_353' title='bbox 759 3300 834 3355; x_wconf 88' lang='lat' dir='ltr'>sunt</span> <span class='ocrx_word' id='word_1_354' title='bbox 850 3293 936 3356; x_wconf 87' lang='lat' dir='ltr'>varia</span> <span class='ocrx_word' id='word_1_355' title='bbox 950 3301 982 3356; x_wconf 90' lang='lat' dir='ltr'>et</span> <span class='ocrx_word' id='word_1_356' title='bbox 996 3292 1156 3368; x_wconf 87' lang='lat' dir='ltr'>distincta,</span> <span class='ocrx_word' id='word_1_357' title='bbox 1214 3292 1289 3373; x_wconf 90' lang='lat' dir='ltr'>quia</span> <span class='ocrx_word' id='word_1_358' title='bbox 1306 3292 1506 3375; x_wconf 86' lang='lat' dir='ltr'>frequentius</span> <span class='ocrx_word' id='word_1_359' title='bbox 1526 3292 1654 3374; x_wconf 80' lang='lat' dir='ltr'>signum</span> <span class='ocrx_word' id='word_1_360' title='bbox 1673 3301 1723 3355; x_wconf 92' lang='grc' dir='ltr'>θεῖ</span> <span class='ocrx_word' id='word_1_361' title='bbox 1736 3292 1851 3356; x_wconf 78' lang='lat' dir='ltr'>diuina</span> <span class='ocrx_word' id='word_1_362' title='bbox 1869 3291 1947 3353; x_wconf 90' lang='lat' dir='ltr'>inba-</span> 
     </span>
     <span class='ocr_line' id='line_1_30' title="bbox 408 3389 1946 3474; baseline 0.003 -26"><span class='ocrx_word' id='word_1_363' title='bbox 408 3391 494 3450; x_wconf 81' lang='lat' dir='ltr'>idem</span> <span class='ocrx_word' id='word_1_364' title='bbox 505 3400 614 3453; x_wconf 86' lang='lat' dir='ltr'>autem</span> <span class='ocrx_word' id='word_1_365' title='bbox 623 3394 784 3454; x_wconf 82' lang='lat' dir='ltr'>Dominus</span> <span class='ocrx_word' id='word_1_366' title='bbox 798 3392 882 3454; x_wconf 86' lang='lat' dir='ltr'>Dens</span> <span class='ocrx_word' id='word_1_367' title='bbox 897 3391 982 3454; x_wconf 92' lang='lat' dir='ltr'>omni</span> <span class='ocrx_word' id='word_1_368' title='bbox 987 3399 1107 3474; x_wconf 90' lang='lat' dir='ltr'>potens,</span> <span class='ocrx_word' id='word_1_369' title='bbox 1114 3392 1159 3454; x_wconf 91' lang='lat' dir='ltr'>in·</span> <span class='ocrx_word' id='word_1_370' title='bbox 1213 3389 1376 3454; x_wconf 90' lang='lat' dir='ltr'>bitationis</span> <span class='ocrx_word' id='word_1_371' title='bbox 1396 3391 1643 3474; x_wconf 69' lang='lat' dir='ltr'>perennitatem,</span> <span class='ocrx_word' id='word_1_372' title='bbox 1660 3399 1692 3454; x_wconf 88' lang='lat' dir='ltr'>et</span> <span class='ocrx_word' id='word_1_373' title='bbox 1706 3391 1856 3474; x_wconf 88' lang='lat' dir='ltr'>quoniam</span> <span class='ocrx_word' id='word_1_374' title='bbox 1874 3407 1946 3452; x_wconf 89' lang='lat' dir='ltr'>sem·</span> 
     </span>
     <span class='ocr_line' id='line_1_31' title="bbox 408 3487 1946 3573; baseline -0.001 -23"><span class='ocrx_word' id='word_1_375' title='bbox 408 3487 535 3552; x_wconf 89' lang='lat' dir='ltr'>stitutor</span> <span class='ocrx_word' id='word_1_376' title='bbox 545 3496 576 3552; x_wconf 89' lang='lat' dir='ltr'>et</span> <span class='ocrx_word' id='word_1_377' title='bbox 587 3489 772 3553; x_wconf 88' lang='lat' dir='ltr'>distributor</span> <span class='ocrx_word' id='word_1_378' title='bbox 782 3489 960 3553; x_wconf 86' lang='lat' dir='ltr'>ciliciorum</span> <span class='ocrx_word' id='word_1_379' title='bbox 973 3490 1158 3553; x_wconf 73' lang='lat' dir='ltr'>istorumbt</span> <span class='ocrx_word' id='word_1_380' title='bbox 1214 3507 1271 3571; x_wconf 88' lang='lat' dir='ltr'>per</span> <span class='ocrx_word' id='word_1_381' title='bbox 1293 3490 1432 3553; x_wconf 88' lang='lat' dir='ltr'>ostendit</span> <span class='ocrx_word' id='word_1_382' title='bbox 1455 3489 1606 3552; x_wconf 88' lang='lat' dir='ltr'>virtutem</span> <span class='ocrx_word' id='word_1_383' title='bbox 1628 3489 1772 3553; x_wconf 85' lang='lat' dir='ltr'>divinam</span> <span class='ocrx_word' id='word_1_384' title='bbox 1797 3508 1852 3573; x_wconf 88' lang='lat' dir='ltr'>per</span> <span class='ocrx_word' id='word_1_385' title='bbox 1874 3489 1946 3556; x_wconf 88' lang='lat' dir='ltr'>dona</span> 
     </span>
     <span class='ocr_line' id='line_1_32' title="bbox 408 3579 2059 3672; baseline 0.004 -28"><span class='ocrx_word' id='word_1_386' title='bbox 408 3587 585 3647; x_wconf 75' lang='lat' dir='ltr'>divisiones</span> <span class='ocrx_word' id='word_1_387' title='bbox 608 3589 833 3664; x_wconf 82' lang='lat' dir='ltr'>operationum</span> <span class='ocrx_word' id='word_1_388' title='bbox 858 3597 948 3660; x_wconf 85' lang='lat' dir='ltr'>suut,</span> <span class='ocrx_word' id='word_1_389' title='bbox 971 3588 1002 3650; x_wconf 95' lang='lat' dir='ltr'>id</span> <span class='ocrx_word' id='word_1_390' title='bbox 1028 3596 1086 3664; x_wconf 90' lang='lat' dir='ltr'>est,</span> <span class='ocrx_word' id='word_1_391' title='bbox 1112 3587 1159 3651; x_wconf 95' lang='lat' dir='ltr'>di·</span> <span class='ocrx_word' id='word_1_392' title='bbox 1213 3588 1287 3650; x_wconf 92' lang='lat' dir='ltr'>talia</span> <span class='ocrx_word' id='word_1_393' title='bbox 1309 3587 1530 3672; x_wconf 88' lang='lat' dir='ltr'>principaliter</span> <span class='ocrx_word' id='word_1_394' title='bbox 1552 3595 1750 3670; x_wconf 86' lang='lat' dir='ltr'>operantem.</span> <span class='ocrx_word' id='word_1_395' title='bbox 2058 3579 2059 3608; x_wconf 68' lang='lat'><em>²</em></span> 
     </span>
     <span class='ocr_line' id='line_1_33' title="bbox 409 3683 1945 3768; baseline 0.001 -24"><span class='ocrx_word' id='word_1_396' title='bbox 409 3700 509 3746; x_wconf 78' lang='lat' dir='ltr'>versae</span> <span class='ocrx_word' id='word_1_397' title='bbox 531 3691 605 3745; x_wconf 91' lang='lat' dir='ltr'>sunt</span> <span class='ocrx_word' id='word_1_398' title='bbox 626 3685 846 3748; x_wconf 83' lang='lat' dir='ltr'>exsecutiones</span> <span class='ocrx_word' id='word_1_399' title='bbox 866 3693 898 3748; x_wconf 91' lang='grc' dir='ltr'>θῖ</span> <span class='ocrx_word' id='word_1_400' title='bbox 920 3686 1061 3749; x_wconf 89' lang='lat' dir='ltr'>actiones</span> <span class='ocrx_word' id='word_1_401' title='bbox 1084 3685 1158 3749; x_wconf 87' lang='lat' dir='ltr'>oili·</span> <span class='ocrx_word' id='word_1_402' title='bbox 1253 3685 1394 3749; x_wconf 89' lang='lat' dir='ltr'>Subinde</span> <span class='ocrx_word' id='word_1_403' title='bbox 1413 3693 1643 3750; x_wconf 89' lang='lat' dir='ltr'>enumerantur</span> <span class='ocrx_word' id='word_1_404' title='bbox 1662 3685 1772 3767; x_wconf 77' lang='lat' dir='ltr'>gratiae</span> <span class='ocrx_word' id='word_1_405' title='bbox 1791 3685 1881 3768; x_wconf 78' lang='lat' dir='ltr'>gratis</span> <span class='ocrx_word' id='word_1_406' title='bbox 1897 3683 1945 3746; x_wconf 88' lang='lat' dir='ltr'>da-</span> 
     </span>
     <span class='ocr_line' id='line_1_34' title="bbox 411 3781 1945 3864; baseline 0 -20"><span class='ocrx_word' id='word_1_407' title='bbox 411 3781 534 3846; x_wconf 88' lang='lat' dir='ltr'>ciorum</span> <span class='ocrx_word' id='word_1_408' title='bbox 555 3783 701 3858; x_wconf 91' lang='lat' dir='ltr'>istorum,</span> <span class='ocrx_word' id='word_1_409' title='bbox 717 3793 748 3848; x_wconf 88' lang='lat' dir='ltr'>et</span> <span class='ocrx_word' id='word_1_410' title='bbox 768 3785 851 3848; x_wconf 88' lang='lat' dir='ltr'>inter</span> <span class='ocrx_word' id='word_1_411' title='bbox 871 3785 941 3849; x_wconf 90' lang='lat' dir='ltr'>illas</span> <span class='ocrx_word' id='word_1_412' title='bbox 961 3805 1024 3848; x_wconf 91' lang='lat' dir='ltr'>una</span> <span class='ocrx_word' id='word_1_413' title='bbox 1044 3793 1093 3848; x_wconf 89' lang='lat' dir='ltr'>est</span> <span class='ocrx_word' id='word_1_414' title='bbox 1111 3786 1157 3849; x_wconf 93' lang='lat' dir='ltr'>di·</span> <span class='ocrx_word' id='word_1_415' title='bbox 1214 3793 1261 3848; x_wconf 86' lang='lat' dir='ltr'>tae.</span> <span class='ocrx_word' id='word_1_416' title='bbox 1278 3786 1353 3848; x_wconf 87' lang='lat' dir='ltr'>Atii</span> <span class='ocrx_word' id='word_1_417' title='bbox 1374 3786 1507 3864; x_wconf 84' lang='lat' dir='ltr'>quictem</span> <span class='ocrx_word' id='word_1_418' title='bbox 1530 3787 1634 3846; x_wconf 68' lang='lat' dir='ltr'>duur</span> <span class='ocrx_word' id='word_1_419' title='bbox 1649 3802 1713 3862; x_wconf 87' lang='lat' dir='ltr'>per</span> <span class='ocrx_word' id='word_1_420' title='bbox 1732 3781 1945 3862; x_wconf 70' lang='lat' dir='ltr'>spirituum</span> 
     </span>
     <span class='ocr_line' id='line_1_35' title="bbox 409 3879 2058 3966; baseline 0 -24"><span class='ocrx_word' id='word_1_421' title='bbox 409 3881 586 3962; x_wconf 80' lang='lat' dir='ltr'>gnioralia,</span> <span class='ocrx_word' id='word_1_422' title='bbox 604 3884 879 3966; x_wconf 88' lang='lat' dir='ltr'>secundumquod</span> <span class='ocrx_word' id='word_1_423' title='bbox 896 3904 997 3947; x_wconf 92' lang='lat' dir='ltr'>unum</span> <span class='ocrx_word' id='word_1_424' title='bbox 1012 3883 1157 3948; x_wconf 87' lang='lat' dir='ltr'>cilicium</span> <span class='ocrx_word' id='word_1_425' title='bbox 1215 3891 1263 3946; x_wconf 90' lang='lat' dir='ltr'>est</span> <span class='ocrx_word' id='word_1_426' title='bbox 1283 3901 1301 3945; x_wconf 92' lang='lat' dir='ltr'>a</span> <span class='ocrx_word' id='word_1_427' title='bbox 1323 3882 1444 3965; x_wconf 92' lang='lat' dir='ltr'>Spiritu</span> <span class='ocrx_word' id='word_1_428' title='bbox 1467 3883 1592 3957; x_wconf 88' lang='lat' dir='ltr'>Sancto,</span> <span class='ocrx_word' id='word_1_429' title='bbox 1608 3903 1713 3944; x_wconf 87' lang='lat' dir='ltr'>sermo</span> <span class='ocrx_word' id='word_1_430' title='bbox 1732 3879 1944 3961; x_wconf 66' lang='lat' dir='ltr'>septemium</span> <span class='ocrx_word' id='word_1_431' title='bbox 2057 3891 2058 3922; x_wconf 52' lang='lat' dir='ltr'>t</span> 
     </span>
     <span class='ocr_line' id='line_1_36' title="bbox 410 3979 1944 4064; baseline -0.001 -22"><span class='ocrx_word' id='word_1_432' title='bbox 410 3985 459 4042; x_wconf 91' lang='lat' dir='ltr'>est</span> <span class='ocrx_word' id='word_1_433' title='bbox 472 3979 567 4042; x_wconf 90' lang='lat' dir='ltr'>altius</span> <span class='ocrx_word' id='word_1_434' title='bbox 586 3979 659 4043; x_wconf 88' lang='lat' dir='ltr'>alio.</span> <span class='ocrx_word' id='word_1_435' title='bbox 675 3983 768 4043; x_wconf 83' lang='lat' dir='ltr'>Idem</span> <span class='ocrx_word' id='word_1_436' title='bbox 783 4002 858 4043; x_wconf 86' lang='lat' dir='ltr'>uero</span> <span class='ocrx_word' id='word_1_437' title='bbox 873 3985 961 4045; x_wconf 88' lang='lat' dir='ltr'>Deus</span> <span class='ocrx_word' id='word_1_438' title='bbox 975 3985 1035 4064; x_wconf 85' lang='lat' dir='ltr'>qui</span> <span class='ocrx_word' id='word_1_439' title='bbox 1047 4002 1158 4060; x_wconf 83' lang='lat' dir='ltr'>opera-</span> <span class='ocrx_word' id='word_1_440' title='bbox 1214 3989 1262 4046; x_wconf 92' lang='lat' dir='ltr'>est</span> <span class='ocrx_word' id='word_1_441' title='bbox 1281 3981 1438 4064; x_wconf 89' lang='lat' dir='ltr'>sapientia</span> <span class='ocrx_word' id='word_1_442' title='bbox 1455 3981 1526 4044; x_wconf 91' lang='lat' dir='ltr'>aliis</span> <span class='ocrx_word' id='word_1_443' title='bbox 1545 3980 1792 4056; x_wconf 89' lang='lat' dir='ltr'>sermocinandi,</span> <span class='ocrx_word' id='word_1_444' title='bbox 1813 3979 1944 4046; x_wconf 82' lang='lat' dir='ltr'>videlicet</span> 
     </span>
     <span class='ocr_line' id='line_1_37' title="bbox 411 4078 2057 4162; baseline 0 -24"><span class='ocrx_word' id='word_1_445' title='bbox 411 4087 469 4139; x_wconf 86' lang='lat' dir='ltr'>tur</span> <span class='ocrx_word' id='word_1_446' title='bbox 489 4078 624 4142; x_wconf 90' lang='lat' dir='ltr'>mediate</span> <span class='ocrx_word' id='word_1_447' title='bbox 644 4079 694 4142; x_wconf 89' lang='lat' dir='ltr'>vel</span> <span class='ocrx_word' id='word_1_448' title='bbox 715 4079 897 4144; x_wconf 88' lang='lat' dir='ltr'>immediate</span> <span class='ocrx_word' id='word_1_449' title='bbox 916 4083 1027 4143; x_wconf 79' lang='lat' dir='ltr'>omnio</span> <span class='ocrx_word' id='word_1_450' title='bbox 1042 4084 1079 4143; x_wconf 89' lang='lat' dir='ltr'>iu</span> <span class='ocrx_word' id='word_1_451' title='bbox 1093 4102 1157 4143; x_wconf 87' lang='lat' dir='ltr'>om-</span> <span class='ocrx_word' id='word_1_452' title='bbox 1213 4079 1352 4162; x_wconf 79' lang='lat' dir='ltr'>cognitio</span> <span class='ocrx_word' id='word_1_453' title='bbox 1374 4079 1555 4143; x_wconf 89' lang='lat' dir='ltr'>divinorum</span> <span class='ocrx_word' id='word_1_454' title='bbox 1575 4099 1632 4144; x_wconf 90' lang='lat' dir='ltr'>seu</span> <span class='ocrx_word' id='word_1_455' title='bbox 1652 4079 1766 4144; x_wconf 89' lang='lat' dir='ltr'>notitia</span> <span class='ocrx_word' id='word_1_456' title='bbox 1786 4080 1944 4162; x_wconf 86' lang='lat' dir='ltr'>Scriptura·</span> <span class='ocrx_word' id='word_1_457' title='bbox 2056 4143 2057 4156; x_wconf 43' lang='lat'>,</span> 
     </span>
     <span class='ocr_line' id='line_1_38' title="bbox 410 4175 2057 4262; baseline 0.001 -26"><span class='ocrx_word' id='word_1_458' title='bbox 410 4178 518 4248; x_wconf 84' lang='lat' dir='ltr'>nibus,</span> <span class='ocrx_word' id='word_1_459' title='bbox 534 4178 697 4241; x_wconf 88' lang='lat' dir='ltr'>reddendo</span> <span class='ocrx_word' id='word_1_460' title='bbox 717 4178 842 4260; x_wconf 76' lang='lat' dir='ltr'>singula</span> <span class='ocrx_word' id='word_1_461' title='bbox 861 4179 1007 4262; x_wconf 80' lang='lat' dir='ltr'>singulis,</span> <span class='ocrx_word' id='word_1_462' title='bbox 1023 4180 1083 4244; x_wconf 91' lang='lat' dir='ltr'>boo</span> <span class='ocrx_word' id='word_1_463' title='bbox 1098 4189 1156 4255; x_wconf 91' lang='lat' dir='ltr'>est,</span> <span class='ocrx_word' id='word_1_464' title='bbox 1173 4184 1198 4246; x_wconf 86' lang='lat' dir='ltr'>D</span> <span class='ocrx_word' id='word_1_465' title='bbox 1213 4198 1295 4242; x_wconf 90' lang='lat' dir='ltr'>rum.</span> <span class='ocrx_word' id='word_1_466' title='bbox 1311 4180 1386 4241; x_wconf 87' lang='lat' dir='ltr'>Atii</span> <span class='ocrx_word' id='word_1_467' title='bbox 1399 4188 1509 4240; x_wconf 86' lang='lat' dir='ltr'>autem</span> <span class='ocrx_word' id='word_1_468' title='bbox 1528 4177 1620 4242; x_wconf 89' lang='lat' dir='ltr'>datur</span> <span class='ocrx_word' id='word_1_469' title='bbox 1634 4199 1739 4240; x_wconf 84' lang='lat' dir='ltr'>sermo</span> <span class='ocrx_word' id='word_1_470' title='bbox 1757 4180 1899 4246; x_wconf 81' lang='lat' dir='ltr'>scientie,</span> <span class='ocrx_word' id='word_1_471' title='bbox 1914 4175 1944 4238; x_wconf 93' lang='lat' dir='ltr'>id</span> <span class='ocrx_word' id='word_1_472' title='bbox 2056 4193 2057 4256; x_wconf 68' lang='grc' dir='ltr'><strong>ξ</strong></span> 
     </span>
     <span class='ocr_line' id='line_1_39' title="bbox 412 4274 1942 4360; baseline -0.001 -23"><span class='ocrx_word' id='word_1_473' title='bbox 412 4274 444 4338; x_wconf 94' lang='lat' dir='ltr'>in</span> <span class='ocrx_word' id='word_1_474' title='bbox 461 4292 653 4360; x_wconf 87' lang='lat' dir='ltr'>unoquoque</span> <span class='ocrx_word' id='word_1_475' title='bbox 673 4285 823 4359; x_wconf 89' lang='lat' dir='ltr'>operatur</span> <span class='ocrx_word' id='word_1_476' title='bbox 843 4278 875 4340; x_wconf 95' lang='lat' dir='ltr'>id</span> <span class='ocrx_word' id='word_1_477' title='bbox 895 4278 980 4359; x_wconf 89' lang='lat' dir='ltr'>quod</span> <span class='ocrx_word' id='word_1_478' title='bbox 1000 4277 1039 4339; x_wconf 87' lang='lat' dir='ltr'>lit</span> <span class='ocrx_word' id='word_1_479' title='bbox 1059 4278 1091 4340; x_wconf 92' lang='lat' dir='ltr'>in</span> <span class='ocrx_word' id='word_1_480' title='bbox 1107 4297 1154 4342; x_wconf 90' lang='lat' dir='ltr'>eo.</span> <span class='ocrx_word' id='word_1_481' title='bbox 1212 4285 1261 4341; x_wconf 90' lang='lat' dir='ltr'>est</span> <span class='ocrx_word' id='word_1_482' title='bbox 1275 4277 1410 4340; x_wconf 90' lang='lat' dir='ltr'>scientia</span> <span class='ocrx_word' id='word_1_483' title='bbox 1429 4295 1536 4340; x_wconf 88' lang='lat' dir='ltr'>rerum</span> <span class='ocrx_word' id='word_1_484' title='bbox 1556 4277 1771 4342; x_wconf 88' lang='lat' dir='ltr'>humanarum</span> <span class='ocrx_word' id='word_1_485' title='bbox 1789 4285 1820 4342; x_wconf 89' lang='lat' dir='ltr'>ct</span> <span class='ocrx_word' id='word_1_486' title='bbox 1835 4283 1942 4340; x_wconf 85' lang='lat' dir='ltr'>creatu·</span> 
     </span>
     <span class='ocr_line' id='line_1_40' title="bbox 329 4373 1942 4460; baseline 0.001 -25"><span class='ocrx_word' id='word_1_487' title='bbox 329 4453 331 4458; x_wconf 82' lang='lat'>.</span> <span class='ocrx_word' id='word_1_488' title='bbox 411 4373 499 4446; x_wconf 83' lang='lat' dir='ltr'>Quod</span> <span class='ocrx_word' id='word_1_489' title='bbox 514 4375 601 4438; x_wconf 91' lang='lat' dir='ltr'>enim</span> <span class='ocrx_word' id='word_1_490' title='bbox 617 4384 665 4438; x_wconf 90' lang='grc' dir='ltr'>θεῖ</span> <span class='ocrx_word' id='word_1_491' title='bbox 679 4394 774 4439; x_wconf 88' lang='lat' dir='ltr'>causa</span> <span class='ocrx_word' id='word_1_492' title='bbox 789 4393 901 4450; x_wconf 81' lang='lat' dir='ltr'>causae,</span> <span class='ocrx_word' id='word_1_493' title='bbox 914 4382 961 4438; x_wconf 92' lang='grc' dir='ltr'>θεῖ</span> <span class='ocrx_word' id='word_1_494' title='bbox 976 4393 1071 4438; x_wconf 91' lang='lat' dir='ltr'>causa</span> <span class='ocrx_word' id='word_1_495' title='bbox 1085 4395 1158 4438; x_wconf 90' lang='lat' dir='ltr'>cau·</span> <span class='ocrx_word' id='word_1_496' title='bbox 1212 4395 1319 4439; x_wconf 90' lang='lat' dir='ltr'>rarum</span> <span class='ocrx_word' id='word_1_497' title='bbox 1337 4393 1344 4438; x_wconf 93' lang='lat'><strong>:</strong></span> <span class='ocrx_word' id='word_1_498' title='bbox 1361 4394 1418 4460; x_wconf 90' lang='lat' dir='ltr'>per</span> <span class='ocrx_word' id='word_1_499' title='bbox 1432 4395 1510 4459; x_wconf 89' lang='lat' dir='ltr'>quas</span> <span class='ocrx_word' id='word_1_500' title='bbox 1530 4375 1732 4439; x_wconf 89' lang='lat' dir='ltr'>declarantur</span> <span class='ocrx_word' id='word_1_501' title='bbox 1746 4375 1942 4456; x_wconf 68' lang='lat' dir='ltr'>divinaque</span> 
     </span>
     <span class='ocr_line' id='line_1_41' title="bbox 412 4472 2056 4559; baseline -0.001 -26"><span class='ocrx_word' id='word_1_502' title='bbox 412 4472 471 4534; x_wconf 90' lang='lat' dir='ltr'>sati</span> <span class='ocrx_word' id='word_1_503' title='bbox 490 4489 498 4533; x_wconf 91' lang='lat'>:</span> <span class='ocrx_word' id='word_1_504' title='bbox 515 4473 579 4536; x_wconf 91' lang='lat' dir='ltr'>imo</span> <span class='ocrx_word' id='word_1_505' title='bbox 600 4472 736 4537; x_wconf 80' lang='lat' dir='ltr'>effectus</span> <span class='ocrx_word' id='word_1_506' title='bbox 758 4491 862 4536; x_wconf 77' lang='lat' dir='ltr'>causa</span> <span class='ocrx_word' id='word_1_507' title='bbox 883 4474 1040 4550; x_wconf 83' lang='lat' dir='ltr'>secundae,</span> <span class='ocrx_word' id='word_1_508' title='bbox 1057 4474 1157 4556; x_wconf 78' lang='lat' dir='ltr'>magis</span> <span class='ocrx_word' id='word_1_509' title='bbox 1213 4475 1297 4538; x_wconf 90' lang='lat' dir='ltr'>uiam</span> <span class='ocrx_word' id='word_1_510' title='bbox 1313 4473 1488 4538; x_wconf 89' lang='lat' dir='ltr'>invisibilia</span> <span class='ocrx_word' id='word_1_511' title='bbox 1501 4473 1558 4537; x_wconf 89' lang='lat' dir='ltr'>Dei</span> <span class='ocrx_word' id='word_1_512' title='bbox 1573 4493 1630 4558; x_wconf 89' lang='lat' dir='ltr'>per</span> <span class='ocrx_word' id='word_1_513' title='bbox 1645 4493 1683 4538; x_wconf 91' lang='lat' dir='ltr'>ea</span> <span class='ocrx_word' id='word_1_514' title='bbox 1696 4495 1766 4559; x_wconf 80' lang='lat' dir='ltr'>quaa</span> <span class='ocrx_word' id='word_1_515' title='bbox 1784 4475 1859 4538; x_wconf 86' lang='lat' dir='ltr'>lacta</span> <span class='ocrx_word' id='word_1_516' title='bbox 1873 4475 2056 4540; x_wconf 64' lang='lat' dir='ltr'>summai</span> 
     </span>
     <span class='ocr_line' id='line_1_42' title="bbox 411 4568 1940 4655; baseline -0.001 -23"><span class='ocrx_word' id='word_1_517' title='bbox 411 4569 641 4634; x_wconf 88' lang='lat' dir='ltr'>adscribendus</span> <span class='ocrx_word' id='word_1_518' title='bbox 656 4579 703 4636; x_wconf 92' lang='lat' dir='ltr'>est</span> <span class='ocrx_word' id='word_1_519' title='bbox 722 4590 825 4635; x_wconf 82' lang='lat' dir='ltr'>causae</span> <span class='ocrx_word' id='word_1_520' title='bbox 842 4571 955 4653; x_wconf 83' lang='lat' dir='ltr'>primae</span> <span class='ocrx_word' id='word_1_521' title='bbox 969 4591 1066 4654; x_wconf 87' lang='lat' dir='ltr'>quam</span> <span class='ocrx_word' id='word_1_522' title='bbox 1085 4591 1157 4636; x_wconf 87' lang='lat' dir='ltr'>cau-</span> <span class='ocrx_word' id='word_1_523' title='bbox 1212 4580 1456 4655; x_wconf 78' lang='lat' dir='ltr'>cognoscuntur.</span> <span class='ocrx_word' id='word_1_524' title='bbox 1482 4573 1581 4648; x_wconf 90' lang='lat' dir='ltr'>Unde,</span> <span class='ocrx_word' id='word_1_525' title='bbox 1606 4573 1784 4636; x_wconf 89' lang='lat' dir='ltr'>secundum</span> <span class='ocrx_word' id='word_1_526' title='bbox 1810 4568 1940 4653; x_wconf 72' lang='lat' dir='ltr'>Augusti·</span> 
     </span>
     <span class='ocr_line' id='line_1_43' title="bbox 413 4669 1936 4755; baseline -0.001 -25"><span class='ocrx_word' id='word_1_527' title='bbox 413 4687 455 4732; x_wconf 80' lang='lat' dir='ltr'>saa</span> <span class='ocrx_word' id='word_1_528' title='bbox 476 4669 634 4744; x_wconf 78' lang='lat' dir='ltr'>secunde,</span> <span class='ocrx_word' id='word_1_529' title='bbox 650 4670 732 4732; x_wconf 92' lang='lat' dir='ltr'>sicut</span> <span class='ocrx_word' id='word_1_530' title='bbox 756 4669 789 4734; x_wconf 92' lang='lat' dir='ltr'>in</span> <span class='ocrx_word' id='word_1_531' title='bbox 813 4671 916 4753; x_wconf 89' lang='lat' dir='ltr'>prima</span> <span class='ocrx_word' id='word_1_532' title='bbox 941 4670 1157 4754; x_wconf 87' lang='lat' dir='ltr'>propositione</span> <span class='ocrx_word' id='word_1_533' title='bbox 1212 4692 1301 4748; x_wconf 92' lang='lat' dir='ltr'>num,</span> <span class='ocrx_word' id='word_1_534' title='bbox 1332 4671 1477 4752; x_wconf 77' lang='lat' dir='ltr'>Cognitio</span> <span class='ocrx_word' id='word_1_535' title='bbox 1503 4671 1735 4755; x_wconf 88' lang='lat' dir='ltr'>proprietatum</span> <span class='ocrx_word' id='word_1_536' title='bbox 1764 4669 1936 4736; x_wconf 88' lang='lat' dir='ltr'>naturalium</span> 
     </span>
     <span class='ocr_line' id='line_1_44' title="bbox 413 4764 2055 4854; baseline 0.002 -27"><span class='ocrx_word' id='word_1_537' title='bbox 413 4764 487 4828; x_wconf 90' lang='lat' dir='ltr'>libri</span> <span class='ocrx_word' id='word_1_538' title='bbox 517 4766 556 4828; x_wconf 92' lang='lat' dir='ltr'>de</span> <span class='ocrx_word' id='word_1_539' title='bbox 583 4765 691 4830; x_wconf 85' lang='lat' dir='ltr'>Causis</span> <span class='ocrx_word' id='word_1_540' title='bbox 718 4776 815 4852; x_wconf 90' lang='lat' dir='ltr'>atque</span> <span class='ocrx_word' id='word_1_541' title='bbox 844 4769 877 4831; x_wconf 93' lang='lat' dir='ltr'>in</span> <span class='ocrx_word' id='word_1_542' title='bbox 906 4769 1156 4834; x_wconf 86' lang='lat' dir='ltr'>Elementatione</span> <span class='ocrx_word' id='word_1_543' title='bbox 1211 4789 1319 4834; x_wconf 89' lang='lat' dir='ltr'>rerum</span> <span class='ocrx_word' id='word_1_544' title='bbox 1339 4777 1458 4834; x_wconf 89' lang='lat' dir='ltr'>reserat</span> <span class='ocrx_word' id='word_1_545' title='bbox 1475 4769 1583 4834; x_wconf 87' lang='lat' dir='ltr'>abdita</span> <span class='ocrx_word' id='word_1_546' title='bbox 1600 4768 1938 4854; x_wconf 78' lang='lat' dir='ltr'>scripturarumNcm-</span> <span class='ocrx_word' id='word_1_547' title='bbox 2054 4799 2055 4806; x_wconf 59' lang='lat'>.</span> 
     </span>
     <span class='ocr_line' id='line_1_45' title="bbox 413 4864 1938 4954; baseline 0.001 -28"><span class='ocrx_word' id='word_1_548' title='bbox 413 4864 590 4946; x_wconf 79' lang='lat' dir='ltr'>theologica</span> <span class='ocrx_word' id='word_1_549' title='bbox 610 4865 710 4929; x_wconf 86' lang='lat' dir='ltr'>Procli</span> <span class='ocrx_word' id='word_1_550' title='bbox 733 4867 885 4932; x_wconf 90' lang='lat' dir='ltr'>Platonici</span> <span class='ocrx_word' id='word_1_551' title='bbox 910 4870 1154 4932; x_wconf 89' lang='lat' dir='ltr'>demonstratur.</span> <span class='ocrx_word' id='word_1_552' title='bbox 1212 4889 1252 4953; x_wconf 92' lang='lat' dir='ltr'>pe</span> <span class='ocrx_word' id='word_1_553' title='bbox 1273 4869 1313 4933; x_wconf 89' lang='lat' dir='ltr'>ad</span> <span class='ocrx_word' id='word_1_554' title='bbox 1333 4868 1575 4950; x_wconf 80' lang='lat' dir='ltr'>intelligendum</span> <span class='ocrx_word' id='word_1_555' title='bbox 1596 4870 1734 4954; x_wconf 90' lang='lat' dir='ltr'>qualiter</span> <span class='ocrx_word' id='word_1_556' title='bbox 1752 4871 1878 4936; x_wconf 83' lang='lat' dir='ltr'>Christus</span> <span class='ocrx_word' id='word_1_557' title='bbox 1898 4866 1938 4928; x_wconf 92' lang='lat' dir='ltr'>sit</span> 
     </span>
     <span class='ocr_line' id='line_1_46' title="bbox 278 4963 1937 5054; baseline 0.003 -32"><span class='ocrx_word' id='word_1_558' title='bbox 278 4977 361 5026; x_wconf 74' lang='lat' dir='ltr'>runo.</span> <span class='ocrx_word' id='word_1_559' title='bbox 375 4991 397 5030; x_wconf 71' lang='lat' dir='ltr'>v.</span> <span class='ocrx_word' id='word_1_560' title='bbox 413 4963 500 5026; x_wconf 89' lang='lat' dir='ltr'>Unde</span> <span class='ocrx_word' id='word_1_561' title='bbox 524 4970 556 5026; x_wconf 92' lang='lat' dir='ltr'>et</span> <span class='ocrx_word' id='word_1_562' title='bbox 577 4963 719 5028; x_wconf 86' lang='lat' dir='ltr'>Christus</span> <span class='ocrx_word' id='word_1_563' title='bbox 743 4965 787 5027; x_wconf 90' lang='lat' dir='ltr'>ait</span> <span class='ocrx_word' id='word_1_564' title='bbox 804 4983 811 5028; x_wconf 92' lang='lat'>:</span> <span class='ocrx_word' id='word_1_565' title='bbox 827 4966 917 5030; x_wconf 89' lang='lat' dir='ltr'>Pater</span> <span class='ocrx_word' id='word_1_566' title='bbox 940 4987 1030 5031; x_wconf 89' lang='lat' dir='ltr'>meus</span> <span class='ocrx_word' id='word_1_567' title='bbox 1055 4987 1157 5052; x_wconf 89' lang='lat' dir='ltr'>usque</span> <span class='ocrx_word' id='word_1_568' title='bbox 1212 4969 1272 5046; x_wconf 89' lang='lat' dir='ltr'>leo,</span> <span class='ocrx_word' id='word_1_569' title='bbox 1295 4987 1406 5050; x_wconf 79' lang='lat' dir='ltr'>agnus,</span> <span class='ocrx_word' id='word_1_570' title='bbox 1430 4967 1511 5052; x_wconf 88' lang='lat' dir='ltr'>lapis</span> <span class='ocrx_word' id='word_1_571' title='bbox 1535 4977 1567 5032; x_wconf 91' lang='grc' dir='ltr'>θῖ</span> <span class='ocrx_word' id='word_1_572' title='bbox 1591 4969 1677 5046; x_wconf 90' lang='lat' dir='ltr'>vitis,</span> <span class='ocrx_word' id='word_1_573' title='bbox 1703 4977 1822 5054; x_wconf 87' lang='lat' dir='ltr'>oportet</span> <span class='ocrx_word' id='word_1_574' title='bbox 1840 4983 1937 5030; x_wconf 84' lang='lat' dir='ltr'>rerum</span> 
     </span>
     <span class='ocr_line' id='line_1_47' title="bbox 267 5043 1937 5152; baseline -0.001 -26"><span class='ocrx_word' id='word_1_575' title='bbox 267 5043 299 5086; x_wconf 84' lang='lat'>¹⁷·</span> <span class='ocrx_word' id='word_1_576' title='bbox 412 5062 507 5127; x_wconf 90' lang='lat' dir='ltr'>modo</span> <span class='ocrx_word' id='word_1_577' title='bbox 521 5070 678 5146; x_wconf 88' lang='lat' dir='ltr'>operatur.</span> <span class='ocrx_word' id='word_1_578' title='bbox 695 5063 763 5127; x_wconf 90' lang='lat' dir='ltr'>Non</span> <span class='ocrx_word' id='word_1_579' title='bbox 782 5072 888 5129; x_wconf 87' lang='lat' dir='ltr'>autem</span> <span class='ocrx_word' id='word_1_580' title='bbox 908 5075 1055 5150; x_wconf 89' lang='lat' dir='ltr'>operatur</span> <span class='ocrx_word' id='word_1_581' title='bbox 1074 5069 1157 5132; x_wconf 86' lang='lat' dir='ltr'>Deus</span> <span class='ocrx_word' id='word_1_582' title='bbox 1211 5069 1339 5132; x_wconf 88' lang='lat' dir='ltr'>illarum</span> <span class='ocrx_word' id='word_1_583' title='bbox 1368 5067 1577 5151; x_wconf 87' lang='lat' dir='ltr'>pmprietates</span> <span class='ocrx_word' id='word_1_584' title='bbox 1605 5085 1803 5152; x_wconf 74' lang='lat' dir='ltr'>cognoscere.</span> <span class='ocrx_word' id='word_1_585' title='bbox 1828 5069 1937 5130; x_wconf 80' lang='lat' dir='ltr'>Secun-</span> 
     </span>
     <span class='ocr_line' id='line_1_48' title="bbox 410 5162 1936 5248; baseline -0.001 -20"><span class='ocrx_word' id='word_1_586' title='bbox 410 5163 519 5228; x_wconf 91' lang='lat' dir='ltr'>omnia</span> <span class='ocrx_word' id='word_1_587' title='bbox 538 5163 571 5226; x_wconf 92' lang='lat' dir='ltr'>in</span> <span class='ocrx_word' id='word_1_588' title='bbox 590 5162 740 5228; x_wconf 89' lang='lat' dir='ltr'>omnibus</span> <span class='ocrx_word' id='word_1_589' title='bbox 760 5171 910 5248; x_wconf 88' lang='lat' dir='ltr'>tanquam</span> <span class='ocrx_word' id='word_1_590' title='bbox 932 5167 974 5229; x_wconf 93' lang='lat' dir='ltr'>sit</span> <span class='ocrx_word' id='word_1_591' title='bbox 987 5165 1090 5230; x_wconf 83' lang='lat' dir='ltr'>forma</span> <span class='ocrx_word' id='word_1_592' title='bbox 1110 5167 1157 5230; x_wconf 93' lang='lat' dir='ltr'>in·</span> <span class='ocrx_word' id='word_1_593' title='bbox 1211 5171 1291 5231; x_wconf 84' lang='lat' dir='ltr'>dum</span> <span class='ocrx_word' id='word_1_594' title='bbox 1305 5170 1452 5230; x_wconf 85' lang='lat' dir='ltr'>eumdem</span> <span class='ocrx_word' id='word_1_595' title='bbox 1465 5169 1645 5246; x_wconf 83' lang='lat' dir='ltr'>Spiritum,</span> <span class='ocrx_word' id='word_1_596' title='bbox 1661 5168 1695 5232; x_wconf 91' lang='lat' dir='ltr'>id</span> <span class='ocrx_word' id='word_1_597' title='bbox 1713 5177 1760 5233; x_wconf 89' lang='grc' dir='ltr'>θεῖ</span> <span class='ocrx_word' id='word_1_598' title='bbox 1776 5165 1936 5233; x_wconf 79' lang='lat' dir='ltr'>smundum</span> 
     </span>
    </p>
   </div>
   <div class='ocr_carea' id='block_1_3' title="bbox 411 5263 1937 5357">
    <p class='ocr_par' dir='ltr' id='par_1_3' title="bbox 411 5263 1937 5357">
     <span class='ocr_line' id='line_1_49' title="bbox 411 5263 1937 5357; baseline 0.001 -29"><span class='ocrx_word' id='word_1_599' title='bbox 411 5263 553 5328; x_wconf 87' lang='lat' dir='ltr'>iormans</span> <span class='ocrx_word' id='word_1_600' title='bbox 572 5271 605 5328; x_wconf 89' lang='lat' dir='ltr'>et</span> <span class='ocrx_word' id='word_1_601' title='bbox 622 5282 691 5328; x_wconf 91' lang='grc' dir='ltr'><strong>θεεθ</strong></span> <span class='ocrx_word' id='word_1_602' title='bbox 714 5263 924 5328; x_wconf 87' lang='lat' dir='ltr'>intrinsecum</span> <span class='ocrx_word' id='word_1_603' title='bbox 945 5265 1091 5329; x_wconf 91' lang='lat' dir='ltr'>omnium</span> <span class='ocrx_word' id='word_1_604' title='bbox 1112 5285 1158 5330; x_wconf 90' lang='lat' dir='ltr'>re·</span> <span class='ocrx_word' id='word_1_605' title='bbox 1211 5268 1449 5353; x_wconf 91' lang='lat' dir='ltr'>beneplacitum</span> <span class='ocrx_word' id='word_1_606' title='bbox 1465 5275 1497 5332; x_wconf 90' lang='grc' dir='ltr'>θῖ</span> <span class='ocrx_word' id='word_1_607' title='bbox 1515 5268 1678 5336; x_wconf 81' lang='lat' dir='ltr'>influxum</span> <span class='ocrx_word' id='word_1_608' title='bbox 1696 5271 1829 5357; x_wconf 81' lang='lat' dir='ltr'>ejusdem</span> <span class='ocrx_word' id='word_1_609' title='bbox 1843 5265 1937 5351; x_wconf 86' lang='lat' dir='ltr'>Spiri-</span> 
     </span>
    </p>
   </div>
   <div class='ocr_carea' id='block_1_4' title="bbox 0 0 2075 6258">
    <p class='ocr_par' dir='ltr' id='par_1_4' title="bbox 0 0 2075 6258">
     <span class='ocr_line' id='line_1_50' title="bbox 0 0 2075 6258; baseline 0 0"><span class='ocrx_word' id='word_1_610' title='bbox 0 0 2075 6258; x_wconf 95' lang='lat' dir='ltr'> </span> 
     </span>
    </p>
   </div>
  </div>
 </body>
</html>
