4192 6258
437 516 497 581 510
765 531 913 580 neutrum
933 530 1008 578 xvm
1029 529 1102 576 rosr
1121 525 1315 574 rnrurmrnn.
1334 544 1375 554 —
1396 527 1494 574 sunno
1514 525 1668 574 secuaoos

438 703 571 768 omnino
585 702 779 766 transferens
794 721 831 765 ae
846 699 1138 774 transformans,ita
1152 705 1188 759 ut
1201 699 1228 764 Α
1242 696 1396 760 ferventis
1415 695 1551 760 effeetus
1570 696 1720 779 supplere
1737 703 1834 778 atque
1850 711 1966 778 erpone

438 803 492 866 vix
513 802 599 865 aliud
614 821 711 885 quam
732 801 764 863 id
781 801 865 883 quod
881 808 945 862 tam
965 797 1187 862 ardentissime
1242 813 1287 868 re,
1305 802 1340 857 ut
1359 813 1459 876 quum
1479 795 1597 857 dicitur
1613 810 1620 855 :
1638 793 1702 874 Ego
1722 793 1840 856 dilecto
1856 811 1930 866 meo,
1942 793 1967 854 id
1985 813 2059 856 aare

438 901 556 982 diligit,
578 900 702 965 scilieet
722 901 835 974 Deum,
853 899 957 962 valeat
977 898 1124 979 cogitare.
1243 899 1300 966 est,
1313 892 1435 956 eoelesti
1451 892 1573 975 Sponso
1588 890 1668 954 milri
1682 909 1780 974 super
1793 889 1898 954 omnia
1910 878 1999 953 caro'⁰·

479 1001 584 1074 Porro,
601 1005 637 1061 ut
652 999 753 1082 possit
768 998 863 1061 bomo
883 1014 1054 1079 agnoscere
1075 994 1187 1077 proba·
1243 990 1317 1054 totis
1340 990 1523 1072 praeeordiis
1543 1008 1614 1051 sum
1635 991 1767 1064 intenta,
1784 989 1833 1053 illi
1853 1006 1932 1060 vace,
1945 991 1968 1052 ei

439 1097 546 1161 biliori
562 1098 736 1179 modoque
752 1095 871 1158 idfieri
891 1101 1004 1177 potest,
1021 1113 1060 1156 an
1080 1110 1188 1156 amore
1243 1088 1442 1172 complaceo;
1463 1095 1495 1150 et
1515 1088 1555 1150 ad
1577 1106 1628 1150 me
1647 1088 1814 1150 conversio
1833 1087 1908 1168 ejus,
1922 1088 1969 1151 hoc

438 1195 599 1279 spirituali
624 1195 776 1258 ecstatico
801 1194 911 1274 diligat
935 1193 1047 1265 Deum,
1071 1189 1188 1282 descpi-
1244 1195 1302 1261 est,
1326 1187 1394 1269 ipse
1420 1186 1499 1248 mibi
1524 1185 1629 1250 vicem
1654 1185 1812 1268 rependit,
1834 1185 1969 1267 gratiosus

438 1294 551 1357 benda
575 1293 641 1374 jam
671 1300 746 1356 sunt
770 1292 980 1374 proprietates
1008 1288 1125 1352 amoris
1150 1289 1188 1350 is·
1244 1292 1276 1347 et
1291 1283 1393 1346 dulcis
1412 1291 1461 1347 est
1480 1283 1572 1358 mibi,
1590 1285 1755 1346 caritatem
1775 1302 1865 1347 suam
1883 1291 1969 1346 osten-

440 1393 513 1454 tius.
546 1392 584 1454 Et
613 1391 688 1473 quia
717 1390 897 1472 spiritualia
926 1408 983 1471 per
1012 1386 1190 1470 corporalia
1244 1383 1289 1444 dit
1311 1383 1350 1444 ad
1370 1400 1431 1444 me.
1449 1383 1568 1464 ltaque,
1586 1382 1613 1443 si
1634 1382 1707 1464 quis
1727 1382 1810 1444 scire
1833 1382 1969 1443 desiderat

440 1509 631 1571 cognoscere
653 1488 857 1552 connaturale
877 1495 925 1550 est
944 1486 1078 1560 bomini,
1096 1485 1189 1546 idcir·
1244 1500 1283 1544 an
1300 1480 1498 1562 spiritualem
1514 1498 1655 1543 amorem
1671 1480 1858 1542 ecstaticum
1875 1479 1969 1542 babeat

440 1607 478 1654 eo
497 1589 706 1673 proprietates
726 1588 843 1650 amoris
865 1586 1073 1670 spiritualiter
1092 1592 1190 1647 ecsta-
1244 1581 1283 1642 ad
1308 1579 1408 1641 Deum
1434 1596 1587 1662 sponsum
1615 1577 1791 1654 eoelestem,
1816 1579 1969 1660 perpendat

440 1687 495 1750 tici
511 1687 712 1750 notificanda
727 1692 799 1748 sunt
814 1704 871 1769 per
886 1683 1094 1767 proprietates
1109 1699 1189 1745 amo·
1245 1677 1394 1760 qualibus
1414 1677 1617 1740 sermonibus
1640 1677 1823 1759 alloquatur
1845 1676 1927 1738 illum
1944 1677 1969 1738 in

440 1787 483 1849 ris
499 1785 633 1848 earnalis
653 1785 806 1858 aestatim,
826 1784 880 1866 qui
902 1783 997 1846 etiam
1017 1800 1106 1844 amor
1121 1783 1189 1865 ἔρως
1245 1795 1303 1840 suo
1322 1783 1455 1850 secreto,
1477 1775 1509 1838 in
1534 1775 1688 1838 ferventis
1710 1775 1888 1838 dilectionis
1908 1775 1969 1837 allo

438 1882 723 1966 appellatur,quasi
739 1881 972 1964 pradominans
987 1880 1188 1943 rationiNam
1205 1883 1229 1945 B
1244 1877 1331 1959 quio,
1349 1876 1382 1936 in
1404 1874 1508 1937 cordis
1526 1874 1575 1936 sui
1595 1873 1756 1937 effusione
1776 1893 1880 1938 coram
1897 1874 1952 1936 illo.

439 1990 472 2046 et
486 2000 576 2046 amor
591 1980 727 2044 carnalis
743 1981 820 2042 dum
836 1987 901 2042 tam
918 1979 1062 2041 intensus
1078 1997 1114 2041 ae
1130 1977 1189 2041 fer·
1284 1974 1465 2038 Secundum
1490 1973 1617 2053 signum
1640 1973 1777 2035 carnalis
1801 1973 1912 2037 amoris
1929 1992 1969 2035 ec·

440 2099 518 2144 vens
543 2079 697 2155 allicitur,
719 2079 804 2161 quod
829 2078 967 2142 totaliter
990 2085 1118 2161 superat
1142 2096 1190 2139 ra·
1244 2073 1358 2147 malici,
1376 2071 1547 2135 desiccatio
1571 2079 1620 2134 est
1643 2073 1970 2154 membrorumque

439 2181 568 2254 tionem,
579 2177 810 2260 carnaliterque
825 2183 985 2240 amantem
1001 2175 1032 2238 in
1047 2183 1189 2238 amatum
1244 2173 1330 2235 niam
1345 2172 1450 2234 taliter
1465 2171 1602 2234 amorosi
1618 2170 1760 2234 arefiunt
1775 2172 1808 2234 in
1825 2171 1968 2244 membris,

440 2279 483 2341 ita
503 2277 683 2360 transponit
702 2283 797 2358 atque
819 2274 1035 2348 transformat,
1053 2281 1088 2336 ut
1101 2273 1188 2337 aliud
1244 2270 1319 2352 quia
1333 2288 1371 2332 ex
1386 2268 1569 2332 vehementi
1585 2269 1689 2332 cordis
1704 2269 1913 2353 applicatione
1925 2271 1971 2332 cir

439 2395 536 2459 quam
559 2376 665 2458 ipsum
681 2374 735 2436 vix
755 2374 893 2455 cogitare
913 2379 1020 2455 queat,
1036 2390 1126 2436 amor
1140 2391 1189 2434 ec·
1244 2387 1280 2432 ca
1295 2387 1363 2431 rem
1377 2367 1797 2451 dilectam,multiplicantur
1811 2369 1971 2452 spiritus,er

439 2475 571 2538 staticus
587 2479 791 2555 nuncupatur
805 2471 845 2534 ab
860 2472 1076 2554 ecstasi,quod
1090 2479 1189 2534 extra·
1243 2485 1308 2550 quo
1331 2467 1516 2530 interiorem
1539 2466 1787 2530 desiccationem
1815 2468 1969 2550 patiuntur.

439 2573 556 2657 positio
578 2573 813 2654 interpretatur.
1244 2567 1295 2631 Sic
1320 2586 1360 2629 ex
1384 2566 1543 2649 spirituali
1567 2584 1676 2629 amore
1700 2568 1862 2642 ecstatice,
1881 2568 1971 2630 anima

480 2674 589 2755 ltaque
605 2671 709 2754 prima
723 2671 903 2753 proprietas
920 2669 1037 2732 amoris
1053 2669 1188 2733 carnalis
1243 2666 1421 2729 desiccatur
1435 2665 1476 2727 ab
1493 2664 1581 2728 omni
1596 2665 1734 2728 earnalis
1749 2666 1915 2748 voluptatis
1927 2667 1972 2728 bu·

439 2771 581 2834 ecstatici
605 2776 663 2844 est,
690 2770 774 2852 quod
798 2769 904 2831 taliter
926 2768 1063 2831 amorosi
1088 2769 1189 2831 multa
1244 2784 1343 2840 more,
1354 2763 1394 2828 ab
1409 2763 1497 2828 omni
1513 2763 1685 2827 libidinoso
1699 2763 1833 2839 affectu,
1849 2765 1889 2828 ita
1902 2766 1971 2848 quod

439 2871 478 2933 de
494 2889 528 2932 se
543 2869 682 2932 invicem
697 2867 1078 2950 concipiunt‚praesertim
1093 2886 1190 2948 quan·
1243 2864 1347 2928 earnis
1370 2862 1630 2944 eoncupiscentia
1650 2863 1783 2927 tollitur.
1802 2865 1891 2928 Nune
1910 2883 1972 2946 ergo

440 2970 480 3032 do
504 2968 543 3031 ab
570 2967 709 3031 invicem
739 2974 813 3029 sunt
836 2966 983 3028 absentes
991 2983 999 3045 ;
1026 2966 1080 3028 sed
1110 2966 1186 3028 dum
1243 2962 1404 3047 perpende
1419 2980 1458 3024 an
1474 2963 1648 3026 carnalium
1663 2964 1892 3027 desideriorum
1906 2982 1972 3028 mor·

439 3074 612 3150 presentes
632 3074 716 3140 sunt,
734 3084 836 3148 pauca
855 3064 1040 3148 loquuntur,
1057 3084 1093 3127 ac
1113 3083 1187 3128 suos
1203 3065 1224 3130 C
1243 3061 1452 3124 tificationem
1469 3060 1527 3123 tibi
1544 3061 1648 3124 inesse
1663 3063 1773 3125 sentis.
1789 3063 1907 3146 Nempe
1919 3080 1971 3144 qno

439 3174 612 3249 conceptus
633 3165 818 3248 exprimunt
839 3162 1035 3245 imperfecte.
1053 3162 1188 3225 Defecti-
1242 3161 1338 3224 bomo
1368 3161 1469 3223 Deum
1499 3160 1531 3222 in
1561 3159 1666 3223 cordis
1695 3161 1746 3223 sui
1774 3161 1908 3226 thalamo
1931 3181 1971 3224 ar·

438 3285 486 3330 va
511 3283 650 3346 namque
680 3264 855 3326 locutiones
885 3262 1021 3345 propriae
1046 3269 1119 3325 sunt
1144 3263 1188 3325 ita
1242 3260 1369 3323 dentius
1388 3258 1652 3341 frequentiusque
1668 3261 1972 3342 amplectitur,coab

438 3364 625 3438 amantium,
647 3362 785 3425 maxime
809 3361 937 3443 quando
961 3361 999 3422 de
1024 3380 1057 3423 re
1082 3369 1187 3424 amata
1242 3359 1331 3423 omni
1347 3357 1466 3421 carnali
1485 3365 1581 3440 atque
1602 3359 1763 3422 mundano
1781 3359 1896 3424 affectu
1913 3360 1972 3443 plus

437 3463 490 3526 vel
510 3481 585 3525 cum
606 3480 641 3524 re
663 3469 768 3524 amata
790 3461 973 3543 loquuntur.
997 3459 1095 3540 Cujus
1116 3462 1187 3524 dua
1243 3457 1385 3532 moritur,
1402 3457 1446 3518 ita
1460 3457 1545 3539 quod
1564 3475 1669 3538 neque
1686 3456 1720 3519 in
1735 3457 1819 3534 cibo,
1835 3467 1916 3541 potu,
1930 3477 1972 3520 ve

438 3569 513 3624 suut
538 3579 650 3623 causae.
680 3559 795 3632 Prima,
821 3557 972 3641 quoniam
1000 3559 1187 3638 magnitudo
1243 3557 1330 3632 stitu,
1346 3572 1468 3630 somno,
1484 3573 1589 3637 neque
1605 3555 1809 3638 ineliquare
1825 3556 1973 3640 temporali

439 3659 620 3722 affectionis
644 3658 742 3720 verba
769 3656 933 3738 abrumpit
958 3663 989 3718 et
1014 3657 1184 3720 intercidit.
1243 3655 1421 3718 inordinate
1440 3651 1625 3727 delectatur,
1641 3671 1701 3716 nec
1720 3654 1806 3716 aliud
1826 3655 1932 3738 querit
1947 3655 1972 3716 in

440 3758 528 3821 Unde
548 3764 579 3820 et
594 3756 737 3820 Christus
756 3775 857 3838 quum
878 3754 1127 3818 destructionem
1141 3757 1188 3818 Je-
1243 3753 1308 3815 illis
1336 3751 1398 3814 nisi
1423 3750 1644 3814 necessitatem
1673 3759 1794 3816 nature
1819 3761 1852 3816 et
1875 3752 1972 3816 utilita-

442 3854 581 3918 rusalem
602 3854 791 3937 deploraret,
809 3853 966 3916 defectiva
985 3872 1061 3915 usus
1081 3861 1128 3916 est
1143 3855 1187 3918 lo·
1242 3859 1308 3914 tem
1331 3850 1457 3924 anima,
1473 3868 1531 3933 per
1553 3857 1735 3931 respectum
1755 3851 1795 3913 ad
1813 3851 1971 3934 spiritualia

295 3969 428 4020 manau.
443 3954 581 4026 cutione,
598 3953 733 4016 dicendo
755 3972 762 4016 ε
783 3953 862 4025 Quia
883 3951 910 4013 si
933 3952 1135 4033 cognovisses
1157 3959 1189 4016 et
1243 3949 1327 4012 bona
1347 3967 1384 4010 ae
1403 3967 1512 4012 veram
1533 3948 1679 4011 salutem.

442 4060 497 4132 tu;
522 4059 554 4115 et
577 4051 708 4134 quidem
739 4050 770 4112 in
800 4050 859 4112 hac
888 4049 941 4112 die
963 4057 1028 4122 tua,
1054 4069 1126 4132 qua
1149 4051 1188 4113 ad
1283 4047 1424 4111 Tertium
1441 4047 1569 4127 signum
1584 4046 1720 4109 carnalis
1734 4049 1851 4112 amoris
1865 4047 1971 4112 ecstati-

442 4169 554 4234 paeem
577 4149 635 4212 tibi
646 4167 654 4230 ;
676 4167 761 4211 nunc
781 4156 888 4211 autem
908 4147 1093 4210 abscondita
1114 4156 1189 4212 sunt
1244 4148 1283 4222 ci,
1299 4155 1347 4210 est
1360 4145 1540 4210 concavitas
1555 4144 1733 4208 oculorum.
1752 4146 1971 4211 Consueverunt

441 4250 482 4314 ab
506 4251 608 4314 oculis
633 4249 706 4311 tuis.
731 4247 876 4310 Secunda
906 4265 1001 4309 causa
1029 4254 1087 4322 est,
1113 4248 1228 4329 quial)
1244 4247 1330 4309 euim
1356 4245 1460 4307 taliter
1483 4243 1620 4308 amorosi
1644 4245 1755 4308 oeulos
1778 4245 1892 4309 habere
1911 4264 1971 4308 oon·

441 4348 576 4413 affectus
604 4347 699 4411 unius
729 4347 772 4408 ita
801 4343 952 4407 transfert
980 4352 1013 4407 et
1040 4345 1189 4409 absorbet
1244 4363 1338 4410 cavos
1362 4363 1419 4407 seu
1447 4341 1634 4425 profundos,
1660 4344 1811 4425 quoniam
1834 4345 1915 4409 oculi
1934 4363 1971 4407 se

441 4468 516 4512 eum
546 4448 579 4509 in
608 4447 720 4521 alium,
746 4444 832 4527 quod
861 4443 955 4526 plura
979 4444 1075 4506 simul
1100 4444 1189 4527 loqui
1244 4451 1387 4529 quuntur
1415 4441 1547 4523 spiritus
1571 4459 1642 4504 sese
1671 4442 1866 4507 retrahentes
1891 4452 1970 4524 atque

442 4564 506 4609 non
530 4552 629 4608 vacat.
655 4544 720 4607 Hoc
744 4543 852 4625 itaque
882 4542 976 4606 modo
1005 4542 1186 4618 locutionis,
1244 4546 1283 4608 ad
1308 4544 1414 4607 locum
1437 4539 1634 4604 aestimativae
1654 4551 1886 4606 concurrentes.
1905 4543 1969 4606 (lon-

443 4645 565 4727 Sponsa
583 4642 765 4724 purissima,
782 4641 842 4703 boe
865 4650 913 4703 est
930 4641 1037 4704 anima
1061 4641 1188 4724 spiritu·
1244 4643 1400 4714 formiter,
1418 4638 1584 4702 interiores
1603 4639 1689 4702 oculi
1708 4640 1821 4704 animae
1840 4641 1969 4723 spiritua·

443 4744 535 4805 aliter
556 4758 710 4814 amorosa,
732 4740 832 4801 utitur
855 4738 1039 4822 frequenter
1061 4740 1093 4801 in
1112 4740 1189 4803 Can·
1244 4742 1317 4804 liter
1340 4755 1492 4802 amorosa
1517 4739 1678 4814 ecstatice,
1698 4739 1925 4821 profundantur
1943 4741 1969 4801 in

311 4861 378 4908 cant.
391 4875 428 4915 vu,
444 4842 526 4916 ticis,
543 4840 627 4902 sicut
642 4857 742 4922 quum
762 4839 805 4901 ait
823 4857 829 4900 :
846 4837 911 4918 Ego
926 4838 1042 4901 dilecto
1058 4857 1139 4914 meo,
1156 4846 1188 4902 et
1244 4841 1347 4903 corde.
1359 4838 1472 4903 Totum
1488 4856 1627 4919 namque
1641 4845 1690 4901 cst
1706 4838 1888 4922 intra,quod
1901 4857 1970 4921 que

295 4930 376 5033 {2ng
394 4991 427 5033 „u
442 4941 481 5004 ad
505 4959 555 5003 me
580 4937 745 5002 conversio
768 4937 857 5018 ejus3
879 4937 1030 5018 itemque,
1046 4937 1187 5000 Dilectus
1244 4940 1284 5001 rit
1302 4957 1339 5001 ac
1358 4937 1463 5018 diligit
1471 4954 1479 5017 3
1500 4944 1589 4999 extra
1610 4937 1656 5000 nil
1678 4938 1780 5020 cupit,
1800 4939 1882 5001 inlus
1901 4937 1970 5000 nibil

378 5021 384 5042 ⁸
444 5059 534 5104 meus
556 5038 647 5112 mibi,
664 5043 695 5100 et
717 5054 775 5117 ego
796 5035 853 5098 illi.
872 5035 959 5098 Unde
982 5037 1187 5117 quemadmo-
1243 5036 1373 5101 fastidit.
1397 5037 1506 5117 ltaque
1529 5035 1569 5097 ad
1593 5036 1890 5119 contemplationem
1912 5035 1968 5108 Dei,

309 5148 383 5194 ΕΜ.
397 5163 426 5202 u,
442 5141 520 5203 dum
535 5138 637 5201 Aaron
654 5135 806 5217 eloquens
827 5131 1015 5214 loquebatur
1031 5151 1090 5216 pro
1104 5135 1187 5218 lloy-
1243 5137 1282 5200 ad
1301 5135 1372 5216 ejus
1391 5134 1544 5197 intuitum
1564 5140 1596 5196 et
1608 5135 1775 5198 ardentem
1794 5153 1927 5199 amorem
1941 5152 1969 5195 se

296 5214 427 5327 ιζ’,ῗξοῖ
442 5258 476 5302 se
500 5237 714 5318 ineloquente,
742 5233 785 5295 ita
814 5231 848 5293 in
876 5230 1091 5296 locutionibus
1116 5233 1186 5297 istis
1242 5242 1340 5298 totam
1363 5233 1521 5314 recolligit
1541 5233 1637 5296 intus.
1654 5233 1743 5298 Intus
1764 5235 1846 5298 enim
1870 5233 1968 5316 fulget,

442 5333 538 5402 debet
565 5333 645 5398 ratio
673 5331 761 5415 loqui
790 5348 848 5414 pro
876 5329 1007 5407 affeetu,
1033 5339 1065 5394 et
1087 5332 1185 5396 verba
1243 5334 1329 5397 intus
1349 5339 1455 5397 manet
1469 5350 1566 5416 quem
1585 5331 1700 5415 diligit,
1715 5333 1969 5415 quemadmodum
