4164 6258
336 493 485 542 mutulen
505 494 537 540 Vl
558 494 631 542 POST
651 495 846 542 aaronem.
868 513 909 525 -·
929 497 972 542 AD
992 495 1188 560 salomom
1210 497 1308 546 Sfflt)
1327 498 1465 556 QUARTUS
1612 479 1673 546 203

567 864 683 948 AD
731 863 1232 950 RELIGIOSOS

674 1325 850 1413 senno
883 1325 1127 1428 QUARTUS

291 1573 434 1628 ououooo
454 1573 526 1620 nortl
547 1573 696 1620 ltllthlOSl
718 1572 749 1618 tlt
770 1572 921 1619 novum
943 1572 1020 1619 l'lTAE
1041 1573 1253 1634 enauimus,
1275 1576 1311 1622 SE
1331 1576 1509 1623 vtnwrratts

591 1670 669 1717 Vl‘l'AE
690 1669 810 1718 cuntsrt
831 1670 1035 1719 CONIORHARB
1056 1673 1206 1719 obesant.

199 1935 377 1997 L'OMODO
400 1933 550 1994 Christus
573 1933 722 1993 surremit
746 1953 766 1992 α
792 1932 1057 2007 mor-Ariorem,
1083 1941 1115 1996 et
1144 1941 1275 2016 propter
1303 1952 1360 1997 nos
1389 1953 1510 2018 pauper
1538 1933 1674 1997 effectus
1699 1952 1821 2005 noanon,

129 1930 192 2130 Ο
210 2034 291 2102 tuis,
307 2033 355 2092 ita
373 2040 403 2092 et
420 2051 476 2090 nos
496 2033 531 2090 io
549 2033 693 2091 novitate
713 2032 789 2091 oitoe
807 2051 875 2092 am·
928 2037 985 2092 est.
1003 2032 1070 2094 lmo
1094 2032 1126 2094 in
1149 2051 1275 2094 summa
1299 2040 1496 2116 paupertate,
1513 2032 1675 2115 incompa·
1689 2019 1709 2060 ⁹¹

128 2135 283 2193 tutemus.
300 2130 388 2194 Rom.
406 2147 449 2204 vr,
465 2128 494 2191 l.
928 2128 1022 2192 rabili
1042 2131 1205 2211 patientia,
1223 2131 1256 2192 in
1276 2131 1420 2194 omnium
1439 2131 1595 2194 virtutum
1611 2129 1677 2214 ple-

165 2229 326 2312 Ouidquid
342 2247 400 2312 pro
415 2237 523 2292 nostra
537 2228 639 2291 salute
653 2228 718 2309 egit
734 2228 876 2310 pertulit·
929 2229 1076 2292 nitudine
1092 2231 1273 2292 conversari
1294 2230 1441 2311 dignatus
1460 2238 1509 2292 est
1523 2230 1606 2293 inter
1621 2230 1675 2292 ho·
1697 2253 1824 2305 nemrot,

127 2347 187 2411 que
206 2329 362 2402 Salvator,
378 2336 485 2390 nostra
505 2335 552 2390 est
575 2327 752 2390 instructio.
770 2328 873 2401 Ouum
929 2327 1044 2401 mines,
1061 2327 1144 2390 viam
1166 2328 1277 2390 salutis
1297 2327 1390 2392 nobis
1409 2329 1629 2391 demonstrans
1644 2335 1676 2391 et
1690 2319 1724 2361 ⁸⁸·

127 2428 212 2490 enim
229 2427 262 2489 in
280 2427 381 2490 forma
396 2427 451 2490 Dei
467 2433 561 2499 esset,
574 2445 631 2508 per
645 2425 771 2488 deitatis
787 2433 875 2487 natu·
928 2425 1039 2488 dicens
1056 2443 1063 2488 :
1082 2425 1146 2507 Ego
1166 2445 1237 2488 sum
1258 2426 1320 2500 via,
1337 2427 1454 2490 veritas
1473 2434 1505 2490 et
1524 2427 1605 2507 vita3
1623 2445 1676 2490 ne·
1689 2449 1823 2503 raanan,

13 2537 17 2552 ¹
128 2544 193 2587 ram
208 2525 292 2588 Patri
310 2533 428 2589 aetemo
443 2543 516 2588 vere
536 2523 678 2606 equalis,
696 2525 874 2606 incompre-
930 2541 983 2586 mo
999 2524 1087 2587 venit
1101 2525 1140 2587 ad
1159 2525 1294 2598 Patrem,
1311 2525 1373 2588 nisi
1393 2544 1451 2608 per
1471 2544 1531 2588 me.
1549 2527 1585 2589 ln
1601 2545 1678 2608 prae·
1691 2517 1712 2557 ⁰·

128 2623 330 2686 hensibiliter
351 2623 528 2685 exinanivit
546 2641 579 2684 se
600 2621 717 2703 ipsum,
734 2628 873 2685 nostram
930 2623 1022 2685 tactis
1038 2640 1113 2703 ergo
1132 2622 1307 2685 virtutibus
1324 2623 1429 2707 ipsum
1453 2631 1630 2704 sectemur3
1646 2631 1678 2686 et

127 2723 185 2784 sibi
212 2720 412 2804 hypostatice
441 2720 633 2782 assumendo
658 2726 815 2792 naturam,
840 2727 876 2780 ut
929 2721 1102 2802 sicutipse
1123 2721 1295 2783 resurrexit
1311 2739 1330 2783 a
1347 2729 1458 2796 morte,
1479 2743 1496 2781 n
1512 2720 1555 2784 ita
1572 2729 1604 2785 et
1620 2740 1677 2784 nos

127 2821 222 2883 totius
244 2829 339 2902 atquc
359 2818 555 2901 plenissimae
572 2819 762 2881 humilitatis
782 2818 874 2881 nobis
929 2817 1131 2881 ambulemus
1148 2818 1180 2880 in
1197 2819 1270 2882 vitae
1285 2841 1301 2878 n
1318 2819 1446 2882 assidua
1461 2841 1478 2878 u
1493 2819 1633 2882 novitate
1649 2842 1676 2893 n,

128 2917 285 3000 preberet
304 2917 487 2999 exemplum
507 2933 514 2978 :
531 2923 566 2977 ut
584 2916 709 2978 scilieet
725 2916 758 2979 in
774 2916 875 2978 omni·
929 2935 993 2979 non
1010 2915 1112 2979 solum
1130 2915 1161 2978 in
1178 2916 1317 2998 praefatis
1333 2919 1565 2998 perseverando
1580 2917 1677 2980 virtu·

128 3017 185 3078 bus
210 3015 432 3087 humiliemus,
456 3015 546 3096 parvi
571 3014 748 3096 pendamus
772 3021 804 3077 et
827 3033 874 3076 sa·
931 3014 1024 3088 tibus,
1041 3013 1095 3076 sed
1112 3021 1144 3075 et
1161 3012 1394 3076 incessabiliter
1410 3021 1589 3095 satagamus
1609 3032 1679 3096 pro·

127 3115 252 3197 pienter
275 3113 464 3194 dejiciamus
489 3131 546 3175 nos
576 3113 683 3196 ipsos;
708 3131 812 3194 neque
836 3131 875 3175 ex
894 3110 917 3172 B
932 3111 1028 3174 licere
1045 3113 1077 3173 in
1094 3111 1227 3184 eisdem,
1241 3118 1276 3172 ut
1290 3111 1397 3174 anima
1413 3119 1520 3174 nostra
1534 3112 1677 3195 quotidie

127 3214 184 3276 hoc
209 3231 354 3295 unquam
377 3211 513 3274 inaniter
536 3211 721 3292 gloriemur,
738 3212 875 3274 scientes
931 3217 1111 3284 renovetur,
1127 3209 1274 3284 virescat,
1294 3209 1519 3292 copiosiusque
1539 3210 1678 3293 resplon-
1699 3237 1813 3289 recma,

126 3311 210 3394 quod
233 3319 529 3393 quantumcumque
548 3309 827 3372 humiliaverimus
844 3317 875 3371 et
931 3309 1011 3370 deat.

128 3409 215 3490 parvi
234 3408 441 3491 penderimus
461 3425 529 3480 nos,
546 3407 627 3470 nihil
648 3414 696 3469 est
713 3425 875 3489 compara·
971 3407 1113 3488 Denique
1125 3405 1182 3467 «in
1199 3405 1339 3468 novitate
1355 3405 1451 3469 vitaen
1463 3405 1677 3481 ambulamus,

127 3508 210 3570 tione
243 3507 433 3568 humilitatis
460 3505 719 3588 profundissima
747 3505 873 3568 Christi.
931 3504 1058 3587 quando
1073 3504 1215 3586 quotidie
1231 3523 1304 3566 cum
1320 3505 1440 3567 recenti
1455 3504 1591 3580 fervore,
1604 3525 1677 3568 cum

48 3641 113 3678 arm,
127 3607 229 3680 Ouum
248 3604 354 3687 itaque
370 3623 432 3666 non
448 3605 489 3666 sit
504 3622 614 3666 servus
631 3603 732 3684 major
746 3603 876 3666 domino
931 3602 1116 3666 ferventiori
1141 3603 1261 3684 vigore,
1288 3622 1361 3665 cum
1392 3603 1578 3684 vigorosiori
1605 3621 1678 3666 con-

13 3693 29 3734 ’ἶ
49 3695 104 3740 ‘³²'
125 3722 194 3778 suo,
212 3704 380 3766 imitemur
394 3701 509 3766 Christi
526 3702 738 3764 humilitatem
756 3709 790 3763 ut
806 3719 876 3784 pos·
931 3702 1046 3764 stantia
1061 3702 1125 3764 Deo
1141 3702 1314 3779 servimus;
1331 3721 1430 3784 quum
1447 3702 1592 3784 pristinis
1607 3720 1679 3766 con-

126 3809 359 3884 sumus3atque
375 3801 407 3863 in
424 3801 483 3862 hoc
499 3800 696 3883 compleatur
711 3800 876 3862 humilitas
930 3799 1158 3874 suetudinibus,
1166 3808 1197 3862 et
1212 3799 1415 3862 sacularibus
1430 3799 1571 3863 moribus
1585 3808 1679 3884 atquc

125 3911 245 3974 nostra,
268 3909 303 3962 ut
325 3918 425 3981 quum
447 3899 522 3962 totis
543 3897 667 3962 viribus
689 3897 876 3961 humiliave·
932 3898 1099 3962 mundanis
1115 3897 1286 3961 aflectibus
1302 3898 1434 3962 omnino
1450 3899 1680 3979 renuntiamus;

126 4003 228 4064 rimus
250 4017 307 4062 nos
331 3999 415 4080 ipsos
436 3997 468 4059 in
491 3996 653 4070 omnibus,
672 4013 875 4077 recognosca-
931 3997 1058 4079 quando
1082 4015 1156 4058 cum
1181 4003 1266 4057 tanta
1289 3995 1461 4070 alacritate,
1485 3996 1677 4073 humilitate,

126 4121 197 4164 mus
212 4118 251 4162 ac
274 4098 431 4161 fateamur
446 4113 503 4159 nos
523 4096 569 4158 nil
588 4095 781 4176 condignum
797 4095 876 4176 egis·
929 4095 1108 4169 devotione,
1121 4094 1378 4177 compunctione,
1391 4094 1543 4168 lacrimis,
1559 4095 1679 4176 patien-

124 4222 166 4264 se.
185 4201 240 4264 Sic
256 4206 287 4262 et
302 4199 336 4260 in
350 4196 465 4260 ceteris
485 4203 533 4258 est
552 4195 818 4257 considerandum
838 4213 876 4256 ac
930 4193 973 4256 tia
998 4201 1030 4256 et
1054 4193 1178 4256 fervore
1203 4193 1267 4254 lleo
1289 4190 1356 4272 jam
1381 4190 1586 4266 famulamur,
1603 4211 1678 4255 cum

125 4297 344 4382 peragendum
360 4293 545 4367 virtutibus,
563 4301 598 4355 ut
612 4293 735 4356 scilicet
749 4292 874 4354 Domini
894 4289 1050 4374 Cquanta
1072 4289 1336 4372 promptitudine,
1358 4287 1505 4362 elatione,
1526 4289 1676 4364 vanitate,

124 4399 224 4463 nostri
250 4395 449 4481 patientiam,
475 4392 764 4464 mansuetudinem,
788 4390 875 4454 forti·
931 4389 1141 4471 impatientia,
1159 4387 1293 4448 libidine
1308 4385 1386 4450 olim
1403 4386 1434 4448 in
1455 4387 1573 4450 saeculo
1587 4388 1678 4451 obse·

124 4498 285 4570 tudinem,
306 4493 532 4566 obedientiam,
554 4492 737 4575 puritatem,
758 4489 876 4552 sobrie·
931 4489 1109 4571 quebamur
1132 4486 1269 4557 diabolo,
1290 4503 1473 4567 quanquam
1496 4486 1560 4548 Deo
1581 4486 1678 4568 maje-

125 4605 224 4659 tatem
248 4603 282 4659 et
305 4593 469 4657 caritatem
493 4599 558 4654 toto
582 4608 675 4672 posse
704 4596 874 4662 sectemur,
931 4587 1020 4650 statis
1036 4587 1201 4648 immensas
1216 4583 1506 4665 incomparabiliter
1520 4584 1677 4660 devotius,

125 4715 184 4760 nec
210 4695 291 4779 quid
316 4691 509 4772 condignum
535 4708 592 4752 nos
617 4687 721 4750 facere
743 4685 875 4749 arbitre—
930 4683 1266 4758 ardentius,humilius
1282 4681 1520 4765 perfectiusque
1535 4690 1620 4747 esset
1632 4683 1679 4765 ju·

127 4815 211 4869 mur,
244 4790 422 4877 praesertim
456 4807 555 4872 quum
589 4794 621 4849 et
653 4786 807 4849 Dominus
842 4785 874 4847 in
930 4785 1012 4865 giler
1034 4782 1290 4844 ministrandum.

46 4923 76 4950 ,ι
126 4891 300 4974 Evangelio
322 4889 438 4951 dixerit
455 4905 462 4949 :
478 4888 581 4961 Ouum
604 4884 745 4948 feceritis
769 4883 877 4946 omnia
970 4883 1104 4964 lnsuper
1117 4903 1133 4940 u
1145 4880 1176 4943 in
1193 4879 1331 4943 novitate
1346 4879 1419 4942 vitae
1430 4901 1447 4938 n
1463 4879 1676 4956 ambulamus,

18 5001 22 5012 '
126 5011 198 5074 quae
224 4995 383 5072 praecepta
406 4993 480 5049 sunt
503 4984 605 5058 vobis,
633 4983 728 5045 dicite
754 4999 761 5044 :
787 4981 876 5045 Servi
931 4979 1056 5063 quando
1072 4977 1130 5041 soli
1145 4979 1284 5040 vivimus
1300 4977 1510 5060 Creatori,qui
1524 4980 1599 5042 olim
1615 4997 1678 5043 non

127 5089 260 5153 inutiles
275 5103 404 5164 sumus;
421 5084 505 5166 quod
521 5082 691 5145 debuimus
708 5079 822 5154 lacere,
834 5079 878 5142 fe·
932 5079 1082 5152 Creatori,
1093 5078 1147 5140 sed
1163 5076 1254 5139 nobis
1270 5076 1348 5157 ipsis
1362 5078 1584 5140 tantummodo
1598 5079 1679 5142 vixi·

10 5201 114 5256 nunti.
129 5189 245 5250 cimus.
262 5185 344 5248 Ecce
361 5182 457 5245 Filius
472 5181 527 5244 Dei
543 5186 674 5262 propter
688 5195 745 5240 nos
760 5198 778 5240 a
793 5197 878 5240 sum·
933 5198 1014 5241 mus.
1032 5178 1112 5238 llum
1138 5175 1224 5236 enim
1247 5174 1285 5236 ad
1309 5192 1343 5236 se
1368 5175 1474 5256 ipsum
1501 5175 1679 5239 inordinate

131 5305 184 5352 mo
200 5286 283 5350 coelo
297 5281 462 5348 descendit
476 5281 508 5344 in
524 5279 610 5342 hunc
626 5278 781 5340 mundum
799 5277 878 5340 infe·
933 5275 1072 5338 reflexus
1097 5280 1146 5336 est
1169 5273 1275 5346 homo,
1296 5280 1327 5334 et
1352 5280 1462 5335 contra
1484 5273 1539 5336 Dei
1565 5292 1681 5356 praece-
