4214 6254
433 453 492 518 f60
786 467 935 516 nonnum
956 468 978 512 rr
999 467 1073 513 rosr
1092 465 1287 512 rnrurrsrrlr.
1306 481 1348 496 ·-
1369 466 1467 514 srnuo
1489 465 1643 516 succubus

433 648 513 716 tent,
529 647 562 702 et
575 639 635 702 fiat
649 639 708 702 tibi
724 637 892 702 retributio
907 639 940 700 in
958 638 1016 700 bac
1032 637 1105 700 vita.
1124 636 1183 700 Sed
1198 639 1223 702 A
1239 636 1483 700 obliviscentem
1504 636 1680 700 debitorem
1703 635 1846 698 babebis.
1866 634 1972 709 Quanto

435 757 536 822 quum
552 737 631 800 facis
647 736 843 811 convivium,
854 754 933 800 voca
947 753 1115 818 pauperes,
1132 735 1185 796 de·
1239 735 1325 797 enim
1342 735 1458 809 minor,
1475 735 1570 799 vilior
1585 735 1652 797 sive
1667 734 1840 816 pauperior
1854 742 1901 796 est
1913 751 1972 815 pro

434 835 665 910 biles‚claudos
680 843 712 896 et
727 851 843 913 caecos3
855 841 887 896 et
901 832 1013 896 beatus
1027 833 1186 915 eris,quia
1239 834 1356 907 ximus,
1373 840 1460 896 tanto
1483 833 1583 915 magis
1602 833 1746 897 Christus
1768 850 1827 914 per
1844 850 1915 894 euru
1933 851 1974 894 ae·

435 951 500 998 non
523 932 643 995 babent
668 931 845 995 retribuere
870 932 928 994 tibi
956 949 964 994 ε
992 931 1186 994 retribuetur
1240 931 1324 994 cedit
1337 938 1370 993 et
1384 931 1587 994 visitat.Nam
1603 930 1659 1014 qui
1675 949 1827 1012 magnum
1842 930 1972 1011 suscipit,

435 1033 522 1094 enim
546 1031 604 1092 tibi
627 1030 660 1092 in
682 1029 917 1092 resurrectione
938 1029 1108 1110 justorum.
1240 1047 1324 1109 sape
1339 1036 1469 1110 propter
1484 1047 1600 1091 vanam
1616 1027 1750 1109 gloriam
1766 1026 1845 1088 fecit
1859 1026 1975 1105 boc;at·

475 1129 535 1192 Sed
556 1128 641 1190 circa
659 1128 726 1191 baec
746 1127 846 1210 quaeri
865 1134 969 1210 potest
988 1125 1125 1209 qualiter
1141 1127 1186 1189 in·
1241 1145 1303 1209 que
1319 1126 1439 1188 utilitas
1456 1127 1584 1209 propria
1599 1143 1683 1208 saepe
1699 1125 1731 1186 in
1749 1124 1810 1187 boe
1825 1125 1974 1206 quaritur,

435 1227 536 1307 telligi
566 1225 713 1299 debeant,
745 1225 921 1307 praesertim
951 1243 1051 1306 quum
1084 1225 1184 1286 sancti
1241 1232 1276 1286 ut
1290 1223 1470 1306 suscipiens
1490 1242 1548 1306 per
1567 1224 1660 1286 illurn
1678 1231 1910 1305 promoveatur.
1925 1223 1976 1285 Sed

435 1325 496 1388 viri
521 1325 667 1406 legantur
688 1324 854 1400 divitibus,
871 1333 902 1387 et
923 1324 1035 1386 amicis
1056 1343 1093 1386 ae
1115 1341 1186 1406 pro·
1241 1322 1321 1385 dicis
1338 1341 1345 1385 :
1363 1321 1550 1384 immundus
1571 1329 1619 1384 est
1638 1328 1813 1404 pauperet
1832 1320 1974 1384 sordidus.

435 1422 566 1504 pinquis
587 1420 773 1504 frequenter
793 1421 909 1484 fecisse
929 1421 1087 1494 convivia,
1104 1423 1187 1482 sicut
1241 1420 1323 1482 Lava
1338 1438 1424 1494 eum,
1441 1428 1473 1483 et
1487 1419 1537 1482 fac
1553 1427 1661 1482 tecum
1681 1420 1715 1482 in
1734 1437 1845 1482 rnensa
1862 1418 1976 1500 sedere3

302 1535 421 1587 aalma,
435 1529 467 1583 et
494 1520 610 1603 Josepb
639 1519 793 1582 fratribus
822 1521 889 1582 suis
920 1521 951 1582 in
980 1521 1125 1602 AEgypto,
1156 1526 1188 1580 et
1242 1519 1268 1580 si
1293 1518 1434 1581 sordidas
1459 1518 1555 1581 babet
1577 1527 1694 1592 vestes,
1720 1517 1878 1580 mundum
1902 1517 1977 1580 erbi-

289 1601 420 1710 fflffss,
435 1621 520 1682 Isaac
533 1618 712 1700 patriarcba
725 1618 791 1698 regi
804 1618 1039 1681 Palestinorum
1054 1636 1090 1680 ac
1102 1617 1188 1700 prin·
1242 1616 1317 1679 beas
1347 1617 1582 1680 indumentum.
1607 1617 1752 1680 Christus
1781 1615 1904 1678 accedit
1930 1635 1978 1698 per

289 1726 323 1767 ³⁰·
436 1717 500 1800 cipi
526 1716 650 1780 militiae
670 1715 751 1796 ejus,
775 1716 862 1778 utin
885 1716 998 1780 Genesi
1024 1715 1184 1778 recitatur.
1242 1733 1328 1789 eum,
1345 1723 1377 1778 et
1396 1724 1430 1778 tu
1451 1715 1566 1779 frivola
1585 1715 1749 1798 loqueris?
1764 1715 1899 1797 Insuper
1917 1715 1979 1778 (ire

302 1829 383 1884 nnec.
391 1842 422 1880 ιιι,
436 1814 580 1898 Denique
596 1815 693 1877 David
712 1833 766 1877 rer
786 1813 863 1877 fecit
881 1814 1065 1878 convivium
1079 1813 1187 1876 Abner
1204 1819 1227 1882 B
1242 1815 1348 1895 gorius
1373 1815 1534 1898 Nyssenus
1558 1816 1703 1879 bortatur
1725 1833 1733 1878 ε
1755 1815 1824 1877 Non
1851 1814 1979 1896 negligas

289 1895 323 1937 ²⁰·
437 1914 577 1996 principi
603 1913 726 1978 militiae
750 1914 834 1994 regis
858 1913 966 1987 lsrael,
988 1921 1023 1974 ut
1046 1912 1186 1975 secundo
1240 1913 1382 1993 jacentes
1398 1931 1526 1994 egenos,
1542 1913 1633 1995 quasi
1649 1913 1738 1976 nullo
1753 1913 1817 1976 sint
1832 1912 1919 1994 digni
1933 1912 1978 1974 bo

437 2013 558 2093 Regum
583 2011 729 2074 babetur.
754 2010 899 2085 Quotidie
923 2011 1020 2074 etiam
1045 2010 1106 2073 viri
1130 2009 1186 2072 bo·
1242 2029 1329 2073 nore.
1357 2011 1466 2092 Cogita
1494 2011 1572 2093 quid
1602 2012 1677 2086 sint,
1704 2019 1736 2074 et
1760 2011 1979 2094 pretiositatem

438 2110 532 2186 nesti,
549 2129 613 2173 non
629 2110 734 2173 solum
749 2109 928 2182 saeculares,
944 2109 1000 2172 sed
1015 2115 1048 2170 et
1062 2108 1187 2188 religio·
1242 2127 1353 2171 eorum
1369 2108 1521 2172 invenies.
1540 2109 1711 2172 Salvatoris
1725 2109 1901 2172 induerunt
1915 2110 1980 2171 ima·

437 2209 476 2283 si,
498 2207 683 2270 convivium
708 2206 830 2269 faciunt
850 2208 962 2268 amicis
983 2207 1061 2280 suis,
1082 2205 1186 2268 fratri·
1242 2207 1366 2288 ginem3
1382 2206 1564 2270 futurorum
1580 2207 1738 2272 bonorum
1754 2207 1891 2270 heredes
1905 2215 1979 2280 sunt,

437 2307 511 2382 bus,
535 2315 568 2369 et
596 2306 786 2388 propinquis
815 2312 911 2387 atque
940 2305 1094 2368 divitibus
1121 2323 1128 2368 :
1155 2312 1187 2366 et
1243 2313 1275 2368 et
1290 2307 1378 2388 regni
1400 2305 1538 2369 coelestis
1558 2306 1727 2388 clavigeri3
1743 2315 1941 2370 accusatores
1955 2315 1980 2368 et

438 2404 642 2468 laudabiliter
670 2412 769 2484 agunt
797 2404 868 2478 boc,
894 2412 930 2466 ut
957 2404 1093 2466 videtur.
1119 2403 1187 2465 lmo
1242 2411 1443 2468 excusatores
1459 2404 1576 2480 idonei,
1593 2423 1657 2468 non
1672 2405 1853 2488 loquentes,
1869 2405 1980 2468 sedad-

438 2503 622 2584 eontingere
647 2508 752 2585 potest
774 2502 858 2584 quod
882 2501 977 2564 amici
1001 2509 1033 2564 et
1057 2501 1186 2584 propin·
1242 2503 1341 2584 specti
1364 2523 1382 2565 a
1403 2503 1525 2566 iudice.
1547 2504 1667 2585 ltaque,
1688 2503 1771 2566 sieut
1793 2503 1840 2566 ait
1862 2504 1981 2585 Chryso

438 2603 494 2685 qui
515 2603 578 2665 sint
594 2620 750 2684 pauperes
768 2621 775 2666 ε
792 2609 824 2662 et
838 2609 914 2663 tunc
933 2600 1015 2664 bene
1030 2600 1186 2663 tractandi
1241 2609 1363 2664 stemus
1385 2619 1391 2664 :
1414 2602 1509 2665 Decet
1533 2619 1587 2665 eos
1613 2602 1646 2663 in
1670 2602 1786 2665 solario
1808 2610 1981 2665 reverenter

437 2711 521 2766 sunt.
540 2703 586 2766 Ad
601 2703 670 2765 baec
684 2701 877 2765 venerabilis
892 2701 975 2764 Beda
990 2701 1184 2783 respondet:
1242 2699 1356 2780 locari;
1378 2700 1433 2763 sed
1457 2702 1484 2762 si
1507 2701 1567 2763 boc
1587 2718 1651 2763 non
1672 2701 1917 2782 placet,saltan1
1937 2701 1981 2761 de-

437 2803 570 2877 Fratres,
592 2810 624 2864 et
645 2801 776 2874 amicos,
798 2819 834 2862 ac
856 2800 971 2862 divites
996 2799 1184 2862 alterutrum
1241 2817 1349 2862 orsum
1370 2799 1424 2861 ubi
1447 2808 1522 2862 sunt
1541 2799 1691 2874 ministri,
1708 2799 1873 2863 Christum
1895 2801 1982 2863 susci·

437 2900 584 2963 convivia
609 2899 782 2972 celebrare,
808 2916 871 2961 non
897 2897 988 2980 quasi
1018 2904 1185 2979 peccatum
1242 2898 1320 2980 pias.
1338 2899 1406 2960 fiat
1421 2917 1543 2981 pauper
1558 2899 1670 2962 saltem
1687 2899 1885 2963 domesticus
1900 2907 1982 2977 tuus;

437 2998 586 3081 probibet
606 2997 761 3072 Christus,
777 2995 833 3058 sed
853 2997 937 3058 sicut
956 3003 1062 3058 cetera
1080 3015 1187 3058 neces·
1203 2993 1225 3057 G
1241 3005 1273 3060 et
1293 2997 1321 3060 si
1343 3005 1449 3060 tecum
1475 3015 1539 3061 non
1563 2998 1682 3072 sedeat,
1703 2998 1794 3060 mitte
1817 2999 1849 3061 ei
1873 2998 1983 3061 fercula

404 3163 408 3172 ,
436 3096 539 3160 sitatis
559 3097 708 3160 bumanae
723 3095 927 3170 commercia,
943 3095 983 3156 ad
1002 3112 1185 3177 promereri·
1241 3096 1416 3158 demensa
1442 3104 1506 3158 tua.
1532 3097 1566 3158 ln
1598 3097 1658 3159 boc
1681 3113 1810 3179 quoque
1836 3096 1983 3180 corporali

437 3196 513 3258 dum
535 3194 674 3258 coelestis
694 3194 902 3257 beatitudinis
923 3187 1054 3276 praernia
1075 3194 1120 3255 nil
1137 3213 1186 3256 va·
1242 3193 1388 3257 convivio
1415 3194 1542 3258 vitanda
1570 3201 1646 3257 sunt
1669 3195 1788 3258 lasciva
1813 3195 1935 3268 solatia,
1957 3203 1983 3256 et

438 3294 502 3356 lere
522 3293 671 3356 ostendit.
687 3293 780 3355 Juxta
798 3311 895 3374 quem
916 3292 1047 3353 modurn
1063 3299 1094 3354 et
1107 3292 1185 3354 alibi
1241 3293 1441 3366 detractoria,
1459 3292 1600 3356 irrisoria
1621 3293 1838 3375 mendosaque
1860 3293 1961 3357 verba.

290 3409 421 3462 areatas.
437 3391 515 3454 dicit
532 3409 539 3453 ε
556 3392 589 3455 Si
610 3390 835 3454 benefeceritis
856 3391 895 3452 iis
910 3391 966 3472 qui
982 3390 1072 3453 vobis
1092 3390 1187 3452 bene·
1282 3391 1427 3454 Secunda
1442 3400 1491 3454 est
1506 3409 1596 3456 eoena
1615 3392 1802 3475 spiritualis,
1818 3393 1861 3456 de
1877 3413 1937 3476 qua
1954 3393 1981 3454 in

436 3489 570 3563 faciunt,
597 3508 669 3571 quae
693 3488 784 3550 vobis
813 3496 862 3550 est
888 3488 1016 3569 gratiaf
1039 3489 1119 3550 Hinc
1142 3488 1187 3551 ait
1240 3488 1429 3573 Apocalypsi
1452 3489 1593 3572 loquitur
1612 3490 1755 3553 Christus
1773 3491 1867 3573 :Ego
1885 3491 2069 3568 stoadrpna

435 3589 585 3651 Nicolaus
611 3587 650 3649 de
675 3587 773 3650 Gorra
794 3605 801 3650 :
822 3586 936 3660 Amici,
957 3594 990 3649 et
1009 3586 1134 3660 fratres,
1155 3594 1187 3648 et
1241 3588 1371 3662 ostium,
1387 3597 1419 3650 et
1437 3589 1549 3670 pulso;
1571 3589 1597 3650 si
1619 3588 1691 3670 quis
1713 3589 1879 3671 aperuerit
1900 3589 1980 3663 mibi,

437 3686 573 3768 cognati,
591 3694 685 3767 atque
706 3683 815 3758 vicini,
832 3691 887 3746 aut
908 3691 981 3746 sunt
1003 3703 1184 3767 pauperes:
1242 3686 1367 3749 intrabo
1389 3687 1427 3749 ad
1450 3687 1553 3761 illurn,
1570 3695 1602 3750 et
1624 3687 1757 3750 coenabo
1777 3706 1854 3750 oum
1878 3689 1942 3762 illo,
1956 3695 1982 3750 et

436 3793 468 3849 et
488 3793 564 3846 tunc
586 3783 748 3845 meritorie
768 3783 960 3862 invitantur3
976 3790 1031 3845 aut
1050 3790 1125 3845 sunt
1139 3783 1186 3845 di·
1242 3785 1310 3867 ipse
1327 3803 1463 3848 mecum.
1480 3785 1624 3848 Christus
1639 3785 1768 3860 etenim,
1785 3803 1885 3850 verus
1899 3795 1930 3850 et
1943 3787 1982 3848 in·

436 3884 527 3946 vites.
546 3883 584 3944 Et
598 3889 674 3943 tunc
689 3881 741 3944 vel
761 3881 939 3944 invitantur
955 3881 994 3943 ad
1010 3881 1184 3944 fovendum
1241 3883 1554 3966 circumscriptibilis
1579 3883 1663 3946 Deus
1692 3882 1814 3966 ubique
1838 3903 1982 3967 praesens,

436 3990 582 4044 mutuam
597 3980 762 4043 caritatem
781 3980 894 4042 :etita
911 3979 1110 4042 meritorium
1125 3988 1183 4054 cst,
1241 3989 1302 4044 stat
1321 3982 1360 4043 ad
1380 3982 1498 4045 ostium
1520 3981 1636 4056 cordis,
1654 3982 1685 4045 id
1706 3990 1765 4057 est,
1783 3982 1889 4046 libero
1909 3981 1983 4046 arbi·

435 4081 512 4144 dum
529 4081 681 4143 invitator
695 4079 737 4141 sit
753 4079 784 4140 in
801 4086 883 4142 statu
901 4079 1012 4141 salutis
1024 4097 1032 4158 ;
1046 4087 1101 4140 aut
1116 4096 1186 4161 pro·
1242 4080 1301 4143 trio
1317 4098 1456 4162 praesens
1471 4087 1519 4142 est
1528 4097 1537 4159 ;
1553 4087 1585 4143 et
1599 4080 1716 4162 pulsat,
1733 4081 1793 4144 boe
1809 4090 1871 4156 est,
1887 4079 1982 4144 adsui

435 4187 506 4263 pter
526 4178 701 4252 lasciviam,
719 4196 775 4240 seu
795 4177 890 4239 aliam
911 4177 1027 4239 malam
1043 4196 1183 4252 causam,
1200 4181 1225 4244 D
1239 4178 1409 4259 gratiosam
1426 4179 1663 4260 susceptionem
1679 4179 1796 4241 excitat
1810 4197 1869 4242 seu
1885 4181 1983 4242 admo

435 4288 470 4342 ut
485 4285 616 4361 propter
631 4277 770 4340 carnalia
786 4276 994 4340 immoderata
1010 4276 1141 4340 solatia:
1154 4283 1185 4338 et
1241 4284 1295 4339 net
1310 4276 1388 4338 illud
1410 4295 1467 4359 per
1488 4276 1613 4340 divinas
1628 4277 1818 4360 Scripturas,
1837 4297 1897 4361 per
1917 4297 1983 4361 pra

434 4385 512 4445 tunc
527 4384 576 4439 est
589 4375 831 4439 demeritorium
841 4393 849 4454 ;
860 4381 916 4437 aut
930 4383 1060 4456 propter
1074 4392 1185 4456 quam·
1240 4375 1415 4438 dicationes
1431 4375 1674 4450 ecclesiasticas,
1691 4395 1748 4459 per
1764 4376 1982 4459 inspirationes

435 4477 507 4538 dam
539 4475 761 4538 liberalitatem
791 4491 827 4536 ae
856 4472 1032 4536 amicitiam
1058 4481 1184 4535 natura·
1239 4475 1409 4556 angelicas,
1426 4493 1484 4556 per
1500 4474 1627 4538 divinos
1648 4475 1831 4552 instinctus,
1849 4495 1908 4559 per
1922 4492 1983 4558 pro

436 4575 499 4637 lem
517 4593 524 4637 :
542 4579 573 4636 et
595 4573 638 4635 ita
659 4580 708 4634 est
728 4572 820 4654 quasi
842 4570 1042 4634 indifferens.
1240 4593 1333 4658 spera
1361 4582 1393 4636 et
1417 4575 1560 4648 adversa,
1586 4582 1682 4656 atque
1710 4575 1877 4638 miracula.
1903 4574 1981 4638 Unde

469 4670 833 4744 Praeterea,advertenda
848 4677 922 4734 sunt
934 4670 1104 4750 diligenter
1116 4689 1185 4734 ver·
1241 4672 1382 4755 loquitur
1395 4672 1511 4734 animat
1529 4690 1674 4736 amorose
1690 4692 1697 4736 :
1714 4673 1810 4755 Aperi
1831 4673 1925 4746 mibi,
1940 4690 1981 4734 so
1993 4681 2069 4734 caer·-

435 4771 475 4835 ba
497 4770 713 4853 Cbrysostomi
736 4768 907 4832 asserentis
924 4787 932 4831 :
948 4768 1017 4830 Non
1040 4769 1100 4832 sub
1123 4770 1184 4832 bac
1239 4790 1292 4834 ror
1322 4790 1401 4846 mea,
1427 4773 1530 4846 amica
1556 4790 1638 4848 mea,
1665 4771 1815 4835 columba
1844 4791 1925 4836 mea.
1953 4771 1981 4833 Si

434 4890 492 4953 spe
511 4869 583 4932 aliis
604 4867 763 4932 beneficia
783 4867 985 4930 conferamus
1007 4876 1061 4929 aut
1078 4867 1184 4931 convi-
1240 4871 1346 4953 itaque
1371 4871 1410 4932 iis
1435 4869 1671 4952 pulsationibus
1697 4871 1793 4934 borno
1817 4889 1980 4935 consense-

434 4970 524 5032 vium
540 4967 793 5051 praebeamus,ut
807 4965 900 5028 uobis
915 4964 1102 5027 retribuant.
1113 4966 1184 5030 llaec
1239 4970 1291 5043 rit,
1309 4970 1405 5031 intrat
1420 4968 1564 5033 Christus
1580 4986 1634 5032 cor
1647 4969 1730 5050 ejus,
1746 4970 1883 5050 gratiam
1899 4986 1980 5032 suant

435 5076 482 5132 est
498 5069 585 5130 enim
601 5066 715 5147 frigida
736 5065 889 5144 intenti03
906 5072 938 5126 et
951 5063 1023 5127 talis
1043 5064 1185 5127 amicitia
1240 5067 1449 5142 infundendo,
1465 5075 1520 5130 aut
1539 5067 1678 5130 infusam
1698 5069 1864 5150 angendo;
1881 5077 1913 5130 et
1926 5086 1981 5130 cte

434 5167 582 5231 celeriter
596 5164 766 5228 evanescit
784 5164 816 5226 Si
831 5172 940 5226 autem
955 5180 1129 5246 pauperem
1145 5164 1185 5226 ad
1239 5174 1294 5228 nat
1317 5186 1391 5228 cum
1417 5167 1498 5247 ipso,
1524 5165 1584 5230 boc
1607 5174 1665 5242 est,
1692 5166 1790 5229 simul
1815 5184 1890 5229 cum
1920 5167 1981 5249 ipso

435 5284 581 5338 mensam
602 5272 688 5331 tuam
703 5262 879 5339 vocaveris,
896 5263 997 5325 Deum
1019 5281 1183 5346 nunquam
1240 5264 1397 5340 reficitur,
1414 5264 1484 5347 ejus
1506 5263 1599 5328 bonis
1620 5265 1746 5329 actibus
1769 5265 1983 5348 congratulare
