4140 6258
424 467 485 534 300
762 486 910 534 noxmrca
931 487 985 532 vrrs
1006 486 1079 532 rosr
1097 484 1294 532 rarurrarsrr.
1314 503 1354 516 -
1375 483 1473 532 sxarro
1495 485 1647 538 ssuuunus

425 663 520 723 nocet
534 658 731 742 permaxime
750 656 901 741 iniquitas
921 656 1060 741 propria,
1077 675 1173 739 quam
1187 653 1214 719 A
1230 657 1424 739 cias‚petunt
1436 663 1467 721 et
1479 657 1611 741 exigunt
1622 665 1674 722 aut
1685 664 1833 742 sumptus
1844 658 1946 726 lucrosa
2043 613 2045 660 1

425 757 507 820 aliis.
530 757 699 839 Propterea
723 757 829 819 denuo
853 756 970 819 latetur
993 755 1174 839 chrysosto-
1228 756 1387 837 egestatis,
1411 763 1466 818 aut
1489 757 1645 822 simulatae
1666 757 1807 841 pretium
1829 759 1946 823 sanctita·

425 874 497 918 mus
512 872 519 916 :
535 854 629 918 Nulla
645 873 695 918 res
710 854 757 917 sic
772 853 963 917 exterminat
977 853 1061 915 sicut
1075 853 1173 915 simu·
1228 854 1278 915 tis.
1296 853 1376 915 Hinc
1397 852 1493 916 etiam
1515 855 1628 918 scribit
1648 855 1837 920 Ambrosius
1857 873 1864 918 :
1883 856 1947 922 latet

425 952 510 1029 latio,
537 953 690 1035 quoniam
719 952 840 1016 malum
870 952 930 1015 sub
960 951 1067 1034 specie
1095 951 1171 1016 boni
1229 951 1420 1033 plerumque
1443 952 1505 1014 sub
1528 952 1625 1026 tristi,
1635 954 1756 1017 amictu
1779 953 1908 1028 lascivia,
1925 965 1946 1020 ot

424 1053 574 1128 celatum,
590 1053 667 1115 dum
688 1068 752 1116 non
772 1051 985 1133 cognoscitur,
1002 1067 1065 1114 non
1083 1068 1172 1112 cave·
1229 1050 1340 1113 horror
1363 1050 1516 1115 deformis
1540 1052 1597 1114 vili
1615 1052 1733 1134 tegitur
1755 1059 1851 1127 veste,
1872 1062 1901 1116 ut
1914 1075 1946 1118 sa·

422 1159 485 1214 tur.
504 1149 693 1215 Rectissime
714 1166 790 1232 ergo
812 1148 955 1213 Christus
976 1149 1121 1212 hortatur
1141 1156 1173 1211 et
1229 1156 1314 1211 creta
1329 1149 1473 1212 celentur
1488 1150 1698 1233 petulantium
1712 1151 1949 1216 animorumlno

423 1250 515 1314 docet
540 1258 576 1312 ut
599 1249 799 1312 attendamus
822 1256 854 1310 et
878 1248 1094 1310 custodiamus
1114 1265 1171 1310 nos
1229 1247 1261 1308 in
1281 1246 1477 1321 doctoribus,
1501 1248 1764 1332 predicatoribus
1786 1257 1818 1312 et
1838 1251 1947 1331 prelatis

421 1347 549 1412 slalsis
570 1347 746 1431 prophetis,
765 1365 783 1408 a
802 1346 1025 1409 seductoribus
1045 1346 1171 1408 univer·
1228 1360 1312 1426 sape
1332 1352 1364 1407 et
1384 1345 1556 1408 infeliciter
1576 1347 1662 1428 viget
1680 1347 1742 1410 hoc
1762 1347 1874 1411 vitium
1890 1365 1895 1409 :
1909 1351 1947 1431 qui

423 1446 478 1520 sis,
505 1446 560 1528 qui
590 1445 629 1508 ad
659 1451 789 1529 peccata
817 1444 964 1507 alliciunt
991 1462 1049 1526 per
1075 1462 1171 1505 vanas
1228 1445 1312 1526 quod
1328 1444 1443 1507 docent
1458 1463 1519 1508 non
1535 1444 1756 1518 iaciuntscire
1770 1444 1879 1510 volunt
1892 1448 1949 1510 Scri·

422 1543 658 1627 persuasiones
690 1561 759 1627 per·
782 1543 897 1625 impias
931 1541 1169 1625 promissiones,
1227 1549 1337 1623 pluras
1362 1549 1397 1604 ut
1420 1543 1504 1607 docti
1530 1551 1720 1626 reputentur
1742 1562 1779 1606 ac
1803 1544 1947 1627 sapientes,

423 1661 481 1726 per
496 1642 772 1716 comminationes,
788 1649 843 1703 aut
857 1640 929 1703 aliis
946 1641 1058 1703 modis.
1075 1641 1172 1702 luter·
1227 1641 1338 1722 sicque
1353 1640 1581 1724 preficiantur,
1599 1642 1797 1706 honorentur
1810 1650 1841 1706 et
1855 1643 1948 1706 lautius

423 1740 500 1803 dum
516 1741 601 1804 enim
623 1740 786 1803 inducitur
806 1740 903 1803 homo
921 1740 960 1802 ad
981 1739 1062 1802 male
1079 1756 1171 1819 agen·
1226 1738 1344 1801 vivant.
1363 1739 1503 1812 Quorum
1519 1741 1680 1804 damnatio
1695 1741 1757 1803 erit
1774 1741 1946 1823 gravissima,

422 1840 500 1902 dum
516 1838 574 1900 hac
590 1839 807 1921 persuasione,
825 1838 976 1920 quoniam
995 1856 1108 1917 magna
1123 1844 1170 1899 est
1189 1833 1258 1898 bet
1281 1837 1345 1899 dici
1370 1845 1474 1920 potest
1502 1837 1542 1901 de
1566 1838 1612 1900 eis
1637 1839 1724 1920 quod
1747 1839 1787 1902 de
1810 1839 1948 1903 Phariseis

423 1936 643 2001 misericordia
667 1937 735 2011 Dei,
761 1944 793 1999 et
817 1936 892 2018 quia
915 1936 1019 1998 adhuc
1043 1942 1170 2017 tempus
1226 1935 1339 1997 scribit
1361 1935 1603 2019 chrysostomus
1628 1953 1635 1998 :
1658 1937 1884 2001 Pharisaeorum
1904 1937 1948 2018 (iu-

421 2037 552 2117 longum
578 2042 674 2098 restat
698 2035 730 2097 in
755 2053 818 2118 quo
843 2033 959 2117 poterit
982 2033 1171 2116 poenitentia
1226 2032 1309 2115 quit)
1326 2033 1451 2114 justitia
1474 2043 1542 2097 erat
1565 2035 1599 2097 in
1623 2034 1833 2099 ostentatione
1852 2037 1947 2118 operis,

421 2134 483 2216 agi,
500 2141 532 2196 et
546 2133 621 2217 quia
636 2132 730 2197 multi
750 2140 826 2195 sunt
843 2132 949 2195 Sancti
968 2132 1024 2214 qui
1039 2132 1078 2194 ad
1094 2139 1169 2194 tem·
1226 2149 1289 2194 non
1309 2132 1342 2193 iu
1363 2132 1554 2196 rectitudine
1574 2133 1773 2208 intentionis,
1790 2133 1822 2197 in
1841 2133 1948 2196 locutio·

422 2252 483 2314 pus
503 2231 634 2294 luerunt
654 2231 784 2293 maximi
804 2237 996 2312 peccatores.
1017 2230 1077 2294 Sed
1102 2249 1171 2312 per·
1226 2249 1277 2304 ne,
1294 2249 1357 2293 non
1380 2231 1412 2292 in
1433 2248 1541 2312 opere,
1558 2232 1590 2294 in
1609 2232 1790 2295 minoribus
1805 2233 1949 2296 observan-

423 2330 588 2393 suasiones
608 2329 676 2392 istas
695 2328 891 2392 stultissimas
910 2336 994 2403 sunt,
1012 2329 1087 2410 quia
1106 2346 1169 2391 non
1226 2329 1418 2403 tiis,relictis
1432 2329 1632 2410 gravioribus
1648 2337 1680 2393 et
1694 2331 1949 2413 principalioribus

424 2436 473 2492 est
495 2427 599 2491 minor
616 2427 741 2509 justitia
760 2427 816 2489 Dei
836 2446 931 2510 quam
952 2427 1170 2489 misericordia
1225 2427 1305 2508 legis
1325 2427 1502 2509 preceptis.
1524 2427 1613 2490 Tales
1636 2437 1711 2490 sunt
1732 2429 1786 2492 isti
1805 2429 1857 2512 qui
1876 2429 1950 2492 corri-
2047 2449 2048 2474 l

425 2527 507 2609 ejus,
524 2533 555 2589 et
571 2526 647 2609 quia
666 2544 725 2588 nec
740 2526 825 2588 diem
841 2525 952 2588 mortis
972 2525 1090 2587 scimus
1111 2543 1168 2586 nec
1225 2531 1304 2607 gunt
1327 2525 1406 2588 alios
1431 2544 1490 2588 nec
1515 2527 1688 2589 emendant
1710 2545 1744 2590 se
1770 2527 1853 2610 ipsos
1874 2545 1881 2588 :
1901 2529 1949 2588 ino

304 2638 310 2650 ·
423 2626 556 2704 horam3
575 2631 607 2687 et
625 2624 771 2706 quamvis
790 2623 888 2707 aliqui
906 2631 1087 2706 peccatores
1103 2641 1168 2705 poe-
1225 2623 1387 2686 multoties
1406 2641 1503 2707 prava
1524 2625 1556 2686 in
1576 2625 1648 2687 aliis
1669 2625 1787 2688 aeriter
1806 2625 1949 2707 repreben-

422 2724 588 2786 nituerunt
602 2729 633 2785 et
648 2721 749 2785 sancti
769 2722 877 2784 eflecti
898 2729 982 2794 sunt,
999 2729 1106 2784 tamen
1122 2721 1168 2782 in·
1224 2723 1314 2796 dunt,
1337 2729 1369 2784 et
1392 2730 1499 2785 tamen
1523 2723 1633 2804 gravia
1655 2741 1749 2806 agere
1768 2722 1882 2787 scelera
1899 2741 1947 2786 non

421 2819 680 2904 comparabiliter
709 2820 818 2902 plures
846 2819 1037 2883 eternaliter
1065 2820 1168 2902 perie—
1223 2827 1384 2882 verentur.

420 2927 504 2983 runt.
525 2919 588 2982 Cur
607 2937 683 3001 ergo
702 2926 864 3002 perpetua
885 2919 1096 2981 damnationis
1116 2937 1168 2999 pe·
1262 2918 1382 2999 ltaque,
1401 2917 1491 2999 juxta
1510 2917 1688 2981 beatissimi
1713 2919 1867 3003 principis
1885 2920 1946 3002 tipo

420 3018 520 3082 riculo
535 3018 665 3100 exponit
679 3035 713 3080 se
729 3017 825 3080 miser
839 3024 871 3079 et
887 3016 1041 3100 insipiens
1056 3017 1167 3081 homol
1183 3014 1205 3078 C
1223 3016 1376 3079 stolorum
1399 3016 1587 3091 doctrinam,
1608 3017 1808 3098 deponamus
1828 3037 1846 3080 a
1865 3017 1946 3081 cordi·
1966 3038 2030 3080 triers
2048 3021 2049 3074 ξ

443 3107 623 3189 Ρνωῐθνθε,
645 3115 704 3177 ista
728 3114 906 3197 hypocrisis
931 3115 1078 3196 quamvis
1102 3122 1166 3177 tam
1223 3114 1283 3176 bus
1307 3115 1424 3177 nostris
1451 3132 1579 3177 omnem
1605 3115 1761 3178 malitiam
1786 3125 1817 3179 et
1839 3104 1990 3179 omnem*

421 3233 502 3278 vana
517 3222 549 3277 et
564 3215 688 3289 vitiosa,
705 3223 769 3276 tam
785 3213 870 3288 vilis,
886 3214 981 3275 stulta
999 3232 1035 3275 ac
1055 3215 1167 3276 nociva
1223 3213 1343 3288 dolum,
1361 3221 1392 3276 et
1407 3212 1639 3288 simulationes,
1656 3222 1688 3277 ct
1708 3215 1854 3289 invidias,
1868 3223 1894 3277 et
1907 3215 1946 3276 de

420 3313 561 3387 exsistat,
578 3311 763 3394 paucissimi
779 3319 885 3374 tamen
902 3320 976 3374 sunt
991 3311 1046 3394 qui
1066 3331 1103 3374 ea
1121 3319 1167 3375 to
1223 3311 1413 3391 tractiones;
1430 3312 1622 3375 sicutmodo
1640 3313 1740 3393 geniti
1759 3313 1897 3386 infantes,
1909 3312 1945 3373 io-

421 3411 527 3473 taliter
548 3417 665 3473 carent.
689 3409 768 3472 Nam
788 3427 899 3472 omnes
918 3428 1000 3490 pene
1022 3429 1079 3472 sua
1101 3411 1165 3492 pal·
1223 3409 1403 3472 nocentiam
1433 3416 1465 3472 et
1492 3411 1665 3492 puritatem
1692 3412 1944 3495 concupiscamus,

421 3509 500 3571 liant
514 3516 545 3570 et
560 3515 713 3570 excusant
727 3515 868 3590 peccata,
885 3516 917 3569 ct
935 3507 1009 3570 boni
1030 3527 1086 3571 seu
1103 3528 1166 3571 me·
1222 3515 1258 3569 ut
1272 3507 1304 3568 in
1319 3506 1366 3569 eis
1381 3525 1562 3570 crescamus
1578 3507 1610 3571 in
1626 3508 1772 3571 salutem.
1783 3509 1828 3572 Sit
1842 3525 1945 3590 sernper

420 3606 515 3669 liores
536 3605 648 3668 volunt
666 3606 767 3669 videri
787 3624 883 3687 quam
903 3614 996 3685 sunt3
1019 3606 1051 3668 in
1072 3607 1165 3670 honis
1222 3612 1287 3667 tota
1307 3611 1414 3667 nostra
1435 3605 1569 3669 intentio
1589 3625 1680 3689 pura,
1696 3614 1729 3668 et
1748 3625 1806 3671 nes
1826 3606 1899 3689 ipsos
1916 3622 1945 3666 sc
2049 3599 2050 3636 r

419 3722 548 3787 quoque
563 3723 633 3787 quae
649 3711 756 3786 agunt,
773 3705 959 3786 frequenter
971 3703 1071 3784 gloria
1085 3724 1166 3767 vana
1222 3721 1318 3785 opera
1339 3710 1445 3767 nostra
1465 3705 1504 3766 ad
1526 3704 1582 3767 Dei
1603 3705 1759 3768 honorem
1780 3724 1816 3768 ac
1836 3703 1944 3787 glorian

419 3810 603 3884 tanguntur,
613 3802 876 3885 complacentiam
893 3801 1010 3864 habent
1025 3803 1164 3879 inanem,
1222 3820 1301 3885 pure
1322 3810 1419 3886 atque
1440 3803 1580 3866 totaliter
1601 3803 1799 3867 ordinemus.

418 3921 478 3965 nec
495 3901 550 3965 [lei
566 3902 670 3965 solum
690 3921 726 3964 ac
743 3921 822 3984 pure
837 3909 985 3984 quaerunt
999 3901 1163 3965 honorem.
1269 3900 1398 3981 Legitur
1426 3901 1458 3963 in
1487 3910 1601 3983 quarto
1631 3900 1714 3965 libro
1742 3903 1943 3986 Vitaspstrurn,

418 4001 499 4063 ilinc
514 4008 644 4062 sanctus
659 4007 691 4063 et
705 4000 998 4062 illuminatissimus
1013 4008 1167 4064 contesta—
1220 4001 1305 4083 quod
1321 4001 1451 4082 quidam
1467 4001 1574 4063 Frater
1589 4009 1719 4064 sanctus
1733 4003 1852 4084 rogavit
1864 4002 1943 4065 lleurn

417 4107 471 4162 tur
494 4099 673 4163 Bernartius
695 4116 702 4160 :
725 4099 830 4182 Serpit
850 4099 946 4161 hodie
970 4099 1098 4181 putrida
1122 4107 1167 4162 ta-
1222 4106 1257 4160 ut
1281 4100 1342 4162 sibi
1368 4101 1535 4162 ostendere
1556 4100 1744 4183 dignaretur
1766 4101 1893 4184 qualiter
1908 4099 1943 4160 di·

418 4197 485 4272 bes,
507 4197 698 4281 hypocrisis,
721 4215 778 4280 per
799 4214 894 4259 omne
918 4213 1033 4279 corpus
1058 4198 1166 4262 Eccle·
1180 4201 1206 4264 h
1221 4199 1400 4261 versimodc
1429 4198 1630 4262 abstrahatur
1656 4218 1675 4262 a
1702 4217 1833 4283 corpore
1859 4199 1944 4262 anina

417 4297 483 4370 siae,
507 4303 539 4359 et
563 4314 601 4360 eo
625 4295 822 4378 desperatius
847 4313 911 4378 quo
935 4295 1039 4370 latius,
1063 4315 1164 4379 eoque
1220 4297 1299 4377 justi
1319 4304 1350 4360 et
1368 4298 1475 4360 anima
1494 4299 1681 4381 peccatoris.
1699 4299 1739 4361 ht
1758 4299 1863 4362 nolens
1879 4297 1942 4360 Deus

417 4394 630 4478 periculosius
653 4411 717 4476 quo
742 4393 885 4456 interius.
909 4394 987 4458 Nam
1010 4396 1037 4456 si
1062 4396 1165 4459 insur-
1221 4397 1407 4459 contristare
1423 4397 1563 4459 Fratrem
1580 4397 1684 4472 illum,
1701 4396 1778 4461 iecit
1792 4417 1860 4460 euru
1874 4413 1942 4476 egre

416 4501 505 4574 geret
526 4502 655 4576 apertus
677 4485 855 4566 haereticus,
881 4493 1060 4556 mitteretur
1080 4494 1164 4558 foras
1221 4494 1263 4556 di.
1289 4495 1457 4577 Quumque
1484 4496 1591 4558 Frater
1619 4495 1673 4558 ille
1700 4498 1838 4560 venisset
1863 4509 1940 4577 prope

417 4599 449 4654 et
464 4597 637 4670 aresceret;
649 4592 674 4653 si
691 4591 850 4653 violentus
866 4590 1165 4666 inimicus,abscon·
1221 4593 1392 4674 quamdam
1408 4593 1582 4668 civitatem,
1600 4594 1763 4676 ingressus
1778 4603 1824 4658 est
1838 4593 1876 4656 ihi
1890 4607 1940 4653 nro

417 4691 507 4753 deret
522 4709 555 4752 se
569 4690 643 4772 quis
658 4689 698 4751 ab
714 4707 761 4751 eo.
778 4689 869 4751 Nunc
883 4696 988 4752 autem
1010 4691 1053 4752 ita
1068 4692 1164 4754 dillu-
1221 4692 1406 4766 nasterium,
1431 4691 1464 4754 in
1489 4709 1553 4774 quo
1578 4691 1641 4754 luit
1662 4713 1747 4756 unus
1771 4693 1879 4756 habens
1899 4705 1940 4750 oo

417 4807 451 4850 sa
475 4793 524 4849 est
547 4787 607 4850 ista
630 4787 821 4870 hypocrisis,
846 4793 881 4848 ut
905 4788 959 4849 vix
985 4789 1026 4850 sit
1049 4789 1105 4872 qui
1130 4809 1163 4853 se
1221 4809 1294 4853 men
1324 4789 1457 4852 solitarii
1487 4791 1592 4873 magni
1621 4799 1653 4854 et
1675 4790 1777 4873 jacuit
1799 4792 1828 4854 in
1849 4803 1936 4870 agone.

417 4885 591 4948 abscondat
609 4884 650 4947 ab
670 4902 730 4947 ea:
752 4885 911 4968 siquidem
931 4894 963 4948 et
985 4887 1016 4948 in
1039 4888 1088 4950 his
1108 4889 1163 4971 qui
1220 4889 1369 4971 viditque
1382 4889 1489 4952 Frater
1502 4888 1556 4953 ille
1568 4888 1641 4952 lieri
1655 4909 1800 4973 magnam
1812 4902 1938 4973 propara-

416 4983 558 5065 religiosi
578 4984 738 5058 videntur,
756 5003 886 5066 regnare
909 4985 1069 5067 probatur.
1092 4987 1164 5050 idco
1220 4987 1341 5050 tionem
1361 5005 1525 5051 cereorum
1545 5007 1582 5051 ac
1602 4988 1817 5071 lampadarum
1834 4989 1937 5070 propter

417 5082 559 5164 loquitur
573 5082 770 5163 Augustinus
788 5100 795 5144 ε
812 5084 911 5158 Quam
933 5086 1049 5148 multos
1067 5085 1165 5168 hypo·
1221 5085 1397 5149 solitarium
1413 5085 1517 5161 illum,
1533 5086 1624 5169 quasi
1641 5095 1771 5170 propter
1784 5105 1851 5150 eum
1868 5083 1937 5146 daret

416 5183 511 5246 critas
532 5182 591 5245 sub
611 5181 724 5244 babitu
746 5184 974 5247 monachorum
999 5184 1166 5247 callidissi-
1221 5186 1304 5248 Deus
1325 5203 1440 5266 panem
1462 5191 1494 5249 et
1514 5205 1630 5268 aquam
1650 5183 1887 5249 inhabitantibus
1903 5178 1936 5239 ci-

417 5301 489 5346 mus
510 5281 610 5346 hostis
629 5280 798 5365 dispcrsitl
816 5281 1022 5346 circumeunt
1038 5282 1164 5365 provin·
1221 5283 1351 5347 vitatem
1378 5283 1475 5348 illam.
1498 5285 1576 5348 Nam
1601 5291 1633 5346 et
1657 5284 1804 5348 dixerunt
1823 5300 1829 5345 :
1849 5280 1875 5344 Si
1895 5276 1934 5338 hic
