4214 6254
461 497 609 544 neutrum
632 498 674 544 ss.
696 495 875 544 rnmrrnrrs.
898 513 938 524 -
959 495 1133 542 mnnnsrru
1155 495 1186 542 nr
1207 495 1374 542 arrsrousu
1654 475 1695 541 99

150 669 266 731 ratione
289 665 339 729 sui
359 665 507 740 effectus,
529 665 604 748 quia
625 667 665 729 ab
687 665 775 730 omni
798 665 932 748 culpaA
950 665 1039 727 libris
1069 684 1170 746 usque
1195 664 1233 725 ad
1261 683 1399 746 praesens
1425 663 1598 725 Ecclesiam
1629 681 1696 724 mu-

149 775 178 828 et
206 783 299 848 poena
328 763 475 837 absolvit,
502 763 656 826 virtutum
681 771 713 826 ct
736 763 891 827 donorum
949 761 1293 834 niunt,custodiuntac
1309 760 1619 842 defendunt.Sicque
1635 760 1696 841 spi-

149 864 292 927 decorem
315 863 449 936 inducit,
466 862 510 924 ita
532 870 568 924 ut
587 862 691 924 evolet
712 861 766 944 qui
787 861 891 944 ipsum
949 861 1105 923 ritualiter
1125 859 1272 922 ambiunt
1292 877 1372 922 earn.

148 963 295 1045 suscepit,
313 961 376 1023 nisi
392 961 431 1022 de
449 977 532 1023 noro
553 967 671 1043 peccet.
689 961 809 1024 Rursus
825 977 892 1040 cry·
989 959 1049 1022 Sed
1070 958 1145 1021 buie
1166 957 1356 1040 expositioni
1377 955 1600 1018 difficultatem
1622 954 1698 1019 facit

147 1059 246 1134 stallo,
273 1059 358 1142 quod
388 1077 427 1120 ex
457 1058 558 1120 nimia
585 1056 804 1138 congelatione
828 1074 892 1118 non
948 1057 1033 1138 qnod
1049 1056 1216 1120 subditur:
1232 1059 1274 1119 lta
1290 1057 1417 1116 animat
1427 1057 1576 1131 primum
1591 1055 1697 1114 simite

148 1157 217 1220 fluit
242 1175 346 1239 neque
369 1155 549 1228 resolvitur,
571 1154 765 1217 assimilatur
789 1153 893 1235 Bapli-
949 1159 1046 1226 leoni,
1062 1165 1092 1214 et
1111 1158 1287 1214 secundum
1310 1155 1436 1213 animal
1455 1155 1562 1212 simile
1581 1153 1697 1223 uitulo,

148 1275 232 1318 smus
247 1255 289 1318 ob
304 1255 353 1316 sui
372 1253 509 1316 effectus
529 1253 732 1315 soliditatem.
750 1251 827 1313 Nam
849 1251 894 1313 in·
949 1263 978 1313 et
1003 1256 1138 1314 tertium
1164 1255 1290 1312 animat
1318 1253 1437 1311 tabens
1460 1253 1577 1328 faciem
1602 1251 1699 1330 quasi

147 1352 315 1415 delebilem
338 1351 552 1414 characterem
577 1349 757 1432 imprimit:
776 1348 895 1411 idcirco
949 1354 1103 1420 hominis,
1119 1360 1148 1410 et
1164 1359 1321 1430 quartum
1339 1351 1466 1410 animal
1485 1349 1592 1408 simile
1606 1349 1698 1427 aqui·

147 1470 203 1514 nec
220 1451 361 1513 iteratur.
377 1448 564 1522 -Quidam
583 1467 639 1532 per
655 1466 741 1510 mare
756 1447 893 1510 vitreum
944 1454 990 1510 tce
1010 1451 1144 1510 volanti.
1162 1449 1219 1523 Qui
1241 1449 1327 1510 enirn
1348 1446 1499 1510 animalia
1520 1446 1580 1508 ista
1599 1445 1698 1509 Evan-

148 1547 329 1630 intelligunt
357 1545 554 1610 Poenitentiae
584 1552 830 1618 sacramentum,
862 1544 894 1606 in
949 1548 1078 1630 gelistas
1102 1549 1361 1630 interpretantur,
1383 1564 1440 1628 per
1461 1545 1576 1608 faciem
1596 1543 1698 1608 bumi-

148 1664 208 1729 quo
230 1665 300 1710 esse
323 1645 418 1708 debet
439 1644 510 1708 fons
534 1643 748 1706 lacrimarum.
951 1646 1000 1709 nis
1024 1645 1203 1710 llattbaeum
1229 1645 1401 1727 accipiunt,
1423 1644 1476 1726 qui
1503 1644 1627 1726 primus
1651 1650 1699 1705 est

186 1748 228 1807 Et
243 1747 279 1806 fn
300 1747 406 1806 medio
425 1745 510 1804 sedis
529 1753 559 1803 ef
580 1745 614 1803 in
633 1743 778 1802 circuilu
798 1743 895 1810 sedis,
951 1745 983 1807 in
999 1745 1110 1808 ordine
1126 1743 1449 1825 Evangelistarum,et
1464 1743 1587 1824 primus
1603 1742 1700 1805 Evan-

148 1853 288 1924 quatuor
302 1843 464 1902 animalia
474 1844 575 1917 plena
590 1843 693 1900 oculis
708 1849 785 1900 ante
800 1848 829 1898 et
847 1858 895 1898 re·
912 1841 935 1905 B
950 1843 1069 1925 gelium
1095 1843 1234 1924 scripsit,
1257 1841 1433 1904 secundum
1457 1841 1696 1922 Hieronymum.

150 1952 207 2002 tro.
231 1941 308 2016 lloc,
333 1948 368 2003 ut
390 1940 503 2002 asserit
526 1938 762 2020 Berengundus,
786 1955 896 2000 secun·
951 1943 1053 2016 Quum
1070 1959 1144 2022 ergo
1159 1941 1219 2003 boc
1235 1940 1303 2002 loco
1316 1939 1435 2001 animal
1451 1938 1572 2001 babens
1588 1938 1700 2001 facicm

149 2040 222 2102 dum
247 2039 414 2102 historiam
440 2046 523 2100 stare
547 2055 610 2100 non
637 2042 768 2120 potest:
792 2053 896 2117 neque
952 2039 1042 2121 quasi
1072 2038 1224 2112 bominiS,
1250 2037 1344 2100 tertio
1370 2037 1438 2101 loco
1463 2045 1609 2120 ponatur,
1636 2055 1699 2101 non

148 2139 231 2200 enim
249 2145 314 2200 tam
334 2155 451 2220 parvus
471 2154 624 2198 numerus
640 2134 796 2197 ambitum
812 2134 897 2196 sedis
953 2138 1078 2200 videtur
1099 2156 1156 2218 per
1177 2136 1283 2218 ipsum
1305 2136 1480 2218 significari
1501 2136 1673 2200 Matthaeus.

148 2245 178 2300 et
204 2237 406 2299 medietatem
432 2235 502 2316 ejus
528 2235 632 2318 potuit
655 2233 809 2298 obtinere.
836 2232 896 2294 Sed
993 2237 1054 2300 lsta
1081 2236 1231 2318 objectio,
1257 2255 1352 2318 quarn
1382 2236 1482 2318 aliqui
1512 2236 1699 2319 ponderant,

149 2334 356 2417 spiritualiter
381 2333 587 2414 intelligenda
616 2339 691 2394 sunt
714 2331 791 2394 haec.
818 2330 897 2404 Qua·
953 2353 1016 2398 non
1039 2336 1165 2397 videtur
1190 2335 1269 2397 mibi
1295 2335 1431 2415 alicujus
1455 2335 1618 2398 momenti.
1640 2335 1702 2398 Pri·

149 2441 218 2497 tuor
244 2451 321 2514 ergo
348 2431 509 2506 animalia,
535 2448 599 2493 non
629 2430 732 2494 solum
763 2436 898 2510 quatuor
955 2451 1017 2508 mo,
1045 2433 1195 2515 quoniam
1222 2432 1474 2496 contestantibus
1498 2433 1700 2515 Hieronymo

150 2530 440 2614 Evangelistas,sed
456 2537 488 2593 et
503 2530 669 2592 universos
684 2529 828 2590 doctores
844 2527 898 2588 Ec·
954 2531 1114 2614 Gregorio,
1141 2539 1172 2594 et
1195 2531 1266 2594 aliis
1293 2531 1402 2593 multis
1427 2532 1544 2594 sanctis
1569 2531 1703 2594 doctori·

150 2629 252 2694 clesie
268 2629 403 2711 signant.
414 2628 452 2691 Et
466 2627 541 2690 buic
556 2626 723 2690 assertioni
738 2625 834 2688 etiam
847 2625 899 2687 Be·
954 2630 1025 2704 bus,
1042 2631 1312 2712 quemadmodum
1331 2631 1416 2712 apud
1432 2629 1642 2704 Ezechielem,
1660 2630 1703 2692 ita

150 2728 188 2792 da
201 2737 232 2792 et
247 2727 397 2790 Albertus
412 2725 673 2791 concordant.Ait
687 2723 835 2806 equidem
848 2723 901 2786 Ee·
954 2737 987 2790 et
1000 2728 1060 2791 hoc
1076 2728 1145 2792 loco
1160 2747 1218 2811 per
1233 2729 1299 2791 baec
1315 2736 1450 2811 quatuor
1464 2728 1616 2791 animalia
1631 2747 1705 2810 qua·

150 2827 197 2902 da,
208 2845 267 2910 per
281 2834 418 2909 quatuor
432 2825 593 2896 animalia,
605 2824 636 2885 in
654 2822 714 2886 boc
730 2822 822 2896 libro,
835 2840 897 2884 non
954 2835 1027 2890 tuor
1041 2827 1249 2907 designantur
1263 2826 1481 2908 Evangelistae.
1493 2827 1638 2890 Ezechiel
1652 2846 1704 2889 au·
1716 2844 1851 2895 asenna

150 2943 278 3008 semper
291 2933 427 3006 quatuor
442 2921 659 3003 Evangelistas
679 2920 826 3001 intelligi,
842 2919 897 2982 sed
956 2935 1020 2988 tem
1042 2925 1156 2988 faciem
1178 2925 1317 2988 hominis
1338 2926 1427 3007 ponit
1447 2925 1550 3006 primo
1571 2926 1651 3001 loco,
1672 2935 1704 2990 et

150 3024 340 3105 quandoque
365 3021 533 3084 Ecclesias.
555 3020 670 3102 Atque,
691 3026 727 3080 ut
750 3017 827 3081 dicit
849 3017 898 3080 Al·
918 3024 1000 3088 Cibi
1025 3043 1081 3106 pcr
1103 3043 1173 3085 eam
1199 3022 1400 3104 significatur
1421 3023 1600 3104 blattbaeus3
1616 3024 1704 3086 simi-

151 3120 269 3196 bertus,
287 3138 344 3203 per
358 3127 495 3202 quatuor
511 3117 674 3191 animalia,
690 3135 802 3180 omnes
823 3135 899 3198 praa
957 3123 1029 3186 liter
1043 3123 1105 3185 bic.
1123 3122 1187 3185 Nec
1202 3121 1306 3184 obstat
1320 3122 1453 3184 variatio
1467 3123 1588 3184 ordinis
1606 3141 1613 3184 :
1630 3123 1705 3206 quia

150 3219 350 3292 dicatoreaet
366 3217 524 3301 precipue
538 3223 670 3298 quatuor
682 3214 898 3296 avangelista,
956 3221 1090 3284 diversis
1111 3220 1309 3303 respectibus
1330 3219 1414 3282 idam
1434 3219 1529 3282 aliani
1549 3221 1706 3304 preponi-

151 3317 265 3399 signati
281 3323 365 3379 sunt.
380 3317 536 3379 Dicuntur
550 3322 656 3377 aulem
678 3313 898 3398 predicatores
956 3327 1009 3382 tur
1036 3326 1131 3400 atque
1162 3318 1372 3400 postponitur.
1403 3318 1493 3393 ilinc,
1523 3327 1558 3381 ut
1585 3321 1705 3402 llayrno

151 3424 286 3497 quotuor
307 3413 467 3488 animalia,
484 3413 560 3496 quit
580 3414 618 3475 de
641 3419 777 3495 qualum
797 3410 899 3474 Evan·
956 3419 1010 3490 ait,
1036 3416 1181 3479 Ezechiel
1206 3417 1310 3497 primo
1337 3416 1427 3499 ponit
1455 3416 1630 3492 bominem,
1657 3437 1705 3480 se-

150 3513 240 3594 geliis
255 3531 368 3576 eorum
383 3511 566 3595 predicatio
581 3511 727 3574 sumitur.
741 3511 899 3592 —ltaque
957 3517 1061 3579 cundo
1075 3515 1212 3590 leonem,
1222 3516 1316 3578 tertio
1331 3515 1480 3590 vitulum,
1492 3524 1604 3598 quarto
1617 3517 1706 3599 aqui-

151 3629 263 3674 sensus
288 3618 337 3674 est
357 3630 364 3674 :
386 3610 458 3672 «Et
482 3610 515 3672 in
540 3609 646 3672 medio
670 3609 754 3672 sedis
771 3631 799 3682 u,
822 3615 900 3691 puta
957 3615 1031 3688 lam,
1052 3632 1182 3676 servans
1203 3613 1345 3677 historie
1366 3613 1511 3676 ordinem
1528 3631 1536 3676 :
1553 3615 1704 3696 quoniam

151 3709 313 3784 Ecclesia,
331 3708 362 3771 id
385 3714 433 3770 est
455 3708 538 3771 inter
559 3707 684 3780 fideles,
702 3727 718 3766 a
734 3714 766 3769 et
785 3705 818 3768 in
839 3705 899 3768 cir·
956 3714 1072 3797 primo,
1098 3721 1190 3775 natus
1215 3720 1263 3775 est
1287 3710 1431 3776 christus
1460 3719 1496 3774 ut
1518 3713 1630 3792 h0m03
1658 3733 1706 3776 50.

152 3809 239 3872 cuitu
253 3807 340 3872 sedis
351 3829 380 3882 ο,
393 3807 425 3870 id
440 3814 488 3869 esf
503 3806 536 3868 in
550 3823 629 3889 8er
643 3823 766 3878 fimum,
780 3806 819 3866 fid
830 3821 900 3887 pt0·
957 3812 1072 3886 cundo,
1089 3811 1264 3894 predicans
1280 3828 1391 3874 vocem
1407 3811 1514 3873 emisit
1529 3810 1705 3874 terribilem

151 3907 323 3988 tegendum
348 3913 379 3968 ef
403 3904 647 3968 custodiendum
676 3903 801 3977 fideles,
826 3909 900 3964 sunl
957 3911 1048 3991 quasi
1066 3910 1139 3990 leo3
1159 3910 1264 3984 tertio,
1281 3909 1314 3972 in
1337 3909 1485 3991 passione
1508 3909 1633 3972 oblatus
1658 3917 1707 3974 est

153 4013 322 4088 «quatuor
343 4003 494 4068 animalia
508 4026 537 4077 n,
559 4002 591 4066 id
613 4009 662 4065 est
683 4001 826 4064 universi
849 4000 901 4063 do·
957 4016 1109 4090 tanquam
1135 4008 1280 4087 vitutus;
1305 4015 1476 4090 postremo,
1500 4007 1643 4071 aseendit
1672 4009 1704 4072 in

153 4113 254 4168 olores
275 4112 307 4166 θῑ
326 4103 560 4186 Ρῐθᾶἰθὸίθΐθὸ,
577 4117 713 4183 quorum
733 4107 781 4164 esf
800 4118 900 4182 popu·
957 4106 1075 4170 coelum
1092 4115 1126 4168 ut
1140 4105 1256 4189 aquila.
1270 4105 1365 4168 Porro
1378 4105 1514 4168 loannes
1529 4106 1635 4188 primo
1650 4124 1704 4189 po-

153 4202 218 4266 lum
235 4203 290 4266 Dei
312 4201 352 4264 ab
372 4201 562 4264 adversariis
581 4219 646 4263 suae
666 4198 777 4262 salutis
799 4206 902 4280 prote·
917 4207 942 4270 D
957 4206 1005 4268 nit
1025 4206 1161 4279 leonem,
1182 4205 1257 4288 quia
1275 4205 1341 4286 jam
1366 4203 1509 4268 Christus
1530 4205 1668 4268 surrexit
1686 4224 1705 4268 a

151 4319 224 4384 gere
253 4319 261 4364 ε
289 4301 346 4384 qui
375 4299 463 4383 pleni
492 4306 568 4362 suut
596 4321 613 4358 t(
638 4297 740 4361 oculis
768 4305 842 4360 anto
871 4305 902 4360 et
958 4304 1104 4378 mortuis,
1120 4303 1213 4385 cujus
1228 4302 1455 4365 resurrectioni
1473 4301 1556 4365 fides
1576 4322 1705 4386 praeser·

153 4409 236 4466 retro
251 4425 281 4476 n,
304 4401 336 4463 id
355 4409 404 4464 est
425 4399 661 4482 Scripturarurn
684 4397 849 4472 doctrinis,
870 4405 902 4460 et
957 4403 1015 4464 tlrn
1041 4401 1190 4465 innititur
1216 4419 1223 4464 ε
1249 4401 1368 4464 idcirco
1390 4401 1526 4465 loannes
1552 4410 1705 4484 tanquam

153 4500 461 4566 considerationibus
493 4499 722 4582 pertinentium
751 4498 790 4561 ad
818 4499 901 4560 salu·
958 4501 1047 4564 testis
1064 4499 1316 4574 resurrectionis,
1333 4499 1438 4582 primo
1457 4500 1548 4582 ponit
1566 4500 1702 4565 leonem.

153 4610 229 4676 tem,
251 4620 288 4664 ae
314 4601 456 4682 undique
479 4598 715 4680 circumspecti,
737 4597 813 4679 quia
837 4605 901 4660 tarn
1011 4599 1161 4674 Quamvis
1199 4599 1320 4662 interea
1362 4605 1510 4680 praetaeta
1548 4600 1705 4682 expositio

153 4701 314 4782 preterita
334 4717 429 4781 quam
451 4697 558 4760 futura
578 4697 755 4759 attendunt.
958 4699 987 4762 S.
1006 4697 1160 4778 Gregorii,
1181 4717 1243 4779 qua
1264 4715 1322 4779 per
1343 4696 1507 4759 bominem
1528 4698 1703 4774 Mattheus,

192 4801 431 4874 Verumtamen,
453 4797 603 4880 quoniam
629 4803 708 4860 teste
733 4794 765 4858 B.
787 4795 902 4877 Grego·
959 4816 1016 4880 per
1030 4796 1167 4859 vitulum
1183 4795 1283 4858 Lucas
1298 4795 1463 4877 accipitur,
1479 4797 1607 4870 etc.,sit
1621 4815 1705 4860 corn·

153 4898 199 4962 rio
215 4917 314 4981 super
330 4896 540 4970 Ezechielem,
556 4902 588 4958 et
607 4895 784 4958 secundum
804 4893 902 4977 pluri·
958 4894 1066 4958 munis
1086 4903 1118 4956 et
1140 4893 1243 4974 bona3
1263 4893 1362 4976 aliqui
1387 4901 1493 4956 tamen
1517 4895 1704 4960 Sanctorum

155 5015 281 5060 morum
304 4998 469 5060 doctorum
489 5011 662 5058 consonam
680 4994 901 5068 assertionem,
958 4995 1052 5056 aliam
1081 4992 1262 5055 babuerunt
1290 4991 1586 5056 considerationem.
1613 4994 1703 5068 Nam,

154 5117 210 5180 per
225 5104 364 5179 quatuor
377 5093 529 5158 animalia
544 5101 679 5175 quatuor
694 5091 903 5173 Evangelistai
958 5093 1043 5154 sicut
1061 5092 1114 5154 hic
1134 5091 1245 5154 recitat
1264 5090 1357 5164 Beda,
1379 5091 1413 5153 Β.
1430 5091 1626 5172 Augustinus
1648 5111 1705 5174 per

155 5196 343 5276 signantur3
363 5194 546 5266 dicendum,
563 5192 647 5274 quod
667 5191 728 5274 ipsi
745 5191 811 5253 suis
826 5209 904 5273 pre
959 5192 1084 5255 leonem
1105 5189 1263 5252 intellexit
1281 5190 1473 5264 Matthaeum,
1490 5190 1640 5272 quoniam
1656 5208 1704 5255 re-

155 5293 370 5358 dicationibus
393 5301 425 5356 et
448 5291 602 5355 doctrinis
630 5309 687 5354 seu
710 5290 903 5371 evangelicis
958 5290 1043 5372 giam
1065 5288 1182 5354 Christi
1203 5288 1384 5372 prosapiam
1407 5289 1439 5351 in
1461 5289 1591 5353 exordio
1612 5307 1705 5353 evan·
