4164 6258
410 458 470 526 284
619 481 767 530 boninum
788 482 831 529 Vll
850 483 1137 530 nosrvhtrtlttratt.
1159 501 1195 513 ··
1217 483 1260 532 au
1279 483 1474 550 uu1o10s083
1496 484 1595 534 stulto
1614 483 1752 542 Quantus

411 660 444 716 et
463 652 667 737 culpabiliter
685 674 743 720 nos
765 656 931 731 habemus,
950 657 1035 739 quod
1055 655 1199 738 quoti-A
1215 656 1248 719 in
1263 656 1560 722 sanctificationem.
1577 657 1697 741 ltaque,
1713 656 1797 721 sicut
1809 662 1874 720 ante
1889 675 1935 740 per

411 753 464 817 die
479 760 526 817 tot
540 754 624 817 mala
643 755 886 830 committimus,
903 763 949 819 tot
967 755 1051 818 bona
1065 755 1157 818 omit·
1214 755 1356 838 linguam
1384 757 1576 821 servivimus
1606 755 1764 840 impietati
1788 754 1935 819 verborum

410 851 521 928 timus,
537 855 622 936 quod
644 853 738 917 toties
758 854 854 916 etiam
875 855 908 916 in
929 854 1059 930 orando,
1075 854 1158 937 psal·
1214 864 1246 919 et
1267 855 1525 936 suggestionibus
1546 856 1740 929 damonum,
1759 873 1847 928 vana,
1866 873 1936 917 men·

411 949 516 1027 fendo,
548 952 729 1016 meditando
760 961 792 1015 et
825 952 1015 1017 celebrando
1046 972 1157 1016 sumus
1214 955 1301 1030 dosa,
1325 955 1463 1038 perjura,
1485 955 1662 1038 pungitiva,
1686 952 1889 1028 fraudulenta,
1904 953 1937 1014 la-

409 1050 564 1125 distracti,
590 1051 767 1126 instabiles
793 1059 825 1115 et
855 1052 1033 1115 miserrime
1062 1060 1157 1134 atque
1215 1054 1312 1129 sciva,
1338 1054 1527 1117 detractoria
1556 1053 1771 1136 proferend03
1796 1052 1840 1114 sic
1862 1053 1937 1114 modo

410 1148 584 1212 vanissime
599 1157 789 1232 evagantes3
805 1150 946 1234 dumque
962 1168 1088 1213 summo
1103 1150 1158 1213 ob·
1215 1173 1274 1236 per
1289 1153 1429 1234 linguam
1450 1153 1628 1216 serviamus
1647 1153 1711 1215 lieo
1726 1158 1821 1233 atquc
1835 1150 1937 1213 virtuti·

409 1246 505 1328 jecto,
522 1248 587 1311 Deo
610 1248 778 1324 immenso,
796 1249 1039 1332 incomparabili
1060 1256 1091 1312 et
1111 1249 1158 1311 in·
1216 1251 1287 1327 hus,
1303 1251 1344 1314 ab
1363 1251 1514 1314 omnibus
1534 1250 1641 1314 verbis
1660 1247 1844 1330 hujusmodi
1861 1247 1939 1311 absti-

412 1345 710 1428 circumscriptibili
726 1347 809 1410 bono
824 1364 968 1410 essemus
983 1355 1049 1410 toto
1064 1347 1158 1410 corde
1216 1350 1331 1425 nendo,
1348 1356 1380 1412 et
1393 1349 1460 1412 sola
1475 1348 1577 1424 utilia,
1590 1346 1797 1412 aedificatoria
1810 1365 1845 1409 ac
1857 1346 1938 1408 heum

412 1442 539 1519 intenti,
555 1444 595 1508 de
610 1445 705 1508 rebus
719 1445 887 1508 vilissimis
905 1445 1090 1526 cogitamus.
1108 1446 1159 1509 Di·
1216 1447 1403 1510 honorantia
1422 1446 1519 1510 verba
1539 1446 1709 1528 loquendo,
1725 1445 1940 1526 alacriterque

412 1549 464 1604 cat
478 1542 615 1624 quilibet
630 1545 717 1607 omni
732 1544 834 1619 die,se
850 1545 956 1627 ipsum
972 1544 1157 1620 discutiens,
1216 1565 1278 1628 que
1294 1545 1470 1628 psallendo,
1482 1545 1652 1620 orando,et
1665 1545 1780 1607 devote
1795 1543 1938 1606 cantando.

276 1641 789 1711 rc2cr.12,exccrdecumEsdra:
807 1643 889 1706 Deus
907 1661 1009 1718 meus,
1026 1643 1159 1706 confun-
1216 1645 1488 1719 Quemadmodum
1517 1645 1593 1708 item
1619 1662 1677 1726 per
1699 1643 1807 1706 visum
1827 1641 1941 1704 offendi-

267 1724 289 1764 ⁰·‘
414 1741 471 1802 dor
485 1747 517 1803 et
531 1740 683 1804 cmhesco
698 1741 803 1804 levare
817 1740 932 1804 faciem
946 1760 1050 1805 meam
1065 1743 1103 1806 ad
1119 1751 1159 1817 te,
1216 1761 1288 1804 mus
1304 1743 1404 1805 Deum
1419 1760 1455 1804 ac
1469 1741 1567 1805 variis
1581 1739 1816 1803 deservivimus
1828 1738 1943 1812 vitiisli·

414 1839 561 1920 quoniam
575 1839 756 1922 iniquitates
768 1859 846 1903 meae
859 1840 1078 1923 multiplicatae
1089 1849 1161 1904 sunt
1178 1838 1201 1901 B
1216 1841 1361 1905 bidinose
1377 1839 1584 1924 inspiciendo,
1592 1840 1722 1902 choreas
1737 1845 1769 1901 et
1784 1836 1943 1921 spectacula

414 1957 511 2020 super
526 1945 623 2020 caput
637 1957 757 2013 meum,
774 1945 806 2002 ct
820 1945 950 2021 peccata
970 1957 1040 2002 mea
1055 1959 1161 2003 creve-
1217 1939 1381 2013 intuendo,
1398 1939 1545 2002 antelios
1562 1937 1776 2020 provocando,
1793 1954 1870 1998 vana
1881 1935 1941 1997 han·

414 2043 490 2098 runt
505 2056 607 2120 usqne
622 2038 661 2100 ad
676 2037 804 2101 coelum.
823 2037 938 2120 Sisque
952 2038 1161 2102 humiliemus
1216 2038 1338 2113 riendo,
1360 2037 1482 2100 illicitis
1505 2035 1744 2109 consentiendo,
1767 2052 1853 2097 nunc
1873 2051 1944 2117 pom·

414 2142 447 2197 ct
470 2134 685 2216 despiciamus
714 2153 843 2218 semper
866 2153 923 2198 nos
948 2137 1054 2219 ipsos3
1080 2143 1112 2199 et
1134 2137 1160 2199 si
1217 2155 1305 2220 pose,
1321 2155 1408 2199 nunc
1428 2135 1548 2199 furiose
1564 2134 1702 2198 videndo
1717 2150 1725 2196 ε
1743 2132 1792 2196 sic
1807 2150 1886 2194 nunc
1899 2151 1944 2214 per

414 2233 492 2317 quid
508 2233 584 2296 boni
600 2233 634 2294 in
649 2233 741 2296 nohis
757 2235 887 2308 est,[)eo
901 2254 974 2298 cum
989 2236 1161 2316 gratiarum
1217 2236 1323 2298 visum
1345 2236 1446 2298 Deum
1470 2233 1626 2297 honorare
1650 2250 1779 2314 semper
1801 2248 1944 2304 conemur,

415 2332 503 2395 omni
519 2331 642 2394 actione
662 2331 885 2406 attribuamus,
902 2330 1091 2397 accusantes
1105 2351 1162 2396 nos
1217 2333 1257 2397 ab
1272 2333 1424 2396 omnibus
1443 2331 1562 2394 talibus
1580 2329 1792 2405 abstinentes,
1807 2337 1839 2391 et
1854 2327 1946 2391 oculos

416 2430 503 2513 ipsos
522 2430 607 2512 quod
627 2430 718 2493 donis
738 2431 794 2494 Dei
813 2438 860 2494 tot
879 2431 962 2494 mala
979 2432 1160 2495 miscemus.
1218 2440 1342 2495 nostros
1371 2432 1513 2514 undiquc
1539 2429 1736 2504 cohibentes,
1761 2426 1946 2510 potissimum

270 2543 401 2596 amum.
456 2529 600 2611 Insuper,
624 2528 759 2591 dicendo
782 2529 963 2612 Apostolus,
986 2530 1072 2593 Finis
1096 2531 1164 2593 illo-
1218 2532 1251 2593 in
1267 2530 1403 2610 divinis3
1419 2549 1457 2592 ea
1471 2545 1547 2592 vero
1567 2528 1749 2590 intueamur
1768 2523 1947 2609 perquaad

417 2647 501 2700 rum,
527 2626 651 2690 scilicet
674 2626 837 2702 vitiorum,
862 2646 947 2691 mors
971 2636 1030 2703 est,
1053 2630 1163 2712 pandit
1218 2629 1274 2692 Dei
1290 2627 1593 2711 contemplationem
1610 2633 1642 2688 et
1656 2641 1813 2699 amorem,
1828 2625 1865 2687 ad
1878 2641 1947 2686 com·

418 2726 503 2808 quod
527 2725 605 2788 vitia
625 2725 664 2788 ad
686 2733 811 2789 aeternae
835 2727 1023 2790 calamitatis
1049 2728 1163 2810 perdu-
1218 2727 1426 2810 punctionem
1447 2734 1480 2788 et
1501 2724 1703 2789 devotionem
1722 2741 1890 2806 possumus
1907 2721 1948 2783 ad·

282 2841 342 2887 rere.
355 2846 389 2888 aa.
417 2833 494 2887 cunt
509 2823 683 2887 interitum.
702 2823 842 2887 Dicendo
859 2842 997 2907 quoque,
1015 2826 1104 2889 Servi
1119 2825 1163 2888 fa·
1217 2826 1332 2907 juvari.

417 2923 459 2985 cti
481 2924 556 2996 Deo,
572 2921 696 2985 habetis
716 2921 858 2984 fructum
875 2930 1016 2986 vestrum
1039 2924 1071 2985 in
1092 2943 1162 2986 san·
1257 2923 1416 3006 Amplius,
1440 2921 1710 3005 quemadmodum
1740 2939 1801 3004 per
1823 2919 1947 2982 auditum

416 3020 657 3095 ctificationem,
673 3020 776 3083 finem
794 3038 870 3084 vero
885 3021 983 3083 vitam
999 3030 1160 3096 aternam,
1177 3025 1199 3090 G
1219 3023 1315 3086 variis
1331 3021 1433 3085 modis
1448 3021 1663 3103 peccavimus,
1675 3019 1790 3082 illicita
1804 3017 1896 3082 verba
1906 3024 1950 3078 aut

416 3121 509 3182 docet
540 3119 624 3201 quod
658 3118 812 3182 meritorii
842 3127 931 3182 actus
961 3119 1164 3182 sanctificant
1219 3122 1360 3184 carmina
1379 3120 1518 3183 libenter
1534 3119 1712 3198 audiend03
1729 3119 1777 3180 sic
1798 3117 1888 3180 modo
1904 3133 1950 3197 per

416 3218 592 3292 hominem,
614 3224 709 3301 atque
733 3218 772 3280 ad
796 3217 893 3280 vitam
919 3217 1027 3298 gloriae
1051 3219 1165 3300 perdu-
1217 3220 1362 3283 auditum
1392 3236 1585 3282 veneremur
1613 3217 1807 3290 Creatorem,
1834 3213 1950 3298 pristina

417 3325 494 3381 cunt
515 3318 675 3382 eumdem.
693 3317 795 3390 Quum
817 3334 892 3398 ergo
912 3317 979 3380 haec
998 3317 1041 3379 ita
1059 3337 1093 3379 se
1113 3317 1164 3380 ha·
1219 3317 1273 3380 illa
1288 3318 1423 3380 vitantes
1443 3322 1584 3399 peccata,
1601 3323 1633 3378 et
1647 3314 1746 3378 verba
1762 3312 1899 3377 salubria
1914 3319 1950 3373 at·

416 3417 523 3491 beant,
540 3436 611 3499 quaa
633 3423 681 3478 est
703 3415 763 3478 ista
782 3415 908 3496 ignavia
927 3422 959 3478 et
981 3415 1165 3498 insipientia
1220 3435 1282 3500 que
1306 3415 1415 3478 divina
1438 3413 1548 3478 officia
1569 3413 1685 3496 cupide
1708 3412 1907 3475 advertendo.
1923 3409 1951 3471 Et

419 3523 537 3590 nostra,
553 3515 639 3597 quod
654 3521 718 3576 tam
739 3513 865 3576 remissi
886 3532 997 3576 sumus
1012 3514 1051 3576 ad
1066 3514 1164 3596 profi·
1219 3517 1303 3578 sicut
1318 3533 1374 3597 per
1388 3520 1509 3576 tactum
1525 3512 1747 3595 multipliciter
1766 3519 1863 3594 atque
1876 3526 1950 3572 enor·

417 3613 569 3676 ciendum
590 3613 623 3674 in
643 3611 805 3693 gratia,in
825 3612 912 3674 omni
932 3612 1060 3687 virtute,
1081 3612 1165 3675 dono
1220 3614 1314 3677 miter
1346 3614 1446 3675 Deum
1478 3611 1685 3685 offendimus,
1716 3610 1763 3672 sic
1798 3626 1882 3672 nunc
1908 3607 1952 3668 illa

417 3719 449 3774 et
479 3710 584 3773 fructu
615 3710 751 3792 Spiritus
783 3709 901 3784 Sancti,
926 3729 1025 3792 quum
1057 3718 1163 3773 tamen
1219 3713 1328 3776 omnia
1351 3710 1513 3793 fugiendo,
1538 3709 1751 3793 reprimamus
1776 3715 1893 3772 tactum
1914 3705 1952 3766 in·

418 3809 506 3872 omni
522 3808 599 3871 hora
614 3813 678 3870 tam
695 3807 822 3889 copiose
837 3826 874 3869 ac
891 3807 1081 3870 mirabiliter
1095 3825 1165 3890 pos·
1219 3810 1400 3875 verecunde
1419 3809 1650 3892 prosilientem,
1670 3813 1703 3870 et
1722 3806 1952 3889 disciplincmus

417 3907 519 3970 simus
550 3906 582 3968 in
613 3906 659 3968 eis
687 3905 846 3988 prolicere
873 3925 909 3968 ac
939 3906 1044 3980 ditari,
1069 3913 1164 3988 atque
1220 3903 1953 3991 castigemusquecorpusnostrum.Sicutitem

416 4012 568 4070 aeternam
590 4003 822 4066 beatitudinem
847 4003 939 4067 nobis
962 4011 1027 4066 tam
1049 4004 1165 4067 inaesti·
1220 4028 1277 4090 per
1296 4013 1425 4090 gustum
1447 4006 1651 4088 peccavimus
1666 4005 1758 4068 valde
1779 4005 1814 4067 in
1834 4002 1909 4066 cibis
1924 4017 1953 4061 ao

417 4103 579 4167 mobiliter
604 4102 817 4177 accumulare,
840 4103 1163 4166 exuberantissimum
1220 4107 1349 4190 potibus
1374 4105 1561 4187 crapulosis,
1584 4103 1797 4187 voluptuosis,
1820 4099 1953 4172 assiduis,

417 4203 509 4267 nobis
524 4203 710 4266 thesaurum
725 4220 928 4283 congregare,
938 4200 1164 4284 reponere,ob-
1179 4205 1205 4268 l)
1221 4206 1267 4268 sio
1292 4205 1385 4268 modo
1409 4222 1467 4286 per
1490 4203 1699 4266 abstinentias
1721 4210 1820 4284 atque
1846 4197 1954 4281 jejunia

415 4303 518 4365 tinere
534 4301 566 4364 in
583 4301 695 4365 coelist
710 4301 796 4363 Heut
814 4319 871 4362 cur
885 4300 924 4362 ad
939 4300 1165 4362 declinandum
1222 4302 1403 4366 satisfacere
1419 4303 1565 4365 etheum
1586 4301 1741 4364 honorare
1761 4317 1828 4363 non
1844 4296 1956 4361 dilfem·

416 4401 600 4484 quotidiana
623 4408 654 4464 et
678 4419 749 4483 quaa
771 4405 925 4482 putantur
946 4399 1069 4462 minuta
1093 4417 1165 4480 peo-
1222 4421 1302 4466 mus.
1328 4403 1459 4475 Rursus,
1486 4401 1569 4462 sicut
1598 4418 1655 4483 per
1680 4408 1786 4462 vestes
1816 4397 1954 4466 curiosas,

418 4508 487 4563 cata
502 4519 613 4562 sumus
629 4507 692 4561 tam
709 4517 832 4580 segnes,
845 4505 907 4560 tam
924 4497 1088 4570 incuriosi,
1100 4505 1164 4559 mm
1221 4500 1430 4583 pompaticas,
1447 4497 1639 4580 superfluas,
1655 4498 1812 4580 pretiosas
1827 4492 1957 4579 peccavi·

418 4599 628 4680 negligentes,
644 4617 744 4681 quum
764 4604 872 4658 tamen
892 4614 950 4678 per
970 4596 1024 4658 illa
1039 4615 1057 4658 a
1072 4595 1165 4678 spiri·
1222 4617 1304 4673 mus,
1316 4597 1362 4660 sio
1379 4596 1521 4660 modain
1538 4595 1593 4658 vili
1609 4603 1641 4658 ct
1655 4595 1782 4676 abjecto
1796 4595 1957 4678 gloriemur

419 4696 498 4759 tuali
519 4694 663 4778 profectu
683 4703 747 4757 tam
768 4695 974 4757 vehementer
993 4713 1028 4758 ac
1048 4694 1166 4757 lamen·
1221 4697 1347 4760 vestitu.
1365 4696 1404 4758 Et
1423 4702 1568 4758 ventrem
1589 4713 1684 4776 quem
1699 4693 1817 4758 vitiose
1837 4690 1956 4776 repleti·

420 4794 561 4858 tabiliter
579 4793 812 4875 impediamurf
1222 4815 1305 4870 mus,
1335 4795 1476 4858 virtuosa
1508 4793 1613 4857 esurie
1645 4791 1841 4875 affligamus.
1873 4791 1956 4855 Pedes

454 4893 648 4975 lmpleamus
663 4910 737 4974 ergo
751 4894 836 4974 quod
853 4893 883 4956 in
900 4893 1030 4956 exordio
1045 4893 1168 4957 hodier-
1221 4912 1301 4977 quos
1316 4894 1356 4957 ad
1371 4893 1560 4956 currendam
1576 4892 1661 4955 viam
1681 4891 1875 4974 perditionis
1888 4888 1958 4952 male

421 5013 469 5056 naa
499 4992 641 5075 epistolae
669 4991 812 5054 hortatur
840 4992 1010 5074 Apostolus
1041 5010 1048 5054 ε
1079 4992 1168 5056 Sicut
1222 4993 1410 5067 laxavimus,
1432 5010 1518 5054 nunc
1540 4991 1573 5053 in
1597 4989 1754 5064 coenobio,
1771 4989 1807 5053 in
1830 4988 1957 5060 collatu

421 5088 611 5156 exhibuistis
625 5088 767 5152 membra
781 5096 886 5152 vestra
901 5089 1020 5152 servire
1036 5090 1170 5153 immun·
1223 5111 1348 5156 camera
1368 5089 1598 5154 contineamus.
1616 5089 1725 5152 Manus
1744 5109 1819 5172 quaa
1834 5089 1959 5151 diverso

421 5190 507 5254 ditiae
522 5195 554 5251 et
569 5187 729 5270 iniquitati
744 5188 782 5250 ad
799 5187 1012 5270 iniquitatem,
1024 5189 1067 5251 ita
1083 5209 1168 5254 nunc
1223 5211 1294 5254 rum
1311 5190 1439 5255 fuerunt
1456 5189 1628 5253 criminum
1644 5184 1959 5261 instrumenta,modo

422 5288 570 5353 exhibete
596 5286 740 5350 membra
763 5293 868 5349 vestra
893 5287 1013 5350 servire
1036 5287 1168 5370 justitiae
1224 5306 1288 5354 non
1303 5290 1511 5353 extendamus
1527 5287 1588 5352 nisi
1609 5288 1648 5351 ad
1667 5305 1762 5369 opera
1776 5286 1925 5350 virtuosa
