4214 6254
397 535 546 584 polutum
568 537 602 583 111
623 535 696 582 rost
715 533 910 582 'l‘lllNlTATllll-
932 552 972 564 -
992 535 1167 582 summme
1188 536 1220 582 tlt
1240 535 1435 584 avenarum!

1634 517 1691 582 lDl

140 707 296 783 amiserit,
322 709 492 792 diligenter
514 729 585 774 eam
611 707 755 792 inquirit,
782 709 891 772 inven·
906 706 933 770 Α
947 707 1128 772 Zachariam
1144 709 1285 792 loquitur
1299 709 1443 774 Christus
1455 728 1462 773 :
1473 711 1580 775 Lauda
1593 719 1626 775 et
1639 711 1692 775 laa-
1728 726 1802 774 zoa.
1817 741 1839 781 a,

945 815 1023 880 tare,
1050 807 1119 870 iilia
1144 807 1230 882 Sion,
1253 808 1328 891 quia
1351 826 1426 872 ecce
1450 827 1509 890 ego
1532 811 1637 884 venio,
1660 816 1693 872 et
1707 793 1784 842 ¹⁰’¹¹·

140 812 207 869 tam
230 825 360 889 quoque
383 809 527 873 hilariter
550 807 684 891 suscipit
706 815 738 870 et
756 806 889 880 reducit,

13 905 244 970 rer.1,ac.multo
260 907 361 988 magis
376 906 476 970 Filius
491 907 546 970 Dei
563 907 706 970 omnium
724 907 889 978 Dominus,

140 1004 299 1078 homines,
316 1023 397 1086 quos
416 1024 475 1088 per
493 1023 605 1068 eorum
625 1003 754 1086 culpam
774 1023 810 1065 ac
830 1003 890 1065 da-

141 1120 275 1165 monum
294 1101 440 1165 fraudem
463 1103 580 1176 amisit,
597 1102 761 1184 requirere
780 1099 891 1163 debuit

139 1219 198 1281 per
219 1218 310 1262 suam
331 1201 481 1283 pietatem
499 1208 530 1262 et
543 1200 688 1280 gratiam,
705 1206 800 1281 atque
815 1217 889 1261 cum

138 1296 257 1378 gaudio
280 1298 423 1380 recipere
448 1299 488 1360 ad
513 1297 733 1380 poenitentiam
756 1305 788 1359 et
809 1296 890 1359 salu-

137 1402 214 1458 tem.
233 1396 342 1478 ltaque
362 1413 420 1478 per
436 1395 600 1458 hominem
622 1395 720 1458 istum
740 1393 890 1475 intelligi-

137 1501 190 1556 tur
215 1493 370 1568 Christus,
388 1493 443 1575 qui
468 1493 582 1557 habuit
603 1501 733 1556 centum
754 1512 840 1566 oves,
858 1493 890 1554 id

137 1598 187 1654 est
203 1592 443 1654 universitatem
460 1592 645 1674 angelorum
661 1611 698 1655 ac
712 1593 886 1655 hominum.

136 1689 250 1770 Angeli
271 1690 421 1772 equidem
442 1691 542 1754 sancti
558 1697 711 1754 vocantur
731 1709 806 1754 oves
822 1690 888 1764 Dei,

137 1796 271 1871 propter
294 1807 406 1852 eorum
430 1790 645 1854 innocentiam
669 1789 891 1853 obedientissi-

945 904 1095 967 habitaho
1111 905 1143 966 in
1160 906 1265 969 medio
1281 907 1344 985 tui;
1355 907 1603 989 applicabuntur
1617 925 1692 988 gen-

945 1011 993 1066 tes
1013 1003 1121 1067 multas
1140 1005 1180 1066 ad
1200 1005 1370 1068 Dominum
1392 1005 1425 1068 in
1445 1005 1499 1068 illa
1518 1005 1579 1068 die.
1597 1007 1692 1070 Porro

945 1102 1013 1164 haec
1037 1101 1209 1184 applicatio
1235 1103 1425 1185 populorum
1450 1105 1489 1167 nd
1513 1105 1625 1179 Deum,
1644 1113 1692 1167 est

945 1218 1056 1263 eorum
1079 1201 1255 1276 conversio,
1278 1208 1374 1283 atque
1395 1201 1620 1286 inventioque
1644 1204 1691 1266 in-

945 1299 1031 1360 venti
1062 1307 1178 1361 sunta
1202 1299 1326 1363 Christo
1352 1319 1359 1364 :
1387 1299 1504 1382 quibus
1529 1301 1562 1363 in
1587 1301 1692 1383 prima

945 1416 1001 1459 sua
1017 1396 1174 1460 canonica
1189 1397 1393 1461 beatissimus
1408 1398 1550 1480 loquitur
1563 1400 1689 1462 Petrus:

945 1494 1046 1557 Eratis
1068 1494 1239 1576 aliquando
1261 1495 1345 1558 sicut
1366 1514 1441 1558 oves
1462 1504 1603 1559 errantes
1611 1514 1619 1576 ;
1636 1497 1691 1559 sed
1721 1512 1838 1568 taetra,

945 1593 1090 1655 conversi
1111 1592 1188 1655 estis
1210 1612 1295 1655 nuuc
1317 1594 1356 1656 ad
1377 1594 1565 1677 episcopum
1588 1601 1620 1657 et
1640 1614 1693 1677 pa·
1706 1579 1740 1621 ²⁵·

945 1699 1063 1753 storem
1084 1691 1265 1754 animarum
1287 1701 1475 1755 vestrarum.

986 1792 1029 1851 Et
1052 1811 1153 1870 quum
1180 1792 1344 1851 invenerit
1369 1793 1475 1862 illam,
1496 1793 1635 1868 imponit
1657 1794 1693 1853 itt

139 1906 291 1970 mamque
309 1889 609 1971 promptitudinem,
626 1897 658 1951 et
672 1889 823 1972 quoniam
844 1887 890 1950 in·
905 1891 928 1954 B
946 1889 1097 1950 humeros
1114 1909 1188 1949 suos
1199 1893 1358 1966 pandens.
1376 1890 1441 1953 lloc
1460 1891 1525 1971 egit
1541 1890 1692 1965 Salvator,

138 1994 302 2048 cessanter
323 1985 514 2048 reficiuntur
530 2006 548 2049 a
567 1987 632 2049 Deo
652 1985 802 2050 beatifica
820 1986 890 2066 ejus

138 2083 304 2147 lruitione.
313 2084 467 2147 Similiter
482 2085 628 2148 homines
643 2102 718 2148 oves
734 2092 808 2147 sunt
821 2084 889 2159 Dei,

13 2197 31 2237 ἰ
43 2209 124 2246 mnu.
139 2183 320 2244 secundum
340 2181 420 2245 illud
436 2183 621 2257 Psalmistae,
635 2183 697 2246 Nos
715 2191 823 2245 autem
839 2199 892 2264 po-

13 2261 123 2308 ³³¹‘¹”¹⁷’
139 2281 239 2363 pulus
259 2281 329 2362 ejus
349 2289 381 2344 et
400 2299 475 2344 oves
492 2300 618 2364 pascuae
635 2281 705 2362 ejus
722 2301 729 2345 :
747 2281 831 2363 quod
852 2281 890 2342 de

140 2377 235 2441 bonis
262 2379 447 2442 hominibus
467 2380 532 2444 Deo
551 2379 775 2443 obedientibus
796 2379 891 2461 potis-

138 2477 262 2538 simum
277 2496 389 2539 verum
406 2485 464 2551 cst,
479 2477 630 2560 quoniam
647 2495 703 2560 per
718 2477 891 2558 gratiarum

139 2575 333 2638 charismata
348 2584 379 2638 et
394 2595 451 2658 per
467 2575 616 2638 Ecclesia
632 2582 829 2637 sacramenta
844 2593 891 2636 re·

135 2674 297 2737 ficiuntur
311 2693 329 2736 a
344 2675 479 2747 Christo,
497 2682 528 2735 et
544 2673 603 2736 sub
622 2693 687 2736 suae
707 2673 891 2736 directionis

135 2772 307 2836 ambulant
325 2775 422 2854 virga,
439 2773 515 2836 dum
536 2772 712 2834 secundum
734 2771 892 2852 evangeli-

135 2890 181 2934 cae
196 2870 277 2952 legis
289 2872 402 2933 vivunt
417 2871 813 2953 praecepta.Verumtamcn
826 2869 893 2951 qui·

135 2971 212 3032 dam
230 2969 333 3050 iniqui
346 2977 377 3031 et
389 2969 531 3032 nondum
548 2968 706 3042 nati,suut
721 2986 795 3030 oves
809 2967 893 3030 Chri-

946 1986 1146 2069 quicquum
1176 1987 1330 2069 quosdam
1354 1989 1535 2052 ludaeorum
1565 2006 1696 2052 conver-

946 2086 1047 2159 tisset,
1065 2102 1122 2167 pro
1145 2085 1209 2148 illis
1231 2093 1263 2147 et
1282 2104 1341 2168 pro
1362 2087 1488 2148 cunctis
1509 2087 1695 2150 hominibus

946 2201 1074 2245 crucem
1089 2183 1228 2265 propriis
1242 2183 1317 2246 tulit
1331 2183 1474 2247 humeris
1488 2185 1527 2247 ad
1543 2185 1695 2268 supplicii

947 2281 1052 2343 locum
1070 2301 1077 2344 :
1095 2282 1179 2363 quod
1200 2280 1347 2344 iaciendo
1366 2290 1496 2365 peccata
1518 2291 1624 2346 nostra
1645 2303 1695 2344 su-

947 2399 1004 2462 per
1018 2399 1051 2442 se
1068 2381 1216 2462 sumpsit,
1227 2381 1363 2462 portavit
1377 2399 1414 2442 ac
1430 2381 1499 2455 luit,
1509 2381 1599 2462 juxta
1614 2381 1694 2443 illud

945 2477 1033 2541 isaiae
1050 2495 1056 2540 :
1074 2478 1249 2561 Disciplina
1264 2479 1351 2560 pacis
1367 2487 1481 2542 nostrat
1496 2498 1592 2562 super
1607 2498 1692 2554 eum,
1709 2500 1840 2552 renuas,

946 2583 978 2637 et
1002 2576 1102 2638 livore
1126 2575 1196 2656 ejus
1221 2576 1321 2638 sanati
1347 2596 1468 2638 sumus.
1495 2576 1611 2640 Omnes
1637 2563 1695 2640 nos
1709 2568 1729 2609 ⁴·

946 2673 1037 2754 quasi
1058 2691 1133 2735 oves
1153 2673 1342 2747 erravimus,
1360 2673 1580 2756 unusquisque
1599 2675 1630 2736 in
1651 2674 1696 2737 vi-

946 2790 998 2833 am
1014 2789 1104 2832 suam
1121 2771 1308 2851 declinavit3
1325 2779 1356 2832 et
1371 2771 1525 2834 Dominus
1541 2772 1647 2854 posuit
1663 2772 1695 2834 in

947 2887 984 2931 eo
1002 2869 1202 2951 iniquitatem
1217 2871 1362 2932 omnium
1378 2871 1618 2932 nostrum.Verc
1634 2871 1697 2933 lan-

946 2986 1060 3050 guores
1086 2975 1210 3030 nostros
1237 2969 1305 3050 ipse
1331 2967 1414 3043 tulit,
1437 2976 1468 3030 et
1491 2968 1616 3031 dolores
1640 2987 1695 3032 no-

136 3069 177 3130 sti
201 3066 378 3130 secundum
398 3065 708 3150 praedestinationem
729 3073 889 3128 aeternam.
910 3068 1028 3132 Cstros
1044 3065 1113 3147 ipse
1133 3066 1279 3146 portavit.
1298 3065 1441 3146 Denique
1461 3065 1604 3129 Christus
1620 3065 1696 3128 lecit

137 3167 298 3228 Dicuntur
312 3172 418 3226 autem
441 3183 516 3228 oves
536 3165 585 3228 lrae
604 3171 745 3236 centum,
763 3171 892 3246 propter

136 3264 266 3326 numeri
281 3264 377 3345 hujus
392 3263 629 3346 perlectionem.
636 3263 817 3345 llarumque
831 3262 893 3324 ovi-

137 3383 195 3425 um
217 3362 313 3445 periit
333 3381 406 3433 una,
423 3361 499 3443 quia
519 3362 551 3424 in
572 3360 685 3443 primis
705 3359 891 3443 parentibus

138 3461 262 3523 inlecta
286 3459 347 3522 tuit
367 3467 398 3522 et
418 3460 542 3541 perdita
566 3478 622 3542 per
643 3458 797 3541 originale
819 3477 890 3540 pec·

136 3567 249 3622 catum
265 3565 377 3620 natura
392 3558 531 3619 humana
541 3577 547 3620 :
558 3557 705 3638 quoniam
720 3562 800 3617 teste
815 3555 892 3636 Apo

59 3689 71 3714 v
114 3691 119 3699 ·
137 3657 275 3730 stolo‚in
291 3674 355 3718 uno
372 3656 575 3738 peccavimus
589 3660 751 3728 omnes,et
765 3672 890 3716 eramus

137 3763 256 3820 natura
276 3753 337 3815 lilii
360 3754 423 3816 irae.

179 3856 300 3918 Nonne
314 3853 455 3912 dimittit
471 3852 651 3928 monoptota
666 3871 776 3910 nocem
795 3853 829 3909 in
840 3853 891 3909 de·

135 3959 239 4020 serto,
256 3960 286 4010 et
301 3951 393 4010 cadit
408 3951 453 4009 ad
468 3951 561 4008 illam
577 3968 649 4028 quta
660 3949 820 4025 perierat,
836 3950 890 4007 do-

135 4069 199 4108 nec
225 4050 372 4108 inveniat
396 4048 492 4107 eam?
514 4047 578 4109 Hoc
603 4047 680 4108 lecit
704 4045 890 4126 Unigenitus

136 4148 210 4220 Dei,
236 4147 312 4208 dum
338 4147 424 4208 cives
449 4145 605 4219 coelestes,
631 4153 707 4228 puta
730 4143 890 4224 angelicos

946 3164 1007 3226 hoc
1019 3163 1379 3245 ‹rgaudens»,quoniam
1394 3163 1468 3226 licet
1483 3164 1522 3225 de
1538 3163 1694 3246 passionis

947 3281 1011 3324 sura
1027 3261 1198 3322 acerbitate
1215 3261 1421 3324 vehementer
1435 3261 1566 3337 doleret,
1583 3261 1693 3324 Tristis
1734 3279 1822 3322 narra.

947 3367 994 3421 est
1011 3359 1190 3440 (inquiens)
1206 3359 1312 3420 anima
1333 3377 1403 3420 mea
1428 3377 1528 3441 usque
1550 3360 1588 3422 ad
1611 3376 1693 3421 mor·
1708 3355 1763 3393 “l'’
1776 3345 1810 3384 ³⁸'

946 3464 1010 3518 tom
1019 3474 1027 3535 ;
1037 3456 1138 3519 nihilo
1154 3457 1258 3518 minus
1274 3476 1313 3519 ex
1327 3456 1550 3519 ardentissima
1564 3458 1693 3520 caritate

946 3575 982 3617 ac
1004 3555 1243 3637 promptissima
1265 3554 1447 3617 obedientia
1469 3545 1691 3637 pati'volehat,

945 3662 1041 3735 atque
1061 3654 1100 3716 de
1121 3653 1226 3715 lructu
1250 3673 1314 3716 srrae
1337 3653 1494 3736 passionis
1516 3655 1692 3717 secundum

945 3753 1142 3835 superiorem
1157 3751 1269 3814 animae
1286 3760 1405 3834 partem
1418 3751 1510 3814 valde
1524 3752 1691 3834 gaudebat.

987 3853 1029 3913 m
1045 3853 1177 3910 veniens
1196 3853 1340 3920 domum,
1357 3861 1508 3911 conticeat
1527 3853 1646 3912 amicos
1663 3863 1693 3912 et

946 3951 1081 4018 vicinos,
1092 3951 1205 4008 dicens
1220 3951 1289 4009 illis
1303 3969 1314 4008 .·
1332 3951 1620 4025 Conpratulamimi
1633 3951 1692 4010 mi-

946 4049 993 4116 ti,
1004 4049 1083 4126 quia
1099 4049 1213 4106 inveni
1227 4067 1316 4107 ovem
1332 4068 1433 4106 meam
1450 4068 1522 4125 qum
1532 4049 1690 4123 perierat.

947 4145 998 4208 Sic
1018 4145 1162 4209 Christus
1183 4145 1214 4207 in
1235 4144 1287 4207 die
1307 4145 1513 4220 ascensionis
1530 4155 1692 4208 revertens

135 4245 286 4328 spiritus,
303 4243 434 4326 reliquit
453 4243 485 4306 in
505 4243 586 4306 coelo
603 4261 610 4305 :
628 4243 712 4325 quod
731 4243 783 4304 hic
800 4261 890 4304 voca·
905 4241 931 4303 D
947 4243 1123 4306 secundum
1147 4251 1292 4306 naturam
1317 4243 1490 4306 humanam
1514 4244 1553 4306 ad
1575 4244 1691 4308 coelum

134 4354 192 4407 tur
210 4343 383 4416 desertum,
399 4343 551 4424 quoniam
571 4359 629 4425 per
648 4349 776 4423 peecata
794 4341 891 4404 homo

135 4441 285 4506 deseruit
304 4441 394 4504 illud.
414 4441 528 4504 Dinon
547 4440 708 4520 angelum,
726 4457 789 4501 non
811 4439 891 4520 loga-

135 4551 213 4604 tum
236 4541 334 4614 misit,
352 4541 408 4603 sed
429 4541 461 4602 in
485 4539 613 4621 propria
634 4537 722 4600 venit
744 4555 889 4620 persona,

136 4646 308 4720 assumpta
333 4639 365 4700 in
391 4638 511 4700 unitate
535 4655 678 4719 personat
701 4643 812 4698 natura
836 4637 891 4697 hu-

137 4755 255 4816 mana3
275 4736 485 4820 quaesivitque
506 4753 607 4816 genus
629 4734 816 4808 humanum,
835 4752 891 4816 pro

136 4839 233 4901 illius
259 4833 466 4898 conversione
487 4852 523 4894 ac
546 4832 647 4895 salute
668 4832 798 4905 orando,
816 4851 892 4914 pra-

135 4935 291 5004 dicando,
312 4935 396 4996 inter
420 4933 564 4995 homines
587 4932 815 5004 conversando,
836 4931 892 4993 mi-

137 5034 252 5098 racula
274 5032 433 5105 iaciendo,
451 5039 584 5094 mortem
609 5031 713 5092 erucis
736 5029 893 5092 amarissi-

137 5153 230 5198 mam
247 5130 565 5216 patiend0,Spiritum
579 5130 727 5193 Sanctum
744 5129 895 5191 mittendo

136 5255 175 5298 ac
195 5229 408 5302 infundendo,
418 5229 583 5310 Apostolos
600 5237 786 5310 ceterosque
801 5229 894 5290 disci-

139 5333 239 5418 pulos
257 5349 315 5414 per
332 5329 488 5392 mundum
503 5327 699 5390 destinando.
717 5327 796 5390 Hinc
811 5327 894 5409 apud

947 4361 1133 4425 empyreum
1145 4343 1198 4422 (de
1213 4360 1277 4424 quo
1293 4342 1360 4424 ipse
1377 4342 1517 4424 loquitur
1529 4362 1535 4405 :
1548 4343 1582 4404 ln
1598 4344 1692 4406 domo
1706 4359 1837 4414 roman,

946 4440 1044 4503 Patris
1070 4440 1132 4501 mei
1159 4440 1339 4502 mansiones
1365 4441 1472 4504 multra
1495 4441 1593 4521 sunt),
1616 4426 1727 4504 illuc²'

946 4557 1038 4602 ovem
1055 4538 1212 4620 perditam
1229 4539 1411 4620 reportavit,
1424 4539 1499 4621 quia
1514 4549 1545 4602 et
1561 4541 1691 4621 plurimi

946 4657 984 4699 cx
1010 4635 1194 4698 hominibus
1219 4655 1297 4718 quos
1322 4637 1430 4698 eduxit
1454 4637 1493 4699 de
1516 4638 1626 4712 limbo,
1648 4659 1693 4702 se·

947 4753 1021 4796 cum
1038 4734 1156 4816 pariter
1175 4735 1396 4805 ascenderunt,
1412 4735 1502 4815 juxta
1519 4736 1597 4798 illud
1613 4738 1693 4820 Apo·

947 4833 1020 4895 stoli
1045 4850 1081 4893 ac
1104 4831 1276 4895 Psalmistae
1294 4850 1300 4894 :
1318 4833 1499 4896 Ascendens
1522 4835 1553 4896 in
1578 4835 1690 4910 altum,
1716 4851 1839 4910 aptam,

947 4931 1105 5013 captivam
1133 4930 1224 4992 duxit
1247 4931 1474 5013 captivitatem,
1501 4933 1588 4997 dedit
1611 4918 1840 5024 donaff³9⁹*““''·

949 5029 1142 5092 hominibus
1167 5029 1254 5092 Tunc
1279 5031 1474 5104 convocavit,
1497 5031 1527 5094 id
1552 5041 1610 5104 est,
1631 5034 1693 5096 sibi

949 5147 1116 5191 occurrere
1131 5129 1215 5202 lecit,
1226 5129 1367 5192 «amicos
1384 5137 1415 5192 et
1430 5130 1696 5205 viciuosn,videli-

950 5235 1000 5289 cet
1015 5227 1143 5307 angelos
1159 5237 1283 5290 sanctos
1300 5229 1415 5290 divinae
1432 5229 1584 5291 voluntati
1602 5231 1695 5313 plene

952 5334 982 5388 ct
1008 5324 1254 5388 inavertibilitcr
1278 5326 1500 5402 conformatos,
1521 5327 1629 5390 divina
1650 5349 1697 5392 sc-
