4214 6254
143 835 559 960 DOMINICA
603 835 878 959 PRIMA
915 837 1128 962 POST
1166 839 1692 964 TRINITATEM

519 1507 856 1596 ENARRATIO
894 1507 949 1595 IN
987 1508 1308 1598 EPISTOLAM

592 1771 669 1819 urus
689 1771 818 1819 clamas
838 1769 902 1818 ssr.
920 1753 1054 1818 lloann.
1071 1771 1113 1829 ιν,
1131 1753 1233 1819 ld-2l.

141 2049 283 2252 QUIA
302 2051 407 2114 adhuc
431 2068 495 2115 nou
520 2051 613 2132 longe
634 2069 654 2114 a
674 2049 889 2114 sacratissima
903 2049 929 2113 l
945 2057 985 2124 ta,
999 2049 1029 2112 id
1044 2059 1103 2124 est,
1115 2050 1171 2134 qui
1185 2052 1215 2114 ei
1232 2051 1445 2128 inheretuin
1461 2054 1526 2120 Deo
1541 2063 1687 2131 manete,

218 2150 409 2214 solennitate
423 2149 674 2224 Pentecostes,ln
689 2167 752 2232 qna
767 2149 806 2212 de
821 2147 889 2230 Spi-
944 2147 976 2210 id
1001 2156 1059 2224 est,
1080 2149 1290 2231 spiritualiter
1312 2151 1517 2235 finaliterque
1540 2154 1686 2237 quiescit.

136 2249 201 2310 ritu
225 2247 351 2324 Sancto,
372 2249 429 2332 qni
453 2247 567 2312 caritas
590 2247 780 2331 appellatur,
800 2245 888 2310 lesti-
943 2246 1046 2320 Quum
1070 2247 1157 2310 enim
1182 2249 1296 2312 caritas
1320 2249 1381 2314 ista
1404 2251 1446 2314 sit
1466 2251 1561 2327 Deus,
1582 2269 1690 2318 conse-

136 2346 220 2409 vitas
234 2346 350 2428 agitur,
365 2345 665 2421 recessimus,reote
680 2345 815 2430 epistola
829 2345 889 2408 ista
943 2361 1045 2426 quens
1067 2353 1116 2408 est
1134 2346 1243 2429 utqui
1264 2355 1372 2412 manet
1394 2349 1427 2412 in
1447 2367 1495 2424 ea,
1512 2349 1544 2412 in
1566 2351 1630 2414 Deo
1648 2351 1690 2414 sit

136 2445 170 2506 in
186 2464 252 2527 qua
264 2445 305 2509 de
322 2446 452 2510 caritate
470 2445 510 2509 lit
525 2445 657 2521 mentio,
674 2444 707 2508 in
727 2443 888 2508 dominica
943 2459 1085 2506 manens.
1096 2444 1189 2508 Juxta
1204 2463 1300 2528 quem
1316 2447 1447 2510 modum
1463 2448 1508 2510 ait
1522 2447 1685 2512 Christus:

138 2539 258 2622 legitur
279 2542 441 2608 hodierna.
453 2542 507 2607 Ait
525 2559 601 2624 ergo
620 2543 650 2605 S.
666 2543 801 2606 loannes
819 2557 826 2604 :
943 2539 1077 2604 Creditis
1095 2541 1129 2604 in
1144 2542 1256 2616 licum,
1272 2550 1305 2606 et
1319 2543 1352 2605 in
1373 2561 1424 2608 me
1439 2544 1568 2609 credite.
1585 2545 1688 2621 Quum
1702 2565 1836 2622 rmum,

176 2644 267 2704 Deus
287 2644 412 2703 caritas
432 2651 488 2704 est.
505 2642 590 2706 Deus
612 2641 724 2724 utique
746 2646 832 2704 amat
853 2656 888 2703 ae
941 2637 1029 2701 enirn
1049 2638 1192 2703 Christus
1211 2641 1253 2703 sit
1265 2659 1361 2704 verus
1381 2642 1475 2717 Deus,
1491 2660 1689 2727 consequens
1705 2635 1725 2674 ¹·

137 2738 258 2822 ipsum,
274 2739 330 2804 sed
350 2747 382 2802 et
400 2758 438 2804 ea
457 2759 528 2824 qum
542 2739 695 2816 condidit,
710 2738 886 2802 secundum
943 2744 991 2800 cst
1005 2737 1109 2820 utqui
1129 2737 1231 2802 eredit
1249 2739 1282 2802 in
1301 2740 1414 2816 Deum,
1430 2742 1538 2805 credat
1553 2742 1586 2805 in
1601 2743 1689 2807 cori-

137 2837 169 2899 id
190 2837 278 2920 qnod
296 2837 338 2901 ab
357 2839 428 2922 ipso
449 2838 560 2903 sortita
580 2845 666 2914 sunt,
682 2837 887 2921 quemadmo·
942 2844 1039 2910 atum,
1064 2836 1148 2898 sicut
1175 2837 1297 2901 ibidem
1320 2837 1518 2920 Augustinus
1546 2841 1686 2924 exponit.

12 2955 122 3011 aenas.
137 2935 217 2998 dum
238 2936 271 3000 in
290 2936 373 3002 libro
387 2936 558 3022 Sapientia
575 2937 694 3001 dicitur
708 2937 772 3000 [teo
789 2955 796 3000 :
813 2934 889 2998 Dili·
942 2933 1088 2998 Secundo
1112 2934 1159 2998 sic
1180 2951 1187 2998 :
1211 2936 1307 3010 «Qui
1332 2945 1441 3001 manet
1464 2939 1497 3002 in
1519 2939 1650 3003 caritate
1670 2961 1688 2999 s

135 3035 186 3117 gis
201 3036 396 3119 omniaque
415 3044 501 3112 sunt,
518 3044 549 3100 et
564 3035 646 3098 nihil
664 3035 760 3100 odisti
775 3051 887 3098 corum
942 3039 1057 3108 creata,
1073 3032 1105 3095 id
1125 3040 1184 3108 est,
1201 3033 1377 3110 caritatem,
1393 3054 1465 3118 qum
1478 3036 1581 3100 virtus
1600 3036 1689 3101 theo·

136 3152 210 3215 que
234 3132 351 3196 fecisti.
376 3134 472 3198 Porro
496 3134 528 3197 in
558 3133 800 3216 simplicissimo
822 3133 888 3196 lieo
942 3129 1044 3212 logica
1064 3138 1123 3204 cst,
1145 3129 1178 3193 in
1200 3150 1235 3194 ae
1256 3140 1353 3207 tenet,
1371 3154 1388 3192 c
1405 3132 1438 3196 in
1461 3134 1525 3198 Deo
1547 3142 1688 3198 manet»

137 3231 267 3295 realiter
286 3232 372 3296 idem
392 3239 468 3296 sunt
485 3251 597 3297 amans
617 3240 648 3296 et
662 3249 762 3307 arnor,
778 3230 925 3315 quem-B
941 3235 1094 3310 unquam
1125 3228 1158 3291 in
1189 3229 1303 3293 ultimo
1331 3229 1410 3304 linc,
1441 3239 1473 3294 et
1501 3232 1531 3295 ei
1560 3251 1687 3296 summe

135 3329 312 3394 admodum
331 3331 460 3416 sapiens
479 3338 512 3395 et
530 3331 686 3416 sapientia
703 3349 710 3395 :
727 3331 799 3394 ideo
813 3349 887 3394 vere
941 3325 1090 3400 adheret,
1116 3327 1267 3410 quoniam
1296 3336 1437 3392 mentem
1462 3337 1600 3394 creatam
1624 3332 1690 3395 Deo

135 3429 257 3492 dicitur
281 3430 364 3494 Deus
392 3447 483 3494 amor
511 3448 567 3494 seu
593 3430 717 3494 caritas.
744 3429 887 3512 Denique
940 3423 1083 3487 finaliter
1102 3424 1263 3508 copulare,
1282 3433 1314 3490 el
1335 3445 1406 3490 eom
1429 3427 1463 3490 in
1488 3427 1559 3512 ipso
1579 3429 1688 3493 iirmtt·

136 3526 311 3610 multiplex
325 3536 374 3592 est
386 3529 552 3592 distinctio
566 3529 716 3592 caritatis.
729 3527 784 3590 list
797 3545 886 3590 narn-
941 3539 986 3596 re,
1007 3539 1088 3603 opus
1112 3529 1160 3584 ost
1183 3522 1324 3586 wimiis
1348 3523 1473 3588 iniusae.
1498 3525 1607 3610 ltaque
1632 3527 1688 3610 qui

135 3643 200 3705 que
222 3625 337 3688 caritas
356 3635 560 3710 creataque
578 3634 627 3689 est
644 3625 747 3688 virtus
766 3625 885 3690 thoolo
942 3627 1049 3683 manet
1077 3621 1110 3682 in
1139 3621 1281 3695 caritate,
1306 3629 1414 3685 monet
1441 3623 1474 3685 in
1504 3624 1580 3700 Deo,
1605 3626 1689 3690 sicut

134 3721 219 3802 gica,
247 3731 279 3786 ct
302 3724 417 3787 caritas
441 3725 591 3798 increata,
617 3723 767 3818 videlicet
791 3724 883 3787 Deus.
941 3726 1128 3783 contentum
1153 3719 1186 3782 in
1211 3719 1405 3795 continente,
1428 3723 1566 3786 etaient
1592 3725 1688 3806 parti·

134 3821 259 3884 Caritas
274 3839 402 3904 quoque
417 3823 558 3886 increata
572 3821 799 3904 distinguitur:
811 3821 886 3905 quia
940 3819 1051 3900 cipans
1071 3819 1104 3880 in
1125 3817 1325 3901 participato,
1342 3820 1494 3901 quoniam
1510 3822 1624 3886 caritas
1643 3825 1690 3887 in·

133 3927 183 3983 est
198 3921 315 3984 caritas
332 3921 472 3984 increata
486 3920 630 3984 absolute
645 3919 740 3994 dicta,
752 3938 822 4002 qum
837 3927 886 3982 est
940 3915 1011 3980 lusa
1026 3925 1074 3980 est
1088 3917 1232 3999 quodam
1248 3917 1426 3982 similitudo
1440 3928 1473 3981 et
1487 3921 1688 4004 participatio

132 4021 244 4101 ipsum
259 4019 392 4100 diligere
407 4019 475 4094 Dei,
492 4019 567 4102 quia
583 4019 614 4081 in
631 4019 696 4080 Deo
710 4026 785 4081 sunt
799 4018 884 4080 idern
940 4015 1080 4077 caritatis
1100 4015 1257 4078 increatae.
1274 4017 1318 4076 ct
1332 4019 1421 4078 Deus
1439 4027 1557 4093 manet,
1574 4019 1606 4083 id
1626 4030 1685 4096 est,

132 4137 218 4193 esse,
244 4135 336 4200 posse
361 4126 393 4180 et
416 4135 518 4199 agere.
542 4117 597 4180 Est
620 4133 748 4199 quoque
771 4117 885 4180 caritas
939 4114 1077 4194 gratiose
1096 4113 1228 4188 habitat,
1246 4116 1283 4174 in
1297 4133 1343 4186 cc,
1359 4115 1443 4178 sicut
1459 4118 1686 4200 participatum

133 4217 279 4279 increata
300 4217 430 4298 spirata,
453 4215 585 4278 relative
606 4223 736 4297 accepta
752 4231 759 4276 :
776 4222 808 4278 et
825 4215 886 4278 ista
941 4213 973 4274 in
997 4212 1206 4294 participante
1228 4219 1260 4274 et
1280 4213 1447 4278 continens
1469 4215 1502 4278 in
1525 4225 1684 4283 contento.

131 4323 183 4378 est
205 4315 343 4397 ipsemet
364 4315 502 4398 Spiritus
523 4315 666 4378 Sanctus.
689 4313 749 4377 Sed
771 4313 885 4376 caritas
941 4311 1028 4375 Unde
1047 4319 1079 4372 et
1098 4311 1182 4372 Beda
1203 4311 1255 4373 hic
1276 4311 1320 4374 ait
1337 4329 1343 4373 :
1360 4313 1509 4378 Vicissim
1529 4316 1562 4378 in
1581 4335 1615 4379 se
1634 4318 1687 4380 ha·

132 4415 277 4476 increata
298 4413 444 4476 absolute
468 4419 606 4496 sumpta,
633 4412 813 4478 communis
837 4415 922 4479 estC
941 4410 1043 4473 bitant
1059 4409 1115 4492 qui
1134 4411 1277 4472 continet
1296 4418 1328 4472 et
1346 4411 1402 4494 qui
1420 4413 1612 4478 continetur.
1629 4417 1686 4480 lla·

132 4513 191 4575 toti
213 4511 509 4594 superdignissimae
528 4511 685 4584 Trinitati,
702 4519 734 4572 et
752 4511 886 4573 cuilibet
940 4508 1020 4572 hitat
1044 4508 1077 4570 iu
1098 4516 1128 4572 te
1147 4509 1241 4583 Deus,
1262 4510 1317 4572 sed
1343 4517 1378 4572 ut
1399 4511 1561 4576 contineat
1588 4523 1619 4576 te
1644 4535 1684 4579 ne

132 4611 291 4694 competit
309 4611 427 4674 divium
446 4618 477 4673 et
496 4609 644 4674 increatas
665 4611 818 4674 Personae.
835 4610 886 4672 Ni·
938 4607 1048 4685 cadas;
1074 4605 1197 4669 habitas
1221 4624 1347 4689 quoque
1372 4608 1405 4670 in
1429 4609 1504 4685 Deo,
1528 4621 1563 4674 ut
1587 4615 1686 4678 conti-

133 4710 202 4774 hilo
222 4709 341 4784 minus,
358 4709 442 4772 sicut
460 4708 617 4791 sapientia
634 4709 723 4783 Filio,
740 4709 786 4773 sic
805 4709 884 4771 cari·
938 4706 1044 4768 nearls
1065 4705 1099 4767 in
1120 4724 1168 4768 eo.

133 4817 180 4872 tas
197 4811 259 4872 ista
277 4809 501 4892 appropriatur
516 4807 649 4891 Spiritui
668 4809 793 4882 Sancto,
809 4808 885 4889 quia
978 4807 1018 4866 Ic
1040 4806 1098 4866 hoc
1116 4805 1264 4880 perfecta
1288 4813 1334 4864 est
1355 4809 1479 4868 caritas
1499 4811 1563 4871 Dei
1582 4813 1685 4874 nobis-

132 4908 270 4990 Spiritus
282 4909 415 4971 Sanctus
430 4908 574 4990 procedit
588 4925 645 4990 per
660 4907 788 4970 modum
802 4923 886 4969 amo·
937 4923 1023 4973 cum,
1038 4913 1075 4964 ut
1096 4905 1253 4980 fiduciam
1275 4905 1449 4966 taceamus
1468 4909 1506 4967 in
1523 4910 1578 4968 die
1588 4911 1685 4987 judi-

132 5007 189 5081 ris,
206 5014 320 5088 estque
341 5007 500 5070 emanatio
520 5006 702 5070 voluntatis.
937 5004 995 5072 cii,
1011 5002 1042 5064 id
1062 5009 1121 5076 est,
1137 5001 1222 5064 diem
1242 5001 1356 5083 judicii
1378 5023 1441 5067 non
1461 5004 1682 5084 formidemus,

172 5109 219 5168 Ec
234 5107 295 5186 qua·
308 5115 416 5166 manet
431 5108 467 5166 in
481 5107 750 5175 caritate,inl)eo
765 5114 881 5169 manet.
938 5101 993 5163 sed
1026 5099 1220 5163 liduciuliter
1254 5102 1484 5184 prestolemur,
1516 5107 1683 5188 cupientes
1702 5133 1828 5192 parram,

131 5205 199 5268 llos
214 5205 388 5288 dupliciter
407 5213 511 5288 potest
527 5203 673 5286 intelligi.
690 5204 796 5268 Primo
810 5205 856 5268 sic
873 5224 881 5270 ι
937 5199 1069 5263 dissolvi
1084 5207 1116 5264 et
1129 5217 1200 5264 esse
1216 5219 1290 5263 cum
1305 5201 1439 5265 Christo.
1448 5202 1534 5267 Unde
1549 5212 1582 5267 et
1596 5205 1683 5269 Chri·
1696 5199 1729 5240 ²³·

134 5325 151 5364 u
167 5303 229 5380 Qui
249 5311 357 5368 manet
376 5304 409 5367 in
428 5304 559 5368 caritate
575 5323 605 5379 a,
620 5303 744 5368 scilicet
762 5306 883 5370 increa-
937 5306 1006 5363 stus
1028 5299 1061 5362 in
1079 5299 1261 5382 Evangelio,
1279 5300 1319 5363 do
1340 5300 1393 5364 die
1414 5301 1547 5386 loquens
1565 5303 1680 5387 judieii
