4154 6258
478 532 625 582 DOEINIGA
647 533 699 580 nv
720 534 793 580 POST
813 533 1007 582 velillum.
1028 552 1068 565 -
1088 535 1187 582 salillo
1208 536 1318 583 ramus

1610 515 1668 581 tal

119 711 336 770 strumentum
366 703 408 766 sit
435 701 550 767 animae
578 709 610 764 et
637 703 729 786 quasi
758 721 869 766 servus
883 702 909 766 A
924 703 1063 766 carnalia
1078 704 1235 768 desideria
1250 705 1480 788 reprimuntur,
1491 712 1523 768 et
1540 704 1596 780 ira,
1613 704 1672 768 im-

119 805 235 887 ipsius,
251 803 357 866 anima
376 809 482 864 autem
504 801 581 865 finis
599 820 636 864 ac
656 802 785 866 domina
804 819 870 864 cor-

120 903 209 987 poris
232 903 295 977 sui,
317 909 394 964 tuno
419 918 535 983 corpus
559 900 731 982 subjicitur
753 901 869 964 animae

120 1002 249 1084 quando
269 1019 305 1064 ea
324 1005 452 1062 exercet
472 1017 543 1081 qua
562 999 737 1080 expediunt
755 999 869 1062 anima

120 1101 160 1162 ad
177 1100 325 1173 salutem,
343 1099 385 1161 ita
399 1098 484 1180 quod
500 1097 530 1160 ei
544 1096 653 1160 obedit
667 1116 703 1160 ac
723 1097 821 1160 servit
837 1098 870 1160 in

13 1198 216 1264 rcu.1x.bonis
231 1196 394 1280 operibus,
410 1195 493 1258 sicut
508 1194 552 1257 ait
566 1195 735 1277 Apostolus
752 1213 760 1257 ε
777 1195 871 1259 Casti·

10 1277 36 1318 ῃ·
122 1315 163 1378 go
178 1315 295 1380 corpus
310 1313 430 1368 meum,
447 1301 479 1356 ct
492 1292 525 1356 in
545 1293 731 1356 servitutem
750 1293 868 1375 redigo.

123 1396 213 1470 cuod
233 1394 316 1458 nihil
336 1393 422 1456 aliud
445 1400 493 1456 est
513 1410 609 1474 quam
631 1393 717 1475 quod
739 1393 772 1454 in
793 1411 871 1475 prae-

6 1507 111 1560 sumsi.
124 1494 206 1557 senti
222 1493 266 1556 ait
280 1490 414 1575 epistola
430 1509 438 1553 ε
454 1490 513 1565 Qui
527 1497 635 1553 autem
652 1498 727 1552 sunt
741 1490 869 1566 Christi,

124 1611 253 1655 carnem
275 1609 366 1654 suam
387 1587 620 1653 crucifixerunt
641 1608 714 1652 cum
734 1589 821 1653 vitiis
839 1599 872 1653 et

123 1689 402 1773 concupiscentiis.
421 1688 508 1752 Unde
529 1688 569 1751 ad
588 1688 745 1752 Romanos
767 1687 870 1752 horta-

6 1805 109 1855 uaaus.
122 1797 174 1852 tur
191 1807 199 1852 :
217 1789 285 1852 Non
306 1786 483 1852 exhibeatis
502 1785 647 1850 membra
661 1793 766 1849 vestra
782 1805 870 1849 arma

924 801 1087 884 patientia,
1097 803 1239 879 avaritia,
1249 821 1285 866 ac
1301 811 1413 867 ceteras
1428 803 1591 886 passiones
1606 803 1672 865 ani·

925 917 995 973 mae,
1012 909 1213 982 superantur,
1228 901 1319 983 juxta
1338 902 1417 966 illud
1432 902 1471 964 ad
1492 901 1669 984 Ephesios:

925 997 1035 1061 Omnis
1058 999 1247 1075 amaritudo,
1264 1007 1295 1062 et
1314 1000 1370 1074 ira,
1387 1007 1418 1062 et
1437 999 1623 1081 indignatio,
1640 1006 1672 1063 et
1701 1013 1819 1072 spatam,

925 1096 1046 1160 clamor
1065 1097 1194 1160 tollatur
1212 1098 1346 1162 avobis.
1364 1099 1451 1162 Unde
1471 1098 1503 1160 iu
1522 1097 1672 1180 prasenti
1686 1081 1720 1122 ³¹·

925 1195 1018 1258 docet
1031 1213 1068 1257 ac
1081 1195 1175 1276 jubat
1189 1195 1333 1278 epistola,
1351 1203 1386 1259 ut
1400 1214 1496 1278 opera
1511 1196 1615 1259 carnis
1629 1195 1674 1259 vi·
1700 1212 1778 1257 saraa
1790 1225 1812 1264 v,

926 1299 1041 1368 temus,
1058 1293 1208 1357 videlicet
1228 1293 1484 1368 fornicationem,
1503 1294 1672 1377 impudici·
1687 1277 1756 1320 Μ’·

926 1392 1014 1467 tiam,
1031 1392 1289 1467 comessationes,
1309 1391 1489 1468 ebrietates,
1507 1411 1544 1456 ac
1569 1399 1674 1456 cetera

926 1491 960 1553 in
979 1497 1066 1552 textu
1087 1490 1230 1572 epistola
1248 1497 1331 1553 tacta
1351 1498 1447 1573 atque
1469 1491 1621 1572 exposita.

965 1589 1055 1652 Circa
1070 1608 1141 1672 quae
1155 1589 1422 1653 considerandum
1438 1597 1486 1652 est
1501 1589 1675 1671 diligentis-

925 1688 1017 1762 sime,
1035 1689 1120 1770 quod
1135 1689 1219 1752 inter
1233 1697 1364 1772 peccata
1379 1696 1530 1752 aeternam
1545 1689 1674 1752 damna·

925 1788 1044 1851 tionem
1061 1788 1285 1870 promerentia,
1296 1787 1386 1870 ponit
1400 1787 1569 1869 Apostolus
1584 1787 1673 1862 iram,

123 1888 302 1971 iniquitatis
317 1894 458 1970 peccato,
474 1887 529 1950 sed
544 1905 632 1950 arma
647 1886 778 1968 iustitia
793 1887 865 1950 Deo.
888 1883 1026 1950 Brixam
1051 1894 1083 1949 et
1106 1887 1349 1950 dissensionem.
1371 1886 1516 1949 Timeant
1539 1902 1614 1968 ergo
1637 1904 1674 1948 ao

122 1987 395 2062 Quemadmodum
427 1985 514 2048 onim
546 1985 696 2067 princeps
724 1993 869 2048 terrenus

122 2087 174 2149 dat
189 2086 258 2150 suis
274 2084 432 2148 militibus
446 2103 483 2147 ac
499 2083 654 2146 ministris
670 2101 809 2165 congrua
822 2102 870 2146 ar-

123 2205 184 2260 ma,
207 2192 243 2246 ut
266 2201 323 2266 per
346 2201 383 2246 ea
406 2181 468 2244 sihi
492 2181 683 2256 deserviant,
704 2199 793 2244 suam
819 2201 871 2264 pa·

123 2285 217 2347 triam
232 2281 443 2355 defendendo,
453 2279 519 2343 suis
535 2279 679 2343 hostibus
695 2297 872 2362 repugnan-

123 2383 172 2456 do,
190 2389 286 2462 atque
306 2397 340 2441 se
363 2379 448 2461 ipsos
467 2397 485 2440 a
507 2385 608 2440 morte
627 2396 664 2440 ac
684 2376 871 2440 vulneribus

123 2477 359 2564 praeservand03
371 2478 418 2540 sic
432 2477 513 2540 Deus
529 2475 621 2539 nobis
637 2475 768 2538 contulit
782 2495 872 2539 mem-

122 2578 189 2652 bra,
209 2584 244 2639 ut
263 2594 320 2658 per
338 2593 375 2637 ea
394 2574 427 2636 iu
450 2573 542 2636 bonis
564 2573 715 2656 operibus
738 2575 800 2638 sihi
820 2577 872 2638 dc·

123 2675 313 2747 serviamus,
345 2671 520 2735 Ecclesiam
553 2671 753 2752 adjuvemus,
783 2673 870 2736 vitiis

123 2775 311 2847 renitamur,
337 2780 369 2834 et
393 2777 503 2833 contra
524 2770 704 2833 animarum
729 2772 871 2854 pericula

123 2873 319 2944 muniamur,
336 2869 495 2932 audiendo
514 2868 649 2932 verbum
666 2869 720 2931 bai
741 2889 797 2952 per
816 2890 870 2933 au·

122 2990 181 3033 res.
207 2968 480 3043 Quemadmodum
505 2985 581 3048 crgo
602 2968 811 3049 pravissimus
834 2987 870 3032 ac

924 1993 1073 2060 tremant,
1094 1986 1149 2068 qui
1173 1993 1239 2048 tam
1261 1985 1353 2068 proni
1379 1985 1514 2047 suntad
1536 1984 1673 2047 irascen-

925 2085 1013 2158 dum,
1030 2085 1068 2147 ad
1084 2085 1354 2157 contendendum,
1364 2084 1403 2146 ad
1419 2082 1673 2146 dissentiendum

925 2182 966 2245 ab
980 2182 1051 2244 aliis
1067 2183 1099 2245 iu
1114 2182 1165 2244 his
1181 2201 1252 2264 qua
1267 2181 1350 2245 bona
1365 2181 1531 2244 exsistunt.
1541 2181 1573 2244 Si
1588 2181 1675 2243 enim

927 2279 985 2342 ista
1005 2298 1043 2343 ex
1062 2298 1120 2344 suo
1139 2298 1256 2362 genere
1275 2287 1351 2342 sunt
1369 2286 1499 2362 peccata
1517 2277 1673 2353 mortalia,

926 2385 1021 2460 prout
1041 2378 1132 2440 docet
1154 2377 1335 2460 Apostolus,
1353 2377 1454 2440 multo
1479 2375 1579 2457 magis
1603 2393 1675 2438 eon-

926 2476 1061 2538 suetudo
1076 2493 1186 2538 eorum
1208 2475 1350 2538 mortalis
1371 2481 1419 2538 est
1433 2481 1465 2536 et
1479 2474 1570 2538 valde
1589 2475 1675 2536 dam-

926 2574 1052 2638 nabilis.
1083 2575 1245 2656 Reprimat
1279 2590 1355 2654 crgo
1387 2573 1610 2655 unusquisque
1644 2579 1675 2635 et

925 2675 1032 2736 vincat
1047 2693 1080 2736 se
1096 2673 1213 2756 ipsum,
1230 2659 1429 2754 ac'pessimaa
1449 2670 1673 2734 consuetudini

925 2773 1109 2836 reluctetur.
1136 2773 1280 2853 Regnum
1309 2770 1396 2832 enim
1426 2770 1580 2833 coelorum
1606 2770 1672 2832 vim
1694 2791 1820 2846 uertat,

925 2873 1053 2954 patitur.
1071 2872 1110 2932 Et
1132 2869 1280 2934 Salomon
1303 2875 1495 2951 protestatur
1512 2886 1519 2931 :
1536 2868 1605 2931 Nou
1628 2869 1672 2931 sis
1688 2859 1721 2900 ¹²·

925 2970 1028 3032 facilis
1048 2970 1087 3032 ad
1103 2967 1475 3049 irascendum,quoniam
1492 2966 1538 3028 ira
1554 2966 1587 3028 in
1603 2966 1674 3028 sinu
1689 2918 1821 3024 {pausa

121 3067 367 3131 infidelissimus
393 3070 594 3147 reputaretur
616 3065 761 3128 minister
784 3067 871 3148 prin·
888 3065 909 3130 C
925 3068 1013 3131 stulti
1030 3067 1220 3149 requiescit3
1237 3073 1268 3128 et
1288 3084 1409 3138 rursus,
1426 3064 1484 3138 Qui
1502 3063 1673 3146 impatiens
1701 3080 1819 3130 aravum,

120 3169 216 3251 cipis,
230 3167 286 3250 qui
301 3184 460 3249 perarma
476 3164 538 3228 sibi
552 3183 571 3226 a
585 3183 643 3227 suo
659 3165 804 3248 principe
819 3167 871 3228 da-

119 3275 161 3341 ta,
190 3267 394 3348 impugnaret
418 3263 573 3346 principis
603 3263 730 3345 plebem
759 3283 795 3326 ac
819 3284 870 3347 pa-

120 3365 230 3439 triam,
247 3370 279 3427 et
298 3362 436 3445 principi
457 3361 674 3443 injuriaretur,
691 3369 722 3425 et
741 3363 868 3425 tandem

119 3483 152 3526 se
168 3463 279 3545 ipsum
300 3461 475 3538 occideret3
491 3459 538 3521 sio
556 3459 785 3534 infidelissimi,
802 3481 871 3542 pes·

118 3562 194 3625 simi
219 3568 314 3642 atque
337 3558 519 3622 stultissimi
540 3564 615 3621 sunt
635 3575 746 3621 omnes
767 3559 869 3640 iniqui

118 3661 174 3744 qui
200 3659 254 3722 sui
284 3658 426 3740 corporis
453 3656 607 3720 memhris
634 3656 810 3719 abutuntur
837 3658 869 3719 in

117 3756 351 3822 contumeliam
374 3755 541 3830 Crantoris,
558 3755 736 3818 exercendo
754 3774 811 3837 per
833 3773 870 3816 ea

117 3874 220 3940 opera
248 3855 362 3918 vitiosa
390 3874 408 3916 a
437 3854 501 3918 lieo
529 3853 701 3936 prohibita,
731 3861 763 3915 et
791 3853 869 3915 alios

116 3953 375 4026 scandalizando,
392 3971 429 4015 ae
444 3953 588 4034 proprias
603 3952 725 4015 animas
744 3951 871 4034 spiritu-

116 4053 214 4116 aliter
228 4051 413 4116 occidendo.
431 4051 518 4115 Unde
534 4051 573 4114 de
589 4051 707 4113 talibus
722 4051 870 4114 Salomon

6 4171 101 4222 retis.
117 4151 266 4234 loquitur
290 4167 297 4212 ε
321 4149 495 4212 Stultorum
520 4148 666 4211 infinitus
691 4156 738 4211 est
760 4167 870 4210 nume-

925 3174 983 3238 est,
1009 3174 1159 3248 operatur
1188 3164 1366 3227 stultitiam.
1393 3163 1563 3244 Apostolus
1593 3179 1671 3244 quo·
1688 3147 1721 3187 ¹⁷·

924 3284 986 3346 que
1005 3263 1099 3327 :Noli
1120 3263 1254 3344 (inquil)
1272 3260 1379 3324 verbis
1404 3261 1595 3323 contendere
1608 3278 1617 3339 ;
1632 3261 1672 3322 ad
1700 3275 1718 3319 u
1730 3275 1819 3326 rimu,

924 3364 1004 3428 nihil
1022 3363 1108 3426 enim
1125 3361 1202 3424 utile
1218 3368 1276 3432 est,
1294 3359 1355 3422 nisi
1371 3360 1411 3422 ad
1429 3359 1671 3422 subversionem
1687 3341 1720 3382 ¹⁴·

924 3460 1135 3526 audientium.
1152 3460 1311 3540 Itemque:
1322 3457 1354 3521 Si
1369 3457 1441 3540 quis
1456 3457 1584 3519 videtur
1598 3474 1671 3520 con·
1704 3470 1777 3516 reor.
1791 3483 1820 3522 a,

924 3561 1079 3624 tentiosus
1103 3577 1183 3632 esse,
1203 3575 1260 3621 nos
1285 3557 1382 3619 talem
1406 3556 1671 3619 consuetudinem
1687 3535 1721 3576 ¹⁰·

924 3678 989 3723 non
1010 3657 1176 3731 habemus,
1197 3675 1301 3738 neque
1323 3654 1465 3717 Ecclesia
1487 3653 1553 3716 lici.
1577 3654 1673 3716 Multa

925 3757 1044 3820 etenim
1073 3754 1155 3817 mala
1184 3772 1223 3816 ex
1247 3753 1325 3815 rixis
1354 3761 1386 3815 et
1415 3751 1673 3816 contentionibus

925 3856 1082 3928 oriuntur,
1099 3860 1131 3916 ct
1147 3852 1351 3916 inhonestum
1368 3858 1416 3914 est
1431 3851 1481 3913 his
1496 3850 1584 3913 vitiis
1598 3849 1672 3912 sub·
1756 3847 1758 3852 ’

924 3954 1039 4036 jacere.
1066 3953 1196 4034 Propter
1219 3950 1305 4032 quod
1333 3950 1366 4012 in
1390 3948 1567 4012 Proverbiis
1596 3947 1672 4010 scri-

926 4060 1016 4136 ptum
1041 4058 1088 4113 est
1105 4068 1112 4112 :
1129 4050 1234 4112 Honor
1256 4056 1304 4111 est
1325 4047 1448 4111 homini
1471 4047 1527 4129 qui
1548 4054 1672 4128 separat
1685 4064 1818 4114 araus.

926 4171 960 4214 se
975 4171 993 4213 a
1007 4147 1276 4213 contentionibus.
1290 4147 1327 4208 Et
1342 4145 1419 4209 alibi
1435 4146 1590 4227 scriptum
1605 4152 1670 4207 est:

117 4269 183 4312 rus.
203 4249 293 4311 lstud
313 4255 418 4311 tamen
440 4247 621 4330 specialiter
641 4247 761 4310 faciunt
780 4248 870 4311 luxu·
886 4253 910 4316 D
925 4249 1083 4313 Memento
1098 4247 1345 4311 novissimorum
1361 4242 1672 4323 tuorum3et,Absti-
1711 4251 1784 4296 Ecoli-

115 4349 209 4423 riosi,
227 4347 331 4430 gulosi
352 4354 383 4409 et
401 4345 567 4421 vinolenti,
584 4347 639 4428 qui
662 4365 793 4430 corpora
815 4367 872 4410 sua

115 4449 184 4510 Deo
207 4453 394 4510 consecrata
416 4454 447 4507 et
467 4445 588 4528 templa
607 4446 743 4528 Spiritus
765 4447 871 4510 Sancti

115 4545 242 4608 effecta
266 4544 396 4617 violant,
422 4550 454 4605 et
482 4543 663 4607 daemonum
692 4543 872 4606 habitacula

13 4652 99 4706 Coma
115 4644 259 4717 faciunt,
285 4641 492 4724 membraque
517 4641 633 4706 Christi
662 4642 806 4705 membra
830 4643 873 4704 fa-

114 4745 212 4806 ciunt
236 4740 423 4805 meretricis.

156 4842 301 4922 lnsuper
327 4839 515 4901 sensualitas
545 4839 659 4902 rationi
690 4838 872 4920 subjicitur,

115 4941 198 5003 dum
231 4937 394 5020 appetitus
423 4937 595 5000 sensitivus
624 4938 670 5001 sic
698 4939 819 5020 regitur
842 4946 874 5000 et

113 5039 282 5110 frenatur,
299 5037 384 5117 quod
399 5037 485 5098 circa
500 5055 557 5098 sua
574 5035 709 5117 objectu,
726 5037 875 5100 videlicet

113 5135 293 5201 sensibilia
313 5140 343 5198 et
363 5133 501 5196 carnalia
521 5153 557 5196 ac
578 5134 706 5210 caduca,
724 5153 786 5198 non
806 5135 876 5198 affi-

114 5237 217 5308 citur,
237 5251 299 5297 neo
320 5239 476 5307 movetur,
493 5250 552 5296 nec
572 5241 731 5314 operatur,
748 5233 809 5296 nisi
831 5255 876 5297 se-

116 5335 274 5398 cundum
298 5339 390 5396 rectae
414 5331 545 5395 rationis
570 5332 747 5413 judicium3
768 5334 877 5415 sicque

927 4368 967 4412 ne
989 4355 1019 4410 te
1041 4366 1059 4408 a
1081 4347 1148 4408 lite.
1686 4315 1814 4366 extuans.

967 4447 1119 4510 Praeterea
1142 4445 1234 4506 docet
1258 4459 1315 4504 nos
1339 4447 1466 4502 sanctus
1491 4439 1671 4522 Apostolus,

927 4554 962 4609 ut
981 4544 1090 4608 omnia
1109 4542 1186 4604 vitia
1206 4539 1327 4602 caritati
1348 4539 1494 4602 fraternae
1518 4539 1675 4601 contraria

926 4644 1099 4726 fugiamus,
1116 4639 1265 4704 videlicet
1290 4637 1486 4712 iuimicitias,
1505 4637 1678 4701 aemulatio·

928 4763 995 4817 nes,
1014 4740 1162 4814 invidias,
1181 4737 1257 4820 quia
1276 4735 1422 4799 mortalia
1442 4743 1517 4798 sunt
1536 4743 1676 4818 peccata,

929 4841 1047 4924 quibus
1062 4837 1224 4901 damuatio
1237 4835 1372 4899 debetur
1387 4842 1512 4898 aeterna.
1531 4834 1591 4898 Sed
1605 4852 1678 4897 con-

929 4948 977 5002 tra
993 4938 1053 5001 hoc
1069 4936 1160 4999 multi
1178 4935 1244 5017 jam
1265 4934 1397 5008 faciunt,
1414 4933 1469 5014 qui
1490 4951 1554 4996 non
1574 4933 1678 4996 solum

930 5055 988 5120 pro
1004 5035 1122 5117 injuria
1136 5035 1182 5096 eis
1198 5033 1360 5106 illata,sed
1375 5031 1471 5095 etiam
1488 5049 1546 5113 pro
1562 5031 1681 5112 injuria

930 5144 986 5199 aut
1007 5135 1134 5198 laesione
1155 5131 1345 5214 propinquis
1364 5139 1419 5193 aut
1437 5129 1548 5192 amicis
1568 5147 1679 5192 eorum

932 5235 1078 5315 irrogata,
1091 5230 1277 5312 concipiunt
1291 5237 1400 5291 contra
1416 5227 1619 5308 injuriatores
1635 5227 1681 5287 in-

933 5333 1063 5406 vidiam,
1082 5328 1295 5402 inimicitiam,
1306 5335 1337 5388 et
1351 5325 1480 5409 propria
1493 5324 1680 5387 auctoritate
