4206 6258
355 509 504 557 nouimus
524 510 599 556 xxiv
619 509 693 556 rosr
713 507 907 556 rmmrarau.
929 525 969 538 -
989 509 1031 555 an
1051 507 1245 572 nmrcrosos;
1268 507 1367 556 sunam
1387 509 1524 566 ouaarns
1653 492 1712 556 637

164 686 250 761 ptus,
275 679 412 761 indeque
435 679 574 755 rediens,
595 677 913 761 compendiosissime
928 677 954 742 Α
970 677 1047 759 quid
1062 679 1215 741 orandum
1233 679 1274 741 sit
1292 678 1395 752 nobis,
1412 678 1563 741 videlicet
1576 684 1612 741 ut
1629 679 1712 740 Deus

164 777 274 840 docuit
289 777 367 860 quid
382 778 421 840 ad
437 777 594 860 praelatos,
606 777 684 859 quid
699 778 776 840 item
791 783 913 858 spectet
968 783 1097 858 praestet
1110 776 1203 840 nobis
1219 777 1395 852 caritatem,
1411 777 1638 850 humilitatem,
1659 795 1712 858 pa-

16 875 457 938 01022.=‚a.adsubditos:Non
473 875 914 957 cessamus(inquiens)oran·
967 876 1124 950 dentiam,
1152 883 1337 958 ceterasque
1365 877 1511 951 virtutes,
1540 895 1577 938 ac
1605 877 1714 939 divina

162 982 212 1037 tes
226 981 259 1037 et
273 975 470 1056 postulantes
486 981 522 1036 ut
535 973 735 1057 impleamini
752 973 912 1054 agnitione
968 974 1102 1056 implere
1118 983 1286 1057 praecepta,
1302 982 1334 1038 et
1352 975 1447 1056 digne
1465 975 1645 1038 conversari
1658 993 1712 1037 vo·
1737 993 1859 1051 sparsa,

161 1073 336 1137 voluntatis
364 1073 431 1137 Dei.
462 1073 583 1146 Quibus
611 1072 719 1136 verbis
748 1071 911 1146 docemur,
968 1073 1091 1136 catione
1121 1092 1184 1155 qua
1208 1093 1319 1138 sumus
1343 1074 1456 1138 vocati.
1482 1074 1518 1137 lu
1540 1073 1612 1136 aliis
1637 1091 1713 1137 vero
1728 1061 1747 1101 ¹·

160 1171 248 1254 quod
265 1171 305 1234 ad
324 1170 469 1254 prelatos
489 1171 647 1253 pertineat
666 1187 724 1253 pro
745 1168 807 1232 sibi
827 1185 912 1231 com·
968 1170 1151 1252 ignoramus
1165 1172 1243 1254 quid
1259 1173 1359 1254 magis
1375 1180 1489 1237 nostrae
1508 1172 1603 1236 saluti
1618 1190 1712 1256 expe-

160 1270 270 1333 missis
299 1269 533 1333 incessabiliter
556 1269 730 1352 deprecari.
755 1265 801 1330 dd
826 1267 912 1349 quod
967 1269 1042 1344 diat,
1052 1277 1084 1332 et
1098 1269 1176 1352 qnid
1190 1271 1330 1352 amplius
1345 1271 1467 1354 placeat
1481 1272 1546 1335 Deo
1560 1290 1597 1334 ac
1612 1271 1712 1353 magis

159 1371 267 1452 primo
281 1377 433 1433 tenentur
447 1387 486 1433 ex
501 1369 610 1432 debito
624 1368 675 1431 sui
692 1366 807 1441 oflicii,
823 1366 912 1428 dein·
966 1384 1026 1449 pro
1040 1367 1110 1449 ejus
1126 1367 1279 1431 consistat
1296 1368 1427 1445 honore,
1444 1377 1479 1432 ut
1497 1377 1572 1432 sunt
1591 1388 1713 1452 eaquae

159 1470 201 1532 de
225 1487 263 1532 ex
289 1475 422 1551 paterna
449 1475 481 1532 et
505 1467 667 1551 precipua
695 1466 825 1530 caritate
848 1483 912 1546 qua
967 1465 1000 1527 in
1025 1484 1059 1528 se
1083 1465 1301 1529 indifferentia
1325 1475 1410 1542 sunt,
1431 1475 1462 1531 et
1486 1468 1519 1530 in
1545 1475 1713 1550 utramque

159 1568 233 1630 illos
248 1575 399 1630 tenentur
413 1567 557 1649 diligere,
573 1566 668 1629 tertio
682 1584 721 1628 ex
737 1564 912 1628 considera·
967 1571 1090 1647 partem
1105 1583 1236 1646 vergere
1252 1573 1386 1648 possunt
1402 1585 1409 1628 :
1428 1573 1463 1629 ut
1476 1574 1552 1630 sunt
1570 1566 1712 1649 corporis

158 1666 247 1729 tione
274 1663 514 1728 insufficientiae
533 1663 681 1746 propriae.
697 1663 801 1736 Quum
823 1661 910 1724 enim
967 1662 1182 1737 infirmitates,
1200 1664 1315 1726 damna
1331 1683 1450 1739 rerum,
1462 1665 1654 1729 mutationes
1670 1666 1712 1729 lo

159 1783 201 1827 ex
222 1763 361 1846 propriis
381 1763 506 1826 viribus
525 1780 727 1844 nequaquam
746 1759 912 1824 sufficiant
966 1779 1089 1836 corum,
1106 1768 1137 1824 et
1159 1762 1221 1824 alia
1242 1763 1393 1826 exercitia
1413 1764 1569 1846 quaedam,
1586 1763 1619 1825 iu
1643 1763 1712 1846 qui·
1796 1799 1800 1806 ·

159 1862 341 1944 gubernare
357 1881 391 1926 se
407 1863 504 1944 ipsos,
521 1880 580 1924 nec
600 1860 765 1943 quidpiam
784 1860 911 1922 merito
928 1861 951 1926 Β
966 1859 1027 1923 bus
1045 1860 1142 1924 homo
1159 1859 1344 1942 frequenter
1362 1861 1532 1944 decipitur,
1546 1880 1583 1924 ea
1602 1869 1712 1945 optan-

159 1961 209 2024 rie
229 1961 379 2042 cogitare,
397 1960 483 2043 loqui
504 1968 559 2023 aut
578 1959 714 2042 operari,
732 1959 834 2022 multo
853 1958 911 2021 mi·
966 1959 1006 2021 do
1036 1978 1108 2041 qua
1139 1977 1204 2023 suaa
1233 1961 1442 2023 adversantur
1472 1959 1578 2035 saluti,
1610 1979 1710 2042 quum

159 2079 222 2122 nus
242 2077 281 2123 ex
302 2059 435 2141 seipsis
458 2057 628 2122 sufficiunt
647 2058 726 2120 alios
748 2075 857 2139 regere
879 2064 912 2120 et
965 2066 1071 2120 tamen
1092 2058 1197 2140 potius
1218 2058 1367 2140 opinetur
1385 2077 1423 2122 ea
1441 2058 1503 2122 sibi
1523 2076 1592 2122 esse
1612 2058 1711 2141 profi-

158 2157 293 2221 salvare.
317 2157 381 2220 Nec
406 2157 610 2240 prelatorum
636 2155 803 2218 instructio
827 2155 912 2219 valet
966 2175 1034 2218 cua.
1061 2157 1095 2218 ln
1122 2157 1239 2219 talibus
1268 2174 1344 2238 ergo
1368 2157 1505 2220 maxime
1530 2157 1710 2238 indigemus

157 2257 327 2321 audientes
350 2263 545 2329 convertere,
562 2255 624 2317 nisi
650 2254 737 2316 intus
761 2261 911 2336 operetur
966 2255 1176 2318 illustratione
1189 2255 1309 2329 divina,
1325 2263 1360 2318 ut
1375 2254 1568 2338 impleamur
1580 2255 1712 2337 agnitio-

156 2357 270 2419 unctio
304 2355 442 2438 Spiritus
474 2354 592 2428 Sancti,
620 2353 676 2435 qui
709 2353 908 2416 audientium
965 2371 1005 2415 ne
1020 2353 1193 2416 voluntatis
1208 2353 1264 2416 Dei
1280 2353 1314 2416 in
1329 2353 1405 2428 illis,
1422 2372 1481 2416 nec
1500 2353 1709 2435 decipiamur.

158 2461 284 2518 mentes
299 2454 448 2536 dignetur
463 2452 644 2515 illuminare
659 2460 754 2534 atque
769 2452 907 2515 afficere.
966 2451 1053 2514 Unde
1068 2451 1222 2533 quamdiu
1241 2451 1274 2513 in
1290 2451 1407 2514 talibus
1427 2470 1539 2515 sumus
1554 2451 1708 2534 ambigui,

156 2555 234 2618 ldeo
257 2555 336 2618 dicit
360 2553 529 2636 Gregorius
551 2553 742 2616 :Incassum
767 2551 845 2614 loris
869 2551 911 2614 la·
965 2568 1028 2614 non
1051 2550 1205 2613 debemus
1227 2551 1436 2614 determinate
1455 2559 1487 2613 et
1506 2551 1650 2615 absolute
1672 2570 1710 2615 ea

157 2653 252 2716 borat
282 2671 343 2716 vox
376 2651 589 2734 predicantis,
620 2651 682 2714 nisi
712 2651 798 2713 intus
828 2649 911 2712 adsit
964 2655 1125 2730 appetere,
1142 2649 1196 2710 sed
1212 2666 1285 2710 cum
1302 2649 1439 2731 quadam
1453 2649 1646 2724 conditione,
1665 2658 1711 2712 ut·

157 2749 270 2814 unctio
293 2750 431 2832 Spiritus
454 2751 561 2814 Sancti
585 2750 738 2814 docentis.
764 2748 910 2830 lndigent
965 2754 1038 2830 pote
1053 2747 1226 2809 dummodo
1241 2746 1305 2809 sint
1324 2764 1382 2828 pro
1397 2747 1453 2809 Dei
1473 2747 1593 2810 honore
1608 2756 1640 2810 et
1654 2766 1709 2810 no-

158 2865 236 2930 ergo
251 2849 371 2931 praelati
388 2848 617 2912 instantissime
632 2867 668 2911 ac
683 2847 910 2911 affectuosissi-
964 2853 1027 2908 stra
1048 2845 1158 2908 salute.
1175 2844 1254 2908 llinc
1274 2844 1406 2927 Sapiens
1426 2845 1470 2908 ait
1487 2864 1495 2908 ε
1512 2845 1587 2920 Quis
1607 2847 1709 2911 bomi-
1724 2868 1856 2926 sternia,

159 2967 213 3016 me
230 2966 288 3030 pro
302 2947 364 3010 sibi
380 2948 509 3011 creditis
524 2967 665 3023 exorare,
676 2955 834 3029 quatenus
849 2947 908 3010 mi·
963 2963 1041 3006 num
1057 2944 1174 3028 poterit
1192 2943 1274 3007 scire
1294 2944 1465 3008 consilium
1480 2944 1547 3019 Dei,
1564 2953 1619 3007 aut
1637 2947 1709 3028 quis
1725 2935 1758 2975 ¹⁷·

159 3046 434 3110 sericordissimus
460 3045 596 3128 Spiritus
626 3045 759 3109 Sanctus
784 3063 837 3109 eos
861 3045 907 3108 di·
925 3046 948 3111 G
964 3043 1081 3125 poterit
1102 3043 1239 3124 cogitare
1261 3042 1338 3124 quid
1361 3042 1439 3106 velit
1458 3043 1563 3107 Deusl
1579 3043 1617 3106 Et
1640 3063 1710 3108 sen·

156 3151 275 3226 gnotur
294 3143 380 3206 intus
400 3143 536 3224 gratiose
558 3143 744 3226 prevenire,
760 3161 906 3225 purgare,
963 3150 1153 3217 sumtuum,
1169 3141 1313 3216 Domine,
1331 3142 1403 3224 quis
1424 3141 1512 3216 sciet,
1528 3142 1591 3204 nisi
1606 3149 1641 3205 tu
1656 3144 1708 3206 de·

155 3251 191 3306 et
218 3243 259 3306 ad
289 3241 534 3323 intelligendum
564 3240 734 3305 salubriter
763 3261 833 3324 quae
861 3242 907 3304 eis
963 3240 1047 3304 deris
1063 3241 1304 3323 sapientiam,et
1318 3240 1444 3303 miseris
1459 3240 1605 3323 spiritum
1621 3247 1710 3304 tuum

155 3342 321 3416 dicuntur,
338 3359 466 3405 movere
483 3361 519 3404 ac
535 3340 703 3404 illustrare.
722 3339 818 3404 Orent
833 3358 907 3422 ergo
963 3339 1002 3403 de
1023 3340 1133 3404 coelisf

155 3439 280 3521 praelati
302 3456 361 3521 pro
382 3437 479 3521 lapsis
501 3446 536 3500 ut
554 3447 731 3519 resurgant,
747 3456 805 3521 pro
824 3446 907 3501 stan·
1002 3440 1143 3521 Insuper,
1151 3457 1190 3501 ex
1206 3438 1327 3502 eisdem
1342 3437 1449 3501 verbis
1464 3439 1616 3502 docemur
1630 3439 1708 3520 quid

155 3537 245 3600 tibus
270 3545 306 3599 ut
330 3535 512 3619 proficiant,
536 3554 593 3618 pro
618 3537 768 3599 omnibus
792 3544 828 3599 ut
851 3536 909 3600 sal-

157 3642 294 3715 ventnr3
316 3642 347 3697 et
371 3653 450 3717 quos
475 3634 614 3698 viderint
637 3635 738 3715 magis
762 3635 906 3718 pusillos,

963 3537 1003 3598 ad
1027 3537 1170 3600 subditos
1200 3537 1367 3620 pertineat,
1393 3537 1475 3599 scire
1498 3537 1648 3600 videlicet
1673 3556 1711 3602 ea

963 3655 1034 3717 quae
1054 3654 1164 3700 eorum
1179 3636 1379 3699 vocationem
1394 3643 1427 3698 et
1445 3643 1562 3698 statum
1583 3654 1710 3700 concer-

156 3734 260 3815 magis
275 3733 475 3798 defectuosos
489 3753 526 3796 ao
541 3733 666 3814 gravius
682 3733 906 3815 periclitantes,

157 3850 218 3916 pro
239 3831 304 3894 illis
326 3832 497 3895 instantius
519 3851 555 3894 ac
578 3833 777 3896 lacrimosius
799 3833 909 3915 depre-

158 3940 290 4010 centur3
301 3938 334 3994 et
348 3930 404 3993 ubi
420 3931 493 4012 plns
508 3930 619 3993 deficit
633 3931 809 3994 humanum
824 3931 909 3994 auxi·

155 4031 251 4105 lium,
273 4029 451 4092 ferventius
473 4029 653 4110 requiratur
674 4029 829 4093 divinum.

964 3743 1055 3810 nunt,
1072 3735 1209 3817 qualiter
1228 3734 1365 3798 debeant
1380 3733 1514 3817 obsequi
1537 3736 1612 3810 Deo,
1629 3737 1711 3799 relu-

963 3833 1042 3896 ctari
1057 3832 1266 3902 damonibus,
1278 3831 1356 3894 vitia
1371 3850 1531 3914 superare.
1546 3832 1711 3898 Discamus

963 3937 1085 4012 ergoet
1104 3947 1173 4006 uos,
1189 3937 1285 4012 atque
1299 3930 1427 3993 assidue
1441 3930 1655 4006 advertamus,
1671 3932 1710 3994 ad

963 4049 1034 4112 qum
1061 4049 1100 4092 ex
1130 4036 1236 4092 nostra
1260 4029 1426 4093 vocatione
1451 4036 1484 4091 et
1511 4030 1709 4112 professione

200 4128 356 4210 Deinceps
385 4146 424 4191 ex
454 4128 612 4210 praetactis
641 4127 746 4190 verbis
776 4129 908 4192 docetur
962 4127 1207 4207 adstringamur,
1226 4145 1285 4189 nec
1307 4127 1341 4188 in
1364 4127 1572 4208 supervacuis
1596 4135 1628 4190 et
1651 4127 1709 4191 im·

156 4229 237 4310 quid
252 4227 458 4310 presidentes
474 4243 532 4309 pro
551 4226 688 4288 subditis
704 4226 839 4291 debeant
854 4248 906 4292 ex·
921 4229 946 4293 D
963 4223 1198 4308 pertinentibus
1227 4241 1433 4306 occupemur,
1459 4224 1514 4286 sed
1541 4224 1632 4304 juxta
1655 4225 1708 4288 do

155 4345 260 4401 orare,
276 4325 337 4389 boc
362 4324 487 4388 scilicet
510 4331 545 4386 ut
568 4324 689 4387 subditi
712 4325 906 4407 impleantur
961 4323 1097 4386 ctrinam
1125 4322 1279 4404 Apostoli,
1310 4323 1343 4384 in
1374 4321 1462 4384 omni
1493 4340 1589 4404 opere
1622 4322 1706 4386 bono
1735 4340 1819 4386 osaea.
1837 4357 1852 4397 t,

153 4425 320 4506 agnitione
341 4424 515 4488 voluntatis
539 4423 606 4498 Dei,
628 4422 688 4486 boc
713 4432 761 4485 est
783 4424 904 4487 divino
959 4410 1205 4495 fructificemus,
1231 4423 1500 4503 quemadmodum
1526 4423 1619 4503 jubet
1642 4424 1708 4487 Sal·
1722 4405 1754 4448 ¹⁰·

155 4542 233 4586 rum
253 4531 485 4606 praceptorum
505 4530 537 4585 et
555 4521 812 4602 evangelicorum
831 4541 904 4585 con-
960 4529 1050 4586 vator
1076 4538 1083 4584 ε
1109 4520 1329 4583 Thesaurizate
1357 4520 1449 4583 vobis
1478 4521 1643 4585 thesauros
1671 4524 1704 4586 in
1726 4545 1851 4603 murae,

154 4621 318 4696 siliorum,
334 4628 366 4684 et
387 4639 498 4684 eorum
522 4640 593 4702 quae
615 4619 755 4702 amplius
779 4620 907 4702 placent
960 4620 1051 4684 coelo.
1719 4612 1754 4654 ²⁰·

155 4721 226 4784 Deo
244 4735 251 4782 :
271 4725 309 4781 ut
328 4719 438 4782 divina
460 4725 618 4801 precepta
636 4735 700 4780 non
725 4717 854 4781 informi
874 4725 906 4781 et
1000 4719 1132 4800 lnsuper
1146 4717 1210 4779 Deo
1224 4717 1307 4779 Patri
1321 4717 1396 4781 totis
1411 4718 1617 4799 regratiamur
1630 4739 1706 4802 prae·
1733 4742 1819 4792 consa.
1836 4759 1850 4800 t,

153 4819 246 4882 nuda
266 4817 389 4892 notitia,
406 4820 461 4882 sed
481 4817 614 4881 formata
634 4836 671 4879 ac
693 4817 833 4899 practica
851 4834 906 4880 no
961 4817 1089 4891 cordiis,
1103 4816 1178 4898 quia
1193 4816 1232 4878 da
1247 4823 1401 4898 potestate
1416 4834 1474 4880 uos
1488 4819 1607 4902 eripuit
1620 4828 1707 4884 tene·
1720 4807 1798 4863 Μ·

152 4924 250 4982 scant
264 4915 408 4990 scientia,
423 4917 533 4978 eadem
548 4914 673 4979 fortiter
692 4917 904 4997 exsequendo.
960 4917 1102 4989 brarum,
1118 4914 1178 4977 boe
1194 4921 1252 4988 est,
1268 4914 1307 4976 de
1326 4914 1466 4978 tenebris
1486 4916 1593 4979 saeculi
1614 4926 1646 4983 et
1659 4920 1706 4982 vi-

150 5019 194 5082 ln
213 5014 323 5078 multis
337 5021 446 5076 autem
460 5014 673 5096 agnoscimus,
689 5013 802 5076 saltem
822 5014 907 5077 nuda
960 5015 1014 5078 tiis
1030 5013 1147 5097 quibus
1162 5011 1207 5074 ibi
1221 5012 1356 5076 involuti
1372 5031 1498 5076 eramus
1512 5016 1622 5078 eduxit
1636 5034 1705 5093 uos,

151 5113 361 5196 cogitatione,
379 5113 456 5195 quid
475 5112 552 5175 velit
573 5113 727 5175 Dominus
748 5113 831 5176 Deus
854 5132 907 5176 uo·
961 5115 1005 5177 ita
1025 5120 1061 5174 ut
1079 5110 1185 5174 dicere
1207 5129 1280 5174 cum
1299 5110 1464 5174 Psalmista
1479 5112 1582 5174 valeat
1600 5116 1706 5179 omnis

151 5221 236 5289 ster,
255 5211 334 5294 qnid
359 5210 528 5285 consuluit,
544 5212 621 5292 quid
646 5212 808 5294 pracepit,
830 5211 906 5293 quid
961 5210 1130 5293 religiosus
1154 5229 1227 5274 vere
1257 5211 1388 5273 devotus
1418 5218 1450 5273 et
1478 5211 1542 5274 Deo
1565 5220 1703 5293 gratus:

150 5310 303 5397 requirat
324 5329 343 5374 a
366 5309 458 5373 nobis
484 5327 492 5372 ε
518 5316 550 5373 et
578 5311 611 5372 in
640 5311 758 5374 talibus
787 5310 907 5376 scimus
962 5309 1128 5375 Protexisti
1144 5326 1195 5371 me
1209 5327 1228 5370 a
1242 5315 1400 5372 conventu
1417 5309 1672 5392 malignantium,
1687 5331 1706 5376 a
1719 5332 1853 5389 eamne.
