4164 6258
326 509 475 558 oourmca
496 511 526 557 ιν
547 510 620 558 rosr
639 509 835 558 mrurrarmr.
855 527 895 540 ·-
916 509 958 558 au
979 509 1153 559 antimosos
1164 511 1174 576 ;
1196 513 1296 560 sanun
1316 513 1461 561 sarmuos
1606 498 1666 563 223

124 681 284 763 simplices
316 689 347 744 et
378 679 539 762 subjectos
571 680 665 744 etiarn
697 679 1024 744 monachosAvobis.
1047 682 1113 756 Quo
1138 687 1271 756 constat,
1297 684 1383 764 quod
1406 683 1489 747 sicut
1514 683 1609 747 homo
1633 703 1667 748 se

124 780 281 861 pertinere
307 786 410 863 potest
432 778 591 860 judicium
613 779 803 842 assertivum
828 779 867 842 de
921 777 1017 842 habet
1032 779 1117 842 circa
1132 779 1294 862 proximos
1309 797 1395 854 suos,
1412 781 1457 843 sic
1474 781 1556 843 Deus
1572 781 1669 846 habet

123 876 299 940 manifestis
327 885 359 940 et
388 876 661 940 inexcusabilibus
691 877 793 950 malis,
825 877 868 940 lo
921 895 955 939 se
970 877 1055 940 circa
1070 877 1171 939 illum.
1189 876 1277 940 Unde
1293 877 1348 959 qui
1363 877 1517 941 fratribus
1536 879 1603 942 suis
1618 899 1667 943 ca-

72 975 74 980 ’
122 976 247 1058 quaudo
265 976 305 1038 dc
323 975 445 1056 judicio
466 975 626 1038 interioris
648 974 866 1056 intelligentie
921 973 1051 1049 ritativi,
1068 974 1113 1057 pii
1130 973 1341 1056 liberalesque
1356 984 1431 1038 sunt
1446 995 1484 1038 ex
1500 977 1574 1040 totis
1589 997 1667 1060 prse-

121 1080 151 1136 et
173 1073 316 1148 rationis,
333 1073 417 1156 quod
442 1073 561 1136 dieitur
581 1073 740 1155 judicium
763 1073 866 1136 adbaa-
921 1072 1230 1148 cordiis,cousilium
1245 1072 1465 1156 auxiliumque
1481 1081 1667 1158 praestantes

120 1171 297 1253 sionis‚qu0
310 1171 493 1253 judicamus
507 1171 648 1253 aliquem
666 1171 748 1234 male
763 1172 865 1252 egisse
920 1170 1096 1232 secundum
1120 1170 1216 1244 vires,
1233 1177 1265 1232 et
1284 1171 1368 1252 quod
1391 1171 1510 1234 ellectu
1531 1190 1594 1236 uon
1615 1192 1667 1237 va·

119 1269 282 1352 Deumque
296 1269 481 1334 offendisse.
495 1269 538 1332 De
555 1269 725 1332 bisantem
742 1269 781 1331 de
797 1269 865 1350 qui·
921 1264 997 1341 lent,
1013 1275 1111 1348 agunt
1126 1267 1256 1342 affecta,
1274 1287 1332 1331 uec
1352 1270 1463 1344 amari,
1479 1271 1564 1333 acuti
1581 1273 1666 1334 duri-

119 1366 175 1429 bus
197 1368 335 1430 multum
357 1367 536 1451 probabilia
554 1367 683 1430 malitie
702 1367 792 1448 sigua
812 1387 865 1450 ap
919 1383 981 1448 quc
997 1372 1072 1428 sunt
1085 1367 1164 1430 alios
1177 1366 1666 1450 judicando,conquerendo,aut

118 1473 238 1547 parent,
251 1467 427 1549 presertim
443 1485 513 1548 quae
528 1465 743 1548 suspicionem
761 1465 864 1528 effici·
919 1464 1074 1526 ultionem
1089 1466 1270 1547 quaerendo,
1282 1467 1337 1528 scd
1352 1468 1485 1547 gratiam
1502 1467 1564 1531 sibi
1580 1485 1665 1532 com·
1689 1490 1808 1545 recrea,

119 1571 171 1626 unt
185 1564 447 1636 violentamlicet
458 1563 579 1626 eisdem
595 1583 667 1626 curn
681 1563 863 1626 condecenti
919 1563 1112 1626 manicatam
1138 1564 1171 1626 in
1195 1565 1384 1628 alterutrum
1406 1567 1629 1631 administrant
1655 1556 1712 1632 :¹⁰¹

118 1661 339 1745 probabilitate
358 1663 480 1745 absque
501 1663 675 1724 assertione
696 1661 864 1724 temeraria
919 1661 951 1722 bi
971 1661 1144 1744 specialem
1164 1671 1196 1726 et
1218 1665 1389 1726 maximam
1409 1684 1427 1728 a
1446 1665 1510 1728 Deo
1531 1667 1664 1748 gratiam

116 1759 268 1840 judicare.
281 1761 326 1822 ux
343 1759 462 1844 quibus
475 1760 607 1842 judiciis
623 1760 794 1844 procedere
811 1777 863 1842 po·
917 1759 1302 1842 adipiscuntur.ludicare
1316 1771 1423 1826 autem
1439 1764 1477 1826 de
1492 1764 1573 1840 aliis,
1583 1784 1667 1829 sum·

117 1865 177 1921 test
190 1866 225 1922 et
238 1858 333 1922 debet
348 1859 586 1942 proportionata
601 1859 759 1941 correptio
771 1875 778 1920 :
788 1859 863 1941 quia
878 1868 901 1931 Β
919 1877 970 1920 me
991 1860 1206 1940 periculosum
1228 1869 1276 1923 est
1295 1863 1484 1944 passionatis
1503 1871 1534 1925 et
1549 1865 1665 1928 amaris

118 1957 155 2019 de
184 1957 364 2021 manifestis
393 1957 497 2031 malis,
530 1977 601 2040 qum
629 1957 752 2019 scilicet
781 1956 862 2018 hene
919 1957 1115 2032 bominibus,
1139 1959 1342 2041 potissimum
1367 1960 1406 2023 de
1430 1961 1480 2024 bis
1504 1963 1666 2044 aquibus

116 2055 187 2118 fieri
224 2064 399 2138 nequeunt,
433 2056 654 2138 corripiendus
687 2063 735 2118 est
768 2055 864 2118 frater
918 2055 1059 2119 offensos
1080 2075 1114 2119 se
1133 2057 1337 2132 arbitrantur,
1354 2067 1386 2120 et
1405 2059 1490 2122 circa
1509 2078 1588 2142 quos
1610 2062 1666 2124 mi-

117 2173 188 2217 cum
209 2155 394 2229 assertione,
411 2155 496 2237 quod
515 2154 639 2216 scilicet
660 2155 701 2216 sit
723 2153 865 2236 culpabi·
919 2174 979 2218 uus
999 2155 1080 2218 bene
1099 2155 1297 2219 afficiuntur.
1316 2157 1347 2220 Si
1367 2166 1474 2220 autem
1497 2161 1666 2242 unusquis-

117 2253 175 2332 lis;
200 2253 241 2316 de
270 2253 492 2336 probabilibus
515 2271 592 2316 vero
616 2253 707 2316 malis
732 2253 865 2336 corripi·
919 2273 981 2337 quc
1004 2273 1037 2317 se
1058 2255 1164 2336 ipsum
1184 2256 1244 2318 rite
1263 2255 1423 2332 discutiat,
1439 2263 1486 2320 tot
1505 2257 1665 2321 calamita·

117 2352 217 2414 endas
243 2359 292 2415 est
315 2351 509 2415 moderatius
533 2359 564 2414 et
588 2369 662 2414 cum
692 2351 864 2432 probabili·
919 2361 977 2426 tes,
1003 2353 1271 2428 defectuositates,
1297 2354 1374 2416 vitia
1402 2363 1497 2437 atque
1523 2357 1666 2438 pericula

117 2457 188 2524 tate,
212 2468 272 2513 nec
295 2450 349 2533 pia
372 2450 535 2512 excusatio
559 2449 665 2512 fratris
691 2457 740 2512 est
763 2449 864 2532 repel-
919 2449 1096 2513 intuebitur
1111 2453 1142 2514 in
1159 2471 1193 2514 se
1213 2453 1293 2535 ipso,
1310 2454 1394 2536 quod
1416 2471 1479 2516 uon
1494 2455 1666 2537 occupabit

117 2545 219 2610 lenda.
920 2567 953 2611 se
969 2548 1146 2612 inordinate
1162 2569 1236 2613 cum
1252 2551 1325 2626 alio,
1337 2571 1395 2614 uec
1411 2559 1531 2616 temere
1544 2553 1666 2634 judica·

155 2646 313 2730 Deinceps
336 2647 551 2710 communiter
572 2646 702 2721 dicitur,
718 2647 803 2729 quod
825 2647 864 2709 de
918 2645 967 2708 bit
988 2647 1027 2710 de
1048 2647 1167 2731 aliquo,
1184 2667 1243 2712 uec
1262 2651 1452 2732 querulosus
1472 2651 1544 2725 erit,
1560 2670 1665 2734 neque

117 2744 285 2808 manifeste
301 2745 394 2808 malis
409 2745 553 2827 judicare
571 2746 799 2828 permittimur,
817 2764 864 2808 re·
918 2747 1087 2820 detractor,
1113 2767 1217 2830 neque
1241 2747 1336 2810 facile
1362 2748 1545 2811 offendetur
1569 2767 1575 2812 :
1600 2751 1666 2814 imo

116 2842 281 2924 probando
300 2841 433 2918 factum,
450 2860 513 2905 non
532 2843 705 2924 judicando
721 2851 776 2905 aut
790 2861 863 2906 con·
918 2847 1006 2908 omni
1022 2846 1211 2909 adversitate
1226 2855 1257 2908 et
1278 2846 1465 2911 confusione
1483 2867 1517 2910 se
1532 2849 1665 2930 dignum

115 2940 296 3003 demnando
320 2959 500 3023 personam.
518 2941 633 3004 Contra
656 2941 741 3023 quod
765 2940 863 3021 objici
919 2943 1154 3026 putabitatque
1170 2945 1201 3007 in
1218 2945 1347 3028 propria
1363 2964 1456 3009 causa
1473 2947 1665 3028 patrocinari

115 3047 235 3120 posset,
260 3039 345 3122 quod
375 3039 494 3102 factum
524 3057 692 3120 personam
721 3038 864 3102 denomi·
882 3050 903 3113 c
919 3043 1068 3105 studebit.

116 3145 168 3199 net
185 3155 193 3199 ε
211 3139 239 3200 si
263 3156 339 3219 ergo
363 3137 483 3200 factum
507 3145 555 3200 est
580 3136 711 3212 malum,
732 3155 808 3220 ergo
832 3145 864 3200 ct
958 3141 1129 3216 Postremo,
1147 3140 1290 3204 Christus
1311 3142 1343 3204 iu
1363 3143 1527 3226 cvangelio
1545 3143 1606 3207 isto
1621 3143 1666 3207 di·

114 3235 246 3299 facicns.
259 3237 390 3311 ltursus,
401 3255 498 3320 quem
512 3243 585 3298 actu
601 3237 777 3299 mortaliter
791 3255 863 3319 pcc·
919 3256 1005 3313 cens,
1021 3238 1183 3322 Numquid
1199 3247 1303 3322 potest
1317 3258 1420 3304 caecus
1435 3259 1555 3304 cacum
1570 3243 1665 3306 duce·
1679 3277 1769 3332 caeo,
1778 3281 1812 3322 39,

115 3342 242 3398 cautem
266 3334 496 3418 conspicimus,
515 3335 691 3398 mortaliter
712 3335 862 3398 vitiosum
919 3339 970 3398 ret
986 3354 1091 3399 noune
1106 3335 1202 3399 ambo
1217 3337 1249 3399 in
1265 3336 1390 3400 foveam
1406 3339 1541 3401 caduntt
1556 3359 1666 3423 percu·

113 3451 183 3496 esse
214 3435 347 3508 scimus,
376 3433 585 3518 judicareque
614 3453 793 3517 possumus.
825 3433 864 3496 Et
919 3434 957 3495 tit
980 3442 1012 3497 ct
1036 3435 1226 3498 condemnat
1250 3437 1461 3518 quorumdam
1486 3437 1665 3501 infelicium

114 3533 387 3615 respondendum,
412 3532 498 3614 quod
528 3550 697 3616 personam
719 3532 863 3615 judicare
917 3533 1137 3608 ambitionem,
1160 3534 1216 3617 qui
1238 3535 1383 3618 proprias
1407 3535 1664 3600 defectuositates

112 3649 168 3693 seu
192 3631 408 3694 condemnare
432 3630 518 3692 licite
540 3647 709 3712 possumus
735 3650 773 3694 ex
797 3631 861 3693 evi·
918 3649 981 3694 nou
1001 3631 1172 3706 intuentes,
1189 3653 1288 3714 quum
1306 3634 1371 3695 siut
1389 3635 1475 3709 vani,
1492 3635 1665 3718 passionali

111 3729 222 3792 deutia
245 3727 333 3804 facti,
351 3745 414 3790 uon
434 3727 565 3811 quidem
585 3728 784 3810 simpliciter,
802 3727 861 3791 hoc
918 3735 950 3790 et
970 3728 1009 3790 ad
1032 3748 1065 3792 se
1088 3730 1173 3812 ipsos
1195 3729 1310 3794 vitiose
1331 3730 1454 3808 reflexi,
1470 3733 1509 3795 ad
1529 3733 1664 3798 fratrum

111 3834 158 3888 est
183 3845 243 3910 pro
266 3834 332 3890 toto
353 3834 497 3909 tempore
520 3833 614 3909 atque
638 3826 789 3900 finaliter,
806 3828 861 3889 scd
918 3845 1047 3889 suorum
1064 3828 1214 3890 ducatum
1230 3829 1403 3911 adspirant,
1420 3830 1531 3894 officia
1545 3841 1662 3908 amant,

111 3943 168 4008 pro
191 3935 339 4008 tempore
363 3933 461 4000 certo,
479 3925 628 3988 videlicet
650 3925 803 4007 quamdiu
829 3925 862 3987 in
917 3926 955 3988 ad
972 3927 1189 4008 praelationem
1209 3946 1243 3991 sc
1259 3929 1418 4010 ingerunt,
1435 3931 1494 3992 etsi
1514 3949 1578 3995 uon
1599 3934 1663 3997 evi·
1687 3975 1692 3986 ·

112 4024 259 4088 mortalis
280 4025 404 4107 peccati
425 4031 497 4087 actu
519 4041 589 4086 esse
610 4022 815 4106 conspicitur.
916 4025 1039 4101 denter,
1060 4033 1167 4089 tamen
1191 4027 1344 4108 latenter;
1366 4035 1398 4090 et
1418 4030 1504 4111 quod
1526 4031 1663 4096 homini·

150 4123 261 4187 Simus
290 4140 366 4204 ergo
394 4121 522 4196 oculati,
548 4121 691 4202 rigorosi,
721 4121 860 4198 solliciti,
917 4122 977 4186 bus
1001 4123 1162 4186 insinuare
1184 4132 1335 4186 verentur
1355 4143 1392 4188 ac
1417 4127 1493 4189 sciri
1512 4147 1664 4193 verecun-

110 4221 357 4294 considerando,
375 4220 586 4295 discutienda,
602 4220 808 4300 dijudicando
825 4239 861 4284 ac
877 4230 902 4292 D
916 4223 1041 4296 dantur,
1057 4223 1117 4286 boc
1141 4231 1246 4285 mente
1271 4240 1377 4286 coram
1398 4225 1464 4288 ileo
1487 4233 1519 4288 et
1540 4227 1663 4294 Sanctia

109 4321 299 4404 castigando
314 4319 459 4403 proprias
474 4320 602 4402 culpas3
618 4318 664 4402 pii
679 4327 785 4382 autem
801 4319 861 4383 cir·
916 4319 987 4400 ejus
1006 4338 1116 4401 gerere
1136 4337 1199 4384 uon
1221 4319 1401 4384 formidant.
1421 4322 1444 4386 0
1462 4342 1558 4406 qaam
1579 4326 1664 4390 foeda

108 4439 145 4484 ca
170 4419 359 4484 confratres.
377 4419 416 4481 Et
437 4419 590 4482 facillime
614 4437 653 4480 ex
677 4425 743 4482 toto
767 4419 861 4483 corde
916 4426 964 4481 est
978 4419 1082 4482 cordis
1102 4436 1212 4482 eorum
1233 4437 1338 4482 coram
1359 4420 1424 4484 Deo
1443 4423 1587 4504 pictura!
1605 4426 1665 4488 lm·

108 4519 199 4584 omni
221 4518 390 4600 injurianti
409 4517 642 4598 indulgeamus,
658 4518 860 4600 quemadmo
916 4518 1094 4600 perfectum
1110 4535 1184 4600 ergo
1199 4537 1293 4582 suum
1309 4519 1503 4598 intueantur,
1520 4529 1552 4586 et
1566 4543 1663 4605 quam

108 4620 187 4683 dum
205 4619 240 4682 in
255 4619 421 4699 evangelio
435 4617 589 4681 hodierno
603 4618 694 4680 docet
709 4616 859 4692 Salvator,
917 4617 1132 4700 periculosum
1155 4617 1196 4679 sit
1220 4619 1390 4701 presidere
1413 4621 1600 4703 advertant;
1620 4632 1664 4686 at-

11 4749 94 4802 ,,,,,ῃ,
109 4719 251 4783 dicendo
272 4735 280 4780 :
302 4716 468 4791 dimittite,
491 4724 524 4779 et
546 4717 725 4780 dimittetur
748 4717 860 4797 vobis3
917 4735 979 4799 que
993 4716 1094 4779 divini
1109 4717 1246 4798 rigorem
1259 4718 1374 4798 judicii
1389 4722 1662 4802 pertimescentes,

109 4819 195 4894 date,
229 4825 263 4880 et
290 4815 417 4880 dabitur
445 4815 536 4879 vobis
565 4832 572 4877 :
600 4816 711 4878 eadem
740 4816 861 4899 quippe
917 4835 990 4878 cum
1018 4816 1132 4880 timore
1156 4827 1188 4880 et
1211 4825 1349 4882 tremore
1375 4840 1467 4885 suam
1490 4832 1664 4907 operentur
1677 4859 1807 4918 pppffl,

110 4937 267 4983 mensura
295 4936 358 4999 qua
387 4915 490 4980 mensi
518 4914 654 4992 fueritis,
677 4917 862 4980 remetietur
916 4916 1062 4980 salutem.
1078 4917 1127 4980 Ad
1148 4918 1285 4994 laudem,
1303 4927 1362 4982 etc.
1678 4927 1710 4968 ¹²·
