4140 6258
310 3602 427 3654 Lucania,

295 3669 329 3710 tl.

445 449 507 512 352
667 467 816 516 noururoa
837 469 858 514 x
879 467 952 516 rosr
972 468 1166 515 mmrrarnrr.
1188 485 1228 498 -
1248 467 1290 515 ao
1311 469 1506 532 asarotosos3
1528 469 1627 518 sanum
1648 469 1775 527 omanus

448 636 584 700 cutienti
607 657 640 701 se
665 639 838 714 maxillam,
864 638 1059 702 saturabitur
1081 655 1196 721 oppro-
1210 641 1235 704 Α
1250 639 1447 720 gravissimis
1467 639 1724 723 persecutoribus
1740 638 1907 712 condolere,
1921 659 1965 722 pro

304 753 431 808 varocus.
448 734 538 798 briis.
570 735 670 801 Omne
699 738 796 819 igitur
823 737 975 820 gaudium
1004 737 1197 800 arbitremur
1250 738 1439 802 adversariis
1460 737 1696 820 quantumlibet
1716 736 1862 819 gravibus
1879 755 1965 802 exorr-
1983 759 2049 804 uarii

448 851 550 914 quum
579 834 713 900 diversa
739 835 930 898 tentationes
959 853 996 898 ac
1020 834 1197 898 tribulatio-

447 948 504 992 nes
528 931 702 996 acciderint
723 932 834 1012 nobis;
854 951 914 995 nec
938 932 1111 1014 querulosi,
1137 932 1195 995 im-

444 1027 613 1109 patientes,
639 1029 826 1094 vindicativi
856 1030 1054 1111 rebellesque
1081 1030 1192 1093 simus.

485 1125 643 1204 Secundo,
666 1147 704 1191 ex
729 1135 880 1212 praetacto
902 1128 1017 1192 Christi
1042 1127 1125 1192 facto
1149 1128 1195 1191 in·

444 1225 597 1289 struimur
609 1245 701 1308 quam
715 1227 896 1290 admiranda
910 1245 946 1288 ac
962 1245 1083 1289 summa
1094 1225 1195 1290 fuerat

444 1323 558 1388 caritas
574 1324 644 1406 ejus
659 1326 698 1388 ad
714 1325 871 1401 homines,
888 1325 1068 1408 compassio
1082 1326 1121 1387 ad
1137 1325 1194 1386 ini-

445 1440 537 1504 quos,
564 1424 716 1506 patientia
742 1425 775 1486 in
799 1423 951 1487 adversis.
978 1424 1082 1498 Ouum
1105 1423 1193 1486 euim

445 1520 619 1604 inspiceret
638 1523 800 1586 civitatem
815 1523 938 1585 vitiosis
957 1522 1143 1585 hominibus
1162 1529 1194 1584 et

446 1619 677 1683 crudelissimis
693 1622 760 1684 suis
775 1620 920 1684 hostibus
936 1621 1075 1702 plenam,
1091 1639 1109 1682 a
1124 1620 1194 1702 qui·

444 1716 504 1779 bus
519 1725 551 1780 et
566 1718 598 1780 in
614 1729 679 1802 qua
689 1718 772 1781 vidit
785 1737 818 1780 se
834 1718 930 1801 paulo
944 1725 1016 1800 post
1029 1726 1092 1780 tam
1107 1717 1192 1798 ignc-

1250 854 1294 910 re,
1320 843 1351 898 et
1379 835 1568 899 benefacere
1596 835 1722 898 talibus.
1753 834 1838 909 Ouod
1862 825 1996 898 facilius“

1249 933 1417 998 observare
1440 933 1627 1016 poterimus,
1643 933 1671 996 si
1690 940 1842 1015 quantum
1862 941 1891 996 et
1906 953 1965 1016 quo

1248 1032 1309 1095 ties
1330 1050 1388 1095 nos
1409 1031 1471 1115 ipsi
1493 1031 1593 1094 Deum
1617 1029 1823 1107 offendimus,
1842 1038 1872 1094 et
1887 1050 1964 1114 quan-

1248 1137 1311 1192 tam
1337 1148 1498 1212 quamque
1526 1129 1728 1212 frequentem
1757 1128 1856 1191 nihilo
1881 1129 1964 1193 minus

1248 1228 1288 1291 ab
1308 1246 1346 1291 eo
1365 1228 1618 1292 misericordiam
1640 1226 1802 1290 consecuti
1823 1236 1965 1300 samosat

1249 1345 1375 1409 semper
1404 1327 1557 1408 consequi
1586 1325 1767 1408 cupiamus,
1792 1325 1848 1387 rite
1870 1325 1966 1388 intuea-

1248 1444 1331 1488 mur.
1348 1426 1430 1488 Dum
1446 1425 1553 1507 itaque
1568 1423 1708 1506 aliquem
1723 1430 1832 1486 contra
1847 1440 1899 1486 nos
1911 1441 1966 1486 con

1248 1524 1380 1586 citatum
1399 1523 1557 1598 videmus,
1572 1523 1649 1585 dum
1671 1522 1712 1584 ab
1731 1539 1770 1586 eo
1791 1521 1964 1604 injuriamur,

1248 1621 1349 1704 magis
1368 1621 1408 1684 de
1427 1639 1486 1683 suo
1504 1619 1668 1684 doleamus
1687 1627 1819 1702 peccato
1837 1639 1921 1703 quam
1937 1620 1966 1682 de

1248 1726 1356 1784 nostro
1389 1718 1573 1802 opprobrio,
1605 1737 1671 1782 sura
1705 1717 1848 1781 interiori
1876 1718 1965 1780 vulne·

444 1815 579 1879 miniose
595 1817 827 1900 paenaliterque
842 1816 1053 1894 tractandum,
1069 1833 1132 1879 nou
1152 1817 1229 1882 adB
1248 1818 1363 1881 rationi
1392 1817 1492 1899 magis
1526 1836 1621 1900 quam
1652 1822 1769 1880 uostrae
1795 1815 1965 1897 injuriationi

443 1913 663 1991 iuvidentiam,
673 1915 934 1996 indignationem,
947 1914 1190 1997 impatientiam,

443 2013 524 2076 iram
544 2022 599 2076 aut
620 2013 889 2089 maledictionem,
906 2015 961 2076 sed
983 2014 1022 2077 ad
1045 2014 1191 2076 intimam

444 2113 710 2194 compassionem,
736 2113 938 2176 lacrimosam
970 2113 1113 2195 ipsorum
1138 2113 1191 2174 de-

443 2211 653 2292 plorationem
670 2220 718 2275 est
733 2219 933 2295 provocatus,
947 2219 982 2273 ut
997 2218 1029 2274 et
1043 2229 1100 2274 uos
1116 2231 1190 2274 eum

443 2309 476 2370 in
503 2309 572 2372 istis
601 2311 765 2374 imitemur
788 2310 971 2384 virtutibus,
995 2310 1087 2391 juxta
1111 2310 1190 2374 illud

443 2406 585 2488 Apostoli
603 2427 610 2471 :
628 2408 734 2471 listotc
754 2408 927 2471 imitatores
948 2408 1015 2484 Dei,
1031 2408 1115 2470 sicut
1129 2407 1191 2470 filii

445 2505 621 2586 carissimi;
641 2514 674 2569 et
687 2506 848 2569 ambulate
864 2507 895 2568 in
912 2507 1093 2582 dilectione,
1109 2507 1192 2570 sicut

444 2610 476 2666 et
492 2604 634 2667 Christus
650 2605 762 2668 dilexit
777 2623 843 2668 nos.
862 2606 922 2668 Sed
939 2605 1022 2668 inter
1036 2606 1102 2668 haec
1117 2623 1193 2669 ocu·

443 2702 511 2765 lum
536 2704 651 2766 mentis
672 2703 712 2765 ad
734 2703 1000 2767 considerandum
1025 2721 1083 2767 nos
1105 2704 1191 2786 ipsos

444 2800 659 2865 reflectamus.
678 2803 754 2865 Puto
770 2803 855 2884 quod
871 2803 996 2877 caritas,
1013 2803 1191 2865 misericor·

442 2899 505 2973 dia,
537 2899 690 2982 patientia
720 2900 888 2963 lacrimosa
916 2900 1097 2975 Salvatoris,
1127 2918 1191 2963 non

1248 1915 1491 1998 compatiamur,
1517 1924 1549 1978 et
1572 1933 1646 1978 vere
1674 1934 1714 1978 ex
1743 1914 1838 1978 corde
1863 1931 1966 1978 oremus

1247 2033 1305 2098 pro
1327 2031 1374 2078 eo.

1287 2113 1456 2196 Deinceps,
1478 2112 1629 2195 quoniam
1649 2131 1707 2196 per
1727 2111 1895 2176 Jerusalem
1911 2110 1967 2173 alla·

1247 2212 1354 2294 gorice
1369 2212 1553 2293 designatur
1566 2210 1708 2274 Ecclesia
1722 2209 1873 2284 militans,
1886 2217 1967 2291 tropo

1247 2311 1349 2392 logice
1364 2319 1471 2373 autem
1485 2309 1607 2392 quaevis
1626 2309 1734 2372 anima
1751 2310 1890 2382 credens,
1903 2308 1966 2369 sicut

1248 2410 1390 2472 Salvator
1405 2409 1566 2473 civitatem
1584 2408 1673 2470 illam
1686 2408 1860 2470 Jerusalem
1874 2407 1966 2486 atejus

1247 2507 1455 2590 temporalem
1486 2506 1666 2569 vastitatem
1696 2524 1734 2568 ac
1764 2505 1966 2569 desolationem

1247 2605 1420 2688 deplanxit,
1442 2605 1486 2668 ita
1507 2623 1564 2668 nos
1587 2605 1684 2668 totius
1709 2605 1857 2668 Ecclesia
1876 2602 1967 2667 deflea-

1247 2724 1319 2768 mus
1338 2704 1475 2767 ruinam.
1494 2703 1738 2768 Consideremus
1752 2711 1870 2786 quauta
1884 2703 1918 2764 sit
1929 2702 1967 2762 de

1246 2803 1394 2866 formatio
1409 2803 1479 2885 ejus
1495 2802 1528 2865 in
1543 2803 1631 2865 omni
1646 2803 1850 2884 statu,gradu
1864 2808 1892 2864 et
1904 2799 1968 2862 ordi

1247 2920 1298 2977 ue,
1308 2903 1341 2964 in
1356 2901 1505 2984 praelatis,
1515 2900 1708 2984 pastoribus,
1718 2899 1966 2984 predicatoribus,

444 2998 551 3060 miuus
567 2998 742 3061 confundat
756 3015 814 3061 nos
830 3017 925 3080 quam
941 3000 1075 3062 erudiat.
1088 2999 1191 3073 Quum
1206 3002 1228 3066 C
1246 3017 1406 3064 asumma
1424 3018 1526 3082 usquc
1545 3000 1584 3061 ad
1603 2998 1767 3074 infimum,
1785 2999 1820 3062 in
1839 2995 1968 3062 coenobiis

444 3096 562 3159 etenim
584 3097 683 3159 llilius
703 3097 758 3159 hei
778 3105 842 3159 tam
864 3096 1064 3160 ineffabilem
1079 3099 1191 3160 carita-

442 3201 519 3270 tem,
546 3194 811 3278 compassionem,
842 3195 1110 3270 benevolentiam,
1137 3195 1191 3258 be-

442 3292 649 3356 neficentiam
672 3293 864 3357 adversariis
893 3293 960 3356 suis
983 3294 1191 3356 atrocissimis

442 3391 633 3466 exhibuerit,
664 3400 793 3476 tamque
823 3391 1106 3473 incomparabilem
1137 3411 1190 3475 pa-

441 3490 587 3553 tientiam
616 3508 653 3553 ac
682 3491 961 3553 mansuetudinem
991 3491 1076 3553 circa
1105 3492 1191 3573 ipsos

444 3589 628 3663 ostenderit,
655 3607 714 3670 pro
743 3588 862 3671 quibus
891 3596 923 3650 et
947 3589 1122 3652 crucifixus
1150 3589 1190 3652 ab

443 3687 489 3748 eis
509 3687 621 3760 oravit,
638 3688 715 3769 quid
737 3687 891 3770 estquod
914 3705 971 3750 nos
993 3687 1190 3770 pauperrimi

444 3792 476 3847 et
490 3784 611 3867 pusilli,
629 3787 713 3867 quod
733 3804 790 3849 nos
807 3786 1046 3849 nominetenus
1065 3786 1190 3867 religio-

442 3884 481 3958 si,
507 3891 571 3945 tam
597 3883 767 3966 passionali
795 3883 1042 3967 imperfactique
1066 3904 1189 3962 sumus,

443 3989 475 4044 et
499 3999 558 4064 pro
579 4001 676 4064 parva
699 3982 827 4064 injuria,
849 4001 907 4066 pro
932 3984 994 4046 levi
1018 3983 1116 4047 verbo
1136 3993 1191 4047 aut

442 4081 556 4164 quovis
579 4081 669 4162 siguo
691 4081 737 4143 sic
758 4082 994 4164 perturbamur,
1011 4081 1188 4158 irascimur,

1246 3099 1413 3179 utriusque
1436 3117 1531 3160 sexus
1555 3105 1650 3180 atque
1672 3097 1829 3179 collegiis,
1851 3092 1967 3158 inomni

1245 3197 1330 3260 clero
1353 3215 1389 3259 ao
1411 3196 1596 3279 populabit
1616 3215 1655 3258 ex
1679 3196 1798 3258 horum
1822 3191 1970 3276 diligentis·

1245 3296 1326 3358 sima
1348 3294 1611 3369 consideratione,
1637 3294 1864 3358 contristemur
1887 3307 1967 3372 usque
2047 3329 2048 3386 ,

1244 3395 1283 3457 ad
1309 3399 1462 3472 mortem;
1487 3393 1646 3455 deducant
1668 3392 1756 3456 oculi
1781 3391 1878 3456 nostri
1900 3387 2048 3474 lucri-usq]

1245 3511 1313 3556 mas
1338 3509 1395 3574 per
1419 3491 1505 3554 diem
1530 3499 1561 3553 et
1586 3499 1731 3570 noctem3
1752 3487 2015 3554 humiliatorium

1245 3590 1377 3674 pulvere
1406 3591 1512 3652 anima
1543 3596 1662 3664 nostra,
1691 3588 1922 3672 conglutinetur
1943 3585 1967 3646 in

1245 3698 1329 3751 terra
1352 3695 1464 3752 venter
1488 3695 1596 3751 noster
1603 3705 1611 3768 3
1632 3695 1664 3749 et
1684 3687 1836 3768 prostrati
1859 3686 1919 3750 solo
1935 3689 1969 3743 te-

1245 3807 1316 3864 nus,
1337 3787 1460 3850 viscera
1481 3785 1705 3850 misericordia
1729 3785 1788 3848 Dei
1814 3784 1907 3848 nostri
1927 3797 1970 3864 pro

1244 3885 1385 3965 generali
1400 3883 1627 3947 reformatione
1643 3883 1676 3944 in
1693 3883 1856 3946 universis
1870 3895 1970 3964 prauo

1245 3983 1374 4046 minatis
1398 3981 1665 4045 affectuosissime
1686 3988 1719 4044 et
1743 3975 1972 4044 indesinentissi·

1245 4101 1297 4145 me
1312 4083 1531 4164 deprecemur.
1548 4079 1668 4143 Eorum
1683 4097 1814 4162 quoque
1831 4097 1905 4162 quos
1917 4091 1971 4158 spe·

442 4189 537 4263 atqua
557 4180 596 4243 ad
617 4199 744 4244 omnem
764 4181 978 4256 devotionem,
994 4182 1188 4265 contempla·
1204 4185 1229 4247 D
1245 4181 1357 4244 elalius
1380 4181 1513 4261 diligere
1534 4179 1726 4260 obligamur,
1742 4189 1777 4242 et
1796 4197 1855 4262 pro
1875 4175 1971 4259 quibus

442 4279 573 4354 tionem,
596 4280 861 4362 tranquillitatem
888 4280 989 4362 inepti
1013 4279 1187 4356 efficimur,

442 4386 477 4442 ut
491 4397 566 4441 eum
580 4399 599 4441 a
614 4397 677 4461 quo
693 4395 750 4441 nos
768 4379 950 4461 judicamus
970 4380 1071 4454 laesos,
1088 4379 1189 4442 offen·

443 4495 505 4552 sos,
526 4485 737 4558 contemptos,
758 4478 812 4540 vix
837 4478 1001 4541 valeamus
1025 4479 1188 4560 adspicere

444 4582 476 4637 et
489 4574 594 4650 affari,
610 4575 673 4638 nisi
689 4575 770 4638 forte
785 4575 867 4638 facie
883 4584 972 4639 torva
985 4576 1190 4641 allocutione-

444 4691 506 4754 que
526 4673 626 4736 durat
641 4675 876 4749 Verumtamen,
894 4675 956 4737 uisi
978 4675 1123 4739 conversi
1145 4674 1190 4739 ef-

443 4771 594 4834 ficiamur
616 4779 650 4835 ut
671 4773 807 4856 parvuli,
824 4781 856 4836 et
874 4773 1039 4837 imitemur
1056 4774 1190 4856 vestigia

444 4869 572 4944 Christi,
588 4887 652 4934 non
674 4871 879 4934 introibimus
900 4890 1035 4953 reguum
1057 4872 1123 4934 Dei.

483 4969 522 5032 Ut
545 4986 620 5050 ergo
644 4969 879 5034 damnationem
904 4972 1076 5037 evadamus
1101 4980 1187 5037 aeter·

442 5084 528 5142 narn,
545 5075 580 5129 ut
601 5067 831 5132 beatitudinem
855 5069 1073 5152 adipiscamur
1096 5071 1189 5136 ooele·

442 5166 703 5243 stem,discamus
718 5167 814 5231 etiam
831 5167 864 5230 in
881 5170 1003 5249 magnis
1018 5171 1188 5234 adversita-

440 5264 528 5330 tibus
553 5264 771 5330 inviolabilem
796 5267 982 5350 patientiam
1007 5268 1185 5346 observare,

1245 4279 1345 4361 magis
1359 4297 1450 4342 orare
1464 4285 1622 4352 tenemur,
1631 4277 1795 4342 erroribus
1810 4286 1842 4340 et
1856 4272 1971 4360 peccatis

1245 4377 1466 4443 vehementius
1486 4377 1731 4456 condoleamus;
1747 4385 1845 4460 atque
1863 4373 1970 4443 orando,

1245 4477 1435 4541 celebrando
1450 4486 1481 4539 et
1496 4495 1555 4560 pro
1575 4476 1704 4540 illorum
1719 4477 1809 4540 vitiis
1828 4492 1883 4538 nos
1900 4473 1970 4555 ipsos

1245 4574 1691 4659 disciplinando,lacrimosius
1706 4593 1743 4638 ac
1758 4574 1911 4658 copiosius
1922 4587 1972 4633 suc
2045 4585 2046 4650 ζ

1245 4693 1373 4739 currere
1388 4692 1452 4738 non
1467 4674 1638 4737 tardemus.
1648 4675 1869 4757 Deploremus,
1880 4680 1908 4737 et
1921 4671 1971 4754 plo
2045 4675 2046 4738 l

1244 4774 1343 4838 raudo
1370 4793 1407 4837 ac
1437 4773 1637 4856 deprecando
1665 4773 1820 4855 juvemus
1851 4791 1900 4837 eos
1927 4768 1970 4851 qui

1244 4881 1351 4938 mente
1365 4872 1571 4936 obtenebrata
1585 4891 1787 4956 nequaquam
1801 4871 1922 4958 propria
1933 4867 1971 4932 ad·

1243 4979 1372 5037 vertunt
1398 4972 1552 5056 pericula,
1577 4971 1713 5054 ideoque
1741 4992 1802 5036 cur
1824 4971 1969 5055 deploran·

1243 5079 1295 5134 tur
1310 5073 1464 5152 ignorant.
1482 5070 1602 5145 Quibus
1620 5072 1800 5136 certissime
1815 5079 1898 5136 tanto
1911 5068 1968 5153 plus

1243 5169 1477 5234 condolendum
1501 5177 1561 5246 est,
1585 5177 1704 5254 quanto
1726 5172 1867 5256 amplius
1889 5185 1968 5232 exce

1243 5270 1305 5334 cati
1326 5276 1359 5332 et
1379 5269 1519 5333 indurati
1541 5270 1729 5334 consistunt.
