4164 6258
379 510 526 558 noxmrcx
546 510 565 556 v
586 509 660 558 rosr
679 508 873 556 rnrmrxrnu.
892 523 933 540 -
953 505 1128 554 nuxnmrro
1148 505 1180 554 m
1200 505 1396 554 nvxucnumr
1604 481 1665 550 233

118 679 213 744 licum
237 681 361 748 vultum
389 683 558 758 habebant,
584 678 902 767 resplendentibush
918 679 1093 754 humilitas,
1109 678 1260 761 dignatio,
1278 677 1488 742 mansuetudo
1503 683 1534 741 ιι
1549 675 1662 759 pietas,

119 780 149 843 in
167 799 280 846 eorum
304 781 386 847 facie
410 783 550 846 mirabili
574 783 744 846 serenitate
768 787 863 864 atque
917 779 1001 861 quod
1024 779 1150 842 Petrum
1173 796 1231 860 pro
1250 786 1314 840 tam
1336 796 1433 861 parva
1452 795 1497 850 re,
1513 784 1578 837 tam
1599 791 1664 836 mo-

119 879 239 962 iulgore
256 899 264 943 :
281 889 400 964 quanto
416 882 518 964 magis
538 881 569 944 id
592 881 632 944 de
652 879 777 944 Christo
796 897 862 942 cre·
917 878 1004 941 deste
1028 877 1160 959 rogavit,
1184 877 1235 940 cui
1258 877 1432 960 praecipere
1455 873 1559 958 potuit
1579 891 1586 936 :
1608 874 1663 936 do-

72 1009 106 1047 ,ιι
118 978 268 1053 dendum,
289 980 322 1042 in
342 998 406 1063 quo
425 981 530 1044 omnis
553 979 719 1061 plenitudo
741 977 862 1040 Divini-
917 996 992 1040 cens
1008 975 1164 1058 praelatos,
1182 985 1217 1038 ut
1232 975 1397 1058 proniores
1412 973 1477 1037 sint
1492 973 1545 1055 pie
1560 971 1664 1036 humi·

10 1095 13 1104 ·
118 1077 187 1139 tatis
203 1079 411 1160 corporaliter
423 1078 590 1152 habitavit,
606 1095 670 1140 non
685 1076 789 1140 solnm
806 1094 863 1158 per
918 1074 1185 1158 literquchortari
1202 1094 1298 1158 quam
1315 1074 1459 1136 districte
1479 1071 1663 1155 precipere,

118 1176 248 1256 gratiam
264 1177 348 1240 sicut
363 1179 396 1241 in
411 1177 525 1241 ceteris
540 1177 674 1250 Sanctis,
688 1175 744 1239 sed
759 1183 791 1238 et
806 1194 864 1258 per
918 1175 1083 1258 magisque
1098 1175 1229 1258 cupiant
1246 1174 1336 1256 diligi
1356 1191 1452 1256 quam
1470 1172 1586 1234 timeri.
1605 1171 1664 1234 Sed

117 1275 345 1356 hypostaticam
361 1275 512 1339 unionem
527 1294 565 1337 ac
580 1274 762 1338 beatificam
784 1273 862 1336 lrui-
917 1273 1095 1338 econtrario
1115 1282 1213 1354 agunt
1232 1273 1407 1346 indiscreti,
1424 1271 1480 1354 qui
1500 1271 1540 1333 ad
1558 1269 1667 1352 praeci·

117 1373 256 1436 tionemt
918 1373 1071 1455 piendum
1088 1371 1245 1454 proclives
1261 1377 1346 1440 sunt,
1356 1368 1497 1450 gladium
1514 1368 1581 1430 sine
1596 1385 1667 1429 cau-

154 1471 318 1546 Praeterea
334 1473 472 1555 qualiter
486 1478 617 1556 propter
633 1471 740 1554 plures
758 1489 794 1533 ac
809 1489 861 1532 va·
918 1490 952 1533 sa
976 1470 1088 1534 idonea
1109 1469 1322 1542 extrahentes,
1346 1474 1440 1549 atque
1466 1485 1523 1548 per
1547 1465 1607 1528 hoc
1632 1483 1666 1527 se

117 1569 176 1631 rias
202 1587 314 1632 causas
339 1569 441 1634 turba
465 1570 690 1634 conlluxerunt
711 1568 750 1631 ad
776 1567 862 1630 Chri·
918 1569 1004 1651 ipsos
1027 1587 1064 1630 ac
1088 1566 1233 1630 subditos
1258 1564 1410 1648 periculis
1435 1569 1630 1646 exponentes
1656 1581 1663 1624 :

117 1675 211 1741 stum,
235 1667 396 1730 interdum
421 1667 633 1750 prehabitum
656 1674 713 1730 est.
738 1665 794 1728 llic
819 1672 862 1726 ta-
917 1666 1036 1748 quibus
1056 1683 1113 1749 per
1129 1665 1327 1728 Ezechielem
1354 1664 1549 1745 improperat
1568 1661 1662 1734 Deus,

118 1783 187 1826 men
209 1765 249 1828 ad
268 1783 343 1828 eum
364 1765 564 1828 concurrisse
583 1764 779 1838 scribuntur,
797 1785 813 1822 ι
828 1770 862 1825 ιιι
917 1765 996 1828 Cum
1015 1764 1197 1830 austeritate
1221 1763 1426 1846 imperabatis
1449 1761 1563 1824 ovibus
1584 1759 1664 1822 meis
1704 1773 1792 1817 uzeca.

116 1863 250 1926 verbum
266 1864 359 1937 Deio,
369 1864 429 1926 hoc
444 1873 493 1927 est
505 1863 761 1946 predicationem
775 1861 862 1924 Chri·
877 1866 900 1929 Β
917 1872 949 1927 ιι
970 1882 1043 1925 cum
1067 1863 1215 1945 potentia.
1679 1849 1749 1886 Μ’·
1759 1837 1780 1878 ⁴·

117 1961 165 2035 sti,
176 1961 395 2040 «audirent»;
406 1962 468 2036 vel,
479 1961 644 2024 «Verbum
661 1961 715 2023 [tei
725 1982 754 2034 ι),
767 1960 798 2022 id
813 1966 862 2022 est
959 1965 1001 2024 Et
1017 1965 1129 2021 sedens
1149 1960 1181 2022 in
1201 1959 1286 2034 navi,
1301 1961 1432 2020 docebat
1452 1961 1492 2018 de
1510 1958 1664 2018 navicula

117 2059 290 2141 ipsummet
319 2059 479 2123 Christum
509 2060 704 2142 loquentem,
734 2057 789 2140 qui
814 2065 862 2120 est
919 2059 1163 2122 tarbuaNavim
1181 2077 1267 2121 nunc
1283 2055 1666 2136 vocatnaviculam,quo·

117 2165 270 2220 eternum
288 2158 529 2240 increatumque
544 2157 683 2220 Verbum
704 2157 803 2220 Patris
818 2155 862 2218 al·
918 2159 1004 2221 niam
1026 2177 1123 2240 parva
1144 2165 1221 2230 erat,
1242 2165 1273 2219 et
1294 2155 1457 2237 navigium
1479 2171 1663 2234 egenorum.

10 2280 102 2319 anari.
116 2256 243 2329 tissimi,
259 2255 348 2336 juxta
371 2255 449 2318 illud
470 2256 599 2319 loannis
621 2272 628 2316 :
649 2255 682 2317 ln
704 2254 863 2338 principio
918 2256 978 2319 Sed
995 2256 1072 2339 quid
1088 2255 1274 2338 predicavit
1292 2272 1378 2316 nunc
1395 2253 1550 2326 Christus,
1567 2251 1667 2313 Evan-

116 2361 182 2416 erat
203 2353 356 2428 Verbum,
373 2360 433 2416 etc.
918 2354 1030 2436 gelista
1046 2371 1109 2418 non
1124 2354 1286 2436 exprimit,
1302 2351 1385 2416 sicut
1401 2369 1459 2414 nec
1474 2351 1582 2414 omnia
1596 2349 1667 2430 ejus

155 2455 198 2514 Et
222 2454 290 2529 ipse
311 2453 416 2512 stabat
440 2472 530 2512 secas
552 2461 705 2530 stagnum
728 2455 862 2515 Genese·
920 2452 1074 2515 miracula
1098 2453 1214 2534 aliquis
1238 2450 1512 2532 Evangelistarum
1538 2449 1570 2510 in
1596 2466 1666 2531 par-

10 2575 101 2621 ιιιιιι.
117 2552 188 2610 rett
205 2571 218 2610 .·
237 2550 323 2632 quod
342 2549 405 2612 alio
429 2549 559 2612 nomine
580 2549 754 2612 vocabatur
777 2567 863 2612 mare
919 2549 1044 2613 ticulari
1070 2551 1285 2632 prosequitur,
1312 2549 1378 2611 imo
1407 2566 1466 2610 nec
1492 2565 1603 2610 omnes
1627 2546 1667 2607 si-

115 2647 349 2729 Galilaeae,quia
365 2648 397 2710 in
414 2647 468 2710 illa
483 2646 546 2709 luit
561 2647 782 2729 provincia3et
800 2665 863 2708 ma·
920 2649 996 2712 mul.
1018 2649 1116 2712 Tanta
1141 2667 1215 2712 vero
1239 2649 1278 2710 de
1303 2647 1374 2728 ejus
1398 2646 1599 2710 documentis
1623 2651 1666 2706 at·

115 2764 149 2808 re
164 2745 355 2820 Tiberiadis,
370 2765 389 2808 ι
409 2745 537 2808 civitate
556 2743 722 2808 'liberiadc
740 2745 802 2806 sibi
818 2745 863 2808 vi·
918 2765 981 2829 que
998 2745 1161 2808 miraculis
1177 2746 1446 2826 conscripserunt,
1457 2750 1612 2826 quantum
1626 2742 1665 2804 ad

114 2845 195 2906 cina.
224 2847 269 2906 Et
294 2846 379 2905 vidit
402 2848 486 2905 duas
510 2864 608 2904 narres
632 2851 753 2903 stantes
775 2865 864 2904 secas
918 2844 1165 2908 aedilicationem
1191 2843 1351 2916 Ecclesiae,
1377 2842 1416 2904 ad
1445 2841 1521 2902 lidei
1551 2838 1666 2902 conlir·

115 2953 282 3021 stupeam,
298 2942 358 3006 hoc
378 2950 427 3006 est
446 2959 546 3024 prope
566 2941 654 3004 littus
669 2941 771 3024 stagni
788 2960 864 3024 pree
919 2942 1105 3016 mationem,
1126 2941 1164 3005 ad
1186 2941 1321 3004 salutem
1343 2939 1490 3002 fidelium
1514 2937 1665 3001 sulficere

114 3039 180 3103 iati.
207 3041 395 3104 Piscatores
420 3049 541 3110 autern,
565 3038 716 3102 videlicet
742 3039 863 3115 Petrus,
879 3047 901 3112 c
919 3047 1083 3113 noverant,
1102 3038 1278 3123 inspirante
1292 3057 1330 3102 ac
1345 3038 1528 3101 moderante
1543 3036 1665 3118 Spiritu

112 3141 250 3203 loannes
270 3145 302 3202 et
320 3138 466 3212 lacobus,
486 3141 732 3208 descenderant,
753 3137 784 3201 id
805 3146 863 3213 est,
918 3140 1042 3203 Sancto.
1065 3139 1160 3202 llecte
1180 3156 1308 3221 quoque
1331 3136 1494 3210 asseritur,
1514 3134 1600 3218 quod
1620 3154 1666 3198 se-

113 3257 211 3300 naves
233 3256 306 3300 suas
326 3236 456 3319 egressi,
472 3255 588 3318 aquam
608 3236 693 3298 circa
712 3235 801 3298 littus
818 3237 864 3300 in·
918 3240 996 3302 dens
1020 3237 1163 3312 docebat,
1184 3237 1334 3318 quoniam
1365 3236 1475 3298 sedere
1499 3235 1663 3298 doctorum

113 3342 286 3410 traverant,
307 3344 338 3396 et
361 3337 515 3396 lavabant
537 3335 622 3395 retia
643 3355 715 3404 aaa,
736 3343 771 3396 ιιι
793 3354 865 3417 pur·
917 3355 954 3398 ac
974 3336 1120 3416 judicum
1142 3343 1198 3398 est.

112 3441 184 3514 gata
210 3433 450 3506 convolverent,
476 3431 552 3515 quia
576 3432 622 3494 nil
646 3440 806 3514 ceperant,
832 3441 865 3496 et
963 3438 1003 3497 Ut
1018 3435 1153 3494 cessavit
1168 3443 1277 3494 autem
1292 3433 1394 3512 loqui,
1410 3431 1470 3494 hoc
1490 3438 1538 3494 est
1553 3431 1666 3514 praedi·

112 3531 267 3595 volebant
286 3530 325 3593 ad
347 3537 474 3612 tempus
495 3549 513 3592 ι
533 3529 709 3612 piscatione
728 3548 861 3594 cessare.
918 3533 1042 3596 catione
1062 3531 1166 3605 linita,
1181 3534 1271 3592 dicit
1286 3535 1330 3591 ad
1343 3533 1509 3593 Simonem
1524 3531 1663 3604 Petrum,

111 3632 300 3692 Ascendeas
324 3638 433 3690 autem
453 3629 544 3692 lesus
563 3629 600 3688 ιἰι
619 3648 719 3688 unam
739 3631 863 3700 navim,
918 3631 1028 3694 volens
1043 3650 1117 3694 eum
1132 3648 1333 3693 remunerare
1348 3628 1574 3711 proobsequio
1589 3647 1666 3711 prae·

112 3747 186 3806 qaoe
201 3736 276 3788 erat
290 3727 448 3797 Simoeis,
464 3726 587 3788 scilicet
600 3725 694 3802 Petri,
711 3733 742 3788 et
756 3727 863 3790 fratris
918 3738 1055 3804 narrato,
1073 3729 1137 3792 imo
1156 3729 1386 3811 preinductam
1406 3727 1664 3811 predicationem

110 3825 182 3906 ejus
203 3824 349 3898 Andreae,
366 3831 401 3886 ut
419 3824 518 3906 aliqui
539 3824 674 3887 dicunt:
695 3826 770 3906 quia
792 3826 865 3888 hlet-
918 3829 1029 3892 volens
1052 3847 1108 3910 per
1130 3828 1321 3890 miraculum
1343 3826 1535 3890 confirmare
1557 3833 1589 3888 et
1610 3844 1665 3887 au-

10 3955 19 3984 a
55 3956 95 3992 ,ιι
110 3923 215 3986 tbaeus
231 3931 264 3985 et
278 3923 400 3985 hlarcus
420 3923 542 3997 dicunt,
563 3923 647 4005 quod
666 3923 756 3986 lesus
779 3924 864 3986 inve·
917 3928 1073 3991 dientium
1091 3927 1176 3990 cordi
1194 3926 1387 4008 imprimere,
1398 3925 1577 4007 specialiter
1593 3943 1666 4006 quo·

15 4032 17 4034 ’
36 4019 96 4056 “⁶³⁸
110 4023 159 4084 nit
178 4021 309 4085 Petrum
333 4030 364 4083 et
385 4021 542 4084 Andream
564 4021 660 4083 simul
683 4022 862 4104 piscantes3
918 4046 979 4108 que
993 4027 1118 4088 Petrum
1131 4026 1266 4107 ejusque
1279 4024 1380 4086 socios
1394 4024 1432 4086 ad
1449 4043 1538 4085 suam
1554 4024 1666 4103 agniti-

110 4122 242 4198 royavit
268 4139 341 4180 eum
365 4139 385 4178 α
408 4127 498 4180 terra
519 4123 674 4179 reducere
688 4122 862 4196 pusillum,
916 4142 1174 4197 onem‚amorem
1190 4143 1225 4186 ac
1241 4123 1477 4185 venerationem
1494 4121 1663 4184 inducere:

108 4217 139 4280 id
155 4226 207 4280 est
223 4217 332 4281 navim
348 4218 385 4280 ad
403 4217 565 4280 modicum
585 4218 723 4299 spatium
743 4237 761 4281 a
779 4225 862 4280 terra
878 4228 989 4291 DDac
1013 4225 1049 4282 ia
1074 4227 1191 4292 altam,
1216 4221 1276 4284 hoc
1300 4228 1357 4294 est,
1384 4221 1491 4282 navim
1517 4240 1535 4282 a
1559 4220 1664 4282 littore

106 4316 138 4378 in
160 4335 283 4400 aquam
303 4315 452 4397 dirigere,
473 4323 508 4378 ut
529 4323 747 4398 competenter
766 4317 861 4380 dista·
916 4321 1056 4405 amplius
1078 4338 1190 4383 amove
1210 4322 1248 4383 ad
1268 4321 1336 4384 loca
1359 4320 1413 4382 ubi
1435 4339 1518 4402 aqua
1537 4320 1666 4402 prolun-

106 4423 154 4477 ret
176 4435 197 4478 a
220 4417 303 4498 ripa,
325 4421 483 4497 quatenus
507 4413 547 4477 ab
571 4414 722 4476 omnibus
747 4415 861 4478 melius
918 4422 988 4484 dior
1003 4429 1059 4484 est.
1077 4421 1132 4483 Vel
1150 4420 1221 4484 ideo
1238 4420 1325 4493 dicit,
1344 4442 1361 4478 ιι
1377 4419 1409 4482 in
1425 4420 1525 4482 altum
1540 4442 1569 4494 n,
1586 4437 1664 4502 quo.

105 4521 218 4596 posset
233 4513 349 4578 audiri.
367 4513 441 4576 ldeo
455 4513 576 4596 quippe
592 4513 698 4576 navim
720 4513 859 4590 intravit,
918 4521 1002 4582 niam
1018 4538 1101 4602 equa
1116 4519 1189 4601 plus
1205 4519 1324 4580 distans
1344 4537 1362 4580 a
1383 4518 1487 4580 littore
1504 4518 1598 4580 altior
1616 4525 1664 4580 est

104 4614 183 4695 quia
207 4612 312 4676 turbe
340 4618 507 4695 coeperunt
534 4630 609 4674 eum
633 4613 856 4694 comprimere,
918 4637 1013 4700 qnam
1035 4637 1105 4701 quae
1125 4618 1201 4699 ripae
1222 4617 1432 4699 propinquior
1445 4625 1504 4690 est,
1521 4625 1615 4699 prout
1631 4617 1662 4678 in

103 4722 203 4796 atque
221 4713 257 4774 in
277 4719 360 4774 terra
380 4729 453 4774 cum
475 4711 521 4773 eis
541 4719 638 4784 stans,
656 4729 719 4774 non
739 4721 862 4794 poterat
918 4717 1000 4779 libro
1023 4717 1061 4777 de
1087 4715 1215 4797 Sphaera
1239 4713 1400 4796 probatur.
1423 4717 1466 4776 Et
1487 4718 1597 4774 taeate
1617 4735 1664 4774 re-

103 4820 169 4874 tam
191 4810 426 4874 convenienter
445 4829 463 4872 a
482 4811 606 4872 cunctis
627 4809 729 4871 audiri
752 4829 788 4873 ac
806 4812 860 4874 ad·
918 4817 965 4874 tia
990 4823 1098 4874 cestra
1123 4817 1364 4888 inceptorem,
1388 4812 1448 4875 hoc
1473 4820 1530 4886 est,
1555 4813 1593 4874 ad
1616 4831 1663 4874 ca-

102 4910 186 4992 spici
209 4908 298 4972 sicut
316 4907 348 4970 in
367 4906 441 4969 navi
460 4913 557 4981 stans,
575 4905 630 4968 ubi
650 4908 772 4970 nemini
793 4909 862 4971 dor·
917 4913 1070 4994 piendum
1088 4911 1192 4994 pisces
1212 4930 1248 4973 ea
1268 4911 1438 4972 extendite.
1457 4911 1541 4972 [lixit
1555 4918 1661 4972 autem

102 5027 176 5070 snm
199 5007 300 5070 vertit
319 5007 352 5068 in
373 5005 500 5079 laciem,
517 5006 572 5068 sed
588 5005 621 5068 in
636 5006 780 5068 omnium
802 5017 861 5070 ste·
917 5011 1060 5073 Christus
1086 5009 1290 5090 singulariter
1310 5010 1411 5082 Petro,
1438 5031 1455 5067 ιι
1475 5011 1536 5072 duc
1562 5010 1593 5070 in
1618 5010 1662 5071 al-

102 5107 140 5170 tit
170 5105 333 5188 adspectu
359 5121 366 5168 :
393 5120 468 5166 nam
497 5102 598 5168 turba
626 5102 753 5166 stabant
777 5105 861 5168 circa
915 5117 983 5171 tum
1000 5130 1029 5181 ι,
1048 5107 1198 5190 quoniam
1221 5108 1281 5170 hoc
1303 5108 1344 5170 ab
1366 5126 1403 5170 eo
1425 5108 1493 5170 solo
1514 5107 1585 5171 lieri
1609 5127 1662 5189 po·

101 5205 207 5269 littus.
915 5207 1001 5285 tuit;
1027 5206 1256 5288 pluraliterque
1283 5207 1441 5288 adjunxit,
1468 5230 1483 5266 ιι
1507 5207 1658 5280 laxate»,

141 5304 256 5378 Porro,
274 5302 307 5365 in
327 5303 388 5366 boc
407 5301 585 5366 ostenditur
599 5321 726 5368 summa
742 5303 858 5367 Christi
915 5305 991 5388 quia
1012 5326 1031 5368 a
1053 5304 1200 5388 pluribus
1220 5305 1251 5367 id
1272 5306 1376 5388 aptius
1397 5303 1468 5368 lieri
1491 5304 1602 5388 quivit.
1621 5340 1659 5350 -
