4192 6258
453 499 602 549 nouimus
622 501 676 547 xnr
696 499 770 550 rosr
789 499 983 548 ramrmrnu.
1005 515 1044 528 -
1065 499 1164 548 senno
1184 497 1337 550 saecunda
1608 483 1668 548 529

631 904 825 992 SERMO
863 903 1162 992 SECUNDUS

325 1173 364 1220 DE
386 1171 556 1220 semirasus
576 1170 812 1219 courenfflorrs
833 1170 925 1218 Navis
946 1170 984 1217 ΕΤ
1004 1169 1164 1230 EGEEESlAE,
1185 1171 1279 1220 uilis
1299 1171 1337 1219 ET
1356 1171 1465 1230 linunt,

561 1269 860 1318 miseranturroms
881 1269 1019 1328 vismolin
1039 1269 1221 1318 cnemis.

155 1555 269 1616 MPII
286 1555 382 1634 quasi
404 1573 496 1615 mare
517 1555 649 1630 fervens
668 1555 754 1632 quod
778 1554 866 1632 quie·
881 1553 907 1617 A
922 1551 1010 1616 venit
1028 1554 1068 1616 ad
1087 1571 1162 1617 eum
1182 1571 1237 1616 rcx
1259 1553 1365 1628 lsrael,
1383 1553 1537 1638 flevitque
1558 1569 1666 1618 coram

171 1673 259 1714 scere
278 1673 343 1714 non
357 1663 472 1730 potest.
489 1653 527 1716 is.
544 1671 616 1728 nvn,
633 1651 681 1716 20.
922 1667 971 1725 eo,
997 1651 1107 1715 dicens
1129 1670 1136 1715 :
1160 1652 1251 1716 Pater
1274 1653 1330 1728 mi,
1356 1660 1447 1734 pater
1471 1653 1527 1728 mi,
1553 1671 1666 1717 currus

158 1751 300 1826 Qualiter
315 1770 372 1834 per
387 1771 501 1816 navem
521 1751 623 1835 possit
636 1750 772 1832 intelligi
787 1769 865 1813 crux
921 1749 1017 1812 israel
1041 1757 1074 1812 et
1100 1751 1210 1833 auriga
1238 1751 1318 1832 ejus.
1349 1753 1458 1836 ltaque
1487 1760 1552 1816 tam
1582 1751 1666 1814 Elias

116 1848 237 1912 Christi
261 1868 298 1912 ac
322 1849 519 1932 penitentia,
541 1849 715 1913 monastica
738 1867 866 1932 quoque
922 1867 1017 1930 quam
1047 1849 1172 1912 Eliseus
1200 1849 1379 1933 appellatus
1407 1859 1456 1914 est
1485 1870 1598 1914 currus
1626 1851 1667 1913 is-

114 1947 243 2030 religio,
269 1947 409 2032 itemque
438 1948 591 2022 Ecclesia,
616 1948 729 2012 crebro
757 1955 867 2030 preta-
921 1947 998 2022 rael,
1019 1947 1080 2010 boc
1102 1955 1150 2010 est
1171 1947 1352 2012 israelitice
1376 1948 1491 2032 plebis,
1513 1948 1665 2032 quoniam

115 2055 207 2110 ctum
227 2055 290 2128 est3
306 2066 391 2111 nunc
405 2054 512 2111 tamen
529 2047 655 2130 plenius
675 2054 723 2110 est
737 2053 867 2128 tangen-
921 2065 979 2128 per
998 2047 1129 2110 modum
1152 2067 1264 2110 currus
1286 2049 1424 2130 portavit
1444 2049 1667 2130 unusquisque

116 2145 197 2209 dum
218 2147 377 2228 quomodo
397 2166 455 2229 per
475 2165 588 2210 navem
607 2146 791 2227 designetur
810 2146 866 2209 Ec·
922 2164 1033 2209 eorum
1053 2147 1208 2229 populum
1229 2146 1332 2222 ilium,
1349 2146 1493 2210 defectus
1513 2146 1617 2229 plebis
1633 2146 1668 2208 il-

115 2243 341 2328 clesia.ltaque
357 2245 447 2309 navis
461 2254 510 2309 est
524 2245 709 2309 vehiculum
725 2245 866 2327 ligneum
922 2244 984 2307 iius
999 2246 1227 2328 supportando,
1243 2263 1301 2328 pro
1316 2266 1353 2310 ea
1367 2247 1517 2328 rogando,
1533 2265 1668 2328 eamque

116 2361 183 2426 qno
208 2343 355 2408 homines
380 2344 568 2407 deferuntur
597 2363 655 2426 per
682 2362 799 2427 aquas3
824 2345 867 2407 ita
921 2343 1077 2406 adfinem
1097 2343 1259 2406 salubrem
1280 2344 1620 2427 propossevehendo;
1637 2351 1669 2408 et

115 2442 263 2506 Ecclesia
287 2450 335 2506 est
356 2443 541 2506 vehiculum
565 2461 623 2526 per
645 2443 729 2525 quod
754 2443 866 2506 fideles
922 2441 1005 2504 sicut
1021 2442 1132 2524 auriga
1146 2442 1255 2524 dirigit
1269 2460 1379 2525 equos,
1396 2443 1442 2506 sic
1457 2442 1519 2526 ipsi
1534 2463 1591 2506 sua
1605 2442 1668 2507 dis-

115 2541 356 2604 transferuntur
371 2559 429 2624 per
443 2541 596 2606 seculum
612 2541 696 2605 istud
715 2560 865 2624 nequam,
922 2541 1062 2604 cretione
1078 2541 1260 2604 direxerunt
1274 2541 1430 2624 populum
1445 2541 1537 2605 illum
1552 2542 1591 2605 ad
1608 2561 1670 2605 me-

114 2641 155 2703 ad
172 2647 303 2722 portum
319 2640 430 2704 salutis
446 2648 572 2704 eterne
589 2640 789 2724 patriamque
804 2657 866 2704 coe-
923 2639 1010 2702 liora.
1033 2640 1097 2703 Nec
1119 2640 1254 2703 dubium
1279 2641 1357 2723 quin
1383 2641 1443 2704 hoc
1468 2641 1563 2704 modo
1586 2642 1668 2725 Moy·

115 2740 240 2802 lestem.
247 2739 312 2802 Nec
325 2737 442 2821 aliquis
457 2745 562 2821 potest
576 2739 710 2802 evadere
724 2737 869 2820 pericula
883 2739 907 2801 B
922 2757 983 2813 ses,
998 2740 1103 2814 iosue,
1120 2738 1230 2813 llavid,
1247 2757 1283 2801 ac
1303 2739 1357 2802 alii
1378 2740 1520 2822 quidam,
1537 2740 1670 2803 fuerunt

114 2838 240 2912 seculi,
253 2857 358 2920 neque
377 2837 503 2912 saivari,
520 2837 583 2899 nisi
603 2837 636 2899 in
656 2837 798 2900 Ecclesia
816 2856 868 2900 cx·
922 2856 1035 2900 currus
1049 2836 1144 2900 israel
1159 2844 1191 2900 et
1206 2837 1276 2918 ejus
1292 2839 1410 2920 auriga.
1427 2839 1522 2902 Porro
1537 2839 1570 2900 in
1585 2857 1668 2902 novo

115 2936 279 3000 sistendo:
293 2935 379 3019 quod
394 2933 613 3016 significatum
627 2942 676 2998 est
690 2954 748 3020 per
761 2953 867 2998 arcam
922 2937 1133 3011 Testamenta,
1154 2937 1358 3019 potissimum
1381 2937 1536 3013 Christus,
1553 2938 1668 3002 deinde

115 3035 196 3110 Noe,
209 3053 279 3117 qne
293 3033 497 3116 apertissima
510 3032 572 3096 fuit
586 3034 691 3116 figura
706 3033 866 3107 Ecclesia,
923 3053 1069 3098 summus
1088 3053 1124 3097 ac
1143 3034 1257 3116 plenus
1277 3043 1308 3097 et
1329 3035 1518 3099 universalis
1537 3036 1607 3118 ejus
1622 3036 1668 3102 vi-

10 3155 102 3203 aller.
117 3143 211 3198 extra
230 3151 327 3215 quam
346 3131 455 3196 nullus
474 3132 642 3198 hominum
661 3132 815 3215 temporis
834 3132 869 3194 il·
923 3134 1027 3196 carius
1042 3132 1291 3215 gloriosissimus
1306 3133 1469 3208 Petrus,et
1482 3135 1590 3217 aliquo
1606 3153 1670 3198 mo

116 3233 184 3294 lius
200 3232 301 3294 evasit
316 3230 550 3295 demersionem
571 3231 603 3292 in
618 3249 709 3314 aqua.
726 3230 791 3293 Nec
805 3229 869 3293 suf·
923 3234 964 3295 do
986 3231 1084 3294 ceteri
1106 3229 1207 3294 sancti
1228 3230 1382 3313 Apostoli,
1405 3232 1536 3296 fuerunt
1556 3252 1669 3297 currus

115 3330 193 3394 ficit
224 3330 257 3392 in
288 3329 431 3392 Ecclesia
462 3347 650 3411 permanere
681 3347 739 3412 per
769 3328 868 3391 fidem
924 3330 1035 3413 popuii
1059 3329 1224 3392 christiani
1249 3337 1281 3392 et
1304 3329 1375 3411 ejus
1398 3331 1526 3413 auriga3
1546 3333 1669 3396 eadem-

10 3451 99 3503 eaasa
116 3431 296 3502 dumtaxat,
327 3428 479 3511 quoniam
508 3427 591 3490 fides
620 3427 689 3490 sine
717 3425 869 3509 operibus
923 3446 986 3510 que
1007 3427 1129 3490 ratione
1153 3434 1288 3509 possunt
1311 3429 1419 3492 vocari
1442 3430 1532 3492 navis
1556 3430 1667 3515 populi

116 3535 248 3592 mortua
267 3534 334 3606 est3
355 3528 411 3589 sed
436 3533 562 3609 oportet
585 3517 714 3608 quoque
738 3543 795 3607 per
819 3543 869 3588 ca·
923 3526 1020 3606 hujus
1041 3532 1073 3588 et
1093 3523 1287 3606 gubernator
1308 3525 1419 3608 ipsius.

115 3628 246 3691 ritatem
269 3633 301 3688 et
322 3623 506 3688 divinorum
531 3623 766 3687 observantiam
792 3642 870 3706 pre-
964 3624 1127 3697 Praeterea,
1157 3623 1343 3686 vehiculum
1372 3625 1457 3689 istud
1486 3625 1554 3689 sive
1582 3627 1669 3690 navi·

115 3732 286 3808 ceptorum
313 3723 346 3784 in
375 3721 517 3785 Ecclesia
546 3740 760 3804 perseverare,
786 3722 869 3784 sicut
922 3722 1011 3804 gium
1027 3729 1111 3784 recte
1128 3720 1270 3803 ligneum
1285 3730 1499 3807 nuncupatur,
1516 3726 1668 3806 quoniam

10 3877 11 3884 ,
47 3859 100 3898 ω,
114 3825 163 3886 ait
179 3823 320 3887 Salvator
336 3841 344 3886 :
361 3821 394 3884 Si
409 3821 457 3885 vis
477 3821 633 3884 advitam
653 3820 788 3902 ingredi,
804 3839 869 3882 ser·
923 3838 962 3883 ex
987 3819 1140 3883 fidelibus
1164 3827 1288 3882 constat
1311 3819 1509 3897 hominibus,
1531 3840 1668 3905 quorum

115 3941 157 3984 va
181 3919 337 3984 mandata.
884 3919 1146 4001 Gunusquisque
1171 3917 1293 3999 lignum
1322 3937 1379 3981 seu
1407 3918 1502 3983 arbor
1525 3928 1667 3998 vocatur,

157 4017 224 4082 Nec
247 4018 368 4080 mirum
391 4017 476 4099 quod
498 4015 640 4079 Ecclesia
663 4016 753 4082 navis
777 4033 868 4080 voce·
923 4016 1194 4099 quemadmodum
1214 4016 1299 4098 apud
1318 4016 1499 4080 Mattheum
1517 4019 1563 4081 ait
1577 4021 1668 4083 ioan·

114 4127 185 4190 tur,
210 4135 311 4198 quum
340 4113 477 4197 quilibet
499 4115 549 4178 vir
579 4113 740 4197 perfectus
769 4115 869 4196 possit
923 4133 979 4177 nes
995 4113 1137 4196 Baptista
1152 4131 1159 4177 ε
1175 4115 1243 4176 iam
1265 4114 1386 4177 securis
1405 4116 1444 4177 ad
1464 4116 1603 4180 radicem
1620 4137 1669 4181 ar·
1689 4141 1813 4198 maritae,

115 4213 302 4280 communis
316 4212 427 4298 populi
442 4213 534 4276 navis
548 4213 621 4275 dici.
639 4212 767 4294 Legitur
781 4213 868 4277 enim
922 4213 1009 4276 boris
1034 4211 1138 4295 posita
1159 4220 1206 4274 est
1228 4231 1235 4276 :
1256 4212 1361 4274 omnis
1383 4230 1458 4294 crgo
1478 4212 1573 4276 arbor
1596 4235 1667 4298 que
1682 4208 1715 4250 ¹⁰·

64 4354 101 4392 a.
118 4323 238 4402 quarto
256 4314 388 4395 Regum,
405 4312 490 4396 quod
515 4313 592 4374 dum
616 4312 700 4376 Deus
724 4313 868 4396 omnipo·
922 4330 987 4375 non
1007 4310 1084 4373 facit
1097 4310 1238 4373 fructum
1259 4309 1391 4384 bonum,
1407 4311 1572 4374 excidetur
1587 4313 1667 4377 etin

38 4434 44 4446 ·
116 4424 193 4480 tens
217 4413 342 4478 tolleret
370 4431 407 4476 ac
431 4410 619 4474 transferret
645 4411 867 4475 beatissimum
923 4412 1030 4493 ignem
1047 4409 1193 4472 mittetur.
1202 4409 1290 4471 Unde
1304 4408 1400 4472 homo
1413 4409 1574 4474 virtuosus
1588 4429 1668 4476 com·

115 4515 224 4578 Eliam
247 4511 435 4595 prophetam
458 4510 492 4572 in
514 4510 697 4592 paradisum
720 4510 753 4574 in
775 4511 868 4593 igneo
922 4515 1051 4593 paratur
1064 4506 1169 4570 arbori
1190 4506 1333 4588 pulchre
1347 4525 1384 4570 ac
1398 4506 1579 4586 fructuose,
1595 4509 1667 4592 jux-

115 4631 230 4686 curru,
248 4609 371 4673 Eliseus
386 4608 537 4672 clamavit
555 4608 595 4671 ad
616 4609 723 4691 ipsum
739 4608 840 4672 Eliam
858 4628 865 4672 :
921 4617 953 4671 ta
972 4607 1052 4669 iliud
1072 4606 1105 4669 in
1120 4604 1244 4668 Psalmo
1261 4623 1268 4668 :
1285 4605 1352 4668 Erit
1370 4613 1523 4687 tanquam
1543 4607 1665 4690 lignum
1692 4626 1732 4671 ra.
1744 4641 1759 4680 t,
1771 4631 1792 4672 a.

112 4713 210 4776 Pater
226 4710 282 4784 mi,
298 4707 458 4791 paternii,
475 4726 588 4770 currus
602 4707 698 4771 lsrael
713 4714 745 4771 et
758 4709 868 4790 auriga
922 4708 1007 4790 quod
1026 4707 1204 4789 plantatum
1225 4712 1273 4768 est
1288 4724 1379 4769 secus
1399 4707 1553 4771 decursus
1570 4726 1667 4792 aqua·

113 4809 295 4895 ejusouod
310 4825 374 4870 non
389 4814 438 4870 est
453 4807 692 4888 intelligendum
707 4807 796 4889 quasi
810 4826 868 4889 per
923 4826 1006 4880 rum,
1031 4807 1117 4889 quod
1135 4805 1278 4868 fructum
1303 4825 1397 4868 suum
1418 4806 1506 4869 dabit
1531 4805 1564 4868 in
1588 4815 1667 4872 tem·

113 4927 252 4974 currum
268 4905 364 4969 lsrael
384 4905 578 4968 intellexerit
592 4905 716 4968 Eliseus
737 4905 865 4995 igneum
923 4925 999 4988 pore
1016 4922 1092 4984 suo;
1113 4912 1144 4968 et
1159 4923 1280 4978 rursus,
1301 4905 1408 4967 Justus
1430 4912 1465 4968 ut
1486 4905 1593 4988 palma
1611 4906 1812 4982 florescere.

113 5025 253 5072 currum
278 5005 311 5068 in
333 5021 398 5087 quo
419 5003 669 5067 transferebatur
689 5003 791 5084 Elias;
811 5005 868 5068 sed
922 5003 1014 5067 rebit.
1040 5003 1170 5086 Propter
1195 5003 1280 5084 quod
1309 5010 1438 5066 sanctus
1466 5004 1576 5080 David,
1603 5024 1667 5069 non

114 5127 178 5192 per
198 5123 330 5168 currum
350 5102 446 5166 lsrael
466 5101 623 5165 intellexit
641 5102 755 5177 Eliam,
771 5122 867 5185 quem
883 5105 908 5166 il
922 5109 1186 5186 presumptuosa,
1203 5103 1258 5164 sed
1273 5110 1360 5183 grata
1374 5119 1413 5163 ac
1428 5102 1544 5165 humili
1560 5111 1667 5166 mente

114 5206 218 5270 etiam
238 5221 298 5285 per
315 5202 459 5283 aurigam
478 5200 575 5264 lsrael
596 5201 762 5264 intellexit.
780 5201 868 5265 Unde
923 5203 962 5266 de
989 5219 1023 5264 se
1053 5199 1121 5282 ipso
1150 5199 1302 5263 disseruit
1327 5219 1334 5264 :
1359 5201 1424 5281 Ego
1452 5208 1560 5264 autem
1584 5202 1668 5264 sicut
1692 5215 1732 5260 rs.
1745 5228 1771 5268 ιι,
1781 5217 1813 5260 ιο.

36 5277 100 5317 ’ω’
115 5312 151 5369 et
178 5310 300 5386 postca,
326 5307 496 5384 egrotante
521 5300 626 5364 Eliseo
654 5301 693 5364 ad
722 5308 869 5379 mortem,
924 5300 1008 5363 oliva
1032 5296 1196 5360 fructifera
1221 5299 1253 5360 in
1278 5299 1372 5362 domo
1396 5297 1463 5373 Dei,
1485 5299 1610 5381 speravi
1633 5300 1667 5363 in

247 5435 280 5487 T.
299 5437 339 5490 30.
1514 5434 1544 5484 34

10 5263 34 5310 fri
