4164 6258
479 546 627 594 noxrmcx
649 548 680 593 xv
700 548 774 594 rosr
794 546 989 594 rnmrrxrnxr.
1010 565 1049 576 -
1070 547 1169 595 sanxo
1189 547 1314 596 rannus
1610 529 1670 596 213

118 715 191 778 tibi.
209 717 306 780 Valde
326 735 402 800 ergo
421 717 562 800 ingratus
582 718 701 802 estqui
721 719 760 781 de
776 718 909 782 donisd
926 718 1079 793 docendo,
1088 718 1290 782 consulendo.
1299 719 1337 781 Et
1351 719 1389 780 ad
1405 718 1490 781 istud
1506 717 1671 800 potissime

118 815 178 878 Dei
201 815 402 880 abundanter
422 817 518 879 babet
538 817 570 880 in
593 837 703 880 mensa
725 837 792 891 sua,
810 837 868 880 nec
925 817 1086 898 pertinent
1110 816 1290 899 spiritualia
1314 816 1542 880 misericordia
1563 834 1668 899 opera.

117 921 229 976 tamen
244 915 314 976 vult
328 916 403 978 dare
419 934 516 997 parva
533 923 565 978 et
581 935 681 998 pauca
696 917 820 980 Christo
836 917 868 978 in
924 914 994 976 Alia
1023 923 1070 977 est
1097 915 1315 978 misericordia
1344 933 1407 996 qua
1436 914 1608 996 satagimus
1638 922 1672 976 ut

119 1013 277 1075 membris
301 1014 368 1076 suis
392 1015 522 1095 petenti.
543 1014 623 1076 llinc
645 1015 786 1096 loquitur
807 1015 868 1076 Au·
926 1013 1091 1095 proximus
1112 1033 1130 1075 a
1153 1013 1291 1075 miseriis
1314 1032 1426 1094 poeme,
1448 1031 1504 1075 seu
1526 1030 1671 1095 corpora·

118 1111 270 1191 gustinus
287 1129 294 1172 :
312 1110 336 1174 Ο
357 1111 464 1186 horno,
480 1111 558 1174 dicit
575 1112 633 1174 tibi
654 1112 809 1186 Christus,
825 1112 869 1174 Da
925 1110 1010 1172 libus
1035 1111 1085 1172 vel
1111 1111 1332 1194 spiritualibus
1357 1109 1593 1192 poenalitatibus
1616 1117 1672 1172 aut

119 1209 202 1270 mibi
219 1209 257 1271 dc
273 1227 311 1272 eo
325 1209 410 1292 quod
426 1209 498 1272 dedi
514 1210 573 1272 tibi
583 1229 592 1290 ;
609 1211 647 1272 de
664 1229 734 1274 mco
749 1229 867 1292 quaero,
926 1209 1121 1290 indigentiis,
1139 1210 1306 1272 relevetur.
1326 1210 1364 1272 Et
1383 1210 1465 1272 sicut
1487 1209 1588 1290 major
1606 1209 1671 1272 val-

119 1314 152 1369 et
178 1307 259 1370 mibi
284 1325 347 1372 non
372 1308 487 1388 donas;
508 1309 547 1371 da
573 1309 662 1384 mihi,
683 1317 714 1372 et
738 1309 868 1398 reddam
925 1307 963 1370 de
993 1316 1041 1369 est
1071 1309 1200 1370 miseria
1230 1307 1332 1390 culpe
1360 1327 1457 1390 quarn
1486 1325 1599 1390 poenao,
1624 1307 1670 1370 sic

119 1405 199 1486 tihi;
220 1405 360 1468 habuisti
385 1425 436 1469 me
457 1407 650 1488 largitorem,
667 1407 716 1470 fac
738 1425 788 1470 me
808 1407 868 1468 tibi
926 1406 1027 1469 multo
1051 1406 1222 1487 benignius
1245 1414 1293 1467 est
1317 1405 1423 1468 conari
1448 1413 1483 1467 ut
1507 1405 1671 1486 proximus

118 1503 311 1566 debitorem.
343 1505 459 1580 Tertio,
489 1505 528 1568 ad
557 1506 634 1589 quid
664 1505 806 1569 Christus
837 1505 869 1567 in
926 1503 1080 1566 liberetur
1109 1523 1127 1566 a
1158 1504 1242 1567 malo
1272 1503 1385 1586 culpe,
1411 1522 1507 1587 quam
1538 1522 1557 1565 a
1588 1503 1671 1565 malo

119 1601 278 1666 membris
297 1603 364 1666 suis
386 1604 466 1686 petit
486 1621 493 1666 :
515 1605 590 1686 quia
608 1605 647 1666 ad
669 1605 740 1678 boc,
757 1613 792 1666 ut
812 1622 870 1685 pro
926 1621 1037 1684 poena.

118 1699 230 1782 parvis
254 1706 285 1762 et
306 1700 449 1763 minimis
473 1701 630 1764 retribuat
652 1720 765 1783 magna
789 1702 871 1765 dona
966 1701 1137 1776 Postremo,
1155 1701 1273 1782 duplex
1295 1699 1474 1781 assignatur
1495 1700 1673 1763 misericor·

117 1798 231 1880 gratim
253 1798 285 1860 in
308 1799 470 1880 praesenti,
486 1806 518 1862 et
540 1801 678 1862 maxima
699 1800 781 1864 dona
804 1801 869 1882 glo·
926 1800 978 1862 dia
995 1817 1002 1861 :
1020 1818 1083 1862 una
1102 1799 1282 1874 laudabilis,
1300 1819 1363 1882 qua
1378 1799 1585 1864 condolemus
1605 1817 1674 1881 per-

118 1897 177 1960 rite
199 1897 233 1958 in
256 1897 373 1960 futuro.
399 1898 484 1960 Unde
508 1899 622 1961 asserit
642 1899 838 1980 Augustinus
860 1919 867 1962 ε
888 1899 1137 1978 Bsonae3altera
1151 1898 1454 1981 vituperabilis,qua
1469 1897 1675 1960 condolemus

118 1994 143 2058 0
173 1995 275 2056 miser
303 1995 410 2070 bomo,
441 2014 499 2058 cur
530 1996 696 2059 foeneraris
725 1997 870 2079 proximo
926 2005 957 2060 et
981 1997 1118 2078 proximi
1142 1995 1256 2079 culpa,
1281 2016 1351 2060 eam
1380 2015 1444 2059 non
1473 1995 1675 2077 corripiendo

118 2095 199 2155 tuof
215 2093 383 2156 Foenerare
407 2093 481 2168 Deo,
499 2094 750 2178 centuplumque
772 2094 812 2157 ab
833 2112 871 2158 eo
927 2115 986 2158 nec
1011 2095 1118 2158 debite
1143 2095 1340 2176 corrigendo.
1362 2095 1449 2158 Unde
1475 2094 1644 2174 Gregorius
1666 2112 1672 2156 :

118 2191 274 2273 accipies,
306 2199 338 2253 et
369 2191 468 2254 vitam
497 2199 647 2256 aternam
681 2193 869 2275 possidebis.
927 2193 1122 2276 Compassio,
1140 2193 1254 2274 inquit,
1272 2193 1406 2256 debetur
1425 2192 1609 2264 homini‚et
1627 2210 1674 2253 re-

119 2289 247 2362 Quarto,
254 2288 337 2370 quod
353 2289 488 2372 ipsemet
502 2289 642 2373 quotidie
659 2290 778 2371 indiget
789 2291 872 2354 Chri·
927 2292 1048 2354 ctitudo
1062 2291 1160 2366 vitiis,
1177 2291 1258 2353 utin
1275 2309 1339 2355 uno
1354 2291 1530 2372 eodemque
1546 2289 1675 2352 homine

120 2394 208 2448 stum
230 2404 340 2468 rogare
360 2405 419 2469 pro
437 2389 538 2470 gratia
559 2388 592 2450 in
614 2389 673 2452 hac
693 2389 758 2452 vila
777 2398 871 2471 atque
927 2390 1098 2471 diligamus
1117 2389 1237 2452 bonum
1258 2390 1343 2473 quod
1364 2390 1466 2453 factus
1486 2395 1544 2462 est,
1561 2397 1592 2451 et
1608 2407 1676 2470 per-

119 2503 182 2566 pro
204 2485 306 2566 gloria
335 2485 367 2547 in
393 2485 511 2548 futuro.
538 2486 661 2549 ldcirco
685 2505 747 2549 non
779 2496 873 2569 neget
928 2507 1100 2572 sequamur
1124 2488 1206 2550 mala
1236 2506 1306 2569 quae
1336 2488 1421 2550 fecit.
1449 2487 1675 2549 Verumtamen

119 2583 249 2646 Christo
275 2583 306 2644 in
332 2584 398 2646 suis
428 2584 582 2648 membris
606 2586 690 2667 quod
716 2587 806 2667 petit,
832 2607 871 2650 ne
928 2587 1024 2651 etiarn
1040 2587 1199 2650 interdum
1215 2605 1288 2649 eum
1305 2585 1497 2648 discretione
1513 2585 1677 2666 indulgen·

118 2682 298 2764 repellatur
315 2702 334 2744 a
353 2683 488 2756 Christo,
505 2685 681 2747 secundum
702 2684 781 2747 illud
801 2685 871 2748 Pro·
928 2686 1005 2748 dum
1025 2691 1073 2747 est
1092 2684 1205 2767 culpa,
1223 2684 1291 2746 sive
1314 2685 1346 2747 in
1367 2690 1467 2767 parte,
1484 2683 1551 2744 sive
1573 2682 1675 2745 totali-

1 2797 102 2844 »νομικὴ
118 2779 308 2842 verbiorum
336 2797 343 2841 :
371 2779 429 2854 Qui
458 2780 585 2843 obturat
614 2800 706 2844 aures
736 2802 809 2844 suas
833 2783 871 2846 ad
928 2793 988 2857 ter,
1010 2783 1185 2866 prasertim
1209 2782 1337 2863 quando
1361 2800 1399 2843 ex
1426 2780 1603 2862 ignorantia
1625 2798 1677 2842 ex-

1 2889 6 2899 ·
118 2878 296 2940 clamorem
330 2896 520 2959 pauperum,
551 2879 702 2941 clamabit
731 2880 811 2962 ipse,
841 2890 872 2942 et
928 2889 1059 2945 cusante
1081 2889 1135 2942 aut
1157 2879 1345 2942 infirmitate
1367 2878 1675 2960 processit,etdum

118 2976 873 3059 nonexaudietur.Ouint0‚qu0dnihilbabeat
929 2999 1065 3063 peccans
1099 2979 1243 3060 poenitct,
1274 2979 1401 3040 veniam
1433 2977 1546 3058 poscit,
1581 2984 1676 3058 atque

117 3093 188 3136 ase
211 3074 292 3155 ipso,
309 3082 341 3136 ct
355 3074 440 3157 quod
460 3074 529 3157 ipse
549 3075 697 3156 quamvis
717 3077 758 3138 sit
777 3077 872 3139 ditior
891 3079 966 3146 Cad
991 3077 1246 3140 emendationem
1274 3095 1307 3138 se
1332 3083 1434 3137 totum
1459 3075 1601 3158 exponit,
1623 3075 1675 3136 vel

118 3174 150 3235 in
168 3172 415 3254 temporalibus,
429 3192 549 3255 pauper
564 3181 670 3236 tamen
687 3175 872 3238 mendicans
928 3177 1004 3239 dum
1032 3176 1072 3238 dc
1096 3174 1232 3256 graviori
1258 3173 1328 3254 ejus
1358 3173 1450 3235 ruina
1475 3173 1618 3247 timetur,
1644 3181 1675 3236 et

116 3271 158 3333 ab
179 3289 221 3332 eo
241 3270 372 3332 forsitan
394 3271 489 3333 ditior
513 3273 553 3334 sit
580 3272 611 3334 in
637 3273 869 3354 spiritualibus,
927 3275 1048 3357 absque
1063 3272 1266 3353 derogatione
1281 3272 1357 3334 boni
1372 3273 1556 3334 communis
1572 3289 1674 3334 corre-

115 3370 180 3432 hoc
202 3375 252 3430 est
268 3368 299 3431 in
319 3369 420 3449 gratia
438 3376 533 3453 atque
549 3370 732 3444 virtutibus,
749 3390 785 3434 ac
806 3392 870 3435 ma·
928 3375 991 3436 ctio
1015 3373 1085 3453 ejus
1110 3379 1216 3454 potest
1238 3370 1374 3446 differri,
1396 3371 1533 3434 diminui
1555 3379 1610 3433 aut
1630 3370 1675 3432 di-

115 3469 167 3550 gis
189 3467 312 3529 electus
331 3486 349 3528 a
367 3467 439 3530 Deo.
457 3468 578 3531 idcirco
598 3487 670 3532 cum
691 3469 871 3534 humilitate
929 3471 1023 3535 mitti.

116 3565 219 3628 debet
239 3564 395 3638 conferre,
412 3571 444 3627 et
464 3585 497 3628 se
519 3567 588 3648 ipso
610 3586 783 3648 pauperem
806 3589 870 3631 me·
967 3569 1074 3634 Refert
1089 3569 1118 3630 S.
1131 3567 1341 3650 Hieronymus
1358 3567 1463 3650 primo
1478 3567 1560 3630 libro
1575 3568 1675 3630 Vitas-

117 3664 236 3726 liorem
259 3681 296 3724 ac
319 3661 494 3726 feliciorem
517 3664 726 3745 probabiliter
748 3675 871 3748 reputa-
928 3675 1053 3750 patrum
1070 3666 1109 3728 de
1125 3666 1330 3747 &Apollonio
1345 3666 1579 3749 cremita‚qu0d
1596 3665 1676 3727 mul-

117 3782 163 3824 re.
192 3761 274 3822 lliuc
299 3761 342 3823 ait
367 3761 535 3842 Gregorius
563 3779 569 3824 :
596 3763 745 3844 Quisquis
775 3785 871 3847 super
926 3774 1031 3828 torum
1047 3771 1225 3826 sanctorum
1241 3782 1278 3825 ac
1293 3763 1571 3826 devotissimorum
1587 3770 1676 3844 pater

116 3881 196 3923 eurn
220 3860 272 3922 cui
292 3859 413 3940 aliquid
434 3860 540 3934 donat,
563 3861 710 3924 elationis
734 3882 767 3925 se
787 3863 870 3926 fastu
927 3864 1048 3927 exstitit
1074 3861 1302 3925 monachorum
1328 3863 1361 3924 in
1385 3861 1519 3924 desertis
1537 3862 1674 3944 AEgypti,

116 3957 258 4028 extollit,
285 3956 439 4037 majorem
467 3957 595 4040 culpam
626 3959 738 4020 incidit
761 3979 869 4042 super·
927 3972 958 4025 et
989 3961 1088 4026 multa
1116 3961 1180 4042 egit
1209 3961 1372 4022 miracula.
1399 3961 1538 4033 Quodam
1568 3967 1675 4022 autem

116 4056 252 4130 biendo,
274 4073 370 4136 quam
394 4063 554 4118 mercetur
573 4074 666 4138 opem
688 4057 868 4138 praebendo.
927 4068 1070 4142 ternpore
1086 4066 1153 4121 orta
1169 4058 1253 4120 fame
1274 4059 1306 4120 in
1327 4059 1455 4139 regione
1471 4058 1606 4141 lllgypti,
1623 4059 1676 4120 ba·

115 4156 201 4217 ilinc
227 4153 401 4216 affabiliter
424 4153 542 4216 babere
563 4174 596 4216 se
618 4155 735 4218 debent
757 4157 871 4220 divites
927 4159 1078 4222 bitatores
1095 4165 1184 4220 terrae
1205 4157 1292 4219 illius
1312 4157 1511 4220 sanctitatem
1533 4158 1565 4218 B.
1582 4157 1676 4237 Apol-

115 4254 156 4316 ad
181 4252 359 4326 mendicos,
376 4253 645 4334 quemadmodum
667 4254 699 4316 in
718 4255 871 4320 Ecclesia·
888 4260 913 4322 D
928 4259 1004 4320 lonii
1020 4265 1258 4338 cognoscentes,
1275 4275 1385 4318 omnes
1401 4255 1497 4318 simul
1513 4274 1587 4318 eum
1603 4273 1674 4318 uxo·

1 4375 99 4417 (aar.
116 4353 203 4415 stico
228 4351 383 4432 scripturn
405 4358 453 4414 est
470 4369 477 4412 :
495 4351 735 4432 congregationi
755 4373 872 4437 paupe·
928 4357 1016 4419 ribus
1041 4355 1107 4417 suis
1132 4363 1163 4417 et
1188 4355 1266 4416 filiis
1292 4362 1501 4436 perrexerunt
1522 4355 1561 4416 ad
1585 4373 1672 4428 eum,

117 4469 194 4513 rum
218 4457 248 4512 te
267 4449 431 4512 affabilem
453 4450 556 4512 facito.
575 4450 721 4513 Salomon
744 4471 871 4535 quoque
928 4455 1036 4517 cibum
1053 4472 1088 4516 ac
1105 4452 1361 4516 benedictionem
1378 4452 1418 4514 ab
1433 4453 1504 4533 ipso
1519 4459 1671 4535 petentes.

5 4582 99 4618 manv,
116 4555 259 4612 testatur
283 4566 290 4611 :
316 4547 373 4621 Qui
400 4547 614 4610 calumniatur
638 4556 795 4628 egentem,
819 4571 871 4613 cx·
927 4555 965 4616 At
982 4553 1049 4634 ipse
1070 4553 1115 4614 nil
1133 4552 1294 4625 dubitans,
1311 4571 1349 4612 ex
1370 4552 1420 4613 his
1435 4571 1506 4635 quae
1521 4552 1559 4614 ad
1581 4570 1674 4614 usum

116 4648 256 4732 probrat
278 4647 388 4708 factori
414 4647 495 4727 ejus,
519 4647 628 4719 idest,
651 4649 714 4710 Deo
738 4650 871 4711 creatori
928 4653 1071 4714 Fratrum
1102 4650 1224 4724 habuit,
1250 4651 1347 4730 coepit
1373 4648 1523 4712 omnibus
1548 4651 1675 4732 copiose

116 4745 275 4830 pauperis
299 4745 376 4807 facit
400 4745 564 4825 injuriam,
590 4754 621 4807 et
646 4749 871 4810 contumeliam
927 4751 1055 4813 donare.
1072 4750 1239 4830 Quumque
1262 4756 1326 4810 tres
1349 4755 1473 4810 tantum
1496 4757 1610 4831 sportae
1633 4749 1676 4811 ci-

116 4845 253 4924 irrogat.
928 4849 1042 4910 borum
1059 4853 1274 4928 superessent,
1291 4866 1362 4928 quae
1379 4864 1442 4910 uno
1458 4847 1509 4910 die
1525 4847 1676 4910 sufficere

159 4943 329 5014 Praeterea,
346 4960 447 5022 quum
469 4942 510 5004 sit
529 4942 648 5024 duplex
671 4943 809 5018 miseria,
827 4952 875 5005 ut·
929 4952 1075 5027 poterant
1100 4963 1157 5027 pro
1179 4946 1321 5006 Fratrum
1348 4943 1533 5020 refectione,
1550 4944 1676 5026 Apollo·

117 5049 196 5124 pote
223 5059 326 5122 poenae
348 5047 379 5102 et
403 5040 515 5122 culpae,
537 5041 654 5124 duplex
678 5061 804 5124 quoque
826 5051 874 5106 est
930 5043 1002 5104 nius
1022 5043 1054 5104 in
1075 5049 1247 5123 conspectu
1268 5042 1412 5104 omniurn
1433 5043 1487 5124 qui
1510 5042 1603 5104 famis
1625 5061 1678 5104 nc-

116 5137 347 5202 misericordia
365 5156 371 5199 :
389 5157 452 5201 una
471 5158 533 5224 qua
554 5139 734 5204 laboramus
754 5149 788 5202 ut
805 5160 874 5224 pro·
929 5141 1075 5204 cessitate
1101 5141 1137 5202 ad
1166 5141 1270 5223 ipsum
1294 5139 1530 5213 confluxerunt,
1546 5139 1676 5202 elevatis

117 5237 233 5300 ximus
262 5235 422 5298 relevetur
450 5243 482 5299 et
510 5237 702 5299 emundetur
726 5258 744 5300 a
768 5240 872 5322 culpa,
930 5240 968 5300 ad
990 5241 1089 5301 Deum
1113 5239 1260 5301 manibus
1281 5238 1384 5300 dixit:
1402 5239 1511 5301 Nonne
1534 5238 1677 5319 omnipo

117 5335 258 5409 orando,
275 5333 440 5408 hortando,
453 5335 664 5416 corripiendo,
677 5339 873 5418 corrigendo,
931 5339 1031 5400 tentia
1057 5337 1110 5400 Dei
1133 5329 1236 5419 potest
1258 5338 1324 5401 baec
1350 5336 1584 5418 multiplicaret
1605 5336 1675 5399 llaec
