4214 6254
525 511 672 560 oorrnuca
693 511 715 558 ιι
735 511 809 558 rosr
828 507 1022 557 mrunarau.
1043 527 1083 538 -
1103 507 1202 556 annuo
1222 509 1346 556 runrrns
1652 487 1711 554 lca

155 681 241 758 fusa,
265 702 323 766 per
346 701 443 766 quam
467 684 616 746 volumus
640 683 705 746 Deo
728 683 813 766 quod
839 681 907 764 ipse
922 679 948 744 A
964 679 1038 742 bilis
1053 680 1118 743 Deo
1132 698 1169 742 ac
1185 678 1351 762 proximis,
1355 679 1447 759 juxta
1461 677 1542 741 illud
1557 677 1712 742 Ecclesia-

155 789 217 856 est,
234 789 345 865 utpote
360 782 410 844 sui
432 782 533 865 ipsius
554 782 742 845 immensam
762 780 908 864 perfecti·
962 779 1034 842 stici
1046 797 1052 840 :
1065 777 1201 842 Odibilis
1216 795 1322 842 coram
1337 777 1402 840 Deo
1417 785 1449 840 ει
1462 777 1648 841 hominibus
1663 783 1711 840 est
1724 793 1796 840 aaut
1806 797 1856 848 aa.

155 897 264 955 onem,
281 879 467 943 felicitatem
488 887 521 942 et
539 879 772 953 excellentiam,
789 887 821 942 et
842 897 907 942 suat
963 876 1122 957 superbia,

156 977 307 1040 felicitati
326 997 362 1041 ac
381 979 490 1060 gloriae
509 977 691 1040 cordialiter
710 977 906 1060 congratula·
1002 974 1129 1050 Quinto,
1156 975 1306 1056 quoniam
1329 993 1387 1056 per
1408 973 1591 1056 superbiam
1615 974 1711 1037 homo

157 1096 243 1151 mur,
260 1095 334 1140 eum
353 1095 481 1159 quoque
500 1095 557 1160 pro
572 1075 695 1140 viribus
715 1076 907 1140 honoramus
963 1073 1124 1157 praecipue
1146 1073 1311 1154 elongatur
1332 1093 1350 1135 a
1371 1073 1446 1148 lieo,
1462 1081 1493 1136 et
1511 1072 1619 1154 gratiae
1640 1072 1710 1153 ejus

155 1182 254 1258 atque
269 1175 309 1238 ab
325 1175 483 1238 universis
498 1175 646 1237 honorari
661 1182 820 1257 optamus,
835 1172 908 1236 obc-
963 1173 1098 1254 incapax
1120 1171 1274 1245 eflicitur,
1293 1171 1396 1254 fitque
1418 1171 1557 1234 Creatori
1578 1188 1636 1234 suo
1657 1171 1710 1233 ad·

155 1273 277 1338 diendo
298 1273 365 1336 suis
391 1272 568 1356 preceptis,
585 1280 639 1337 aut
662 1273 758 1335 etiam
782 1270 908 1354 acquie-
962 1270 1122 1332 versarius
1137 1289 1173 1332 ac
1189 1269 1328 1332 rebellis.
1340 1269 1461 1334 ldcirco
1476 1269 1629 1352 scripturn
1646 1278 1709 1332 est:

156 1371 277 1434 scendo
292 1371 407 1435 Christi
430 1371 581 1435 consiliis.
599 1371 661 1433 lste
679 1387 769 1433 amor
788 1370 844 1432 Dei
864 1368 908 1431 di·
962 1368 1046 1431 Deus
1074 1367 1221 1450 superbis
1246 1368 1375 1442 resistit,
1401 1367 1579 1430 humilibus
1601 1375 1708 1430 autem
1722 1393 1857 1447 nem,

157 1466 244 1527 citur
259 1483 401 1528 crescere
422 1484 523 1548 usque
544 1466 583 1527 ad
604 1471 822 1548 contemptum
845 1463 905 1536 sui,
962 1467 1016 1529 dat
1037 1467 1189 1548 gratiam3
1206 1474 1237 1528 et
1258 1466 1334 1528 alibi
1353 1484 1360 1528 :
1377 1466 1445 1529 Non
1467 1474 1498 1529 te
1522 1465 1653 1528 extollas
1676 1467 1707 1529 in
1723 1456 1857 1564 fflsvj}

157 1570 270 1646 utpote
286 1563 356 1645 ejus
372 1563 427 1646 qui
443 1563 529 1626 hunc
545 1563 639 1626 habet
653 1581 793 1626 amorem
812 1563 908 1645 :quia
963 1566 1153 1646 cogitatione
1177 1574 1232 1628 tua
1256 1566 1343 1628 velut
1367 1574 1494 1646 taurus3
1518 1573 1559 1640 et,
1583 1565 1654 1629 Noli
1679 1573 1709 1630 te
1723 1550 1857 1636 ruanis}

157 1664 215 1746 qui
241 1663 345 1724 taliter
368 1661 473 1744 diligit
496 1662 607 1735 Deum,
633 1661 770 1745 despicit
794 1668 907 1724 semet·
963 1664 1115 1729 extollere
1131 1665 1163 1727 in
1179 1664 1326 1728 faciendo
1341 1683 1437 1748 opere
1453 1673 1517 1737 tuo,
1535 1665 1590 1726 sed
1606 1664 1710 1726 humi·
1724 1659 1760 1697 '¹¹¹
1772 1647 1805 1692 ¹⁹·

157 1763 288 1846 ipsum3
309 1779 367 1824 nec
392 1761 424 1822 in
449 1760 556 1844 aliquo
580 1760 710 1823 sibimet
733 1759 908 1842 acquiescit
963 1763 1006 1825 lia
1027 1763 1119 1824 valde
1144 1763 1293 1845 spiritum
1317 1771 1419 1825 tuum.
1438 1762 1541 1834 Sexto,
1559 1762 1710 1844 quoniam

155 1868 269 1924 0⁰³1OE
291 1859 345 1921 ὓθῑ
368 1865 574 1941 metallum,
591 1858 646 1920 sed
668 1858 732 1920 ⁰00
753 1876 787 1919 se
809 1856 908 1937 subji·
925 1861 948 1924 B
963 1881 1002 1924 ex
1018 1860 1168 1942 superbia
1182 1861 1330 1924 oriuntur
1344 1868 1473 1942 peccata
1490 1860 1590 1923 multa
1602 1869 1633 1923 et
1647 1880 1713 1923 ma-

155 1960 213 2032 cit,
231 1975 329 2040 seque
344 1956 580 2039 comparatione
595 1956 650 2018 Dei
667 1956 711 2018 nil
729 1962 865 2038 reputat,
877 1963 908 2016 et
963 1977 1025 2041 gna
1047 1959 1155 2021 nimis.
1172 1959 1229 2033 Qui
1255 1959 1342 2021 enim
1363 1958 1520 2040 superbus
1542 1967 1601 2033 est,
1618 1959 1712 2022 facile

156 2077 200 2120 ex
215 2056 469 2120 consideratione
488 2055 624 2138 propriae
644 2053 907 2128 defectuositatis,
964 2058 1157 2139 indignatur,
1168 2057 1231 2120 cito
1247 2058 1403 2132 irascitur,
1414 2075 1542 2140 parvam
1560 2058 1711 2139 injuriam

158 2156 346 2238 ignorantiae
376 2162 408 2218 et
436 2153 613 2236 iniquitatis
642 2154 850 2216 vehementer
875 2172 908 2215 se
964 2155 1025 2218 sibi
1042 2155 1158 2218 factam
1174 2163 1301 2236 reputat
1317 2173 1475 2236 magnam,
1493 2155 1604 2238 sicque
1620 2155 1652 2218 in
1668 2156 1714 2217 ul·

157 2263 358 2338 aspernatur.
964 2253 1114 2317 ciscendo
1143 2253 1277 2315 excedit.
1300 2253 1338 2314 llt
1366 2253 1443 2334 quia
1470 2252 1621 2334 superbia
1648 2261 1714 2317 tarn

2 2378 143 2428 muus.
207 2353 365 2435 Amplius,
396 2353 478 2414 sicut
512 2350 654 2413 Salvator
687 2351 719 2412 in
755 2349 908 2413 hodierno
964 2351 1168 2433 singulariter
1192 2350 1341 2434 displicet
1365 2352 1440 2426 Deo,
1461 2350 1580 2414 idcirco
1604 2370 1713 2434 super-

4 2445 26 2482 ⁰·
158 2451 328 2533 evangelio
342 2451 444 2523 docet,
461 2468 519 2532 per
537 2449 598 2511 tria
614 2457 743 2532 peccata
764 2449 909 2511 mortalia
964 2450 1021 2514 bos
1041 2451 1156 2514 merito
1176 2469 1241 2514 suaa
1262 2449 1420 2532 superbia
1441 2449 1598 2532 permittit
1616 2449 1646 2511 in
1667 2451 1713 2511 di·

158 2549 308 2612 homines
337 2547 540 2630 potissimum
566 2565 585 2608 a
608 2565 666 2609 soa
690 2547 909 2629 impediuntur
964 2567 1056 2611 versa
1084 2556 1179 2631 atque
1204 2549 1346 2611 enormia
1376 2547 1440 2610 labi
1470 2556 1607 2629 peccata.
1633 2548 1713 2610 [linc

157 2648 274 2721 salute,
304 2646 558 2726 aeternaliterque
587 2646 779 2707 damnantur
805 2661 811 2706 :
838 2664 909 2726 quta
964 2647 1125 2710 virtuosus
1142 2647 1195 2710 ille
1210 2645 1323 2709 'lobias
1338 2647 1417 2708 dixit
1434 2645 1576 2708 filiosuo
1591 2646 1714 2708 carissi-

157 2753 235 2808 sunt
249 2743 409 2827 superbia,
425 2743 568 2817 avaritia,
584 2741 720 2816 luxuria,
736 2741 775 2804 de
792 2740 909 2823 quibus
965 2764 1018 2808 mo
1044 2763 1051 2807 :
1077 2744 1266 2828 Superbiam
1292 2763 1457 2826 nunquam
1483 2743 1515 2805 in
1538 2751 1593 2806 tuo
1617 2763 1713 2807 sensu
1729 2764 1861 2817 raanan.

155 2845 224 2925 jam
248 2843 410 2906 modicum
435 2849 483 2904 est
505 2842 709 2922 tangendum.
728 2841 836 2922 ltaque
858 2858 910 2901 su·
964 2851 1018 2906 aut
1043 2844 1077 2906 in
1098 2843 1197 2905 verbo
1219 2850 1274 2904 tuo
1298 2841 1455 2904 dominari
1478 2842 1662 2923 permittas3
1680 2844 1711 2905 in

156 2941 270 3026 perbia
285 2949 333 3004 εει
348 2939 545 3004 inordinatus
560 2939 697 3022 proprio
712 2938 908 3002 excellentie
965 2941 1033 3023 ipsa
1048 2942 1134 3004 enim
1152 2940 1278 3002 initium
1295 2940 1433 3022 sumpsit
1446 2939 1551 3003 omnis
1568 2941 1711 3022 perditio.

157 3041 332 3123 appetitus,
348 3038 483 3101 affectus
505 3037 625 3120 proprii
647 3037 786 3110 honoris,
802 3054 908 3118 asper·
924 3039 946 3102 C
966 3039 1118 3122 Septimo,
1136 3039 1211 3121 quia
1230 3045 1295 3100 tam
1317 3037 1456 3119 graviter
1475 3057 1511 3100 ae
1529 3037 1714 3119 frequenter

158 3139 246 3200 natio
262 3137 409 3211 aliorum,
426 3135 625 3208 excellentia,
642 3143 748 3198 tumor
762 3143 794 3198 et
808 3135 910 3198 eleva·
965 3138 1180 3221 peccavimus,
1197 3137 1282 3219 quod
1298 3155 1361 3200 non
1377 3154 1547 3217 possumus
1563 3153 1621 3199 nos
1636 3137 1713 3199 satis

156 3238 203 3300 tio
234 3236 283 3299 sui
314 3235 425 3317 ipsius.
458 3234 502 3296 Es
531 3233 591 3296 hoc
621 3233 745 3296 mortali
777 3241 909 3315 peccato
964 3256 1000 3300 ac
1016 3236 1173 3318 condigne
1189 3234 1359 3297 humiliare
1377 3252 1383 3296 :
1402 3234 1466 3297 imo
1481 3234 1547 3297 sola
1563 3234 1713 3317 superbia

155 3343 265 3398 cetera
280 3331 425 3396 mortalia
442 3331 588 3395 oriuntur
605 3339 743 3414 peccata.
761 3331 847 3393 llanc
862 3331 908 3393 vi·
964 3343 1070 3398 nostra
1085 3334 1161 3397 facit
1175 3351 1232 3397 nos
1248 3350 1354 3396 coram
1370 3333 1433 3396 Deo
1448 3341 1513 3394 tam
1529 3333 1712 3416 viles,quod

154 3435 272 3496 tiosam
288 3430 573 3512 detestabilemque
592 3429 776 3512 superbiam
796 3431 906 3505 vitare,
963 3433 1086 3515 indigni
1112 3451 1224 3495 sumus
1248 3451 1266 3494 a
1289 3439 1373 3494 terra
1397 3431 1525 3514 portari.
1541 3431 1620 3495 Alia
1643 3449 1713 3518 pos-

156 3532 249 3596 odire
268 3538 301 3593 et
319 3529 490 3592 abhorrere
507 3527 687 3592 debemus:
964 3540 1035 3596 sent
1056 3531 1152 3594 varia
1181 3549 1283 3593 caussa
1312 3529 1434 3592 vitandi
1460 3537 1492 3592 et
1520 3529 1711 3592 abhorrendi

199 3630 317 3704 Primo,
338 3627 414 3710 quia
437 3647 476 3690 ex
502 3645 617 3710 magno
641 3645 747 3690 errore
768 3635 800 3689 ει
823 3625 908 3689 falsi·
963 3629 1147 3712 superbiam
1162 3627 1487 3708 assignari,videlicet
1503 3644 1510 3689 :
1527 3627 1603 3710 quia
1618 3626 1649 3688 in
1665 3635 1711 3690 tot

154 3737 222 3792 tate
238 3726 391 3810 procedit.
409 3726 467 3801 Qui
483 3726 571 3789 enim
586 3725 740 3808 superbit,
759 3725 801 3787 ita
816 3744 850 3788 se
865 3726 907 3788 ef·
964 3728 1116 3811 periculis
1140 3726 1234 3809 positi
1260 3744 1382 3800 sumus,
1408 3733 1440 3788 et
1464 3726 1646 3807 ignoramus
1669 3744 1709 3787 an
1724 3749 1857 3802 maana,

158 3828 223 3890 fert
237 3845 274 3890 ac
293 3825 400 3907 magni
420 3826 530 3908 pendit
550 3825 640 3908 quasi
658 3824 779 3906 aliquid
799 3825 906 3886 situel
963 3827 1049 3909 digni
1071 3826 1172 3888 simus
1191 3842 1297 3887 amore
1318 3824 1373 3886 Dei
1393 3844 1434 3887 an
1453 3825 1537 3899 odio,
1553 3831 1585 3886 et
1601 3833 1709 3886 utrum

156 3925 308 3990 habeata
324 3943 358 3986 εε
373 3925 460 4006 ipso;
477 3923 504 3986 si
519 3924 605 3986 enim
621 3922 797 3985 attenderet
811 3939 906 3986 omne
963 3923 1104 3987 finaliter
1122 3922 1409 3986 condemnabimur
1427 3941 1467 3984 an
1487 3940 1569 4002 n0n;
1585 3929 1616 3984 et
1636 3941 1710 4004 quo

157 4025 243 4108 quod
259 4030 308 4086 est
322 4029 354 4085 et
368 4021 464 4084 habet
481 4039 500 4082 a
520 4021 584 4084 Deo
603 4039 636 4082 se
656 4021 825 4102 recepisse,
842 4038 906 4082 non
963 4022 1049 4084 niam
1065 4021 1279 4083 immunditiis
1293 4039 1330 4082 ac
1346 4019 1525 4096 factoribus,
1542 4028 1637 4102 atque
1654 4020 1711 4081 mi·

156 4121 351 4206 superbiret,
369 4120 423 4183 sed
443 4121 508 4184 Deo
527 4139 560 4182 εε
579 4118 730 4182 subderet
744 4126 776 4182 ει
790 4119 906 4200 gratias
963 4121 1054 4184 seriis
1076 4137 1112 4182 ac
1136 4119 1320 4200 indigentiis
1342 4119 1429 4201 pleni
1452 4137 1563 4181 sumus
1586 4119 1618 4180 in
1643 4135 1709 4180 cor·

157 4224 188 4286 ei
210 4220 352 4285 referret.
370 4221 500 4302 Semper
520 4237 595 4300 ergo
617 4219 774 4301 profunde
794 4237 907 4301 pense·
922 4217 947 4280 D
963 4236 1039 4302 pore
1069 4225 1100 4280 et
1129 4218 1244 4280 anima.
1272 4217 1516 4281 Consideremus
1545 4234 1619 4298 ergo
1642 4216 1710 4280 haee

6 4349 140 4400 comer.
159 4341 234 4385 mus
250 4320 329 4382 illud
343 4319 487 4402 Apostoli
505 4337 511 4382 :
529 4318 609 4392 Quid
624 4317 721 4381 habas
739 4319 823 4399 quod
843 4335 907 4380 non
962 4317 1081 4391 omnia,
1098 4325 1130 4379 et
1150 4316 1359 4378 humiliemus
1380 4334 1437 4378 nos
1461 4315 1579 4395 jugiter
1603 4332 1709 4377 coram
1725 4331 1856 4382 trecate.

156 4419 332 4502 accepistil
348 4419 379 4482 si
400 4425 505 4480 autem
525 4417 688 4500 accepisti,
705 4417 781 4500 quid
797 4417 909 4498 gloria·
963 4417 1049 4494 Deo;
1080 4415 1249 4497 potiusque
1279 4421 1426 4495 optemus
1454 4412 1585 4475 subesse
1614 4432 1710 4494 quam

158 4519 204 4581 ris
234 4519 325 4600 quasi
354 4534 416 4579 non
441 4515 628 4598 acceperis?
653 4516 808 4590 Secundo,
833 4516 909 4597 quia
963 4533 1111 4598 praeesse,
1133 4512 1263 4576 obedire
1285 4531 1380 4595 quam
1404 4512 1571 4593 imperare.

160 4618 207 4680 nil
229 4616 304 4679 boni
325 4635 343 4678 a
366 4615 458 4678 nobis
481 4615 560 4698 ipsis
580 4614 746 4688 habemus,
770 4615 826 4677 sed
845 4633 910 4677 om·
1004 4615 1137 4693 lnsuper
1152 4611 1311 4693 fugiamus
1332 4611 1508 4684 avaritiam,
1524 4629 1594 4693 quae
1608 4611 1712 4692 (juxta

159 4717 252 4778 nium
272 4713 557 4787 defectuositatem,
575 4713 764 4796 pronitatem
784 4714 823 4774 ad
842 4730 909 4775 om·
965 4710 1165 4794 Apostolum)
1188 4717 1237 4772 est
1261 4710 1397 4772 servitus
1422 4709 1591 4783 idolorum,
1617 4717 1649 4772 ει
1673 4729 1711 4772 ex
1726 4723 1857 4780 aptatas.

160 4833 201 4877 ne
218 4813 337 4876 malum
353 4820 448 4895 atque
464 4812 675 4894 multiplicem
691 4811 828 4894 culpam.
839 4813 910 4875 'fer-
965 4830 1028 4894 qua
1052 4809 1191 4882 fraudes,
1214 4809 1343 4891 rapinae,
1366 4807 1542 4882 mendacia,
1559 4809 1711 4890 perjuria,

159 4914 217 4988 tio,
242 4911 318 4994 qnia
347 4930 405 4993 per
433 4910 616 4993 superbiam
647 4910 789 4974 efficitur
814 4911 910 4973 homo
966 4909 1044 4972 falsa
1060 4908 1252 4982 testimonia,
1269 4907 1493 4982 dissensiones,
1511 4907 1592 4980 lites
1610 4907 1714 4968 inimi-

159 5010 345 5094 specialitcr
367 5009 516 5083 imitator,
537 5027 647 5070 servus
673 5008 825 5090 filiusque
845 5009 912 5072 dia·
966 5008 1049 5070 citiae
1065 5015 1096 5070 et
1110 5007 1172 5069 alia
1188 5007 1312 5068 diuersa
1326 5006 1404 5068 vitia
1418 5006 1623 5068 oriuntur.De
1640 5013 1714 5068 tem-

45 5142 93 5176 ιιι,
105 5129 141 5168 as.
160 5107 239 5182 boli,
256 5107 311 5189 qui
326 5107 377 5186 (ut
393 5106 424 5168 in
442 5104 523 5168 libro
536 5104 594 5167 lob
613 5104 779 5185 scribitur)
793 5112 841 5168 est
856 5123 910 5167 rex
966 5105 1130 5188 pacalibus
1153 5105 1247 5166 rebus
1269 5103 1314 5164 nil
1336 5104 1476 5185 amplius
1501 5104 1594 5166 debet
1619 5122 1715 5185 appe-

160 5225 259 5289 super
282 5205 450 5268 universos
477 5202 562 5265 filios
589 5202 756 5284 superbiae.
783 5204 909 5276 Quarto,
968 5210 1033 5266 tere
1065 5203 1261 5266 Christianus
1295 5220 1390 5282 quam
1422 5201 1551 5282 expedit
1584 5201 1645 5263 sibi
1675 5200 1714 5263 ad

161 5307 238 5389 quia
261 5324 320 5388 per
344 5301 528 5386 superbiam
556 5300 700 5363 efficitur
727 5301 821 5364 homo
845 5301 911 5364 odi·
968 5301 1050 5364 bene
1066 5299 1250 5372 vivendum,
1267 5298 1306 5360 ad
1322 5298 1531 5379 spiritualiter
1545 5297 1715 5380 proficien-
