4206 6258
284 522 432 572 normam
452 524 514 572 xxv
535 523 609 572 rosc
628 523 822 572 mininam.
843 541 883 554 -
903 522 1078 572 manuario
1098 525 1130 572 m
1151 524 1320 573 anemonen
1340 524 1414 573 nouo
1433 523 1584 572 nrvsronn
1648 504 1709 572 ott

160 693 194 758 in
217 694 341 759 Christo
365 693 533 777 multiplex
556 694 746 777 assignatur,
767 695 850 758 sicut
873 694 905 756 in
922 693 948 758 Α
963 693 1039 758 fecit
1051 695 1220 776 justitiam,
1237 697 1297 760 hoc
1316 703 1364 759 est
1381 713 1476 778 opera
1490 695 1641 768 virtuosa,
1655 692 1706 776 ju·

1 809 2 814 ¹
19 809 145 864 cxxix,
160 793 358 876 expositione
373 792 530 874 evangelii
545 791 578 855 in
593 793 754 856 dominica
768 794 907 856 secunda
961 800 1008 855 sta
1024 798 1056 856 θῖ
1069 800 1188 868 sancta,
1200 793 1468 875 quemadmodum
1483 791 1600 855 fatetur
1617 809 1624 854 ι
1641 791 1706 873 figo
1718 805 1856 862 rounam,

1 875 145 919 ''⁵⁹⁸⁰‘'
161 900 232 974 post
250 891 453 955 Nativitatem
475 898 638 954 ostensum
657 899 713 954 est.
961 890 1140 973 (inquiens)
1162 911 1233 973 quaa
1262 891 1379 974 placita
1406 898 1482 954 sunt
1504 889 1598 965 Patri,
1623 889 1706 954 facio
1719 871 1753 914 ²⁹·

199 992 244 1052 Et
258 991 358 1068 faciet
369 991 541 1068 judittam
556 999 586 1050 et
594 992 766 1068 justitiam
786 992 823 1050 ia
843 998 907 1051 ter·
961 1007 1097 1071 semper.

0 1118 23 1131 ..
57 1113 142 1152 mm.
159 1109 208 1150 ro.
226 1089 261 1151 fn
276 1087 448 1170 Evangelio
462 1088 576 1151 asserit
590 1088 744 1162 Christus,
761 1089 827 1170 Ego
841 1106 905 1152 non
1000 1091 1043 1150 In
1065 1089 1179 1148 diebus
1203 1089 1283 1158 iltis,
1303 1095 1380 1169 puta
1404 1088 1436 1150 in
1460 1087 1565 1170 primo
1589 1085 1707 1151 Christi

0 1193 142 1276 ἐφηω,
154 1187 266 1268 judico
288 1204 501 1269 quemquam;
522 1194 554 1250 et
575 1187 703 1260 iterum,
723 1186 791 1250 Nou
818 1185 906 1249 misit
960 1186 1110 1261 adventu,
1126 1187 1310 1247 salvabitur
1328 1189 1428 1256 luda,
1449 1187 1509 1249 hcc
1529 1191 1578 1250 est
1600 1184 1706 1248 omnis

156 1287 241 1348 Deus
266 1285 382 1348 Filium
407 1304 501 1348 suum
526 1291 562 1348 ut
582 1285 707 1366 judicet
735 1285 903 1360 mundum,
961 1283 1099 1366 populus
1113 1284 1305 1358 Judaeorurn,
1322 1283 1387 1348 imo
1407 1291 1508 1347 totum
1528 1301 1628 1364 genus
1647 1282 1706 1344 hu-

157 1384 213 1447 sed
235 1390 270 1447 ut
289 1383 429 1446 salvetur
448 1384 587 1446 mundus
607 1403 664 1466 per
681 1384 787 1466 ipsum
805 1401 812 1446 :
829 1402 905 1465 quo
962 1401 1104 1456 manum,
1129 1389 1284 1464 quantum
1312 1383 1352 1445 ad
1375 1380 1616 1456 sufficientiam,
1641 1399 1706 1444 non

157 1483 252 1546 modo
267 1500 342 1563 ergo
358 1481 501 1545 Christus
520 1482 554 1545 in
573 1482 677 1564 primo
692 1500 751 1545 suo
766 1483 903 1545 adventu
961 1488 1116 1564 quantum
1132 1480 1170 1542 ad
1186 1479 1405 1543 efficientiam.
1418 1479 1561 1544 Christus
1576 1479 1706 1563 qnippe,

155 1579 235 1642 fecit
255 1579 438 1660 judiciumf
463 1580 501 1642 Et
524 1581 793 1664 respondendum,
819 1580 904 1662 quod
961 1586 1116 1660 quantum
1137 1579 1170 1642 in
1191 1597 1224 1642 se
1240 1585 1298 1654 est,
1315 1596 1373 1662 pro
1388 1580 1485 1644 totius
1498 1578 1635 1650 ,humani
1656 1598 1708 1660 ge-

155 1677 275 1760 duplex
300 1685 347 1741 est
370 1677 541 1759 judicium,
567 1678 718 1742 videlicet
741 1678 904 1741 discretio·
961 1677 1046 1740 neris
1069 1676 1223 1739 satisfecit
1244 1677 1393 1759 peccatis,
1415 1677 1614 1740 sanctissime
1636 1695 1710 1740 cou-

155 1777 219 1851 nis,
241 1777 326 1858 quod
346 1777 384 1838 ad
407 1776 610 1859 prudentiam
634 1783 729 1858 atque
746 1775 904 1857 justitiam
961 1774 1128 1850 versando,
1140 1775 1391 1858 innocenterque
1406 1776 1582 1838 moriendo.
1592 1775 1710 1838 Verum

155 1875 381 1957 pertinetque
395 1876 480 1938 inter
493 1875 614 1938 honum
629 1882 662 1938 et
677 1875 809 1951 malum,
822 1876 905 1938 inter
924 1871 947 1933 B
961 1891 1025 1936 uon
1044 1891 1156 1936 omnes
1176 1874 1332 1956 passionis
1350 1893 1414 1938 suaa
1434 1874 1576 1938 fructum
1592 1882 1624 1937 et
1639 1872 1685 1936 eff
1688 1874 1712 1936 i·

154 1991 268 2036 verum
284 1981 316 2035 et
330 1972 447 2035 falsum
463 1973 656 2037 discernitur
673 1991 679 2036 :
697 1981 729 2036 et
744 1972 803 2036 hoc
819 1973 906 2036 Chri·
961 1972 1081 2035 caciam
1107 1972 1284 2035 sortiuntur
1308 1992 1315 2036 :
1340 1973 1424 2054 quod
1449 1979 1498 2036 est
1520 1990 1559 2036 ex
1582 1972 1709 2035 defectu

155 2079 225 2134 stus
247 2072 280 2134 in
303 2071 408 2153 primo
426 2089 484 2134 suo
507 2072 645 2135 adventu
671 2071 905 2154 perfectissime
961 2087 1083 2144 eorum,
1095 2089 1160 2134 non
1176 2070 1300 2134 Christi.
1313 2071 1348 2133 In
1364 2071 1480 2135 Christi
1496 2089 1624 2153 quoque
1640 2088 1709 2152 pas-

155 2169 245 2244 fecit,
261 2168 361 2233 bonos
384 2170 553 2244 laudando,
570 2170 688 2252 impios
711 2171 906 2253 increpando
961 2169 1049 2233 sione
1073 2186 1184 2232 omnes
1206 2169 1387 2232 Judaeorum
1412 2168 1611 2243 Patriarchae,
1635 2169 1708 2231 Pro-

153 2287 193 2331 ac
209 2269 403 2342 detestande,
420 2269 555 2332 virtutes
571 2270 724 2344 docendo,
741 2269 819 2332 vitia
833 2286 905 2350 pro·
960 2268 1075 2350 phete,
1089 2287 1127 2330 ac
1147 2268 1243 2330 ceteri
1264 2267 1478 2350 predestinati
1500 2267 1578 2331 olim
1596 2266 1708 2330 defun-

154 2366 308 2441 hihendo,
338 2367 422 2429 sieut
454 2367 487 2429 in
519 2367 690 2449 Evangelio
721 2367 903 2448 scribitur;
960 2367 1014 2440 cti,
1036 2366 1077 2428 ah
1100 2365 1264 2447 originah‘s
1289 2367 1411 2448 peccati
1437 2372 1525 2428 reatu
1549 2365 1707 2448 redempti

154 2466 311 2547 quosdam
334 2465 430 2530 etiam
453 2465 578 2528 occulto
600 2465 722 2545 judicio
743 2467 783 2529 ad
805 2465 904 2530 fidem
960 2471 1045 2540 sunt,
1062 2465 1146 2528 sicut
1160 2472 1193 2527 et
1207 2464 1276 2548 ipse
1291 2464 1439 2546 predixit
1450 2481 1457 2526 ε
1468 2464 1534 2546 Ego
1548 2463 1575 2526 si
1589 2464 1706 2527 exalta·
1721 2481 1852 2536 osanam.

155 2571 188 2627 et
203 2564 336 2645 gratiam
353 2564 602 2628 misericorditer
616 2565 813 2638 deducendo,
825 2564 905 2628 alios
959 2570 1010 2626 tus
1035 2563 1127 2626 fuero
1150 2582 1168 2626 a
1193 2571 1286 2636 terra,
1312 2562 1420 2625 omnia
1443 2563 1564 2626 traham
1590 2564 1629 2625 ad
1654 2581 1705 2626 me

153 2663 242 2743 juste
263 2662 525 2744 derelinquendo.
543 2663 658 2744 Sicque
681 2662 764 2726 inter
787 2664 906 2744 praede·
960 2661 1076 2742 ipsum.
1092 2662 1254 2734 Praeterea,
1267 2660 1299 2722 in
1315 2660 1421 2742 primo
1436 2659 1551 2724 Christi
1566 2660 1704 2723 adventu

155 2760 289 2824 stiuatos
310 2768 341 2824 et
361 2762 524 2843 prescitos
545 2761 696 2823 discrevit
713 2778 719 2822 :
737 2769 905 2843 propterea
959 2759 1070 2822 salvati
1086 2767 1161 2822 sunt
1175 2777 1285 2822 omnes
1299 2758 1365 2821 veri
1381 2759 1491 2832 Judaei,
1503 2758 1563 2821 hoc
1579 2767 1627 2822 est
1640 2758 1705 2821 Deo

6 2876 140 2926 saxum.
155 2859 212 2932 ait,
232 2858 323 2922 Nunc
346 2857 505 2939 judicium
529 2866 578 2921 est
598 2859 720 2920 mundi.
740 2859 836 2921 Aliud
857 2869 905 2922 est
958 2857 1099 2921 fideliter
1114 2855 1304 2920 confitentes
1319 2856 1411 2936 (Juda
1428 2875 1567 2938 namque
1581 2855 1705 2920 confes-

152 2957 314 3038 judicium
337 2956 545 3020 discussionis
570 2965 602 3018 et
625 2956 902 3032 remunerationis,
958 2955 1005 3018 sio
1022 2955 1271 3037 interpretatur),
1288 2973 1351 3017 non
1372 2962 1479 3017 autem
1495 2955 1636 3018 carnales
1657 2973 1704 3018 re·

154 3055 243 3137 quod
263 3054 498 3137 particulariter
512 3055 551 3117 fit
566 3055 598 3117 in
619 3055 776 3118 mortibus
795 3056 902 3137 singu·
921 3053 1115 3136 Cprohique
1133 3053 1244 3127 Judaai,
1266 3053 1322 3135 qui
1345 3069 1503 3137 synagoga
1526 3060 1601 3116 sunt
1622 3053 1706 3116 Sata·
1725 3070 1851 3128 epactas.

153 3154 270 3228 lorum,
286 3161 319 3215 et
340 3153 563 3217 universaliter
583 3152 641 3215 fiet
662 3153 695 3214 in
719 3152 785 3216 fine
806 3173 902 3216 seecu-
958 3171 1016 3215 nae.
1031 3153 1163 3234 Propter
1182 3152 1267 3234 quod
1289 3151 1416 3215 Simeon
1436 3151 1543 3232 justus
1565 3150 1645 3214 dixit
1665 3153 1704 3214 de

153 3252 260 3314 lorum
278 3269 285 3314 :
303 3251 395 3332 cujus
413 3251 527 3332 judicii
545 3251 707 3314 exsecutio
723 3259 844 3333 spectet
863 3253 901 3315 ad
958 3250 1117 3314 infantulo
1131 3251 1204 3314 Jesu
1222 3268 1228 3312 :
1245 3250 1368 3313 Positus
1388 3257 1437 3313 θεῖ
1451 3250 1504 3312 hic
1525 3249 1558 3312 in
1578 3251 1703 3314 ruinam
1725 3265 1852 3320 neonae.

153 3349 317 3412 Christum
336 3349 513 3412 secundum
533 3356 678 3412 naturam
697 3357 899 3432 assumptam.
957 3356 988 3412 et
1003 3348 1267 3412 resurrectionem
1284 3348 1457 3410 multorum
1472 3349 1505 3410 in
1520 3348 1625 3411 Israel.
1644 3349 1704 3412 Un-

150 3447 359 3512 Judiciariam
387 3466 526 3528 namque
554 3454 742 3528 potestatem
772 3457 803 3510 et
832 3449 902 3529 ejus
957 3447 996 3510 de
1012 3448 1051 3510 de
1066 3446 1176 3509 electis
1190 3447 1371 3510 Juuaeorum
1386 3445 1530 3528 reliquiis
1544 3447 1629 3528 apud
1644 3446 1704 3510 isa·

151 3545 392 3608 exsecutionem
416 3564 474 3608 seu
501 3546 666 3608 sententiae
690 3545 901 3627 prolationem
957 3545 1021 3608 iam
1050 3545 1238 3627 pradictum
1268 3551 1317 3607 est
1341 3563 1349 3609 :
1375 3544 1509 3608 Sanetus
1539 3545 1704 3608 vocabitur
1730 3560 1835 3612 raras.

151 3644 273 3706 meruit
293 3643 435 3706 Christus
455 3661 512 3706 sua
533 3642 756 3706 humiliatione
775 3663 811 3706 ac
831 3663 901 3726 pas·
956 3645 1061 3708 omnis
1083 3643 1138 3725 qui
1160 3643 1298 3724 scriptus
1321 3650 1367 3705 est
1388 3643 1420 3704 in
1444 3643 1508 3706 vita
1529 3643 1561 3706 in
1582 3645 1704 3707 Jerusa-

150 3743 244 3805 sione
261 3759 467 3823 :quanquam
489 3749 522 3804 et
541 3741 669 3805 aliunde
691 3741 753 3804 sihi
775 3759 901 3825 compe·
956 3743 1029 3806 fem.
1039 3743 1197 3815 Praeterea,
1205 3741 1244 3804 de
1258 3741 1431 3805 salvatione
1446 3759 1509 3805 non
1523 3742 1702 3806 iudaeorum

150 3848 246 3914 teret,
267 3847 377 3922 utpote
400 3840 520 3903 ratione
542 3840 749 3922 hypostatice
772 3841 900 3904 unionis
954 3848 1090 3916 tantum,
1101 3841 1156 3903 sed
1170 3847 1203 3902 et
1216 3840 1313 3903 totius
1329 3839 1441 3902 mundi
1456 3859 1514 3922 per
1529 3839 1700 3916 Christum,

151 3959 220 4003 sum
239 3939 446 4002 humanitatis
466 3957 540 4001 eum
555 3938 658 4002 Verbo
677 3946 804 4002 aterno.
821 3939 899 4002 Nam
955 3958 1064 4004 omnes
1079 3958 1161 4022 pene
1175 3939 1336 4022 Propheta
1351 3939 1446 4002 locuti
1461 3947 1540 4002 sunt
1548 3939 1594 4003 Ad
1609 3939 1704 4003 Abra-

151 4055 193 4102 eo
209 4039 279 4121 ipso
294 4055 358 4119 quo
373 4036 489 4100 Christi
510 4037 691 4100 humanitas
710 4037 900 4120 suppositali
956 4039 1030 4102 ham
1054 4038 1174 4102 etenim
1198 4039 1320 4100 dictum
1344 4045 1394 4101 θεῖ
1414 4055 1422 4102 t
1441 4039 1476 4100 ln
1501 4039 1622 4101 semine
1647 4046 1701 4103 tuo
1730 4052 1849 4107 orama,

150 4137 273 4200 unione
293 4136 396 4200 Verbo
415 4135 504 4198 unita
523 4143 581 4210 est,
598 4136 727 4218 praelata
745 4145 793 4200 est
811 4137 900 4200 omni
955 4139 1186 4202 benedicentur
1200 4155 1311 4202 omnes
1325 4145 1452 4219 gentes3
1463 4144 1496 4200 et
1510 4137 1543 4200 in
1559 4138 1698 4202 Psalmo:
1717 4119 1750 4160 ¹⁸·

152 4236 222 4298 euti
245 4241 361 4311 creato,
378 4243 410 4298 et
431 4234 527 4298 habet
547 4252 644 4317 super
665 4235 772 4298 omnia
794 4243 900 4300 aucto·
916 4240 940 4302 Ι)
954 4235 1221 4310 Reminiscentur,
1238 4243 1269 4298 et
1291 4244 1515 4299 convertentur
1535 4237 1575 4298 ad
1595 4237 1702 4300 Demi·
1714 4250 1848 4302 Peucet-

151 4335 292 4410 ritatem,
317 4334 552 4419 presidentiam
580 4341 675 4415 atque
697 4333 900 4415 judiciariam
956 4355 1033 4399 num
1050 4335 1189 4399 universi
1205 4335 1288 4397 fines
1302 4337 1404 4398 terrae.
1423 4335 1461 4398 Et
1476 4335 1509 4398 in
1524 4335 1604 4398 isaia
1618 4335 1700 4398 Deus

0 4462 33 4506 u.
46 4475 75 4512 v,
88 4460 135 4503 aa.
151 4441 352 4518 potestatem.
378 4433 457 4496 Hinc
482 4432 525 4495 ait
549 4432 617 4515 ipse
644 4449 651 4495 :
676 4433 784 4514 Neque
813 4433 900 4497 enim
957 4436 1046 4498 Pater
1066 4435 1207 4516 loquitur
1226 4432 1349 4497 Christo
1366 4451 1373 4495 :
1393 4433 1470 4496 Dedi
1490 4440 1521 4496 te
1541 4434 1574 4496 in
1595 4433 1700 4497 lucem
1728 4447 1847 4499 sexana.

151 4535 244 4598 Pater
271 4533 394 4615 judicat
420 4551 626 4615 quemquam,
657 4533 712 4594 sed
741 4533 899 4613 judicium
956 4534 1111 4615 gentium,
1127 4533 1221 4595 utsis
1237 4532 1321 4594 salus
1341 4550 1412 4595 mea
1430 4533 1585 4614 usquead
1601 4539 1702 4598 extre·

1 4661 48 4704 aa.
68 4659 118 4702 ετ.
151 4651 250 4697 omne
271 4632 359 4696 dedit
380 4632 477 4712 ltili03
498 4639 529 4694 et
550 4632 664 4706 denuo,
682 4632 775 4695 Dedit
796 4631 825 4694 ei
848 4651 901 4715 po·
957 4651 1046 4694 mum
1061 4631 1321 4712 terrae;itemque
1336 4632 1420 4714 apud
1436 4631 1702 4696 Danielem:0m-
1714 4652 1849 4700 naama.

151 4728 311 4805 testatem,
332 4737 364 4794 et
386 4729 545 4812 judicium
569 4730 685 4803 facere,
706 4731 781 4812 quia
801 4730 899 4794 filius
956 4751 1013 4794 nes
1038 4730 1161 4813 populi,
1181 4729 1283 4791 trihus
1304 4736 1337 4791 et
1354 4729 1471 4810 linguae
1494 4730 1633 4793 servient
1652 4731 1700 4811 ei;

151 4830 294 4895 hominis
309 4838 366 4894 est.
383 4829 463 4894 ilinc
478 4829 517 4892 de
533 4830 603 4913 ipso
617 4829 649 4892 iu
665 4829 744 4892 lsaia
759 4838 808 4893 est
823 4849 901 4912 prae-
958 4835 1096 4913 potestas
1119 4828 1201 4909 ejus,
1228 4834 1366 4910 potestas
1389 4835 1517 4902 aterna,
1543 4848 1614 4911 qne
1638 4846 1701 4892 non

2 4956 93 5008 .u,a‚
108 4951 133 4993 a.
150 4930 277 4994 dictum
300 4948 307 4994 :
327 4929 397 4993 Non
418 4930 594 4992 secundum
615 4928 772 4992 visionem
794 4929 900 4993 oculo·
956 4928 1136 5007 auferetur3
1153 4934 1184 4990 et
1199 4944 1332 5007 regnum
1353 4926 1434 5007 ejus,
1451 4927 1535 5008 quod
1554 4945 1618 4990 non
1638 4945 1704 4990 cor·

150 5047 227 5092 rum
248 5027 415 5110 judicabit,
431 5046 535 5110 neque
557 5029 733 5091 secundum
756 5029 900 5090 auditum
956 5034 1133 5108 rumpetur.
1150 5026 1190 5088 At
1208 5041 1284 5088 vero
1305 5025 1437 5087 salvatio
1457 5024 1516 5087 ista
1534 5025 1702 5088 hominum

150 5127 281 5192 aurium
305 5133 434 5208 arguet3
460 5126 516 5188 sed
541 5125 700 5207 judicabit
724 5126 756 5188 in
779 5126 902 5206 justitia
956 5125 1038 5187 facta
1053 5143 1111 5206 per
1125 5123 1507 5204 Christum,iuteiligenda
1522 5132 1702 5212 estareqtu

151 5243 324 5309 pauperes,
341 5233 373 5287 et
387 5232 498 5305 arguet
518 5223 550 5286 in
569 5223 717 5305 aequitate
737 5242 795 5305 pro
814 5243 901 5287 man·
956 5223 1120 5305 originalis
1146 5224 1277 5306 peccati,
1298 5242 1316 5285 a
1338 5231 1492 5306 potestate
1513 5223 1642 5296 diaboii,
1661 5224 1701 5286 ah

148 5324 254 5390 suetis
282 5330 384 5390 terre.
410 5322 562 5387 Praeterea
585 5322 727 5386 Christus
756 5323 788 5384 in
819 5329 901 5385 terra
957 5323 1045 5386 omni
1071 5322 1249 5404 iniquitate,
1274 5322 1315 5385 ab
1344 5321 1492 5384 infernali
1522 5322 1700 5405 punitione,
