4214 6254
419 445 478 514 l20
676 466 826 514 nonnum
847 467 892 514 ss.
912 466 1094 513 rarurrnrrs.
1115 484 1155 496 -
1176 467 1434 542 aognnnrcrosom
1457 468 1555 515 saarro
1577 467 1705 524 onmros

420 633 511 708 vidit,
527 653 632 718 neque
652 639 760 702 videre
776 643 881 720 potest
897 661 922 698 a.
947 637 1034 712 Quod
1051 637 1166 700 intelli·
1181 637 1206 700 Α
1222 645 1254 701 ct
1275 639 1434 713 accidens,
1451 640 1506 702 sed
1528 636 1836 722 supersubstantiale
1854 644 1888 699 et
1909 634 1960 699 im·

420 733 562 813 gendum
587 743 634 798 est
657 737 697 800 de
720 737 843 799 visione
871 736 1167 817 comprehensionis
1223 755 1365 811 manens,
1386 739 1425 800 de
1447 755 1481 801 se
1503 737 1637 820 profert,
1657 745 1689 800 et
1707 735 1790 799 intra
1811 754 1844 798 se
1867 735 1962 818 loqui·

420 831 581 913 parfectae‚
598 852 661 916 qua
680 835 758 918 quid
773 842 837 897 tam
858 834 942 897 claro
957 843 990 897 et
1003 835 1097 918 plene
1117 852 1168 896 co
1222 842 1283 896 tur.
1309 834 1407 917 Cujus
1432 835 1521 897 verbi
1546 835 1710 918 expressio
1734 842 1784 898 est
1806 833 1962 915 generatio
2079 839 2080 918 l

420 931 584 1011 gnoscitur
605 933 689 995 sicut
709 953 747 996 ex
768 954 825 997 sua
841 941 954 997 natura
973 933 1169 1016 cognoscibi·
1222 933 1294 996 Filii
1315 933 1381 996 Dei.
1404 933 1468 997 Hoc
1489 935 1609 997 etenim
1635 932 1775 995 Verbum
1800 940 1960 1006 aternum,
2079 927 2080 1004 J

421 1028 451 1090 le
475 1038 584 1093 exstat.
607 1031 658 1095 Sic
684 1033 770 1096 enim
795 1052 814 1096 a
838 1052 871 1095 se
896 1033 963 1096 solo
988 1032 1113 1094 videtur
1137 1039 1169 1094 et
1223 1051 1323 1113 quum
1344 1033 1520 1095 secundum
1539 1032 1694 1094 rationem
1714 1029 1962 1093 similitudinisa
2079 1083 2080 1114 ζ

421 1127 703 1208 comprehenditur
726 1130 809 1192 Deus
832 1148 839 1193 :
859 1149 933 1193 nam
958 1150 1016 1193 sua
1038 1129 1168 1193 actuali·
1223 1130 1311 1192 Patre
1332 1149 1388 1212 per
1407 1130 1604 1193 intellectum
1626 1137 1763 1203 emanet,
1785 1136 1817 1192 et
1835 1129 1875 1190 de
1896 1127 1963 1190 suh
2079 1133 2080 1212 Ῑ

419 1230 482 1286 tate
506 1243 543 1287 ac
567 1226 767 1308 plenitudine
792 1227 930 1302 infinita,
951 1228 1095 1291 omniurn
1122 1228 1168 1293 in·
1222 1228 1338 1302 stantia
1359 1228 1456 1290 Patris
1479 1228 1674 1302 immediate,
1694 1245 1758 1290 non
1783 1234 1962 1309 peractum
2079 1239 2080 1268 f

420 1322 607 1387 tellectuum
631 1334 810 1390 creatorum
833 1327 1039 1408 capacitatem
1064 1327 1096 1388 in
1122 1327 1168 1388 in·
1224 1325 1448 1388 intermedium
1470 1345 1489 1387 a
1511 1325 1688 1388 substantia
1709 1325 1837 1387 realiter
1857 1324 1964 1386 distin·
2079 1317 2080 1334 ²

419 1421 551 1484 finitum
576 1425 709 1486 excedit.
737 1425 841 1487 Potest
865 1443 992 1508 quoque
1021 1425 1166 1506 intelligi,
1224 1431 1322 1496 ctum,
1338 1430 1495 1495 nascatur,
1513 1422 1734 1506 propriissime
1749 1440 1786 1485 ac
1803 1421 1964 1484 verissime

421 1521 506 1600 quod
526 1521 634 1584 nullus
654 1523 686 1585 in
706 1522 765 1584 hac
779 1523 845 1585 vita
867 1530 970 1604 potest
989 1524 1090 1586 Deum
1113 1542 1169 1606 per
1224 1521 1322 1583 Filius
1347 1521 1403 1583 Dei
1427 1521 1525 1583 Patris
1549 1520 1737 1603 appellatur.
1758 1519 1797 1581 Et
1819 1519 1965 1602 quoniam

422 1619 563 1700 speciem
579 1620 698 1696 videre,
711 1622 849 1684 vivendo
864 1622 930 1684 vita
945 1622 1097 1684 sensitiva
1111 1622 1168 1682 hu·
1224 1619 1313 1681 Pater
1332 1637 1395 1682 uno
1416 1619 1657 1700 simplicissimo
1677 1617 1879 1699 intelligendi
1900 1627 1965 1678 acto

422 1735 531 1794 mana;
552 1726 584 1779 et
608 1718 696 1793 item,
716 1719 800 1800 quod
825 1719 1043 1801 corporalibus
1067 1719 1169 1782 oculis
1225 1735 1259 1779 se
1275 1717 1380 1799 ipsum
1397 1725 1428 1779 et
1443 1717 1551 1780 omnia
1567 1717 1708 1798 perfecte
1724 1715 1886 1796 intelligit,
1902 1715 1967 1777 ideo

422 1816 524 1879 videri
553 1834 617 1878 non
647 1817 758 1880 valeat.
790 1818 862 1892 Sed,
892 1818 1039 1900 quamvis
1067 1818 1167 1880 Deum
1187 1817 1210 1879 B
1227 1834 1289 1877 una
1304 1816 1480 1897 prolatione
1496 1817 1691 1878 immanente
1706 1815 1842 1877 verbum
1860 1814 1967 1896 produ·

422 1914 692 1995 comprehendere
721 1933 783 1978 non
814 1916 968 1992 valemus,
999 1934 1169 1998 possumus
1227 1914 1280 1987 cit,
1302 1915 1386 1996 quod
1408 1922 1458 1977 est
1481 1915 1529 1976 sui
1552 1913 1695 1996 perfecta
1719 1913 1835 1994 imago,
1856 1920 1890 1976 et
1909 1930 1968 1975 om·

421 2019 528 2074 tamon
543 2011 670 2075 assidue
686 2013 718 2075 in
735 2013 804 2094 ejus
820 2014 1088 2096 contemplatione
1104 2032 1171 2096 pro
1226 2011 1316 2073 nium
1339 2019 1554 2074 creaturarum
1576 2011 1751 2094 exemplar,
1768 2029 1832 2084 ars,
1850 2010 1967 2093 species

422 2109 522 2172 ficere
539 2127 546 2172 ε
564 2110 683 2173 idcirco
709 2113 897 2193 quarendus
923 2120 981 2186 cst,
1004 2120 1038 2174 ut
1060 2113 1169 2175 inven-
1226 2117 1258 2171 et
1282 2111 1369 2172 ratio.
1396 2109 1459 2172 Nec
1483 2109 1605 2190 aliquid
1631 2110 1737 2171 minus
1762 2116 1967 2191 potestesse,

423 2215 474 2270 tus
498 2208 597 2289 magis
620 2217 789 2289 queratur,
807 2209 987 2292 clariusque
1009 2210 1168 2285 inventus,
1225 2207 1369 2296 relucere
1397 2227 1433 2270 ac
1463 2207 1683 2290 repraesentari
1708 2206 1741 2268 in
1765 2205 1872 2269 Verbo
1902 2206 1967 2279 isto,

419 2305 529 2367 adhuc
554 2306 679 2368 avidius
709 2307 908 2388 requiratur3
933 2327 992 2370 nec
1021 2309 1097 2370 huic
1124 2310 1170 2372 in·
1227 2324 1322 2388 quam
1338 2312 1386 2367 cst
1401 2306 1433 2367 in
1448 2305 1536 2368 Patre
1552 2313 1691 2368 aterno:
1708 2305 1779 2368 ideo
1795 2311 1862 2367 tota
1877 2305 1968 2367 Patris

424 2403 591 2486 quisitioni
620 2403 652 2465 in
678 2404 730 2466 via
759 2404 855 2485 hujus
885 2405 989 2467 exsilii
1015 2407 1170 2468 terminus
1226 2404 1364 2467 essentia
1394 2404 1575 2468 continetur
1604 2404 1636 2465 in
1667 2421 1714 2466 co.
1743 2403 1807 2466 Nec
1837 2402 1968 2465 dubium

424 2501 617 2583 imponatur.
635 2502 764 2583 Propter
780 2503 864 2584 quod
884 2502 962 2565 dicit
981 2503 1168 2566 Psalmista:
1226 2503 1305 2584 quin
1322 2503 1432 2564 eadem
1454 2520 1598 2576 numero,
1614 2521 1715 2583 quum
1737 2501 1848 2564 divina
1870 2519 1971 2564 essen·

276 2620 409 2672 asanaa.
424 2599 562 2662 Laetetur
582 2617 636 2662 cor
656 2600 865 2681 quaerentium
885 2601 1072 2681 Dominum3
1088 2622 1171 2683 quae-
1228 2601 1271 2662 tia
1291 2607 1427 2681 nequeat
1448 2600 1666 2683 multiplicari,
1684 2619 1743 2662 nco
1762 2618 1833 2663 esse
1851 2599 1971 2663 valeant

424 2698 484 2760 rite
508 2697 678 2761 Dominum
704 2705 736 2760 et
759 2698 1016 2779 confirmamini;
1039 2701 1170 2782 quaerite
1227 2699 1335 2782 plures
1356 2699 1409 2761 dii.
1430 2699 1495 2762 Hoc
1520 2699 1627 2780 itaque
1646 2698 1785 2761 Verbum
1806 2706 1969 2770 aeternum,

423 2795 539 2858 faciem
561 2796 631 2877 ejus
652 2815 788 2879 semper.
1227 2805 1275 2861 est
1291 2798 1406 2860 mentis
1426 2805 1565 2878 paterna
1580 2797 1715 2860 verbum
1737 2797 1913 2870 internum,
1930 2797 1972 2859 in-

463 2894 597 2976 lnsuper
617 2894 656 2956 ad
680 2893 858 2957 habendam
880 2897 1170 2977 superpraestantis-
1227 2894 1403 2975 telligibifis
1425 2895 1533 2968 dictio,
1550 2902 1581 2956 et
1600 2895 1763 2977 sapientia
1784 2895 1858 2977 ejus
1883 2895 1972 2977 plena

423 2993 513 3056 sima
533 2991 694 3054 Trinitatis
717 2993 889 3075 aliqualem
908 3011 945 3055 ac
964 2993 1095 3057 fidelem
1120 3014 1170 3059 co·
1186 2999 1208 3062 C
1226 2993 1399 3076 expressio,
1421 2993 1571 3076 splendor
1594 2993 1714 3074 gloriae,
1736 2993 1902 3056 character
1923 3012 1971 3075 pa·
1992 3013 2066 3056 atam

421 3091 610 3172 gnitionem,
642 3090 746 3172 primo
774 3091 813 3153 de
844 3091 1042 3155 emanatione
1074 3094 1169 3155 unius
1227 3100 1325 3155 terna
1349 3091 1544 3165 substantias,
1568 3092 1671 3172 imago
1695 3091 1848 3154 bonitatis
1875 3100 2066 3174 parer-maa.

425 3207 569 3272 personas
592 3188 631 3251 ab
657 3189 719 3252 alia
745 3189 867 3271 aliquid
892 3199 939 3252 est
963 3192 1167 3272 tangendum.
1226 3211 1286 3264 naa,
1312 3192 1430 3254 candor
1460 3191 1540 3253 lucis
1565 3197 1701 3266 aeternae,
1727 3191 1899 3273 speculum
1925 3210 1971 3252 su-

423 3287 577 3361 Quocirca
600 3287 778 3362 sciendum,
800 3289 885 3369 quod
906 3308 1006 3370 quum
1027 3290 1110 3352 Deus
1129 3291 1171 3353 sit
1227 3289 1499 3373 perclarissimum
1529 3297 1561 3351 et
1589 3288 1769 3371 perfectum
1801 3289 1972 3371 majestatis

424 3405 482 3448 ens
506 3385 659 3467 primum,
680 3385 969 3467 simplicissimum,
992 3387 1168 3462 infinitum,
1227 3387 1561 3470 incomprehensibilis
1589 3388 1752 3468 genitoris.
1783 3388 1877 3450 Hunc
1905 3387 1972 3451 Uni-

426 3482 811 3566 perfcctum,naturaliter
825 3483 1030 3567 bonum,ipse
1045 3492 1093 3548 est
1108 3505 1171 3549 una
1226 3486 1369 3569 genitum
1386 3485 1744 3567 superpulchcrrimum
1755 3486 1973 3569 supersapien-

428 3581 644 3644 actualissima
676 3581 741 3642 vita
775 3589 805 3642 ot
839 3583 1172 3664 supersapientissima
1226 3583 1973 3666 tissimum,superbonumacsupersimillimnm

429 3697 531 3752 mens,
550 3684 645 3760 atque
669 3679 872 3760 purissimus,
894 3679 1101 3754 invariabilis,
1123 3681 1171 3743 in·
1228 3682 1301 3756 sibi,
1318 3681 1422 3762 diligit
1435 3683 1518 3744 Deus
1534 3682 1623 3744 Pater
1641 3700 1748 3744 amore
1769 3683 1974 3765 superarden-

429 3775 740 3858 circumscriptibilfs
769 3777 910 3858 spiritus.
936 3777 1016 3839 Hinc
1045 3779 1099 3841 Dei
1128 3780 1172 3841 fe·
1228 3781 1975 3862 tissim0,prorsusgratuitoatimmens03aeter-

428 3875 585 3948 conditas,
617 3873 835 3948 exuberantia,
871 3875 1093 3939 munificentia
1125 3886 1173 3940 est
1229 3879 1344 3942 naliter
1368 3896 1495 3960 quoque
1523 3886 1556 3940 et
1579 3878 1812 3942 incessabiliter
1841 3878 1974 3961 adspicit

427 3972 596 4038 omnifarie
621 3972 757 4034 infinita.
780 3971 943 4035 Emanatio
968 3993 1094 4057 quoque
1119 3977 1173 4039 illa
1229 3997 1303 4041 eum
1328 3997 1401 4040 cum
1431 3977 1640 4040 delectatione
1664 3995 1739 4040 vere
1763 3984 1795 4039 et
1819 3978 1973 4041 intensive

427 4073 466 4136 ad
485 4073 568 4134 intra
585 4090 656 4153 quaa
676 4071 709 4133 in
728 4071 792 4135 Deo
811 4078 869 4146 est,
887 4089 950 4134 non
970 4074 1033 4135 nisi
1052 4075 1173 4156 simpli·
1230 4077 1443 4150 interminata,
1468 4083 1500 4138 et
1527 4075 1793 4157 complacentiam
1823 4076 1921 4140 habat
1944 4076 1972 4138 in

426 4171 566 4246 cissima,
590 4169 902 4246 immaterialissima‚
928 4171 1173 4235 incommutabi-
1189 4176 1213 4238 D
1229 4194 1268 4240 ao
1290 4176 1422 4239 omnino
1445 4173 1764 4256 superdulcissimam
1789 4183 1822 4238 ct
1843 4175 1973 4238 immen-

426 4271 477 4346 lis‚
495 4268 720 4332 intellectualis
736 4275 767 4331 et
781 4276 899 4333 aeterna
916 4270 1062 4332 consistit
1078 4288 1084 4332 :
1101 4271 1173 4333 talis
1229 4294 1307 4337 sam.
1334 4274 1395 4336 Sed
1420 4279 1452 4334 et
1474 4272 1573 4334 filius
1597 4273 1720 4335 Patrem
1746 4272 1975 4336 invariabiliter

425 4377 473 4433 est
492 4387 567 4450 ergo
585 4367 747 4450 generatio
762 4367 833 4430 Filii
850 4368 916 4442 Dei,
932 4376 1028 4451 atque
1047 4387 1173 4451 proces·
1230 4373 1381 4445 intuetur,
1402 4370 1665 4453 comprehensive
1687 4370 1848 4453 intelligit,
1871 4391 1974 4454 supcr-

425 4469 474 4531 sio
495 4467 633 4548 Spiritus
655 4466 770 4529 Sancti.
1230 4469 1465 4533 ferventissime
1483 4469 1674 4550 infinitaque
1694 4469 1810 4550 diligit,
1827 4469 1973 4552 superde-

466 4566 575 4646 ltaqua
594 4565 677 4627 Deus
696 4565 786 4626 Pater
805 4583 839 4627 se
857 4565 963 4646 ipsum
983 4567 1174 4630 eternaliter
1230 4567 1461 4632 liciosissimam
1475 4567 1737 4649 complacentiam
1752 4575 1784 4630 et
1795 4567 1974 4632 immensam

427 4684 464 4728 ac
479 4663 664 4746 plenissime
679 4663 832 4726 intuendo
847 4670 879 4726 et
894 4663 1173 4746 intelligendo,hoc
1229 4685 1358 4750 prorsus
1383 4664 1524 4728 laetitiam
1549 4664 1668 4728 habens
1694 4665 1726 4727 in
1751 4683 1810 4729 suo
1831 4683 1974 4750 superca-

429 4778 558 4845 quoquc
574 4761 607 4822 in
622 4779 656 4822 se
671 4767 703 4822 et
718 4760 757 4822 de
772 4778 806 4822 se
821 4761 994 4842 cognoscit,
1012 4761 1172 4844 intelligit,
1228 4765 1356 4828 rissimo
1376 4765 1474 4827 Patre.

428 4859 580 4942 concipit,
596 4857 656 4920 hoc
675 4858 759 4920 intra
778 4877 811 4921 se
832 4859 962 4940 profert,
978 4861 1125 4942 producit
1143 4869 1175 4924 et
1269 4864 1421 4927 Praeterea
1440 4864 1529 4926 Pater
1549 4869 1580 4924 et
1595 4862 1693 4924 Filius
1714 4861 1776 4925 sibi
1796 4870 1862 4926 tam
1884 4864 1973 4927 inter-

428 4953 674 5042 gignit.'Sicque
689 4955 778 5020 Pater
796 4964 933 5021 aeternus
953 4976 987 5021 sc
1007 4979 1064 5041 per
1084 4960 1175 5023 intel·
1231 4962 1426 5026 minabiltrer
1448 4961 1693 5043 complacentes,
1709 4979 1743 5024 sa
1765 4961 1905 5026 invicem
1925 4979 1973 5024 vo

429 5057 547 5121 lectum
563 5055 731 5130 cernendo,
747 5055 797 5118 sui
816 5054 918 5138 ipsius
934 5064 1124 5138 conceptum
1141 5059 1174 5122 in
1230 5061 1324 5124 londo
1351 5079 1388 5123 ac
1416 5058 1588 5141 diligendo,
1615 5057 1713 5121 simul
1741 5060 1923 5142 producunt
1944 5066 1973 5122 et

428 5175 463 5220 se
478 5155 572 5239 parit,
583 5163 616 5219 et
630 5155 764 5219 verbum
779 5175 881 5219 unum
896 5156 1069 5231 internum,
1086 5177 1174 5221 men·
1229 5159 1352 5242 spirant
1380 5176 1481 5221 unum
1510 5155 1749 5232 subsistentem,
1774 5176 1973 5240 superessen-

426 5255 500 5334 tale,
518 5271 584 5321 non
604 5270 719 5320 sonans
738 5272 775 5320 ac
794 5254 962 5332 transiens,
978 5271 1043 5321 non
1064 5257 1172 5323 vocale
1227 5257 1348 5335 tialem,
1372 5255 1550 5342 perfectum
1574 5261 1607 5320 et
1630 5253 1796 5322 infinitum
1820 5273 1969 5330 amorem,
