4214 6254
445 467 505 537 Μ
717 495 867 545 οοιιιιιιοι
888 497 931 546 ss.
953 499 1135 548 mrmrarrs.
1156 520 1196 532 -
1218 503 1261 551 an
1280 505 1455 554 nemorosos
1467 507 1476 570 ;
1499 507 1599 555 amo
1620 509 1733 556 saxrns

995 915 1187 1003 SERMO
1226 917 1443 1007 SEXTUS

716 1181 756 1229 llll
778 1181 940 1229 sraolllaus
961 1182 1251 1242 commemorare,
1273 1184 1310 1230 ΕΤ
1329 1185 1369 1231 ΒΕ
1389 1185 1521 1234 HYSTIGA
1541 1187 1723 1236 maeandra.

516 1467 568 1528 OS
581 1473 692 1526 autem
711 1468 855 1524 revetata
874 1465 961 1541 socie
976 1467 1119 1543 gloriam
1133 1463 1234 1528 Dal
1302 1465 1448 1528 Secunda
1477 1467 1599 1549 species
1628 1469 1916 1553 contemplationis,
1942 1480 1981 1534 est
2078 1453 2079 1512 ἶ

529 1565 614 1623 mini
632 1567 844 1640 speculantes,
861 1564 897 1622 in
920 1566 1064 1624 eamdem
1082 1566 1197 1642 imopi-
1249 1582 1382 1626 summae
1404 1571 1436 1626 et
1458 1567 1735 1648 superessentialis
1759 1568 1920 1632 Trinitatis
1940 1587 1981 1633 ce
2078 1567 2079 1572 ’

445 1681 519 1722 nem
541 1665 822 1740 transformamur
837 1663 1024 1722 actoritate
1043 1665 1080 1723 in
1096 1666 1194 1724 clori—
1248 1661 1349 1742 gallio
1363 1663 1613 1744 supernaturalis
1630 1682 1638 1726 :
1655 1666 1922 1747 quemadmodum
1936 1668 1983 1730 sci·
2078 1673 2079 1726 4

446 1768 556 1830 tatem,
568 1769 725 1839 tanquam
741 1780 760 1819 a
775 1761 912 1821 Domini
925 1761 1069 1835 Spiritu.
1083 1762 1109 1822 ll
1124 1761 1191 1825 Gor.
1249 1760 1324 1822 licet
1339 1760 1421 1822 Deus
1437 1761 1479 1823 sit
1494 1761 1527 1823 in
1542 1764 1681 1826 essentia
1697 1771 1829 1838 unuset
1844 1765 1942 1828 trinus
1955 1766 1980 1828 in

445 1874 490 1930 ru,
509 1856 556 1920 l8.
1249 1858 1404 1941 personis,
1420 1865 1452 1920 et
1473 1861 1633 1941 quomodo
1654 1881 1719 1924 una
1742 1881 1880 1945 persona
1900 1863 1980 1927 aliam

484 1956 531 2019 ad
560 1956 716 2020 Creatoris
746 1957 794 2019 sui
826 1956 944 2019 claram
974 1966 1006 2020 et
1033 1957 1192 2034 facialem,
1249 1957 1290 2018 sit
1319 1957 1523 2038 producens3
1549 1961 1709 2041 quomodo
1738 1961 1837 2024 llilius
1867 1963 1982 2026 aPatre

445 2053 608 2117 fruitivam
629 2073 665 2116 ιο
686 2052 868 2117 beatificam
892 2055 1192 2136 contemplationem
1248 2062 1427 2136 generetur,
1445 2063 1476 2118 et
1492 2057 1628 2138 Spiritus
1648 2059 1781 2122 Sanctus
1801 2060 1842 2122 ab
1863 2068 1983 2142 utroque

444 2153 684 2236 adipiscendam
700 2152 1017 2234 inamissibiliterque
1033 2155 1194 2236 possiden·
1249 2153 1402 2235 spiretur;
1423 2154 1560 2237 qualiter
1581 2175 1644 2218 una
1666 2175 1803 2238 persona
1824 2158 1918 2222 aliam
1941 2179 1982 2220 sn-

445 2251 530 2324 dam,
548 2257 653 2313 creata
674 2257 722 2314 est
745 2251 907 2313 rationalis
929 2260 1081 2315 creatura.
1103 2253 1193 2316 Nunc
1248 2251 1482 2332 perclarissime
1498 2252 1984 2335 intueatur,superardentissime

445 2349 745 2432 interim,quamdiu
760 2351 846 2430 degit
861 2351 893 2412 in
909 2351 1026 2414 saeculo
1041 2352 1107 2426 isto,
1118 2373 1195 2434 prae-
1249 2348 1370 2430 diligat,
1387 2357 1466 2412 etse
1488 2350 1626 2413 invicem
1648 2352 1856 2433 perfruantur
1875 2373 1910 2416 ac
1928 2373 1985 2415 mn-

445 2448 518 2512 fataa
542 2449 802 2530 contemplationi
832 2450 1058 2531 propinquare,
1084 2459 1116 2512 et
1139 2451 1194 2512 ali·
1248 2455 1304 2509 tuo
1324 2448 1385 2510 sibi
1407 2449 1626 2530 complaceant
1645 2459 1781 2526 aeternae,
1800 2452 1944 2515 increata
1960 2461 1985 2514 el

445 2547 523 2628 quid
543 2547 614 2627 ejus
634 2546 836 2628 participare,
852 2555 947 2628 atque
968 2547 1068 2629 ipsius
1087 2549 1194 2612 dulce·
1248 2545 1414 2609 adorandae
1430 2564 1581 2628 persona.
1599 2548 1643 2610 De
1658 2567 1721 2631 qua
1735 2551 1842 2631 specie
1859 2559 1986 2612 contem-

445 2645 553 2707 dinem
574 2645 740 2727 prolibare
759 2645 854 2707 debet
876 2646 995 2720 conari,
1016 2649 1192 2728 prasertim
1208 2645 1231 2706 B
1249 2644 1398 2725 platinnis
1424 2645 1546 2707 dictum
1572 2653 1620 2708 est
1649 2646 1681 2709 in
1711 2648 1904 2729 praecedenti
1931 2668 1986 2710 ser-

444 2743 549 2806 omnis
570 2742 749 2824 religiosus,
766 2742 806 2805 ab
826 2743 1020 2806 exteriorum
1042 2746 1193 2808 sollicitu—
1248 2759 1352 2804 mone.

442 2841 528 2916 dine,
551 2842 786 2924 inquietudine,
811 2841 1075 2923 occupationibus
1100 2843 1189 2908 liber.
1289 2841 1348 2902 Sed
1377 2842 1625 2922 agnoscendum,
1651 2844 1737 2925 quod
1760 2845 1866 2925 (juxta
1895 2845 2071 2909 diviniora

483 2941 578 3003 Ροιιο
603 2938 831 3020 contemplatio
857 2947 904 3001 est
923 2940 1103 3003 divinorum
1129 2943 1193 3004 sin·
1247 2939 1389 3022 Dionysii
1408 2940 1613 3022 documenta)
1628 2942 1791 3024 duplicem
1810 2943 1850 3006 de
1866 2945 1927 3008 Deo
1942 2926 2051 3005 mnae

442 3057 525 3112 cera,
548 3045 695 3120 prompta
719 3045 751 3100 et
776 3056 921 3100 amorosa
944 3039 1091 3119 cognitio.
1113 3041 1190 3103 Nam
1247 3037 1361 3099 bemus
1377 3038 1409 3099 in
1426 3038 1484 3100 hac
1499 3039 1563 3100 vita
1578 3039 1804 3121 cognitionem,
1821 3043 1985 3105 videlicet:

442 3137 547 3220 primo
577 3144 609 3199 et
637 3137 822 3198 immediate
852 3137 1079 3218 contemplatio
1108 3139 1192 3201 circa
1247 3154 1343 3198 unam
1364 3155 1422 3218 per
1440 3135 1688 3200 affirmationem
1710 3158 1766 3201 seu
1790 3141 1985 3222 positionem,

442 3235 543 3297 Deum
559 3241 713 3308 versatur,
731 3233 847 3296 deinde
862 3233 946 3296 circa
961 3234 1098 3298 effectus
1118 3237 1194 3319 ipsi·
1249 3242 1283 3296 ut
1302 3235 1385 3315 qnod
1406 3236 1488 3297 Deus
1510 3243 1559 3297 est
1580 3254 1636 3298 ens
1661 3237 1815 3318 primurn,
1833 3258 1986 3301 summum

441 3352 490 3407 us,
508 3339 602 3414 prout
621 3332 661 3394 ab
684 3333 753 3414 ipso
776 3331 941 3395 fluxerunt
962 3341 993 3396 et
1013 3334 1194 3414 gubernari·
1248 3331 1379 3405 bonum,
1403 3339 1434 3394 et
1459 3333 1626 3415 quidquid,
1653 3335 1797 3398 absolute
1824 3337 1986 3420 loquendo,

442 3439 505 3506 tur,
526 3440 622 3513 atque
643 3431 683 3493 ad
706 3431 812 3512 ipsum
835 3431 977 3493 finaliter
997 3432 1190 3507 referuntur,
1249 3430 1421 3513 perfectius
1442 3437 1474 3493 et
1496 3431 1611 3494 melius
1631 3439 1680 3495 est
1701 3433 1820 3497 babere
1841 3454 1937 3518 quam
1957 3453 1989 3497 eo

442 3536 474 3592 et
498 3548 516 3591 a
540 3528 696 3610 theologis
721 3528 972 3591 considerantur.
993 3529 1095 3610 Hujus
1119 3549 1192 3593 con·
1249 3546 1373 3608 carere3
1398 3528 1492 3591 aliam
1523 3548 1581 3611 per
1604 3529 1800 3594 ablationem
1825 3552 1882 3596 seu
1903 3543 1989 3614 'nega-

443 3617 661 3708 tem'plationis
681 3626 785 3708 prima
805 3626 941 3708 species,
958 3634 1006 3688 est
1022 3628 1194 3710 simplicis·
1248 3626 1378 3688 tionem.
1397 3627 1474 3700 Quia
1491 3635 1525 3689 ut
1544 3629 1779 3692 sacratissimus
1799 3632 1915 3693 asserit
1928 3631 1989 3693 Dio·
2018 3641 2073 3717 alr

443 3725 533 3787 simae
557 3725 689 3787 Deitatis
714 3724 890 3806 speculatio
915 3724 1067 3786 naturalis
1095 3743 1102 3787 ε
1128 3745 1192 3789 non
1248 3725 1370 3806 nysius,
1391 3743 1522 3787 necesse
1544 3733 1592 3787 est
1615 3726 1646 3788 in
1670 3727 1734 3788 Deo
1758 3728 1906 3791 omnium
1928 3708 2070 3812 per-w

443 3822 529 3905 quod
554 3822 781 3904 contemplatio
807 3822 866 3884 ista
890 3822 931 3884 sit
955 3822 1120 3904 sapientia
1142 3843 1192 3886 ac·
1209 3825 1230 3888 C
1249 3821 1401 3885 lectiones
1433 3841 1551 3904 ponere
1580 3842 1616 3886 ac
1646 3823 1750 3898 fateri,
1781 3833 1935 3908 tanquam
1962 3826 1990 3887 in

443 3921 581 4003 quisita,
607 3921 759 3982 naturalis
784 3927 815 3982 et
839 3920 1068 4003 philosophica
1091 3931 1191 3996 actus,
1249 3919 1358 3982 fontali
1375 3921 1517 3983 omnium
1534 3940 1628 3983 causa
1641 3930 1672 3984 et
1684 3923 1859 4005 exemplari
1875 3924 1992 3986 univer·

444 4038 546 4102 quum
569 4018 611 4081 sit
630 4019 703 4081 doni
726 4019 901 4102 sapientia,
919 4039 989 4100 quaa
1011 4027 1060 4082 est
1083 4039 1192 4102 super·
1248 4036 1355 4080 sorum
1381 4018 1556 4101 principi03
1576 4019 1768 4102 iterumque,
1790 4028 1917 4104 oportet
1933 4039 1992 4084 om-

444 4117 598 4180 naturalis
614 4117 751 4191 habitus,
769 4117 860 4179 actio.
873 4117 933 4179 Sed
949 4117 1067 4180 dicitur
1082 4137 1195 4200 specu·
1249 4137 1321 4180 nem
1336 4136 1441 4187 rerum
1456 4117 1685 4198 perfectionem
1700 4118 1859 4202 abnegare
1872 4121 1912 4184 de
1924 4121 1992 4204 ipso,

444 4216 519 4280 latio
542 4216 706 4288 naturalis,
724 4217 875 4298 quoniam
899 4216 1134 4299 contemplatur
1155 4218 1193 4279 de
1249 4225 1399 4296 tanquam
1431 4235 1528 4297 super
1556 4218 1664 4279 omnia
1694 4217 1992 4301 incomparabiliter,

443 4317 507 4379 lieo
529 4335 570 4378 ea.
588 4334 659 4397 quae
680 4315 816 4377 naturali
842 4315 963 4379 ratione
986 4323 1121 4398 possunt
1145 4334 1195 4377 co·
1251 4314 1486 4395 separatissime
1516 4323 1552 4376 et¹
1576 4317 1890 4396 superessentialiter
1920 4317 1994 4380 ersi-

441 4414 550 4495 gnosci
577 4414 616 4476 de
642 4431 690 4486 eo,
716 4434 787 4495 quae
817 4420 848 4475 et
872 4431 930 4496 pro
961 4433 1074 4494 magna
1106 4422 1193 4496 parte
1251 4419 1363 4487 stente,
1381 4413 1508 4494 penitus
1528 4413 1993 4498 incomprehensibilietprnr·

443 4520 659 4594 cognoverunt
676 4512 1192 4595 philosopbizutpotequodDens
1251 4531 1304 4572 sus
1334 4510 1440 4591 ignoto
1473 4517 1627 4592 quantum
1658 4511 1697 4573 ad
1729 4512 1808 4592 quid
1839 4521 1898 4576 est.
1931 4514 1994 4595 lpsa

441 4611 483 4673 sit
503 4611 645 4693 primum
668 4629 735 4684 enS,
751 4629 851 4692 purus
870 4618 971 4684 actus,
988 4611 1192 4674 honoratissi-
1250 4609 1371 4692 qnippe
1395 4615 1511 4671 aeterna
1535 4609 1652 4682 Deitas,
1673 4609 1802 4672 infinita
1826 4611 1994 4674 eminentia

442 4728 514 4772 mus
537 4708 729 4783 intellectus,
746 4728 825 4791 pura
846 4709 982 4784 bonitas,
999 4729 1125 4772 summa
1140 4729 1192 4772 ve·
1249 4726 1344 4770 omne
1368 4715 1509 4770 creatum
1540 4708 1675 4782 excedit,
1702 4717 1814 4791 estque
1844 4709 1993 4773 deficiens

440 4808 528 4883 ritas,
545 4807 786 4890 simplicissima
802 4809 1032 4890 unitas,prima
1047 4809 1192 4871 omnium
1249 4825 1344 4870 omne
1373 4823 1489 4868 nomen
1519 4808 1628 4889 (prout
1656 4824 1714 4869 nos
1743 4807 1826 4871 illud
1856 4826 1993 4890 compre·

441 4926 537 4970 causa
562 4914 594 4968 et
618 4905 749 4968 ultimus
775 4906 867 4985 finis;
892 4907 986 4987 cnjus
1016 4906 1190 4988 sapientia,
1249 4905 1389 4968 hendere
1419 4905 1603 4988 possumus)
1626 4924 1644 4967 a
1672 4906 1942 4988 superbenedicta
1968 4912 1994 4967 et
2078 4989 2079 4992 Ἴ

441 5004 1193 5088 omnipotentiae,beatitudinis,0pulentiae,san·
1208 5005 1234 5067 b
1249 5002 1475 5085 supervivente
1503 5010 1535 5066 et
1559 5003 1804 5085 incomparabili
1835 5005 1994 5086 majestate

441 5101 796 5178 ctitatis,excellentiae,
816 5101 1033 5184 perfectionis,
1053 5103 1190 5185 pietatis,
1251 5103 1363 5183 ipsius,
1395 5100 1522 5164 infinito
1551 5102 1688 5164 defectu.
1719 5103 1809 5165 Unde
1838 5112 1870 5166 et
1899 5105 1994 5185 (juxta

439 5201 584 5284 justitia,
606 5199 771 5262 suavitatis
793 5199 901 5261 nullus
925 5207 974 5262 est
996 5199 1082 5274 finis,
1105 5200 1192 5262 nulla
1251 5200 1451 5283 Dionysium)
1470 5199 1529 5261 ista
1550 5200 1688 5280 cognitio
1707 5201 1763 5262 Dei
1785 5219 1843 5283 per
1862 5201 1995 5284 negatio
2012 5207 2046 5282 ld
2078 5281 2079 5284 Ἴ

444 5316 606 5374 mensura,
623 5296 792 5360 coarctatio
814 5296 911 5359 nulla.
1249 5317 1323 5361 nem
1339 5305 1386 5361 est
1402 5298 1505 5382 potior
1520 5305 1553 5361 et
1568 5299 1682 5362 clarior
1701 5299 1814 5380 prima
1831 5300 1915 5364 ilinc
1931 5301 1995 5383 jur·
2006 5275 2056 5316 Μ
2068 5295 2079 5306 “’
