4192 6258
420 451 480 518 tet
769 471 917 518 norrrrsrca
937 471 990 518 xrx
1011 471 1084 524 ross
1104 468 1298 516 mrurrasarr.
1319 486 1359 498 -
1380 467 1478 515 sunno
1498 466 1623 514 scurrus

421 640 516 716 ferni,
533 641 634 723 gloria
655 643 738 706 coeli.
760 643 1005 707 Consideremus
1029 659 1105 723 ergo
1126 641 1210 705 vid
1226 641 1308 704 ciem
1324 639 1514 704 eternaliter
1533 638 1716 716 intuentur;
1732 653 1865 719 quorum
1878 641 1947 700 unta

421 740 541 802 vaciter
569 759 605 804 ac
634 741 819 824 frequenter
842 760 936 824 quam
965 742 1028 804 cito
1057 740 1171 803 morie·
1225 747 1274 802 est
1295 739 1381 802 salus
1399 757 1437 802 ac
1457 738 1569 820 gloria,
1589 745 1626 801 ut
1646 735 1737 799 mille
1761 735 1836 798 anni
1856 735 1898 797 eis
1914 736 1948 798 ri-

422 857 505 912 mur,
521 857 618 921 quam
638 858 746 902 amara
765 840 807 902 sit
821 856 918 914 mors,
934 857 1031 922 quam
1051 838 1171 901 incerta
1225 839 1360 901 deantur
1383 838 1437 900 vix
1461 856 1561 900 unum
1585 843 1798 909 momentum,
1822 835 1948 916 quemad-

422 936 906 1021 sitnobisboraipsius3quem
922 935 1169 1019 graviteradae-
1226 937 1357 1000 modum
1386 943 1473 1000 tauta
1501 944 1550 998 est
1577 935 1799 998 damnatorum
1831 932 1947 1006 miseria,

422 1034 572 1098 monibus
587 1035 620 1098 iu
635 1053 736 1118 agone
751 1036 1063 1119 tentabimur,quam
1079 1035 1171 1098 vehe·
1225 1036 1310 1117 quod
1332 1053 1396 1098 una
1417 1035 1494 1096 hora
1514 1034 1641 1096 videtur
1661 1032 1709 1094 eis
1733 1031 1821 1094 mille
1842 1031 1916 1092 anni.

422 1151 569 1197 mensae
589 1134 757 1216 multiplex
776 1143 853 1198 tunc
872 1135 933 1198 erit
951 1134 1098 1216 angustia
1115 1151 1170 1196 no·
1274 1133 1437 1206 Praeterea,
1468 1151 1525 1214 per
1552 1131 1610 1194 hos
1640 1139 1778 1212 quatuor
1804 1129 1949 1211 portitores

421 1236 496 1304 stra,
512 1239 630 1313 quanta
645 1231 800 1312 sormid03
817 1251 913 1315 quam
930 1231 1110 1314 periculosa
1129 1231 1171 1292 sit
1225 1239 1359 1313 possunt
1379 1229 1514 1311 intelligi
1537 1229 1620 1292 bona
1639 1237 1670 1291 et
1690 1229 1805 1291 devota
1825 1226 1948 1298 societas,

285 1345 405 1397 rauna,
422 1346 508 1391 mors
529 1329 713 1411 impiorum,
732 1330 814 1392 sicut
833 1330 877 1392 ait
893 1330 1048 1412 Propheta
1065 1348 1071 1393 :
1089 1329 1170 1391 Mors
1225 1349 1296 1412 quse
1324 1329 1445 1392 bomini
1471 1328 1562 1390 valde
1592 1333 1782 1409 cooperatur
1809 1325 1847 1387 ad
1873 1323 1948 1396 bona,

272 1471 406 1524 mla·
421 1435 626 1510 peccatorum
658 1427 807 1511 pessima.
834 1429 974 1492 Pretiosa
999 1436 1106 1490 autem
1137 1428 1169 1489 in
1225 1428 1308 1490 sicut
1330 1435 1362 1490 et
1383 1428 1516 1490 societas
1541 1445 1638 1508 prava
1662 1424 1803 1488 maxime
1826 1430 1910 1486 nocet
1925 1431 1950 1484 et

422 1534 595 1609 conspectu
615 1527 742 1590 Domini
765 1545 850 1590 mors
876 1528 1063 1590 Sanctorum
1085 1527 1167 1608 ejus
1224 1526 1321 1589 trabit
1334 1527 1373 1588 ad
1389 1525 1484 1604 vitia3
1502 1526 1579 1588 item
1599 1532 1730 1607 paterna
1748 1521 1885 1586 visitatio
1900 1541 1949 1603 qua

462 1624 705 1689 Consideremus
726 1644 853 1709 quoque
875 1626 1108 1689 districtionem
1124 1626 1169 1688 di·
1224 1624 1307 1686 Deus
1336 1642 1393 1706 per
1423 1624 1556 1686 adversa
1584 1623 1692 1686 visitat
1721 1620 1892 1693 bominem,
1916 1619 1950 1680 ila

420 1723 487 1786 vini
515 1724 641 1805 judicii,
672 1733 736 1787 tam
770 1725 802 1787 in
838 1724 994 1788 mortibus
1028 1725 1168 1806 singulo·
1224 1723 1309 1803 quod
1329 1721 1453 1785 venatio
1472 1721 1502 1784 ei
1524 1721 1637 1783 tribuit
1659 1719 1855 1782 intellectum
1868 1718 1949 1797 (unde
1969 1737 2038 1778 nna
2069 1761 2070 1778 t

420 1840 491 1884 rum
518 1841 614 1903 quam
639 1822 673 1884 in
698 1823 749 1884 die
777 1822 970 1900 novissim03
996 1824 1205 1904 pensemusB
1225 1820 1258 1881 in
1286 1819 1344 1882 Job
1373 1819 1491 1882 dicitur
1517 1837 1524 1881 ε
1548 1819 1661 1882 Visitat
1685 1836 1743 1899 per
1766 1816 1900 1879 dolorem
1924 1801 2041 1902 inffim

271 1935 404 1988 aeetae.
419 1919 557 2002 qualiter
572 1920 677 2001 exiget
696 1921 780 1983 Deus
800 1920 955 1984 rationem
975 1939 993 1981 a
1013 1920 1106 1983 nobis
1129 1921 1167 1983 de
1224 1917 1352 1992 lectulo,
1369 1925 1401 1980 et
1419 1918 1527 1981 omnia
1545 1935 1616 1980 ossa
1635 1915 1777 1978 bominis
1799 1932 1950 1977 marcesce-
1962 1926 2012 1967 ea.

272 2002 305 2042 ³⁰·
419 2017 507 2081 omni
532 2017 631 2080 verbo
655 2018 766 2094 otioso,
794 2018 895 2081 multo
920 2018 992 2100 plus
1016 2019 1056 2080 dc
1079 2019 1168 2081 omni
1224 2035 1257 2079 re
1281 2016 1367 2090 lacit,
1391 2023 1426 2077 ut
1450 2023 1578 2078 revocet
1601 2033 1676 2077 eum
1699 2013 1741 2077 ab
1764 2013 1949 2096 impietate):

418 2115 517 2178 verbo
539 2115 660 2199 iniquo,
683 2117 811 2193 lascivo,
834 2118 997 2193 mendoso,
1014 2119 1167 2181 detracto·
1223 2115 1283 2177 hoc
1309 2114 1402 2176 modo
1431 2112 1563 2196 plurimi
1588 2119 1819 2175 convertuntur
1841 2111 1877 2173 ad
1897 2127 1949 2181 eor,

419 2213 477 2287 rio,
494 2214 672 2295 pungitivo,
690 2215 728 2278 de
751 2217 839 2278 omni
863 2216 1053 2297 cogitatione
1074 2235 1165 2291 vana,
1224 2213 1289 2275 imo
1317 2214 1356 2275 ad
1385 2213 1508 2290 Deum3
1538 2213 1815 2294 eleemosynarum
1843 2225 1951 2291 quoque

418 2312 458 2373 de
473 2311 561 2373 omni
577 2311 748 2375 allectione
763 2333 923 2396 perversa,
936 2315 975 2376 de
990 2315 1077 2376 omni
1093 2333 1166 2396 ope·
1224 2311 1348 2392 largitio
1372 2319 1404 2373 et
1427 2318 1605 2373 ceterorum
1630 2326 1766 2392 operum
1793 2309 1951 2371 misericor·

418 2429 452 2472 re
473 2427 582 2493 pravo,
605 2419 636 2471 et
659 2411 699 2473 de
724 2412 812 2474 omni
837 2411 921 2475 bono
951 2413 989 2475 ad
1017 2414 1100 2495 quod
1125 2422 1168 2476 te·
1222 2409 1283 2472 diae
1311 2409 1506 2483 exercitatio,
1538 2408 1690 2490 quoniam
1721 2407 1876 2490 scriptum
1902 2415 1950 2480 est,

418 2527 534 2570 nemur
556 2508 685 2572 omisso.
712 2509 735 2574 0
760 2530 856 2592 quam
883 2512 1090 2574 metuendum
1120 2520 1169 2575 est
1222 2507 1308 2570 Beati
1334 2506 1566 2580 misericordes,
1588 2507 1740 2588 quoniam
1765 2505 1825 2588 ipsi
1849 2506 2039 2568 miseri-rau:

417 2613 599 2688 exspectare
611 2607 848 2670 irrevocabilem
860 2609 1075 2672 illamJudicis
1088 2629 1167 2672 sum·
1223 2606 1364 2668 cordiam
1384 2612 1637 2687 consequentum
1653 2611 1686 2667 et
1702 2605 1779 2667 item
1801 2622 1906 2686 preces
1924 2623 1952 2665 ac
2070 2599 2072 2710 Ι

418 2705 463 2767 mi
486 2704 689 2780 sententiam,
707 2725 771 2788 que
793 2707 843 2768 vel
865 2714 982 2770 aeterna
1006 2707 1168 2771 damuatio
1223 2705 1336 2767 merita
1351 2705 1550 2778 devotorum,
1567 2722 1640 2764 nam
1655 2711 1688 2765 et
1703 2702 1874 2786 paralytico
1892 2703 1952 2764 huic

417 2802 468 2866 vel
485 2809 638 2885 perpetua
654 2804 739 2866 salus
760 2805 903 2867 redditur
920 2822 977 2887 pro
993 2807 1139 2868 mercede
1158 2813 1165 2867 l
1224 2802 1367 2864 Christus
1389 2801 1540 2864 subvenit
1559 2801 1672 2862 merito
1695 2800 1773 2863 iidei
1791 2809 1822 2862 et
1843 2800 1953 2862 virtutis

271 2919 403 2969 retaxat.
419 2900 521 2976 Certe,
537 2901 622 2963 sieut
642 2901 759 2964 latetur
774 2903 955 2985 Apostolus,
972 2904 1166 2967 horrendum
1224 2917 1334 2962 eorum
1366 2900 1421 2981 qui
1454 2918 1529 2961 eum
1561 2899 1711 2961 tulerunt.
1743 2899 1814 2961 ldeo
1847 2899 1953 2962 studeat
2070 2919 2071 2948 r

419 3006 468 3061 est
490 2998 630 3061 incidere
653 2999 686 3060 in
711 3019 823 3062 manus
846 3001 901 3064 Dei
925 3002 1072 3064 viventis.
1184 2999 1456 3080 Gunusquisque,
1477 2999 1692 3061 virtuosorum
1716 3017 1755 3061 ac
1778 3000 1953 3082 sapientium

451 3097 799 3179 lnsuperettendamus
815 3098 1019 3163 infernalium
1034 3108 1170 3163 tormen·
1224 3098 1392 3160 homiuum
1416 3097 1463 3158 uti
1488 3098 1658 3171 consortio,
1680 3098 1757 3179 quia
1781 3105 1816 3160 ut
1838 3098 1879 3161 ait
1898 3097 1955 3158 llie

419 3202 526 3258 torum
551 3194 822 3277 multiplicitatem
848 3205 942 3279 atque
968 3198 1170 3261 inaestimabi-
1224 3213 1386 3277 ronymus,
1403 3195 1484 3257 nibil
1506 3202 1631 3258 tantum
1651 3204 1746 3259 nocet
1767 3204 1802 3258 ut
1821 3195 1899 3258 mala
1916 3213 1955 3256 so

422 3293 485 3355 lem
510 3291 717 3355 acerbitatem
739 3311 746 3355 :
769 3300 906 3375 quantus
931 3295 973 3356 sit
995 3297 1088 3358 ardor
1108 3303 1169 3358 tar-
1224 3294 1339 3374 cietas;
1356 3294 1466 3375 cupiat
1487 3311 1614 3377 quoque
1636 3313 1655 3356 a
1677 3294 1741 3357 Deo
1766 3295 1798 3356 in
1821 3295 1879 3358 bae
1901 3295 1954 3356 vita

420 3389 499 3453 terei
516 3390 609 3472 ignis,
627 3409 723 3472 quam
739 3409 846 3453 amara
866 3391 908 3452 sit
922 3391 1101 3474 desperatio
1116 3392 1171 3455 illa
1224 3391 1428 3475 paternaliter
1450 3392 1607 3472 castigari,
1630 3411 1669 3455 ne
1695 3402 1804 3475 pereat
1826 3395 1861 3456 in
1880 3401 1954 3456 ater·
2073 3467 2074 3470 Ἴ

420 3495 536 3552 aeterna
546 3506 554 3568 3
571 3507 665 3570 quam
686 3488 863 3551 alilictivus
885 3489 1169 3553 innumerabilium
1223 3490 1483 3572 numzsiquidem
1497 3490 1609 3553 beatus
1623 3491 1716 3554 homo
1731 3493 1787 3575 qui
1802 3493 1955 3575 corripitur
1973 3503 2041 3548 retu

421 3588 603 3650 daemonum
619 3587 661 3649 sit
675 3587 855 3669 adspectus,
872 3606 973 3669 quum
994 3607 1095 3650 unum
1111 3588 1170 3652 de-

423 3702 551 3748 monem
567 3686 684 3747 intueri
700 3692 765 3748 tam
785 3685 986 3748 intolerabile
1001 3688 1042 3750 sit
1058 3687 1090 3749 in
1106 3688 1172 3750 vita

423 3783 595 3866 praesenti3
620 3783 697 3864 quid
720 3783 761 3845 sit
785 3784 818 3845 in
839 3783 912 3865 igue
937 3783 992 3847 illo
1016 3785 1171 3848 calidissi-

420 3899 484 3955 mo,
502 3882 571 3943 sine
586 3900 643 3962 spe
659 3881 829 3956 evasionis,
847 3891 1002 3965 perpetuo
1020 3885 1169 3960 eruciari,

423 3999 524 4063 quum
548 3997 605 4061 per
637 3998 733 4062 unam
766 3980 887 4054 horam,
915 3982 947 4044 in
973 3981 1100 4045 fornace
1123 4003 1170 4046 ar-

423 4078 511 4142 denti
532 4095 627 4140 nemo
646 4078 724 4140 velit
745 4097 802 4160 pro
825 4087 890 4141 toto
916 4081 1035 4142 mundo
1052 4081 1168 4162 jacere.

1223 3609 1242 3652 a
1261 3589 1404 3651 Domino.
1426 3588 1537 3651 Sedet
1558 3589 1710 3671 operibus
1732 3591 1953 3661 misericordia,

1224 3695 1289 3749 tam
1306 3685 1520 3769 corporalibus
1535 3706 1628 3769 quarn
1643 3689 1957 3770 spiritualibuaunus

1225 3787 1361 3868 quisque
1377 3803 1434 3867 pro
1449 3803 1542 3867 posse
1557 3786 1721 3850 caritative
1738 3787 1957 3868 liberaliterque

1227 3883 1363 3957 insistat,
1380 3891 1411 3946 et
1426 3884 1613 3946 devotorum
1635 3886 1786 3966 precibus
1801 3905 1836 3949 ac
1851 3885 1957 3948 meritis

1225 3981 1330 4063 juvari
1350 4000 1384 4044 se
1399 3981 1606 4064 deprecetur;
1623 3993 1719 4066 atque
1737 3993 1774 4047 ut
1789 3985 1846 4048 boc
1865 3984 1958 4047 sortia·

1227 4087 1289 4153 tur,
1315 4079 1444 4143 devotos
1468 4081 1612 4156 honoret,
1638 4082 1761 4164 diligat,
1787 4091 1818 4146 et
1840 4084 1884 4146 eis
1911 4098 1958 4164 pro

422 4178 446 4241 0
470 4184 589 4261 quanta
613 4183 661 4237 est
685 4177 855 4240 excaecatio
879 4186 1082 4260 peecatorum
1112 4180 1171 4243 ista
1186 4181 1211 4243 D
1227 4195 1320 4260 posse
1335 4178 1494 4241 deservire
1508 4197 1544 4240 ac
1559 4178 1748 4244 benefacere
1762 4200 1823 4245 non
1838 4183 1955 4245 omittat.

424 4294 486 4339 nou
512 4274 755 4349 attendentium,
781 4277 836 4338 sed
866 4276 1009 4358 quotidie
1032 4279 1171 4359 peccatis

423 4382 551 4458 peccata
572 4374 757 4437 addentium
776 4381 782 4434 t
807 4374 917 4437 lllerito
940 4383 1068 4438 sanctus
1089 4376 1171 4461 Moy-

275 4491 407 4545 nearaun,
422 4492 473 4536 ses
488 4473 569 4535 dixit
584 4473 622 4534 de
638 4472 684 4534 eis
702 4490 709 4536 :
728 4471 810 4534 Gens
830 4472 951 4555 absque
972 4473 1106 4538 consilio
1123 4483 1170 4538 est

275 4556 309 4606 28,
320 4557 354 4598 29.

422 4581 454 4635 et
482 4572 551 4634 sine
581 4571 768 4653 prudentia3
799 4571 921 4634 utinam
950 4581 1108 4656 saperent,
1138 4583 1170 4637 et

423 4668 648 4750 intelligerent,
679 4687 716 4731 ac
747 4669 923 4732 novissima
953 4671 1166 4752 providerent.

461 4767 573 4830 Adhuc
597 4774 704 4828 autem
728 4785 901 4848 pensemus
925 4776 1050 4832 aeternae
1074 4768 1170 4832 beati-

421 4865 543 4928 tudinis
562 4863 720 4946 gloriam:
739 4873 857 4946 quanta
877 4865 919 4928 sit
937 4866 1105 4928 Beatorum
1119 4867 1169 4948 ju·

421 4963 579 5038 eunditas,
601 4963 656 5046 qui
680 4981 817 5038 summo,
841 4963 970 5027 infinito
994 4971 1026 5026 et
1050 4965 1170 5028 incom-

421 5062 568 5125 mutabili
589 5062 673 5125 bono
693 5062 731 5124 ad
753 5062 881 5126 libitum
897 5082 970 5125 cum
990 5063 1168 5126 inviolabili

421 5162 589 5225 securitate
615 5161 799 5223 immediate
823 5161 983 5236 fruuntur,
1006 5169 1038 5224 et
1059 5182 1167 5245 super-

418 5260 680 5343 gloriosissimam
700 5258 883 5322 Trinitatem
909 5259 993 5322 clare
1017 5279 1075 5342 per
1096 5280 1166 5342 spe-

1271 4276 1442 4350 Postremo,
1469 4277 1741 4358 quemadmodum
1767 4279 1799 4342 in
1823 4279 1909 4342 tertio
1930 4277 1958 4338 li·

1226 4373 1283 4437 bro
1298 4375 1510 4456 vitaspatrum
1527 4375 1727 4450 describitur,
1734 4386 1860 4440 sanctus
1873 4375 1958 4439 abbas

1225 4472 1377 4536 Arsenius
1392 4473 1473 4535 dixit
1489 4491 1496 4535 :
1513 4474 1617 4547 Quum
1632 4475 1763 4557 quidam
1780 4476 1905 4539 eremita
1917 4492 1956 4536 se·-

1227 4590 1288 4634 nex
1299 4571 1423 4634 sederet
1438 4571 1470 4634 in
1486 4572 1567 4635 cella
1582 4592 1650 4648 sua,
1666 4575 1756 4638 venit
1770 4574 1896 4657 angelus
1909 4571 1955 4634 bei

1226 4670 1335 4733 diceus
1355 4671 1394 4732 ad
1410 4689 1496 4745 eum,
1512 4671 1602 4746 Veni,
1620 4675 1786 4736 ostendam
1800 4673 1855 4736 tibi
1871 4689 1956 4754 opera

1224 4768 1402 4831 hominum.
1420 4769 1579 4852 Duxitque
1599 4771 1730 4853 angelus
1751 4773 1908 4834 eremitam
1925 4768 1955 4830 il-

1226 4865 1292 4928 lum
1317 4867 1356 4930 ad
1381 4869 1551 4949 quemdam
1580 4868 1698 4943 locum,
1724 4878 1757 4932 et
1779 4869 1911 4933 ostendit
1931 4866 1955 4928 ei

1223 4965 1403 5047 AEthiopem
1419 4965 1504 5047 ligna
1524 4967 1719 5032 incidentem
1736 4968 1956 5048 facientemque

1223 5065 1381 5127 sarcinam
1409 5066 1559 5146 grandem
1586 5085 1593 5130 :
1619 5086 1716 5149 quam
1745 5087 1841 5150 quum
1870 5064 1958 5128 vellet

1223 5164 1338 5238 levare,
1355 5181 1419 5226 non
1444 5172 1567 5246 poterat
1589 5185 1653 5248 pras
1675 5167 1840 5246 gravitate;
1855 5173 1886 5228 et
1906 5182 1956 5247 pro

1222 5280 1260 5325 eo
1275 5262 1360 5344 quod
1376 5262 1539 5326 debuisset
1553 5263 1710 5328 sarcinam
1727 5265 1891 5337 minorare,
1904 5262 1954 5324 isit
