<?xml version="1.0" encoding="UTF-8"?>
<!DOCTYPE html PUBLIC "-//W3C//DTD XHTML 1.0 Transitional//EN"
    "http://www.w3.org/TR/xhtml1/DTD/xhtml1-transitional.dtd">
<html xmlns="http://www.w3.org/1999/xhtml" xml:lang="en" lang="en">
 <head>
  <title>
</title>
<meta http-equiv="Content-Type" content="text/html;charset=utf-8" />
  <meta name='ocr-system' content='tesseract 3.04.00' />
  <meta name='ocr-capabilities' content='ocr_page ocr_carea ocr_par ocr_line ocrx_word'/>
</head>
<body>
  <div class='ocr_page' id='page_1' title='image "./doctorisecstati01unkngoog/doctorisecstati01unkngoog_0192.png"; bbox 0 0 4214 6254; ppageno 0'>
   <div class='ocr_carea' id='block_1_1' title="bbox 362 478 1691 580">
    <p class='ocr_par' dir='ltr' id='par_1_1' title="bbox 362 478 1691 580">
     <span class='ocr_line' id='line_1_1' title="bbox 362 478 1691 580; baseline -0.002 -16"><span class='ocrx_word' id='word_1_1' title='bbox 362 515 509 564; x_wconf 73' lang='lat' dir='ltr'><strong>normes</strong></span> <span class='ocrx_word' id='word_1_2' title='bbox 530 517 552 562; x_wconf 96' lang='grc' dir='ltr'><strong>ιι</strong></span> <span class='ocrx_word' id='word_1_3' title='bbox 572 516 647 563; x_wconf 85' lang='lat' dir='ltr'><strong>rosr</strong></span> <span class='ocrx_word' id='word_1_4' title='bbox 666 515 861 562; x_wconf 85' lang='grc' dir='ltr'>τιιιιιιτιιτιιιι.</span> <span class='ocrx_word' id='word_1_5' title='bbox 881 533 922 546; x_wconf 94' lang='grc'>-</span> <span class='ocrx_word' id='word_1_6' title='bbox 941 513 984 562; x_wconf 78' lang='grc' dir='ltr'><strong>ιιι</strong></span> <span class='ocrx_word' id='word_1_7' title='bbox 1004 514 1199 580; x_wconf 79' lang='lat' dir='ltr'><strong>nmrorosos;</strong></span> <span class='ocrx_word' id='word_1_8' title='bbox 1221 514 1320 563; x_wconf 80' lang='lat' dir='ltr'><strong>omae</strong></span> <span class='ocrx_word' id='word_1_9' title='bbox 1340 515 1468 572; x_wconf 81' lang='lat' dir='ltr'><strong>unimus</strong></span> <span class='ocrx_word' id='word_1_10' title='bbox 1597 478 1611 506; x_wconf 85' lang='lat'><em>⁰</em></span> <span class='ocrx_word' id='word_1_11' title='bbox 1631 495 1691 562; x_wconf 77' lang='lat' dir='ltr'><strong>lob</strong></span> 
     </span>
    </p>
   </div>
   <div class='ocr_carea' id='block_1_2' title="bbox 137 685 1693 1557">
    <p class='ocr_par' dir='ltr' id='par_1_2' title="bbox 137 685 1693 1557">
     <span class='ocr_line' id='line_1_2' title="bbox 138 685 1690 771; baseline 0.001 -23"><span class='ocrx_word' id='word_1_12' title='bbox 138 685 377 770; x_wconf 74' lang='lat' dir='ltr'>imprimamus,</span> <span class='ocrx_word' id='word_1_13' title='bbox 393 705 464 769; x_wconf 79' lang='lat' dir='ltr'><strong>quae</strong></span> <span class='ocrx_word' id='word_1_14' title='bbox 483 686 581 750; x_wconf 91' lang='lat' dir='ltr'><strong>nullis</strong></span> <span class='ocrx_word' id='word_1_15' title='bbox 596 693 713 770; x_wconf 78' lang='lat' dir='ltr'><strong>queant</strong></span> <span class='ocrx_word' id='word_1_16' title='bbox 729 686 804 751; x_wconf 89' lang='lat' dir='ltr'><strong>inde</strong></span> <span class='ocrx_word' id='word_1_17' title='bbox 819 706 888 771; x_wconf 92' lang='lat' dir='ltr'><strong>per·</strong></span> <span class='ocrx_word' id='word_1_18' title='bbox 906 686 931 751; x_wconf 79' lang='lat' dir='ltr'><strong>t</strong></span> <span class='ocrx_word' id='word_1_19' title='bbox 946 688 1050 751; x_wconf 84' lang='lat' dir='ltr'><strong>luntas</strong></span> <span class='ocrx_word' id='word_1_20' title='bbox 1072 687 1143 769; x_wconf 86' lang='lat' dir='ltr'><strong>ejus</strong></span> <span class='ocrx_word' id='word_1_21' title='bbox 1163 688 1219 770; x_wconf 93' lang='lat' dir='ltr'><strong>qui</strong></span> <span class='ocrx_word' id='word_1_22' title='bbox 1241 705 1322 770; x_wconf 93' lang='lat' dir='ltr'><strong>opus</strong></span> <span class='ocrx_word' id='word_1_23' title='bbox 1344 687 1494 768; x_wconf 77' lang='lat' dir='ltr'><strong>injungit,</strong></span> <span class='ocrx_word' id='word_1_24' title='bbox 1510 705 1638 770; x_wconf 89' lang='lat' dir='ltr'><strong>semper</strong></span> <span class='ocrx_word' id='word_1_25' title='bbox 1657 688 1690 750; x_wconf 94' lang='lat' dir='ltr'><strong>in</strong></span> 
     </span>
     <span class='ocr_line' id='line_1_3' title="bbox 138 785 1691 868; baseline 0.001 -22"><span class='ocrx_word' id='word_1_26' title='bbox 138 785 377 849; x_wconf 78' lang='lat' dir='ltr'><strong>turbationibus</strong></span> <span class='ocrx_word' id='word_1_27' title='bbox 405 785 524 848; x_wconf 78' lang='lat' dir='ltr'><strong>aboleri</strong></span> <span class='ocrx_word' id='word_1_28' title='bbox 554 805 611 850; x_wconf 90' lang='lat' dir='ltr'><strong>seu</strong></span> <span class='ocrx_word' id='word_1_29' title='bbox 642 786 809 849; x_wconf 91' lang='lat' dir='ltr'><strong>removeri.</strong></span> <span class='ocrx_word' id='word_1_30' title='bbox 837 786 888 850; x_wconf 90' lang='lat' dir='ltr'><strong>Sic</strong></span> <span class='ocrx_word' id='word_1_31' title='bbox 946 787 1100 852; x_wconf 86' lang='lat' dir='ltr'><strong>memoria</strong></span> <span class='ocrx_word' id='word_1_32' title='bbox 1119 785 1283 861; x_wconf 79' lang='lat' dir='ltr'><strong>habeatur,</strong></span> <span class='ocrx_word' id='word_1_33' title='bbox 1301 795 1336 849; x_wconf 89' lang='lat' dir='ltr'><strong>ut</strong></span> <span class='ocrx_word' id='word_1_34' title='bbox 1355 786 1425 868; x_wconf 87' lang='lat' dir='ltr'><strong>ejus</strong></span> <span class='ocrx_word' id='word_1_35' title='bbox 1444 786 1607 850; x_wconf 87' lang='lat' dir='ltr'><strong>voluntate</strong></span> <span class='ocrx_word' id='word_1_36' title='bbox 1629 805 1691 848; x_wconf 91' lang='lat' dir='ltr'><strong>ser-</strong></span> 
     </span>
     <span class='ocr_line' id='line_1_4' title="bbox 138 883 1691 967; baseline 0 -21"><span class='ocrx_word' id='word_1_37' title='bbox 138 885 226 946; x_wconf 90' lang='lat' dir='ltr'><strong>enim</strong></span> <span class='ocrx_word' id='word_1_38' title='bbox 256 883 452 946; x_wconf 89' lang='lat' dir='ltr'><strong>desiderium</strong></span> <span class='ocrx_word' id='word_1_39' title='bbox 482 884 574 947; x_wconf 86' lang='lat' dir='ltr'><strong>nobis</strong></span> <span class='ocrx_word' id='word_1_40' title='bbox 604 884 719 948; x_wconf 80' lang='lat' dir='ltr'><strong>divinoe</strong></span> <span class='ocrx_word' id='word_1_41' title='bbox 749 885 889 948; x_wconf 85' lang='lat' dir='ltr'><strong>caritatis</strong></span> <span class='ocrx_word' id='word_1_42' title='bbox 945 891 1017 947; x_wconf 84' lang='lat' dir='ltr'><strong>vata</strong></span> <span class='ocrx_word' id='word_1_43' title='bbox 1031 893 1063 947; x_wconf 88' lang='lat' dir='ltr'><strong>et</strong></span> <span class='ocrx_word' id='word_1_44' title='bbox 1077 903 1134 966; x_wconf 90' lang='lat' dir='ltr'><strong>per</strong></span> <span class='ocrx_word' id='word_1_45' title='bbox 1154 884 1293 948; x_wconf 85' lang='lat' dir='ltr'><strong>laborem</strong></span> <span class='ocrx_word' id='word_1_46' title='bbox 1315 905 1351 948; x_wconf 88' lang='lat' dir='ltr'><strong>ao</strong></span> <span class='ocrx_word' id='word_1_47' title='bbox 1371 884 1570 966; x_wconf 86' lang='lat' dir='ltr'><strong>diligentiam</strong></span> <span class='ocrx_word' id='word_1_48' title='bbox 1585 883 1691 967; x_wconf 92' lang='lat' dir='ltr'><strong>operis</strong></span> 
     </span>
     <span class='ocr_line' id='line_1_5' title="bbox 138 980 1691 1065; baseline 0 -21"><span class='ocrx_word' id='word_1_49' title='bbox 138 981 363 1056; x_wconf 88' lang='lat' dir='ltr'><strong>accedit,dum</strong></span> <span class='ocrx_word' id='word_1_50' title='bbox 379 980 530 1064; x_wconf 81' lang='lat' dir='ltr'><strong>frequens</strong></span> <span class='ocrx_word' id='word_1_51' title='bbox 545 983 616 1064; x_wconf 85' lang='lat' dir='ltr'><strong>ejus</strong></span> <span class='ocrx_word' id='word_1_52' title='bbox 631 983 786 1046; x_wconf 90' lang='lat' dir='ltr'><strong>memoria</strong></span> <span class='ocrx_word' id='word_1_53' title='bbox 801 1002 889 1046; x_wconf 89' lang='lat' dir='ltr'><strong>men·</strong></span> <span class='ocrx_word' id='word_1_54' title='bbox 944 982 1128 1065; x_wconf 87' lang='lat' dir='ltr'><strong>adimpleta,</strong></span> <span class='ocrx_word' id='word_1_55' title='bbox 1150 1001 1278 1064; x_wconf 89' lang='lat' dir='ltr'><strong>semper</strong></span> <span class='ocrx_word' id='word_1_56' title='bbox 1300 983 1473 1064; x_wconf 88' lang='lat' dir='ltr'><strong>jungamur</strong></span> <span class='ocrx_word' id='word_1_57' title='bbox 1496 982 1691 1065; x_wconf 84' lang='lat' dir='ltr'><strong>complacea-</strong></span> 
     </span>
     <span class='ocr_line' id='line_1_6' title="bbox 137 1081 1692 1164; baseline 0 -20"><span class='ocrx_word' id='word_1_58' title='bbox 137 1091 204 1144; x_wconf 85' lang='lat' dir='ltr'><strong>tem</strong></span> <span class='ocrx_word' id='word_1_59' title='bbox 222 1081 370 1154; x_wconf 86' lang='lat' dir='ltr'><strong>illustrat,</strong></span> <span class='ocrx_word' id='word_1_60' title='bbox 387 1087 419 1143; x_wconf 93' lang='lat' dir='ltr'><strong>et</strong></span> <span class='ocrx_word' id='word_1_61' title='bbox 435 1081 474 1143; x_wconf 96' lang='lat' dir='ltr'><strong>ad</strong></span> <span class='ocrx_word' id='word_1_62' title='bbox 494 1099 575 1164; x_wconf 90' lang='lat' dir='ltr'><strong>opus</strong></span> <span class='ocrx_word' id='word_1_63' title='bbox 596 1081 816 1144; x_wconf 89' lang='lat' dir='ltr'><strong>mandatorum</strong></span> <span class='ocrx_word' id='word_1_64' title='bbox 833 1083 889 1144; x_wconf 89' lang='lat' dir='ltr'><strong>Dei</strong></span> <span class='ocrx_word' id='word_1_65' title='bbox 945 1099 1081 1164; x_wconf 91' lang='lat' dir='ltr'><strong>musque</strong></span> <span class='ocrx_word' id='word_1_66' title='bbox 1103 1083 1167 1144; x_wconf 87' lang='lat' dir='ltr'><strong>Deo</strong></span> <span class='ocrx_word' id='word_1_67' title='bbox 1189 1082 1265 1144; x_wconf 93' lang='lat' dir='ltr'><strong>dum</strong></span> <span class='ocrx_word' id='word_1_68' title='bbox 1291 1083 1361 1163; x_wconf 89' lang='lat' dir='ltr'><strong>ejus</strong></span> <span class='ocrx_word' id='word_1_69' title='bbox 1382 1100 1510 1164; x_wconf 88' lang='lat' dir='ltr'><strong>semper</strong></span> <span class='ocrx_word' id='word_1_70' title='bbox 1534 1100 1692 1144; x_wconf 82' lang='lat' dir='ltr'>memores</span> 
     </span>
     <span class='ocr_line' id='line_1_7' title="bbox 138 1179 1692 1262; baseline -0.001 -20"><span class='ocrx_word' id='word_1_71' title='bbox 138 1179 295 1260; x_wconf 80' lang='lat' dir='ltr'><strong>erigimus</strong></span> <span class='ocrx_word' id='word_1_72' title='bbox 325 1179 538 1262; x_wconf 87' lang='lat' dir='ltr'><strong>nosmetipsos</strong></span> <span class='ocrx_word' id='word_1_73' title='bbox 561 1197 597 1241; x_wconf 87' lang='lat' dir='ltr'><strong>ac</strong></span> <span class='ocrx_word' id='word_1_74' title='bbox 622 1179 832 1258; x_wconf 87' lang='lat' dir='ltr'><strong>suscitamus;</strong></span> <span class='ocrx_word' id='word_1_75' title='bbox 858 1187 890 1242; x_wconf 90' lang='lat' dir='ltr'><strong>et</strong></span> <span class='ocrx_word' id='word_1_76' title='bbox 945 1199 1066 1242; x_wconf 90' lang='lat' dir='ltr'><strong>sumus.</strong></span> <span class='ocrx_word' id='word_1_77' title='bbox 1084 1180 1135 1243; x_wconf 89' lang='lat' dir='ltr'><strong>Sic</strong></span> <span class='ocrx_word' id='word_1_78' title='bbox 1152 1181 1250 1254; x_wconf 91' lang='lat' dir='ltr'><strong>enim,</strong></span> <span class='ocrx_word' id='word_1_79' title='bbox 1267 1179 1356 1243; x_wconf 91' lang='lat' dir='ltr'><strong>verbi</strong></span> <span class='ocrx_word' id='word_1_80' title='bbox 1372 1180 1483 1261; x_wconf 88' lang='lat' dir='ltr'><strong>gratia,</strong></span> <span class='ocrx_word' id='word_1_81' title='bbox 1501 1179 1590 1242; x_wconf 88' lang='lat' dir='ltr'><strong>luber</strong></span> <span class='ocrx_word' id='word_1_82' title='bbox 1605 1198 1692 1242; x_wconf 90' lang='lat' dir='ltr'><strong>secu-</strong></span> 
     </span>
     <span class='ocr_line' id='line_1_8' title="bbox 138 1277 1693 1360; baseline 0 -20"><span class='ocrx_word' id='word_1_83' title='bbox 138 1295 180 1340; x_wconf 85' lang='lat' dir='ltr'><strong>ex</strong></span> <span class='ocrx_word' id='word_1_84' title='bbox 203 1277 283 1360; x_wconf 95' lang='lat' dir='ltr'><strong>ipsis</strong></span> <span class='ocrx_word' id='word_1_85' title='bbox 302 1296 413 1340; x_wconf 89' lang='lat' dir='ltr'><strong>rursus</strong></span> <span class='ocrx_word' id='word_1_86' title='bbox 432 1277 574 1340; x_wconf 87' lang='lat' dir='ltr'><strong>caritatis</strong></span> <span class='ocrx_word' id='word_1_87' title='bbox 591 1277 743 1360; x_wconf 88' lang='lat' dir='ltr'><strong>operibus</strong></span> <span class='ocrx_word' id='word_1_88' title='bbox 766 1296 890 1340; x_wconf 91' lang='lat' dir='ltr'><strong>conser-</strong></span> <span class='ocrx_word' id='word_1_89' title='bbox 945 1279 1004 1341; x_wconf 95' lang='lat' dir='ltr'><strong>rim</strong></span> <span class='ocrx_word' id='word_1_90' title='bbox 1019 1278 1173 1341; x_wconf 87' lang='lat' dir='ltr'><strong>ielcemve</strong></span> <span class='ocrx_word' id='word_1_91' title='bbox 1189 1277 1308 1340; x_wconf 86' lang='lat' dir='ltr'><strong>iaciens</strong></span> <span class='ocrx_word' id='word_1_92' title='bbox 1323 1297 1450 1359; x_wconf 81' lang='lat' dir='ltr'>semper</span> <span class='ocrx_word' id='word_1_93' title='bbox 1464 1277 1610 1341; x_wconf 80' lang='lat' dir='ltr'><strong>meminit</strong></span> <span class='ocrx_word' id='word_1_94' title='bbox 1623 1278 1693 1359; x_wconf 84' lang='lat' dir='ltr'><strong>ejus</strong></span> 
     </span>
     <span class='ocr_line' id='line_1_9' title="bbox 139 1375 1692 1460; baseline 0 -22"><span class='ocrx_word' id='word_1_95' title='bbox 139 1384 235 1438; x_wconf 87' lang='lat' dir='ltr'><strong>vatur</strong></span> <span class='ocrx_word' id='word_1_96' title='bbox 250 1377 283 1438; x_wconf 93' lang='lat' dir='ltr'><strong>in</strong></span> <span class='ocrx_word' id='word_1_97' title='bbox 304 1375 397 1439; x_wconf 92' lang='lat' dir='ltr'><strong>nobis</strong></span> <span class='ocrx_word' id='word_1_98' title='bbox 416 1377 471 1439; x_wconf 85' lang='lat' dir='ltr'><strong>Dei</strong></span> <span class='ocrx_word' id='word_1_99' title='bbox 493 1377 606 1439; x_wconf 86' lang='lat' dir='ltr'><strong>ceritas</strong></span> <span class='ocrx_word' id='word_1_100' title='bbox 621 1377 672 1439; x_wconf 93' lang='lat' dir='ltr'><strong>vel</strong></span> <span class='ocrx_word' id='word_1_101' title='bbox 692 1384 834 1459; x_wconf 88' lang='lat' dir='ltr'><strong>augetur.</strong></span> <span class='ocrx_word' id='word_1_102' title='bbox 852 1377 890 1438; x_wconf 83' lang='lat' dir='ltr'><strong>lit</strong></span> <span class='ocrx_word' id='word_1_103' title='bbox 945 1378 999 1459; x_wconf 91' lang='lat' dir='ltr'><strong>qui</strong></span> <span class='ocrx_word' id='word_1_104' title='bbox 1022 1395 1103 1460; x_wconf 91' lang='lat' dir='ltr'><strong>opus</strong></span> <span class='ocrx_word' id='word_1_105' title='bbox 1125 1377 1275 1458; x_wconf 84' lang='lat' dir='ltr'><strong>injunxit,</strong></span> <span class='ocrx_word' id='word_1_106' title='bbox 1292 1385 1324 1439; x_wconf 92' lang='lat' dir='ltr'><strong>et</strong></span> <span class='ocrx_word' id='word_1_107' title='bbox 1346 1376 1461 1439; x_wconf 85' lang='lat' dir='ltr'><strong>retinet</strong></span> <span class='ocrx_word' id='word_1_108' title='bbox 1483 1377 1577 1439; x_wconf 87' lang='lat' dir='ltr'><strong>corde</strong></span> <span class='ocrx_word' id='word_1_109' title='bbox 1599 1376 1692 1456; x_wconf 89' lang='lat' dir='ltr'><strong>cujus</strong></span> 
     </span>
     <span class='ocr_line' id='line_1_10' title="bbox 139 1473 1691 1557; baseline 0.001 -22"><span class='ocrx_word' id='word_1_110' title='bbox 139 1473 202 1537; x_wconf 89' lang='lat' dir='ltr'><strong>boc</strong></span> <span class='ocrx_word' id='word_1_111' title='bbox 219 1482 297 1557; x_wconf 89' lang='lat' dir='ltr'><strong>puto</strong></span> <span class='ocrx_word' id='word_1_112' title='bbox 312 1475 478 1538; x_wconf 87' lang='lat' dir='ltr'><strong>ostendere</strong></span> <span class='ocrx_word' id='word_1_113' title='bbox 493 1475 665 1538; x_wconf 88' lang='lat' dir='ltr'><strong>Dominum</strong></span> <span class='ocrx_word' id='word_1_114' title='bbox 680 1475 816 1538; x_wconf 87' lang='lat' dir='ltr'><strong>dicendo</strong></span> <span class='ocrx_word' id='word_1_115' title='bbox 834 1475 890 1536; x_wconf 90' lang='lat' dir='ltr'><strong>ali·</strong></span> <span class='ocrx_word' id='word_1_116' title='bbox 945 1474 1173 1556; x_wconf 77' lang='lat' dir='ltr'><strong>magnitudinis</strong></span> <span class='ocrx_word' id='word_1_117' title='bbox 1193 1481 1247 1536; x_wconf 85' lang='lat' dir='ltr'><strong>eut</strong></span> <span class='ocrx_word' id='word_1_118' title='bbox 1266 1474 1428 1557; x_wconf 72' lang='lat' dir='ltr'><strong>qualitatis</strong></span> <span class='ocrx_word' id='word_1_119' title='bbox 1443 1474 1493 1537; x_wconf 90' lang='lat' dir='ltr'><strong>vel</strong></span> <span class='ocrx_word' id='word_1_120' title='bbox 1514 1473 1624 1537; x_wconf 74' lang='lat' dir='ltr'><strong>formae</strong></span> <span class='ocrx_word' id='word_1_121' title='bbox 1645 1473 1691 1536; x_wconf 91' lang='lat' dir='ltr'><strong>in-</strong></span> 
     </span>
    </p>
   </div>
   <div class='ocr_carea' id='block_1_3' title="bbox 7 1572 1691 1766">
    <p class='ocr_par' dir='ltr' id='par_1_3' title="bbox 7 1572 1691 1766">
     <span class='ocr_line' id='line_1_11' title="bbox 7 1572 1689 1655; baseline 0.002 -25"><span class='ocrx_word' id='word_1_122' title='bbox 7 1602 125 1640; x_wconf 52' lang='lat' dir='ltr'><strong>erma.</strong></span> <span class='ocrx_word' id='word_1_123' title='bbox 140 1572 281 1655; x_wconf 85' lang='lat' dir='ltr'><strong>quando,</strong></span> <span class='ocrx_word' id='word_1_124' title='bbox 299 1573 330 1635; x_wconf 91' lang='lat' dir='ltr'><strong>Si</strong></span> <span class='ocrx_word' id='word_1_125' title='bbox 345 1572 478 1654; x_wconf 92' lang='lat' dir='ltr'><strong>diligitis</strong></span> <span class='ocrx_word' id='word_1_126' title='bbox 499 1591 562 1646; x_wconf 90' lang='lat' dir='ltr'><strong>me,</strong></span> <span class='ocrx_word' id='word_1_127' title='bbox 579 1574 725 1637; x_wconf 89' lang='lat' dir='ltr'><strong>mandata</strong></span> <span class='ocrx_word' id='word_1_128' title='bbox 740 1593 810 1636; x_wconf 86' lang='lat' dir='ltr'><strong>mea</strong></span> <span class='ocrx_word' id='word_1_129' title='bbox 825 1592 889 1636; x_wconf 92' lang='lat' dir='ltr'><strong>ser·</strong></span> <span class='ocrx_word' id='word_1_130' title='bbox 942 1573 1085 1654; x_wconf 83' lang='lat' dir='ltr'><strong>junxerit</strong></span> <span class='ocrx_word' id='word_1_131' title='bbox 1107 1572 1178 1635; x_wconf 89' lang='lat' dir='ltr'><strong>lieri</strong></span> <span class='ocrx_word' id='word_1_132' title='bbox 1200 1590 1299 1655; x_wconf 93' lang='lat' dir='ltr'><strong>opus;</strong></span> <span class='ocrx_word' id='word_1_133' title='bbox 1316 1573 1400 1654; x_wconf 90' lang='lat' dir='ltr'><strong>quod</strong></span> <span class='ocrx_word' id='word_1_134' title='bbox 1423 1573 1449 1634; x_wconf 94' lang='lat' dir='ltr'><strong>si</strong></span> <span class='ocrx_word' id='word_1_135' title='bbox 1470 1572 1689 1647; x_wconf 84' lang='lat' dir='ltr'><strong>obliviscatur,</strong></span> 
     </span>
     <span class='ocr_line' id='line_1_12' title="bbox 7 1670 1691 1766; baseline 0.002 -35"><span class='ocrx_word' id='word_1_136' title='bbox 7 1671 17 1746; x_wconf 65' lang='grc' dir='ltr'><strong>ζ’.</strong></span> <span class='ocrx_word' id='word_1_137' title='bbox 35 1728 82 1766; x_wconf 31' lang='grc' dir='ltr'><strong>,μ’</strong></span> <span class='ocrx_word' id='word_1_138' title='bbox 118 1678 234 1759; x_wconf 84' lang='lat' dir='ltr'><strong>¹rote;</strong></span> <span class='ocrx_word' id='word_1_139' title='bbox 249 1670 421 1752; x_wconf 88' lang='lat' dir='ltr'><strong>aliquando</strong></span> <span class='ocrx_word' id='word_1_140' title='bbox 440 1679 558 1744; x_wconf 90' lang='lat' dir='ltr'><strong>autem,</strong></span> <span class='ocrx_word' id='word_1_141' title='bbox 579 1671 610 1734; x_wconf 91' lang='lat' dir='ltr'><strong>Si</strong></span> <span class='ocrx_word' id='word_1_142' title='bbox 631 1670 735 1734; x_wconf 89' lang='lat' dir='ltr'><strong>lacitis</strong></span> <span class='ocrx_word' id='word_1_143' title='bbox 755 1692 825 1755; x_wconf 76' lang='lat' dir='ltr'><strong>quo</strong></span> <span class='ocrx_word' id='word_1_144' title='bbox 843 1672 890 1735; x_wconf 92' lang='lat' dir='ltr'><strong>di·</strong></span> <span class='ocrx_word' id='word_1_145' title='bbox 944 1672 1085 1735; x_wconf 82' lang='lat' dir='ltr'><strong>indebite</strong></span> <span class='ocrx_word' id='word_1_146' title='bbox 1100 1672 1254 1734; x_wconf 75' lang='lat' dir='ltr'><strong>insistite</strong></span> <span class='ocrx_word' id='word_1_147' title='bbox 1270 1671 1467 1735; x_wconf 82' lang='lat' dir='ltr'><strong>Christianus</strong></span> <span class='ocrx_word' id='word_1_148' title='bbox 1482 1690 1605 1734; x_wconf 94' lang='lat' dir='ltr'><strong>omnem</strong></span> <span class='ocrx_word' id='word_1_149' title='bbox 1621 1689 1691 1736; x_wconf 90' lang='lat' dir='ltr'><strong>oon-</strong></span> 
     </span>
    </p>
   </div>
   <div class='ocr_carea' id='block_1_4' title="bbox 132 1769 1833 4012">
    <p class='ocr_par' dir='ltr' id='par_1_4' title="bbox 132 1769 1833 4012">
     <span class='ocr_line' id='line_1_13' title="bbox 140 1769 1688 1853; baseline 0 -20"><span class='ocrx_word' id='word_1_150' title='bbox 140 1789 190 1843; x_wconf 85' lang='lat' dir='ltr'><strong>co,</strong></span> <span class='ocrx_word' id='word_1_151' title='bbox 215 1769 387 1832; x_wconf 76' lang='lat' dir='ltr'><strong>manebitis</strong></span> <span class='ocrx_word' id='word_1_152' title='bbox 411 1769 443 1832; x_wconf 94' lang='lat' dir='ltr'><strong>in</strong></span> <span class='ocrx_word' id='word_1_153' title='bbox 465 1769 636 1833; x_wconf 82' lang='lat' dir='ltr'><strong>dilectione</strong></span> <span class='ocrx_word' id='word_1_154' title='bbox 658 1789 736 1834; x_wconf 89' lang='lat' dir='ltr'><strong>mea.</strong></span> <span class='ocrx_word' id='word_1_155' title='bbox 943 1771 1179 1844; x_wconf 83' lang='lat' dir='ltr'><strong>siderationem,</strong></span> <span class='ocrx_word' id='word_1_156' title='bbox 1197 1777 1356 1845; x_wconf 89' lang='lat' dir='ltr'><strong>conatum,</strong></span> <span class='ocrx_word' id='word_1_157' title='bbox 1373 1788 1533 1853; x_wconf 89' lang='lat' dir='ltr'><strong>omneque</strong></span> <span class='ocrx_word' id='word_1_158' title='bbox 1547 1770 1688 1833; x_wconf 90' lang='lat' dir='ltr'><strong>studium</strong></span> 
     </span>
     <span class='ocr_line' id='line_1_14' title="bbox 182 1867 1691 1951; baseline -0.001 -20"><span class='ocrx_word' id='word_1_159' title='bbox 182 1869 228 1931; x_wconf 81' lang='lat' dir='ltr'><strong>lix</strong></span> <span class='ocrx_word' id='word_1_160' title='bbox 254 1867 372 1951; x_wconf 91' lang='lat' dir='ltr'><strong>quibus</strong></span> <span class='ocrx_word' id='word_1_161' title='bbox 396 1868 489 1930; x_wconf 88' lang='lat' dir='ltr'><strong>docet</strong></span> <span class='ocrx_word' id='word_1_162' title='bbox 512 1887 581 1942; x_wconf 91' lang='lat' dir='ltr'><strong>nos,</strong></span> <span class='ocrx_word' id='word_1_163' title='bbox 602 1875 805 1951; x_wconf 87' lang='lat' dir='ltr'><strong>prospectum</strong></span> <span class='ocrx_word' id='word_1_164' title='bbox 831 1888 886 1931; x_wconf 90' lang='lat' dir='ltr'><strong>seu</strong></span> <span class='ocrx_word' id='word_1_165' title='bbox 903 1875 926 1936; x_wconf 89' lang='grc' dir='ltr'><strong>Β</strong></span> <span class='ocrx_word' id='word_1_166' title='bbox 943 1869 1094 1932; x_wconf 86' lang='lat' dir='ltr'><strong>adbibere</strong></span> <span class='ocrx_word' id='word_1_167' title='bbox 1110 1868 1204 1931; x_wconf 89' lang='lat' dir='ltr'><strong>debet</strong></span> <span class='ocrx_word' id='word_1_168' title='bbox 1224 1867 1255 1928; x_wconf 96' lang='lat' dir='ltr'><strong>in</strong></span> <span class='ocrx_word' id='word_1_169' title='bbox 1277 1867 1400 1930; x_wconf 87' lang='lat' dir='ltr'><strong>cunctis</strong></span> <span class='ocrx_word' id='word_1_170' title='bbox 1420 1867 1545 1930; x_wconf 84' lang='lat' dir='ltr'><strong>actibus</strong></span> <span class='ocrx_word' id='word_1_171' title='bbox 1560 1868 1638 1942; x_wconf 91' lang='lat' dir='ltr'><strong>suis,</strong></span> <span class='ocrx_word' id='word_1_172' title='bbox 1656 1875 1691 1929; x_wconf 88' lang='lat' dir='ltr'><strong>ut</strong></span> 
     </span>
     <span class='ocr_line' id='line_1_15' title="bbox 139 1964 1690 2048; baseline -0.001 -18"><span class='ocrx_word' id='word_1_173' title='bbox 139 1967 352 2030; x_wconf 89' lang='lat' dir='ltr'><strong>intentionem</strong></span> <span class='ocrx_word' id='word_1_174' title='bbox 374 1973 407 2028; x_wconf 87' lang='lat' dir='ltr'><strong>et</strong></span> <span class='ocrx_word' id='word_1_175' title='bbox 428 1966 636 2030; x_wconf 87' lang='lat' dir='ltr'><strong>directionem</strong></span> <span class='ocrx_word' id='word_1_176' title='bbox 658 1967 765 2048; x_wconf 86' lang='lat' dir='ltr'><strong>operis</strong></span> <span class='ocrx_word' id='word_1_177' title='bbox 788 1967 888 2030; x_wconf 92' lang='lat' dir='ltr'><strong>nostri</strong></span> <span class='ocrx_word' id='word_1_178' title='bbox 943 1967 1120 2030; x_wconf 88' lang='lat' dir='ltr'><strong>secundum</strong></span> <span class='ocrx_word' id='word_1_179' title='bbox 1146 1965 1341 2029; x_wconf 88' lang='lat' dir='ltr'><strong>voluntatem</strong></span> <span class='ocrx_word' id='word_1_180' title='bbox 1368 1964 1435 2039; x_wconf 87' lang='lat' dir='ltr'><strong>Ilei,</strong></span> <span class='ocrx_word' id='word_1_181' title='bbox 1457 1965 1512 2047; x_wconf 93' lang='lat' dir='ltr'><strong>qui</strong></span> <span class='ocrx_word' id='word_1_182' title='bbox 1536 1984 1617 2048; x_wconf 92' lang='lat' dir='ltr'><strong>opus</strong></span> <span class='ocrx_word' id='word_1_183' title='bbox 1643 1966 1690 2028; x_wconf 95' lang='lat' dir='ltr'><strong>in-</strong></span> 
     </span>
     <span class='ocr_line' id='line_1_16' title="bbox 137 2063 1690 2147; baseline -0.001 -20"><span class='ocrx_word' id='word_1_184' title='bbox 137 2065 256 2127; x_wconf 87' lang='lat' dir='ltr'><strong>debcre</strong></span> <span class='ocrx_word' id='word_1_185' title='bbox 272 2083 310 2126; x_wconf 86' lang='lat' dir='ltr'><strong>ex</strong></span> <span class='ocrx_word' id='word_1_186' title='bbox 326 2083 383 2126; x_wconf 87' lang='lat' dir='ltr'><strong>sua</strong></span> <span class='ocrx_word' id='word_1_187' title='bbox 403 2063 565 2126; x_wconf 87' lang='lat' dir='ltr'><strong>voluntate</strong></span> <span class='ocrx_word' id='word_1_188' title='bbox 586 2063 723 2146; x_wconf 84' lang='lat' dir='ltr'><strong>pendere</strong></span> <span class='ocrx_word' id='word_1_189' title='bbox 738 2081 775 2126; x_wconf 88' lang='lat' dir='ltr'><strong>ao</strong></span> <span class='ocrx_word' id='word_1_190' title='bbox 791 2065 889 2126; x_wconf 89' lang='lat' dir='ltr'><strong>susci·</strong></span> <span class='ocrx_word' id='word_1_191' title='bbox 940 2066 1058 2147; x_wconf 82' lang='lat' dir='ltr'><strong>junxit,</strong></span> <span class='ocrx_word' id='word_1_192' title='bbox 1085 2083 1181 2128; x_wconf 91' lang='lat' dir='ltr'><strong>omne</strong></span> <span class='ocrx_word' id='word_1_193' title='bbox 1210 2084 1304 2128; x_wconf 93' lang='lat' dir='ltr'><strong>suum</strong></span> <span class='ocrx_word' id='word_1_194' title='bbox 1335 2063 1450 2145; x_wconf 87' lang='lat' dir='ltr'><strong>dirigat</strong></span> <span class='ocrx_word' id='word_1_195' title='bbox 1477 2081 1569 2146; x_wconf 91' lang='lat' dir='ltr'><strong>opus,</strong></span> <span class='ocrx_word' id='word_1_196' title='bbox 1594 2071 1626 2127; x_wconf 91' lang='lat' dir='ltr'><strong>et</strong></span> <span class='ocrx_word' id='word_1_197' title='bbox 1655 2073 1690 2126; x_wconf 93' lang='lat' dir='ltr'><strong>ut</strong></span> 
     </span>
     <span class='ocr_line' id='line_1_17' title="bbox 137 2161 1688 2246; baseline 0.001 -23"><span class='ocrx_word' id='word_1_198' title='bbox 137 2164 184 2246; x_wconf 93' lang='lat' dir='ltr'><strong>pi,</strong></span> <span class='ocrx_word' id='word_1_199' title='bbox 201 2171 237 2226; x_wconf 93' lang='lat' dir='ltr'><strong>ut</strong></span> <span class='ocrx_word' id='word_1_200' title='bbox 251 2171 403 2244; x_wconf 90' lang='lat' dir='ltr'><strong>tanquam</strong></span> <span class='ocrx_word' id='word_1_201' title='bbox 425 2161 592 2245; x_wconf 90' lang='lat' dir='ltr'><strong>speculum</strong></span> <span class='ocrx_word' id='word_1_202' title='bbox 612 2162 771 2243; x_wconf 90' lang='lat' dir='ltr'><strong>quoddam</strong></span> <span class='ocrx_word' id='word_1_203' title='bbox 787 2162 887 2226; x_wconf 88' lang='lat' dir='ltr'><strong>Deum</strong></span> <span class='ocrx_word' id='word_1_204' title='bbox 941 2170 1031 2224; x_wconf 90' lang='lat' dir='ltr'><strong>actus</strong></span> <span class='ocrx_word' id='word_1_205' title='bbox 1046 2163 1095 2224; x_wconf 90' lang='lat' dir='ltr'><strong>sni</strong></span> <span class='ocrx_word' id='word_1_206' title='bbox 1113 2164 1265 2226; x_wconf 92' lang='lat' dir='ltr'><strong>virtutum</strong></span> <span class='ocrx_word' id='word_1_207' title='bbox 1281 2161 1423 2224; x_wconf 88' lang='lat' dir='ltr'><strong>bonitate</strong></span> <span class='ocrx_word' id='word_1_208' title='bbox 1437 2170 1601 2235; x_wconf 90' lang='lat' dir='ltr'><strong>ornentur,</strong></span> <span class='ocrx_word' id='word_1_209' title='bbox 1618 2179 1688 2243; x_wconf 91' lang='lat' dir='ltr'><strong>pos-</strong></span> 
     </span>
     <span class='ocr_line' id='line_1_18' title="bbox 137 2259 1689 2344; baseline -0.001 -20"><span class='ocrx_word' id='word_1_210' title='bbox 137 2270 170 2324; x_wconf 90' lang='lat' dir='ltr'><strong>et</strong></span> <span class='ocrx_word' id='word_1_211' title='bbox 194 2261 265 2343; x_wconf 89' lang='lat' dir='ltr'><strong>ejus</strong></span> <span class='ocrx_word' id='word_1_212' title='bbox 289 2260 485 2324; x_wconf 87' lang='lat' dir='ltr'><strong>voluntatem</strong></span> <span class='ocrx_word' id='word_1_213' title='bbox 515 2259 679 2333; x_wconf 88' lang='lat' dir='ltr'><strong>habentes,</strong></span> <span class='ocrx_word' id='word_1_214' title='bbox 704 2267 737 2322; x_wconf 84' lang='lat' dir='ltr'><strong>et</strong></span> <span class='ocrx_word' id='word_1_215' title='bbox 761 2279 889 2344; x_wconf 88' lang='lat' dir='ltr'><strong>semper</strong></span> <span class='ocrx_word' id='word_1_216' title='bbox 941 2261 1047 2342; x_wconf 92' lang='lat' dir='ltr'><strong>sitque</strong></span> <span class='ocrx_word' id='word_1_217' title='bbox 1066 2260 1122 2323; x_wconf 88' lang='lat' dir='ltr'><strong>Dei</strong></span> <span class='ocrx_word' id='word_1_218' title='bbox 1145 2261 1340 2324; x_wconf 87' lang='lat' dir='ltr'><strong>voluntatem</strong></span> <span class='ocrx_word' id='word_1_219' title='bbox 1365 2260 1397 2321; x_wconf 94' lang='lat' dir='ltr'><strong>in</strong></span> <span class='ocrx_word' id='word_1_220' title='bbox 1419 2259 1570 2322; x_wconf 92' lang='lat' dir='ltr'><strong>omnibus</strong></span> <span class='ocrx_word' id='word_1_221' title='bbox 1591 2259 1689 2322; x_wconf 91' lang='lat' dir='ltr'><strong>adim-</strong></span> 
     </span>
     <span class='ocr_line' id='line_1_19' title="bbox 136 2357 1687 2443; baseline -0.002 -21"><span class='ocrx_word' id='word_1_222' title='bbox 136 2360 299 2443; x_wconf 86' lang='lat' dir='ltr'><strong>adipsum</strong></span> <span class='ocrx_word' id='word_1_223' title='bbox 316 2367 423 2422; x_wconf 89' lang='lat' dir='ltr'><strong>nostra</strong></span> <span class='ocrx_word' id='word_1_224' title='bbox 438 2377 534 2442; x_wconf 87' lang='lat' dir='ltr'><strong>opera</strong></span> <span class='ocrx_word' id='word_1_225' title='bbox 549 2358 733 2432; x_wconf 90' lang='lat' dir='ltr'><strong>relerentes,</strong></span> <span class='ocrx_word' id='word_1_226' title='bbox 750 2359 833 2422; x_wconf 85' lang='lat' dir='ltr'><strong>lixos</strong></span> <span class='ocrx_word' id='word_1_227' title='bbox 848 2361 887 2422; x_wconf 88' lang='lat' dir='ltr'><strong>ad</strong></span> <span class='ocrx_word' id='word_1_228' title='bbox 942 2358 1029 2441; x_wconf 89' lang='lat' dir='ltr'><strong>plere</strong></span> <span class='ocrx_word' id='word_1_229' title='bbox 1057 2365 1089 2421; x_wconf 89' lang='lat' dir='ltr'><strong>et</strong></span> <span class='ocrx_word' id='word_1_230' title='bbox 1113 2358 1142 2420; x_wconf 90' lang='lat' dir='ltr'><strong>ei</strong></span> <span class='ocrx_word' id='word_1_231' title='bbox 1170 2357 1288 2442; x_wconf 88' lang='lat' dir='ltr'><strong>jugiter</strong></span> <span class='ocrx_word' id='word_1_232' title='bbox 1313 2357 1521 2439; x_wconf 87' lang='lat' dir='ltr'><strong>complacere.</strong></span> <span class='ocrx_word' id='word_1_233' title='bbox 1549 2358 1586 2420; x_wconf 88' lang='lat' dir='ltr'><strong>Et</strong></span> <span class='ocrx_word' id='word_1_234' title='bbox 1611 2365 1687 2420; x_wconf 86' lang='lat' dir='ltr'><strong>tunc</strong></span> 
     </span>
     <span class='ocr_line' id='line_1_20' title="bbox 136 2455 1685 2539; baseline 0 -21"><span class='ocrx_word' id='word_1_235' title='bbox 136 2457 245 2539; x_wconf 92' lang='lat' dir='ltr'><strong>ipsum</strong></span> <span class='ocrx_word' id='word_1_236' title='bbox 269 2457 373 2521; x_wconf 85' lang='lat' dir='ltr'><strong>cordis</strong></span> <span class='ocrx_word' id='word_1_237' title='bbox 396 2458 505 2521; x_wconf 87' lang='lat' dir='ltr'><strong>oeulos</strong></span> <span class='ocrx_word' id='word_1_238' title='bbox 527 2457 701 2538; x_wconf 88' lang='lat' dir='ltr'><strong>dirigamus</strong></span> <span class='ocrx_word' id='word_1_239' title='bbox 724 2475 759 2519; x_wconf 90' lang='lat' dir='ltr'><strong>ac</strong></span> <span class='ocrx_word' id='word_1_240' title='bbox 783 2462 887 2518; x_wconf 88' lang='lat' dir='ltr'><strong>tenea·</strong></span> <span class='ocrx_word' id='word_1_241' title='bbox 941 2455 1058 2538; x_wconf 90' lang='lat' dir='ltr'><strong>poterit</strong></span> <span class='ocrx_word' id='word_1_242' title='bbox 1087 2456 1183 2518; x_wconf 90' lang='lat' dir='ltr'><strong>etiam</strong></span> <span class='ocrx_word' id='word_1_243' title='bbox 1213 2456 1388 2538; x_wconf 89' lang='lat' dir='ltr'><strong>adimplere</strong></span> <span class='ocrx_word' id='word_1_244' title='bbox 1418 2455 1502 2538; x_wconf 93' lang='lat' dir='ltr'><strong>quod</strong></span> <span class='ocrx_word' id='word_1_245' title='bbox 1531 2455 1685 2538; x_wconf 90' lang='lat' dir='ltr'><strong>scriptum</strong></span> 
     </span>
     <span class='ocr_line' id='line_1_21' title="bbox 137 2552 1833 2637; baseline -0.002 -19"><span class='ocrx_word' id='word_1_246' title='bbox 137 2576 221 2618; x_wconf 91' lang='lat' dir='ltr'><strong>mus.</strong></span> <span class='ocrx_word' id='word_1_247' title='bbox 246 2556 518 2630; x_wconf 86' lang='lat' dir='ltr'><strong>Quemadmodum</strong></span> <span class='ocrx_word' id='word_1_248' title='bbox 543 2555 630 2618; x_wconf 90' lang='lat' dir='ltr'><strong>enim</strong></span> <span class='ocrx_word' id='word_1_249' title='bbox 654 2553 792 2617; x_wconf 90' lang='lat' dir='ltr'><strong>artilicia</strong></span> <span class='ocrx_word' id='word_1_250' title='bbox 816 2574 886 2637; x_wconf 80' lang='lat' dir='ltr'><strong>quae</strong></span> <span class='ocrx_word' id='word_1_251' title='bbox 941 2561 1018 2616; x_wconf 90' lang='lat' dir='ltr'><strong>est:</strong></span> <span class='ocrx_word' id='word_1_252' title='bbox 1042 2553 1114 2617; x_wconf 91' lang='lat' dir='ltr'><strong>Sive</strong></span> <span class='ocrx_word' id='word_1_253' title='bbox 1141 2555 1350 2628; x_wconf 81' lang='lat' dir='ltr'><strong>manducetis,</strong></span> <span class='ocrx_word' id='word_1_254' title='bbox 1376 2555 1443 2617; x_wconf 86' lang='lat' dir='ltr'><strong>sive</strong></span> <span class='ocrx_word' id='word_1_255' title='bbox 1467 2554 1594 2628; x_wconf 90' lang='lat' dir='ltr'><strong>bibatis,</strong></span> <span class='ocrx_word' id='word_1_256' title='bbox 1619 2552 1686 2616; x_wconf 87' lang='lat' dir='ltr'><strong>sive</strong></span> <span class='ocrx_word' id='word_1_257' title='bbox 1701 2571 1833 2624; x_wconf 65' lang='lat' dir='ltr'><strong>tenaxne</strong></span> 
     </span>
     <span class='ocr_line' id='line_1_22' title="bbox 135 2651 1686 2737; baseline -0.002 -19"><span class='ocrx_word' id='word_1_258' title='bbox 135 2655 169 2718; x_wconf 91' lang='lat' dir='ltr'><strong>in</strong></span> <span class='ocrx_word' id='word_1_259' title='bbox 185 2655 246 2717; x_wconf 89' lang='lat' dir='ltr'><strong>bae</strong></span> <span class='ocrx_word' id='word_1_260' title='bbox 261 2655 326 2718; x_wconf 87' lang='lat' dir='ltr'><strong>rita</strong></span> <span class='ocrx_word' id='word_1_261' title='bbox 342 2662 427 2728; x_wconf 92' lang='lat' dir='ltr'><strong>sunt,</strong></span> <span class='ocrx_word' id='word_1_262' title='bbox 444 2662 649 2737; x_wconf 87' lang='lat' dir='ltr'><strong>prospectum</strong></span> <span class='ocrx_word' id='word_1_263' title='bbox 665 2673 721 2716; x_wconf 91' lang='lat' dir='ltr'><strong>seu</strong></span> <span class='ocrx_word' id='word_1_264' title='bbox 740 2654 886 2716; x_wconf 89' lang='lat' dir='ltr'><strong>intentio·</strong></span> <span class='ocrx_word' id='word_1_265' title='bbox 940 2651 1027 2714; x_wconf 89' lang='lat' dir='ltr'><strong>aliud</strong></span> <span class='ocrx_word' id='word_1_266' title='bbox 1051 2651 1172 2735; x_wconf 91' lang='lat' dir='ltr'><strong>aliquid</strong></span> <span class='ocrx_word' id='word_1_267' title='bbox 1194 2651 1330 2727; x_wconf 85' lang='lat' dir='ltr'><strong>facietis,</strong></span> <span class='ocrx_word' id='word_1_268' title='bbox 1352 2653 1460 2715; x_wconf 89' lang='lat' dir='ltr'><strong>omnia</strong></span> <span class='ocrx_word' id='word_1_269' title='bbox 1480 2652 1519 2714; x_wconf 92' lang='lat' dir='ltr'><strong>ad</strong></span> <span class='ocrx_word' id='word_1_270' title='bbox 1541 2651 1597 2714; x_wconf 86' lang='lat' dir='ltr'><strong>Dei</strong></span> <span class='ocrx_word' id='word_1_271' title='bbox 1621 2652 1686 2733; x_wconf 93' lang='lat' dir='ltr'><strong>glo·</strong></span> 
     </span>
     <span class='ocr_line' id='line_1_23' title="bbox 134 2749 1687 2833; baseline -0.002 -19"><span class='ocrx_word' id='word_1_272' title='bbox 134 2771 210 2815; x_wconf 92' lang='lat' dir='ltr'><strong>nem</strong></span> <span class='ocrx_word' id='word_1_273' title='bbox 234 2758 289 2814; x_wconf 91' lang='lat' dir='ltr'><strong>aut</strong></span> <span class='ocrx_word' id='word_1_274' title='bbox 309 2751 409 2814; x_wconf 88' lang='lat' dir='ltr'><strong>linem</strong></span> <span class='ocrx_word' id='word_1_275' title='bbox 432 2750 571 2833; x_wconf 89' lang='lat' dir='ltr'><strong>aliquem</strong></span> <span class='ocrx_word' id='word_1_276' title='bbox 593 2751 701 2813; x_wconf 87' lang='lat' dir='ltr'><strong>animo</strong></span> <span class='ocrx_word' id='word_1_277' title='bbox 723 2749 883 2832; x_wconf 91' lang='lat' dir='ltr'><strong>ingerunt,</strong></span> <span class='ocrx_word' id='word_1_278' title='bbox 941 2749 1020 2812; x_wconf 90' lang='lat' dir='ltr'><strong>riam</strong></span> <span class='ocrx_word' id='word_1_279' title='bbox 1046 2749 1150 2824; x_wconf 81' lang='lat' dir='ltr'><strong>lenite.</strong></span> <span class='ocrx_word' id='word_1_280' title='bbox 1168 2749 1200 2812; x_wconf 88' lang='lat' dir='ltr'><strong>Si</strong></span> <span class='ocrx_word' id='word_1_281' title='bbox 1222 2767 1299 2813; x_wconf 87' lang='lat' dir='ltr'><strong>vero</strong></span> <span class='ocrx_word' id='word_1_282' title='bbox 1318 2750 1458 2813; x_wconf 86' lang='lat' dir='ltr'><strong>declinet</strong></span> <span class='ocrx_word' id='word_1_283' title='bbox 1482 2750 1593 2832; x_wconf 87' lang='lat' dir='ltr'><strong>quise</strong></span> <span class='ocrx_word' id='word_1_284' title='bbox 1618 2750 1687 2831; x_wconf 86' lang='lat' dir='ltr'><strong>lege</strong></span> 
     </span>
     <span class='ocr_line' id='line_1_24' title="bbox 134 2846 1687 2933; baseline -0.002 -20"><span class='ocrx_word' id='word_1_285' title='bbox 134 2851 227 2913; x_wconf 88' lang='lat' dir='ltr'><strong>etita</strong></span> <span class='ocrx_word' id='word_1_286' title='bbox 244 2850 336 2931; x_wconf 83' lang='lat' dir='ltr'><strong>juxta</strong></span> <span class='ocrx_word' id='word_1_287' title='bbox 356 2850 415 2912; x_wconf 87' lang='lat' dir='ltr'><strong>boc</strong></span> <span class='ocrx_word' id='word_1_288' title='bbox 435 2849 519 2932; x_wconf 94' lang='lat' dir='ltr'><strong>quod</strong></span> <span class='ocrx_word' id='word_1_289' title='bbox 539 2849 647 2911; x_wconf 91' lang='lat' dir='ltr'><strong>animo</strong></span> <span class='ocrx_word' id='word_1_290' title='bbox 665 2849 807 2912; x_wconf 91' lang='lat' dir='ltr'><strong>artilices</strong></span> <span class='ocrx_word' id='word_1_291' title='bbox 823 2850 885 2933; x_wconf 93' lang='lat' dir='ltr'><strong>ipsi</strong></span> <span class='ocrx_word' id='word_1_292' title='bbox 941 2867 996 2910; x_wconf 89' lang='lat' dir='ltr'><strong>seu</strong></span> <span class='ocrx_word' id='word_1_293' title='bbox 1012 2848 1132 2929; x_wconf 86' lang='lat' dir='ltr'><strong>regula,</strong></span> <span class='ocrx_word' id='word_1_294' title='bbox 1147 2846 1446 2930; x_wconf 89' lang='lat' dir='ltr'><strong>observantiamque</strong></span> <span class='ocrx_word' id='word_1_295' title='bbox 1462 2847 1601 2911; x_wconf 89' lang='lat' dir='ltr'><strong>mandati</strong></span> <span class='ocrx_word' id='word_1_296' title='bbox 1620 2865 1687 2910; x_wconf 89' lang='lat' dir='ltr'><strong>cor-</strong></span> 
     </span>
     <span class='ocr_line' id='line_1_25' title="bbox 134 2946 1687 3032; baseline -0.001 -22"><span class='ocrx_word' id='word_1_297' title='bbox 134 2948 354 3030; x_wconf 89' lang='lat' dir='ltr'><strong>conceperint,</strong></span> <span class='ocrx_word' id='word_1_298' title='bbox 386 2947 563 3010; x_wconf 87' lang='lat' dir='ltr'><strong>ministerio</strong></span> <span class='ocrx_word' id='word_1_299' title='bbox 595 2965 748 3010; x_wconf 93' lang='lat' dir='ltr'><strong>manuum</strong></span> <span class='ocrx_word' id='word_1_300' title='bbox 780 2966 887 3032; x_wconf 90' lang='lat' dir='ltr'><strong>prose-</strong></span> <span class='ocrx_word' id='word_1_301' title='bbox 941 2954 1078 3029; x_wconf 89' lang='lat' dir='ltr'><strong>rumpat,</strong></span> <span class='ocrx_word' id='word_1_302' title='bbox 1096 2965 1134 3008; x_wconf 84' lang='lat' dir='ltr'><strong>ex</strong></span> <span class='ocrx_word' id='word_1_303' title='bbox 1151 2946 1210 3010; x_wconf 90' lang='lat' dir='ltr'><strong>boo</strong></span> <span class='ocrx_word' id='word_1_304' title='bbox 1226 2947 1296 3029; x_wconf 90' lang='lat' dir='ltr'><strong>ipso</strong></span> <span class='ocrx_word' id='word_1_305' title='bbox 1310 2947 1454 3027; x_wconf 86' lang='lat' dir='ltr'><strong>arguitur</strong></span> <span class='ocrx_word' id='word_1_306' title='bbox 1467 2947 1552 3028; x_wconf 94' lang='lat' dir='ltr'><strong>quod</strong></span> <span class='ocrx_word' id='word_1_307' title='bbox 1572 2946 1613 3008; x_wconf 91' lang='lat' dir='ltr'><strong>sit</strong></span> <span class='ocrx_word' id='word_1_308' title='bbox 1629 2946 1687 3008; x_wconf 94' lang='lat' dir='ltr'><strong>im-</strong></span> 
     </span>
     <span class='ocr_line' id='line_1_26' title="bbox 134 3043 1688 3130; baseline -0.003 -20"><span class='ocrx_word' id='word_1_309' title='bbox 134 3053 297 3130; x_wconf 83' lang='lat' dir='ltr'><strong>quuntur3</strong></span> <span class='ocrx_word' id='word_1_310' title='bbox 310 3046 355 3109; x_wconf 94' lang='lat' dir='ltr'><strong>sic</strong></span> <span class='ocrx_word' id='word_1_311' title='bbox 370 3053 402 3108; x_wconf 87' lang='lat' dir='ltr'><strong>et</strong></span> <span class='ocrx_word' id='word_1_312' title='bbox 417 3045 449 3108; x_wconf 94' lang='lat' dir='ltr'><strong>in</strong></span> <span class='ocrx_word' id='word_1_313' title='bbox 465 3044 551 3109; x_wconf 94' lang='lat' dir='ltr'><strong>omni</strong></span> <span class='ocrx_word' id='word_1_314' title='bbox 566 3064 664 3128; x_wconf 90' lang='lat' dir='ltr'><strong>opere</strong></span> <span class='ocrx_word' id='word_1_315' title='bbox 679 3054 787 3110; x_wconf 89' lang='lat' dir='ltr'><strong>nostro</strong></span> <span class='ocrx_word' id='word_1_316' title='bbox 803 3067 885 3110; x_wconf 92' lang='lat' dir='ltr'><strong>unus</strong></span> <span class='ocrx_word' id='word_1_317' title='bbox 901 3054 923 3118; x_wconf 79' lang='lat' dir='ltr'><strong>G</strong></span> <span class='ocrx_word' id='word_1_318' title='bbox 942 3063 1063 3106; x_wconf 92' lang='lat' dir='ltr'><strong>memor</strong></span> <span class='ocrx_word' id='word_1_319' title='bbox 1087 3044 1153 3106; x_wconf 88' lang='lat' dir='ltr'><strong>Dei.</strong></span> <span class='ocrx_word' id='word_1_320' title='bbox 1170 3081 1209 3090; x_wconf 89' lang='lat'><em>-</em></span> <span class='ocrx_word' id='word_1_321' title='bbox 1223 3044 1295 3107; x_wconf 77' lang='lat' dir='ltr'><strong>lieo</strong></span> <span class='ocrx_word' id='word_1_322' title='bbox 1315 3043 1460 3118; x_wconf 87' lang='lat' dir='ltr'><strong>anilius,</strong></span> <span class='ocrx_word' id='word_1_323' title='bbox 1477 3045 1570 3125; x_wconf 87' lang='lat' dir='ltr'><strong>eujus</strong></span> <span class='ocrx_word' id='word_1_324' title='bbox 1591 3044 1688 3108; x_wconf 91' lang='lat' dir='ltr'><strong>verba</strong></span> 
     </span>
     <span class='ocr_line' id='line_1_27' title="bbox 135 3142 1687 3227; baseline -0.002 -19"><span class='ocrx_word' id='word_1_325' title='bbox 135 3153 244 3208; x_wconf 88' lang='lat' dir='ltr'><strong>manet</strong></span> <span class='ocrx_word' id='word_1_326' title='bbox 260 3145 319 3208; x_wconf 91' lang='lat' dir='ltr'><strong>iste</strong></span> <span class='ocrx_word' id='word_1_327' title='bbox 335 3151 532 3227; x_wconf 87' lang='lat' dir='ltr'><strong>prospectus,</strong></span> <span class='ocrx_word' id='word_1_328' title='bbox 550 3144 581 3206; x_wconf 96' lang='lat' dir='ltr'><strong>id</strong></span> <span class='ocrx_word' id='word_1_329' title='bbox 601 3152 649 3207; x_wconf 94' lang='lat' dir='ltr'><strong>est</strong></span> <span class='ocrx_word' id='word_1_330' title='bbox 667 3144 803 3208; x_wconf 90' lang='lat' dir='ltr'><strong>intentio</strong></span> <span class='ocrx_word' id='word_1_331' title='bbox 817 3145 885 3209; x_wconf 85' lang='lat' dir='ltr'><strong>sive</strong></span> <span class='ocrx_word' id='word_1_332' title='bbox 940 3143 1134 3207; x_wconf 87' lang='lat' dir='ltr'><strong>sententiose</strong></span> <span class='ocrx_word' id='word_1_333' title='bbox 1148 3149 1222 3206; x_wconf 87' lang='lat' dir='ltr'><strong>sunt</strong></span> <span class='ocrx_word' id='word_1_334' title='bbox 1236 3143 1327 3206; x_wconf 89' lang='lat' dir='ltr'><strong>valde</strong></span> <span class='ocrx_word' id='word_1_335' title='bbox 1342 3150 1377 3223; x_wconf 25' lang='lat' dir='ltr'><strong>,et</strong></span> <span class='ocrx_word' id='word_1_336' title='bbox 1397 3142 1574 3206; x_wconf 85' lang='lat' dir='ltr'><strong>ellicaciter</strong></span> <span class='ocrx_word' id='word_1_337' title='bbox 1587 3144 1687 3206; x_wconf 90' lang='lat' dir='ltr'><strong>adim·</strong></span> 
     </span>
     <span class='ocr_line' id='line_1_28' title="bbox 133 3242 1064 3326; baseline -0.005 -18"><span class='ocrx_word' id='word_1_338' title='bbox 133 3246 224 3318; x_wconf 87' lang='lat' dir='ltr'><strong>linis,</strong></span> <span class='ocrx_word' id='word_1_339' title='bbox 242 3262 389 3326; x_wconf 90' lang='lat' dir='ltr'><strong>unusque</strong></span> <span class='ocrx_word' id='word_1_340' title='bbox 409 3243 564 3305; x_wconf 91' lang='lat' dir='ltr'><strong>terminus</strong></span> <span class='ocrx_word' id='word_1_341' title='bbox 586 3242 673 3306; x_wconf 85' lang='lat' dir='ltr'><strong>lixus</strong></span> <span class='ocrx_word' id='word_1_342' title='bbox 695 3251 753 3317; x_wconf 93' lang='lat' dir='ltr'><strong>est,</strong></span> <span class='ocrx_word' id='word_1_343' title='bbox 771 3251 806 3306; x_wconf 87' lang='lat' dir='ltr'><strong>ut</strong></span> <span class='ocrx_word' id='word_1_344' title='bbox 828 3244 886 3306; x_wconf 86' lang='lat' dir='ltr'><strong>sci·</strong></span> <span class='ocrx_word' id='word_1_345' title='bbox 941 3242 1064 3324; x_wconf 89' lang='lat' dir='ltr'><strong>plendn.</strong></span> 
     </span>
     <span class='ocr_line' id='line_1_29' title="bbox 133 3338 1688 3426; baseline -0.004 -19"><span class='ocrx_word' id='word_1_346' title='bbox 133 3346 211 3408; x_wconf 88' lang='lat' dir='ltr'><strong>licet</strong></span> <span class='ocrx_word' id='word_1_347' title='bbox 242 3344 307 3406; x_wconf 88' lang='lat' dir='ltr'><strong>Deo</strong></span> <span class='ocrx_word' id='word_1_348' title='bbox 339 3342 603 3424; x_wconf 87' lang='lat' dir='ltr'><strong>complaceamus.</strong></span> <span class='ocrx_word' id='word_1_349' title='bbox 637 3344 805 3426; x_wconf 88' lang='lat' dir='ltr'><strong>Propterea</strong></span> <span class='ocrx_word' id='word_1_350' title='bbox 836 3363 885 3406; x_wconf 92' lang='lat' dir='ltr'><strong>se·</strong></span> <span class='ocrx_word' id='word_1_351' title='bbox 980 3340 1052 3403; x_wconf 88' lang='lat' dir='ltr'><strong>ldeo</strong></span> <span class='ocrx_word' id='word_1_352' title='bbox 1073 3340 1105 3402; x_wconf 96' lang='lat' dir='ltr'><strong>in</strong></span> <span class='ocrx_word' id='word_1_353' title='bbox 1126 3339 1250 3401; x_wconf 86' lang='lat' dir='ltr'><strong>eunctis</strong></span> <span class='ocrx_word' id='word_1_354' title='bbox 1270 3359 1341 3422; x_wconf 77' lang='lat' dir='ltr'><strong>que</strong></span> <span class='ocrx_word' id='word_1_355' title='bbox 1355 3338 1490 3420; x_wconf 89' lang='lat' dir='ltr'><strong>agimus,</strong></span> <span class='ocrx_word' id='word_1_356' title='bbox 1507 3338 1562 3402; x_wconf 83' lang='lat' dir='ltr'><strong>bei</strong></span> <span class='ocrx_word' id='word_1_357' title='bbox 1579 3339 1688 3403; x_wconf 92' lang='lat' dir='ltr'><strong>volun·</strong></span> 
     </span>
     <span class='ocr_line' id='line_1_30' title="bbox 133 3437 1689 3522; baseline -0.003 -17"><span class='ocrx_word' id='word_1_358' title='bbox 133 3443 277 3506; x_wconf 87' lang='lat' dir='ltr'><strong>eundum</strong></span> <span class='ocrx_word' id='word_1_359' title='bbox 304 3441 399 3503; x_wconf 93' lang='lat' dir='ltr'><strong>istum</strong></span> <span class='ocrx_word' id='word_1_360' title='bbox 430 3447 633 3522; x_wconf 90' lang='lat' dir='ltr'><strong>prospectum</strong></span> <span class='ocrx_word' id='word_1_361' title='bbox 658 3448 691 3504; x_wconf 89' lang='lat' dir='ltr'><strong>ot</strong></span> <span class='ocrx_word' id='word_1_362' title='bbox 714 3441 813 3504; x_wconf 88' lang='lat' dir='ltr'><strong>linem</strong></span> <span class='ocrx_word' id='word_1_363' title='bbox 839 3442 885 3503; x_wconf 90' lang='lat' dir='ltr'><strong>di·</strong></span> <span class='ocrx_word' id='word_1_364' title='bbox 941 3444 1035 3500; x_wconf 90' lang='lat' dir='ltr'><strong>tatem</strong></span> <span class='ocrx_word' id='word_1_365' title='bbox 1067 3457 1131 3520; x_wconf 86' lang='lat' dir='ltr'><strong>prae</strong></span> <span class='ocrx_word' id='word_1_366' title='bbox 1160 3437 1262 3500; x_wconf 92' lang='lat' dir='ltr'><strong>oculis</strong></span> <span class='ocrx_word' id='word_1_367' title='bbox 1292 3437 1493 3517; x_wconf 89' lang='lat' dir='ltr'><strong>babeamus;</strong></span> <span class='ocrx_word' id='word_1_368' title='bbox 1523 3445 1555 3500; x_wconf 92' lang='lat' dir='ltr'><strong>et</strong></span> <span class='ocrx_word' id='word_1_369' title='bbox 1582 3437 1689 3500; x_wconf 89' lang='lat' dir='ltr'><strong>taliter</strong></span> 
     </span>
     <span class='ocr_line' id='line_1_31' title="bbox 133 3535 1688 3622; baseline -0.003 -19"><span class='ocrx_word' id='word_1_370' title='bbox 133 3541 277 3622; x_wconf 86' lang='lat' dir='ltr'><strong>rigamus</strong></span> <span class='ocrx_word' id='word_1_371' title='bbox 296 3557 393 3621; x_wconf 87' lang='lat' dir='ltr'><strong>opera</strong></span> <span class='ocrx_word' id='word_1_372' title='bbox 414 3545 519 3600; x_wconf 88' lang='lat' dir='ltr'><strong>nostre</strong></span> <span class='ocrx_word' id='word_1_373' title='bbox 539 3538 572 3600; x_wconf 93' lang='lat' dir='ltr'><strong>in</strong></span> <span class='ocrx_word' id='word_1_374' title='bbox 596 3538 653 3602; x_wconf 87' lang='lat' dir='ltr'><strong>Dei</strong></span> <span class='ocrx_word' id='word_1_375' title='bbox 672 3540 828 3622; x_wconf 89' lang='lat' dir='ltr'><strong>obsequio</strong></span> <span class='ocrx_word' id='word_1_376' title='bbox 849 3559 885 3602; x_wconf 90' lang='lat' dir='ltr'><strong>ac</strong></span> <span class='ocrx_word' id='word_1_377' title='bbox 940 3553 1036 3617; x_wconf 90' lang='lat' dir='ltr'><strong>opera</strong></span> <span class='ocrx_word' id='word_1_378' title='bbox 1056 3543 1163 3598; x_wconf 87' lang='lat' dir='ltr'><strong>nostra</strong></span> <span class='ocrx_word' id='word_1_379' title='bbox 1184 3535 1380 3610; x_wconf 90' lang='lat' dir='ltr'><strong>ordinemus,</strong></span> <span class='ocrx_word' id='word_1_380' title='bbox 1401 3537 1600 3610; x_wconf 83' lang='lat' dir='ltr'><strong>decoremus,</strong></span> <span class='ocrx_word' id='word_1_381' title='bbox 1618 3555 1688 3620; x_wconf 92' lang='lat' dir='ltr'><strong>per·</strong></span> 
     </span>
     <span class='ocr_line' id='line_1_32' title="bbox 133 3633 1687 3720; baseline -0.003 -18"><span class='ocrx_word' id='word_1_382' title='bbox 133 3637 303 3702; x_wconf 87' lang='lat' dir='ltr'><strong>mandatis.</strong></span> <span class='ocrx_word' id='word_1_383' title='bbox 330 3636 530 3720; x_wconf 86' lang='lat' dir='ltr'><strong>impossibile</strong></span> <span class='ocrx_word' id='word_1_384' title='bbox 555 3655 693 3720; x_wconf 87' lang='lat' dir='ltr'><strong>namque</strong></span> <span class='ocrx_word' id='word_1_385' title='bbox 717 3645 766 3700; x_wconf 89' lang='lat' dir='ltr'><strong>est</strong></span> <span class='ocrx_word' id='word_1_386' title='bbox 794 3639 886 3701; x_wconf 87' lang='lat' dir='ltr'><strong>aliter</strong></span> <span class='ocrx_word' id='word_1_387' title='bbox 940 3633 1099 3709; x_wconf 82' lang='lat' dir='ltr'><strong>liniamus,</strong></span> <span class='ocrx_word' id='word_1_388' title='bbox 1116 3642 1245 3716; x_wconf 85' lang='lat' dir='ltr'><strong>tamque</strong></span> <span class='ocrx_word' id='word_1_389' title='bbox 1270 3643 1452 3698; x_wconf 91' lang='lat' dir='ltr'><strong>reverenter</strong></span> <span class='ocrx_word' id='word_1_390' title='bbox 1475 3643 1507 3698; x_wconf 89' lang='lat' dir='ltr'><strong>et</strong></span> <span class='ocrx_word' id='word_1_391' title='bbox 1531 3635 1687 3699; x_wconf 90' lang='lat' dir='ltr'><strong>custodite</strong></span> 
     </span>
     <span class='ocr_line' id='line_1_33' title="bbox 132 3731 1687 3819; baseline -0.003 -18"><span class='ocrx_word' id='word_1_392' title='bbox 132 3746 281 3801; x_wconf 85' lang='lat' dir='ltr'><strong>constare</strong></span> <span class='ocrx_word' id='word_1_393' title='bbox 302 3737 409 3819; x_wconf 90' lang='lat' dir='ltr'><strong>operis</strong></span> <span class='ocrx_word' id='word_1_394' title='bbox 428 3735 527 3799; x_wconf 90' lang='lat' dir='ltr'><strong>nostri</strong></span> <span class='ocrx_word' id='word_1_395' title='bbox 549 3734 696 3812; x_wconf 89' lang='lat' dir='ltr'><strong>formam,</strong></span> <span class='ocrx_word' id='word_1_396' title='bbox 715 3737 745 3798; x_wconf 95' lang='lat' dir='ltr'><strong>id</strong></span> <span class='ocrx_word' id='word_1_397' title='bbox 769 3745 817 3800; x_wconf 90' lang='lat' dir='ltr'><strong>est</strong></span> <span class='ocrx_word' id='word_1_398' title='bbox 840 3736 885 3798; x_wconf 94' lang='lat' dir='ltr'><strong>in·</strong></span> <span class='ocrx_word' id='word_1_399' title='bbox 940 3750 1012 3815; x_wconf 75' lang='lat' dir='ltr'><strong>qua</strong></span> <span class='ocrx_word' id='word_1_400' title='bbox 1026 3731 1109 3796; x_wconf 88' lang='lat' dir='ltr'><strong>bona</strong></span> <span class='ocrx_word' id='word_1_401' title='bbox 1123 3739 1198 3794; x_wconf 92' lang='lat' dir='ltr'><strong>sunt</strong></span> <span class='ocrx_word' id='word_1_402' title='bbox 1213 3751 1436 3815; x_wconf 84' lang='lat' dir='ltr'><strong>exsequamur,</strong></span> <span class='ocrx_word' id='word_1_403' title='bbox 1449 3740 1485 3796; x_wconf 90' lang='lat' dir='ltr'><strong>ut</strong></span> <span class='ocrx_word' id='word_1_404' title='bbox 1499 3752 1557 3817; x_wconf 86' lang='lat' dir='ltr'><strong>per</strong></span> <span class='ocrx_word' id='word_1_405' title='bbox 1571 3752 1609 3796; x_wconf 90' lang='lat' dir='ltr'><strong>ea</strong></span> <span class='ocrx_word' id='word_1_406' title='bbox 1622 3734 1687 3796; x_wconf 78' lang='lat' dir='ltr'><strong>lieo</strong></span> 
     </span>
     <span class='ocr_line' id='line_1_34' title="bbox 132 3831 1688 3914; baseline -0.003 -15"><span class='ocrx_word' id='word_1_407' title='bbox 132 3837 312 3900; x_wconf 86' lang='lat' dir='ltr'><strong>tentionem</strong></span> <span class='ocrx_word' id='word_1_408' title='bbox 328 3853 385 3896; x_wconf 89' lang='lat' dir='ltr'><strong>seu</strong></span> <span class='ocrx_word' id='word_1_409' title='bbox 400 3833 575 3898; x_wconf 86' lang='lat' dir='ltr'><strong>bonitatem</strong></span> <span class='ocrx_word' id='word_1_410' title='bbox 589 3835 751 3898; x_wconf 87' lang='lat' dir='ltr'><strong>actionum</strong></span> <span class='ocrx_word' id='word_1_411' title='bbox 767 3843 887 3898; x_wconf 84' lang='lat' dir='ltr'><strong>nostra·</strong></span> <span class='ocrx_word' id='word_1_412' title='bbox 940 3831 1037 3906; x_wconf 90' lang='lat' dir='ltr'><strong>uniri,</strong></span> <span class='ocrx_word' id='word_1_413' title='bbox 1048 3831 1304 3914; x_wconf 68' lang='lat' dir='ltr'><strong>complacerent</strong></span> <span class='ocrx_word' id='word_1_414' title='bbox 1320 3831 1459 3895; x_wconf 84' lang='lat' dir='ltr'><strong>debitam</strong></span> <span class='ocrx_word' id='word_1_415' title='bbox 1475 3831 1688 3897; x_wconf 89' lang='lat' dir='ltr'><strong>honorilicen-</strong></span> 
     </span>
     <span class='ocr_line' id='line_1_35' title="bbox 132 3929 1468 4012; baseline -0.001 -13"><span class='ocrx_word' id='word_1_416' title='bbox 132 3955 207 4000; x_wconf 90' lang='lat' dir='ltr'><strong>rum</strong></span> <span class='ocrx_word' id='word_1_417' title='bbox 230 3953 302 3998; x_wconf 87' lang='lat' dir='ltr'><strong>esse</strong></span> <span class='ocrx_word' id='word_1_418' title='bbox 327 3931 475 3996; x_wconf 86' lang='lat' dir='ltr'><strong>stabilem</strong></span> <span class='ocrx_word' id='word_1_419' title='bbox 498 3952 535 3996; x_wconf 88' lang='lat' dir='ltr'><strong>ac</strong></span> <span class='ocrx_word' id='word_1_420' title='bbox 560 3934 729 4009; x_wconf 87' lang='lat' dir='ltr'><strong>valentem,</strong></span> <span class='ocrx_word' id='word_1_421' title='bbox 745 3934 809 3997; x_wconf 88' lang='lat' dir='ltr'><strong>nisi</strong></span> <span class='ocrx_word' id='word_1_422' title='bbox 834 3953 887 3998; x_wconf 82' lang='lat' dir='ltr'><strong>vo</strong></span> <span class='ocrx_word' id='word_1_423' title='bbox 940 3929 1017 3991; x_wconf 79' lang='lat' dir='ltr'><strong>tiam</strong></span> <span class='ocrx_word' id='word_1_424' title='bbox 1039 3929 1068 3992; x_wconf 84' lang='lat' dir='ltr'><strong>ei</strong></span> <span class='ocrx_word' id='word_1_425' title='bbox 1091 3929 1276 4012; x_wconf 87' lang='lat' dir='ltr'><strong>impendere</strong></span> <span class='ocrx_word' id='word_1_426' title='bbox 1297 3930 1468 3994; x_wconf 84' lang='lat' dir='ltr'><strong>valeamus.</strong></span> 
     </span>
    </p>
   </div>
   <div class='ocr_carea' id='block_1_5' title="bbox 669 4368 1151 4472">
    <p class='ocr_par' dir='ltr' id='par_1_5' title="bbox 669 4368 1151 4472">
     <span class='ocr_line' id='line_1_36' title="bbox 669 4368 1151 4472; baseline -0.002 -16"><span class='ocrx_word' id='word_1_427' title='bbox 669 4368 861 4457; x_wconf 81' lang='lat' dir='ltr'><strong>Sllllllll</strong></span> <span class='ocrx_word' id='word_1_428' title='bbox 900 4368 1151 4472; x_wconf 85' lang='lat' dir='ltr'><strong>QUINTUS</strong></span> 
     </span>
    </p>
   </div>
   <div class='ocr_carea' id='block_1_6' title="bbox 325 4631 1498 4780">
    <p class='ocr_par' dir='ltr' id='par_1_6' title="bbox 325 4631 1498 4780">
     <span class='ocr_line' id='line_1_37' title="bbox 325 4631 1498 4696; baseline 0.002 -17"><span class='ocrx_word' id='word_1_429' title='bbox 325 4632 366 4679; x_wconf 73' lang='lat' dir='ltr'><strong>DE</strong></span> <span class='ocrx_word' id='word_1_430' title='bbox 386 4631 581 4679; x_wconf 69' lang='lat' dir='ltr'><strong>Eubulum</strong></span> <span class='ocrx_word' id='word_1_431' title='bbox 603 4633 754 4679; x_wconf 69' lang='lat' dir='ltr'><strong>multum</strong></span> <span class='ocrx_word' id='word_1_432' title='bbox 775 4633 850 4690; x_wconf 78' lang='lat' dir='ltr'><strong>onir,</strong></span> <span class='ocrx_word' id='word_1_433' title='bbox 871 4634 1101 4690; x_wconf 73' lang='lat' dir='ltr'><strong>uutrlrtlclouu</strong></span> <span class='ocrx_word' id='word_1_434' title='bbox 1121 4633 1300 4696; x_wconf 74' lang='lat' dir='ltr'><strong>noululo103</strong></span> <span class='ocrx_word' id='word_1_435' title='bbox 1321 4634 1358 4678; x_wconf 72' lang='lat' dir='ltr'><strong>ur</strong></span> <span class='ocrx_word' id='word_1_436' title='bbox 1378 4633 1498 4681; x_wconf 73' lang='lat' dir='ltr'><strong>coum</strong></span> 
     </span>
     <span class='ocr_line' id='line_1_38' title="bbox 731 4731 1085 4780; baseline 0.006 -3"><span class='ocrx_word' id='word_1_437' title='bbox 731 4731 951 4779; x_wconf 76' lang='lat' dir='ltr'><strong>barutumoms</strong></span> <span class='ocrx_word' id='word_1_438' title='bbox 971 4733 1085 4780; x_wconf 74' lang='lat' dir='ltr'><strong>virtuti.</strong></span> 
     </span>
    </p>
   </div>
   <div class='ocr_carea' id='block_1_7' title="bbox 132 5013 1686 5391">
    <p class='ocr_par' dir='ltr' id='par_1_7' title="bbox 132 5013 1686 5391">
     <span class='ocr_line' id='line_1_39' title="bbox 210 5013 1686 5098; baseline 0.003 -22"><span class='ocrx_word' id='word_1_439' title='bbox 210 5015 259 5076; x_wconf 89' lang='lat' dir='ltr'><strong>UI</strong></span> <span class='ocrx_word' id='word_1_440' title='bbox 269 5033 335 5074; x_wconf 83' lang='lat' dir='ltr'><strong>non</strong></span> <span class='ocrx_word' id='word_1_441' title='bbox 355 5013 469 5090; x_wconf 70' lang='lat' dir='ltr'><strong>diripit</strong></span> <span class='ocrx_word' id='word_1_442' title='bbox 487 5013 630 5090; x_wconf 80' lang='lat' dir='ltr'><strong>fratrem</strong></span> <span class='ocrx_word' id='word_1_443' title='bbox 649 5015 922 5084; x_wconf 64' lang='lat' dir='ltr'><strong>scammoneae</strong></span> <span class='ocrx_word' id='word_1_444' title='bbox 977 5015 1044 5076; x_wconf 88' lang='lat' dir='ltr'><strong>Non</strong></span> <span class='ocrx_word' id='word_1_445' title='bbox 1061 5021 1183 5096; x_wconf 89' lang='lat' dir='ltr'><strong>poterat</strong></span> <span class='ocrx_word' id='word_1_446' title='bbox 1196 5015 1416 5078; x_wconf 86' lang='lat' dir='ltr'><strong>sanctissimus</strong></span> <span class='ocrx_word' id='word_1_447' title='bbox 1431 5017 1624 5098; x_wconf 91' lang='lat' dir='ltr'><strong>evangelista</strong></span> <span class='ocrx_word' id='word_1_448' title='bbox 1639 5019 1686 5080; x_wconf 90' lang='lat' dir='ltr'><strong>Jo-</strong></span> 
     </span>
     <span class='ocr_line' id='line_1_40' title="bbox 218 5111 1683 5191; baseline 0.005 -21"><span class='ocrx_word' id='word_1_449' title='bbox 218 5113 252 5173; x_wconf 84' lang='lat' dir='ltr'><strong>in</strong></span> <span class='ocrx_word' id='word_1_450' title='bbox 269 5119 395 5181; x_wconf 85' lang='lat' dir='ltr'><strong>morte;</strong></span> <span class='ocrx_word' id='word_1_451' title='bbox 409 5111 515 5171; x_wconf 81' lang='lat' dir='ltr'><strong>omnis</strong></span> <span class='ocrx_word' id='word_1_452' title='bbox 533 5119 642 5171; x_wconf 83' lang='lat' dir='ltr'><strong>autem</strong></span> <span class='ocrx_word' id='word_1_453' title='bbox 657 5113 717 5191; x_wconf 82' lang='lat' dir='ltr'><strong>qui</strong></span> <span class='ocrx_word' id='word_1_454' title='bbox 729 5115 799 5173; x_wconf 81' lang='lat' dir='ltr'><strong>odit</strong></span> <span class='ocrx_word' id='word_1_455' title='bbox 812 5116 883 5190; x_wconf 83' lang='lat' dir='ltr'><strong>fra·</strong></span> <span class='ocrx_word' id='word_1_456' title='bbox 936 5132 1035 5175; x_wconf 89' lang='lat' dir='ltr'><strong>annes</strong></span> <span class='ocrx_word' id='word_1_457' title='bbox 1060 5113 1222 5175; x_wconf 89' lang='lat' dir='ltr'><strong>caritatem</strong></span> <span class='ocrx_word' id='word_1_458' title='bbox 1252 5114 1424 5176; x_wconf 88' lang='lat' dir='ltr'><strong>sublimius</strong></span> <span class='ocrx_word' id='word_1_459' title='bbox 1449 5117 1683 5186; x_wconf 88' lang='lat' dir='ltr'><strong>commendare,</strong></span> 
     </span>
     <span class='ocr_line' id='line_1_41' title="bbox 132 5210 1683 5293; baseline 0.002 -23"><span class='ocrx_word' id='word_1_460' title='bbox 132 5218 217 5270; x_wconf 85' lang='lat' dir='ltr'><strong>trem</strong></span> <span class='ocrx_word' id='word_1_461' title='bbox 245 5229 356 5280; x_wconf 82' lang='lat' dir='ltr'><strong>suum,</strong></span> <span class='ocrx_word' id='word_1_462' title='bbox 385 5210 547 5270; x_wconf 77' lang='lat' dir='ltr'><strong>homicida</strong></span> <span class='ocrx_word' id='word_1_463' title='bbox 576 5218 634 5270; x_wconf 84' lang='lat' dir='ltr'><strong>est.</strong></span> <span class='ocrx_word' id='word_1_464' title='bbox 659 5210 671 5272; x_wconf 98' lang='lat' dir='ltr'><strong>l</strong></span> <span class='ocrx_word' id='word_1_465' title='bbox 694 5210 803 5274; x_wconf 84' lang='lat' dir='ltr'><strong>Joann.</strong></span> <span class='ocrx_word' id='word_1_466' title='bbox 835 5229 880 5286; x_wconf 89' lang='grc' dir='ltr'>ιιι,</span> <span class='ocrx_word' id='word_1_467' title='bbox 937 5229 995 5273; x_wconf 89' lang='lat' dir='ltr'><strong>nec</strong></span> <span class='ocrx_word' id='word_1_468' title='bbox 1016 5210 1086 5291; x_wconf 87' lang='lat' dir='ltr'><strong>ejus</strong></span> <span class='ocrx_word' id='word_1_469' title='bbox 1106 5213 1300 5293; x_wconf 87' lang='lat' dir='ltr'><strong>oppositum,</strong></span> <span class='ocrx_word' id='word_1_470' title='bbox 1316 5220 1426 5293; x_wconf 88' lang='lat' dir='ltr'><strong>utpote</strong></span> <span class='ocrx_word' id='word_1_471' title='bbox 1446 5213 1567 5288; x_wconf 92' lang='lat' dir='ltr'><strong>odium,</strong></span> <span class='ocrx_word' id='word_1_472' title='bbox 1583 5214 1683 5276; x_wconf 92' lang='lat' dir='ltr'><strong>borri-</strong></span> 
     </span>
     <span class='ocr_line' id='line_1_42' title="bbox 134 5305 1682 5391; baseline 0.001 -21"><span class='ocrx_word' id='word_1_473' title='bbox 134 5305 184 5383; x_wconf 75' lang='lat' dir='ltr'><strong>lt,</strong></span> <span class='ocrx_word' id='word_1_474' title='bbox 206 5305 254 5373; x_wconf 78' lang='lat' dir='ltr'><strong>lb.</strong></span> <span class='ocrx_word' id='word_1_475' title='bbox 937 5309 1034 5373; x_wconf 92' lang='lat' dir='ltr'><strong>bilius</strong></span> <span class='ocrx_word' id='word_1_476' title='bbox 1053 5309 1245 5391; x_wconf 84' lang='lat' dir='ltr'><strong>vituperare,</strong></span> <span class='ocrx_word' id='word_1_477' title='bbox 1264 5309 1325 5372; x_wconf 94' lang='lat' dir='ltr'><strong>nisi</strong></span> <span class='ocrx_word' id='word_1_478' title='bbox 1345 5309 1481 5374; x_wconf 90' lang='lat' dir='ltr'><strong>dicendo</strong></span> <span class='ocrx_word' id='word_1_479' title='bbox 1500 5310 1596 5373; x_wconf 88' lang='lat' dir='ltr'><strong>verba</strong></span> <span class='ocrx_word' id='word_1_480' title='bbox 1616 5311 1682 5373; x_wconf 76' lang='lat' dir='ltr'><strong>heo</strong></span> 
     </span>
    </p>
   </div>
   <div class='ocr_carea' id='block_1_8' title="bbox 0 0 2112 6247">
    <p class='ocr_par' dir='ltr' id='par_1_8' title="bbox 0 0 2112 6247">
     <span class='ocr_line' id='line_1_43' title="bbox 0 0 2112 6247; baseline 0 0"><span class='ocrx_word' id='word_1_481' title='bbox 0 0 2112 6247; x_wconf 95' lang='lat' dir='ltr'><strong> </strong></span> 
     </span>
    </p>
   </div>
  </div>
 </body>
</html>
