4288 6264
462 406 501 470 78
739 429 771 475 ΙΝ
793 430 844 476 hllt
866 431 982 477 SANCTO
1003 430 1218 478 PENTBCOSTES.
1239 447 1279 462 ··
1298 433 1474 482 annuento
1495 435 1526 480 ut
1548 435 1742 482 avertentium

462 595 612 677 pertinet,
627 605 663 659 ut
677 599 718 661 de
733 599 817 664 bono
832 601 940 664 dilecti
956 608 988 664 et
1002 602 1042 664 de
1056 602 1213 685 prosperi·
1226 603 1252 665 Α
1267 623 1341 666 eum
1356 605 1394 666 ad
1410 612 1575 686 peceatum
1594 605 1754 668 inducere.
1766 603 1916 667 Nondum
1931 602 2013 664 enim

461 700 525 757 tate
550 695 651 778 ipsius
675 697 830 779 glorietur
853 707 984 763 amator.
1003 703 1088 769 Quia
1109 704 1213 763 Pater
1263 700 1412 784 diabolus
1427 709 1532 764 certus
1547 702 1609 765 luit
1623 703 1661 765 de
1681 702 1742 765 hoc
1760 719 1766 762 :
1782 701 1876 763 aliter
1891 717 1954 762 non
1970 700 2013 760 iu-

461 794 569 870 major
584 815 634 854 me
648 805 695 856 est
715 797 891 859 secundum
911 798 996 880 quod
1017 799 1112 861 homo
1127 818 1210 872 sum,
1266 798 1412 879 stigasset
1438 801 1561 863 tudens
1593 801 1631 862 ad
1661 798 1778 864 Christi
1807 797 2010 861 occisionem.

461 899 556 972 prout
570 892 651 955 mori
673 895 826 976 competit
846 895 925 958 mihi
944 913 951 957 :
968 895 1088 959 idcirco
1103 898 1142 959 ad
1157 897 1212 959 Pa·
1265 895 1353 969 Quod
1384 903 1490 958 autem
1526 896 1671 959 diabolus
1703 902 1776 978 post
1805 895 2011 958 tentationem
2028 915 2089 959 uari.

461 997 541 1052 trem
558 991 674 1066 eundo,
681 991 772 1074 juxta
787 994 917 1056 modum
933 993 998 1074 jam
1015 1002 1133 1057 tactum
1149 995 1212 1076 glo·
1265 993 1381 1057 Christi
1402 994 1517 1056 iactam
1538 995 1571 1056 in
1589 994 1724 1068 deserto,
1742 994 1775 1055 in
1795 992 1969 1076 pinnaculo
1983 999 2012 1052 et
2024 983 2091 1032 ’Μ’

460 1087 578 1151 rilicor.
596 1090 664 1152 Non
679 1097 786 1153 umen
802 1092 900 1154 Filius
916 1092 972 1154 Dei
988 1099 1037 1154 est
1051 1112 1130 1175 pura
1146 1111 1211 1155 cre·
1266 1091 1298 1152 in
1324 1098 1429 1154 monte
1453 1092 1589 1166 excelso,
1608 1091 1739 1155 redierit
1761 1091 1801 1154 ad
1825 1090 2010 1152 tentandum

458 1193 559 1262 atura,
579 1193 614 1249 ut
632 1187 899 1252 sceleratissimus
919 1191 1013 1252 Arius
1031 1189 1138 1266 linxit,
1154 1192 1209 1253 sed
1263 1189 1460 1264 lesum,elici
1476 1197 1581 1273 potest
1594 1210 1633 1252 ex
1648 1207 1686 1253 eo
1699 1189 1785 1272 quod
1799 1189 1884 1272 apud
1898 1187 2012 1249 Lucam

459 1303 554 1347 verus
567 1285 651 1348 Deus
663 1293 695 1348 et
710 1288 888 1350 secundum
902 1307 992 1351 suam
1009 1289 1208 1352 divinitatem
1265 1288 1420 1369 scriptum
1436 1296 1484 1351 est
1500 1306 1507 1350 :
1525 1288 1750 1352 Consummata
1763 1287 1852 1350 omni
1868 1287 2011 1349 tentatio
2024 1309 2092 1351 nam

458 1383 540 1445 Patri
556 1402 631 1446 vere
645 1385 787 1466 aequalis,
802 1386 894 1468 juxta
913 1387 991 1450 illud
1011 1406 1017 1450 :
1035 1388 1093 1462 Oui
1109 1407 1208 1470 quum
1265 1404 1315 1458 ne,
1332 1386 1476 1449 diabolus
1492 1387 1623 1449 recessit
1637 1386 1677 1449 ab
1692 1404 1730 1448 eo
1744 1385 1784 1448 ad
1799 1393 1937 1468 tempus.

357 1499 363 1510 ·
461 1482 493 1544 in
512 1481 615 1544 lorma
637 1483 693 1546 Ilei
715 1493 810 1559 esset,
829 1503 892 1548 non
914 1487 1057 1568 rapinam
1080 1487 1209 1549 arbitra·
1304 1487 1347 1546 Et
1364 1486 1399 1544 in
1414 1505 1463 1544 mc
1483 1505 1547 1545 non
1563 1487 1656 1545 habet
1676 1487 1871 1565 quidquam,
1886 1483 1946 1546 hoc
1966 1492 2011 1544 est

460 1587 510 1641 tus
530 1588 578 1642 est
598 1599 668 1643 esse
691 1601 725 1643 se
744 1583 900 1663 aqualem
917 1583 1002 1662 Deo;
1021 1584 1075 1646 sed
1094 1593 1208 1647 semet·
1264 1581 1343 1643 nihil
1360 1582 1473 1664 culpat,
1490 1602 1549 1645 nec
1569 1583 1690 1664 aliquid
1707 1583 1790 1664 juris
1804 1590 1860 1644 aut
1878 1589 2010 1664 potesta·

459 1678 565 1760 ipsum
582 1677 768 1755 exinanivit,
786 1679 921 1743 formam
937 1684 1020 1746 servi
1036 1683 1205 1764 accipiens.
1264 1681 1315 1754 tis,
1332 1681 1406 1762 quia
1422 1682 1466 1743 nil
1483 1700 1584 1763 poenaa
1598 1689 1652 1745 aut
1669 1682 1853 1744 nocumenti
1871 1681 1950 1742 mihi
1967 1682 2010 1742 in-

497 1780 541 1838 Et
557 1797 646 1838 nunc
660 1781 738 1838 dt'oez'
753 1781 839 1838 vobis
854 1781 938 1861 quod
960 1781 1039 1843 mihi
1062 1781 1204 1844 futurum
1225 1782 1249 1844 B
1265 1777 1347 1840 lerre
1363 1786 1465 1861 potest
1481 1786 1655 1860 persecut
1670 1796 1744 1842 suos
1761 1779 1937 1853 ministros,
1949 1779 2008 1840 nisi

458 1883 506 1936 est
521 1875 554 1938 in
574 1876 732 1959 passione,
749 1879 980 1940 resurrectione
1001 1887 1031 1940 et
1051 1881 1207 1943 ascensio
1262 1884 1418 1956 quantum
1433 1885 1546 1958 sponte
1566 1878 1751 1960 permisero.
1769 1877 1813 1940 lle
1828 1876 1954 1940 Christo
1968 1885 2009 1938 et-

457 1993 508 2048 ne,
522 1977 719 2056 priusquam
733 1981 806 2052 fiat,
822 1987 859 2036 ut
876 1998 975 2056 quum
995 1981 1122 2056 factum
1135 1981 1207 2055 sue·
1261 1974 1348 2036 enim
1364 1975 1519 2056 scriptum
1536 1983 1584 2038 est
1601 1993 1607 2037 :
1625 1976 1828 2058 Iniquitatem
1844 1992 1907 2038 non
1924 1975 2005 2046 lecit,
2030 1998 2092 2040 rans

457 2076 517 2144 rit,
527 2077 670 2135 credatis
685 2075 770 2156 quod
785 2093 844 2156 ego
859 2095 929 2136 sum
945 2075 1089 2139 Christus
1107 2077 1128 2138 F
1132 2077 1206 2140 ilius
1261 2091 1319 2134 nec
1336 2072 1483 2136 inventus
1499 2081 1547 2135 est
1562 2073 1654 2136 dolus
1670 2073 1702 2136 in
1717 2091 1771 2136 ore
1786 2073 1878 2154 ejus3
1894 2081 1927 2136 et
1942 2092 2006 2135 rur-

456 2171 523 2244 Dei,
548 2190 644 2252 quem
670 2191 721 2234 me
746 2192 815 2236 esse
841 2181 997 2255 protestor
1020 2192 1027 2236 :
1052 2176 1204 2256 quoniam
1260 2189 1325 2245 sua,
1350 2171 1489 2234 Tradidit
1514 2172 1546 2233 in
1572 2180 1706 2234 mortem
1733 2172 2092 2250 animamsuam31u..2

457 2269 517 2330 ista
532 2268 571 2331 de
586 2269 693 2332 lutura
710 2289 779 2333 mea
797 2271 955 2353 passione,
972 2273 1204 2337 resurrectione
1260 2269 1412 2351 itemque,
1429 2270 1559 2333 Oblatas
1578 2280 1627 2333 est
1645 2271 1721 2353 quia
1740 2271 1851 2334 voluit.
1870 2271 1958 2334 Unde
1976 2279 2005 2332 et
2027 2287 2085 2328 uus.

411 2445 413 2448 ι
455 2375 487 2428 et
506 2367 692 2430 ascensione
712 2386 775 2431 non
795 2387 922 2451 possem
943 2377 1006 2434 tam
1026 2379 1204 2455 certeprae-
1260 2368 1848 2450 ipsemetait:Nemotollitanimam
1864 2387 2005 2432 meama
2030 2385 2092 2426 raam

456 2463 573 2540 dicere,
591 2465 652 2528 nisi
675 2465 818 2530 Christus
840 2467 1036 2530 exsisterem.
1260 2485 1321 2539 me,
1344 2467 1400 2530 sed
1421 2485 1480 2548 ego
1501 2485 1585 2548 pono
1607 2485 1688 2530 eam.
2017 2451 2042 2490 ¹⁵·

493 2566 567 2624 Jam
591 2584 654 2624 non
676 2570 780 2626 multa
806 2570 923 2646 loquar
947 2569 1108 2628 vobiscum
1131 2577 1204 2631 ante
1299 2566 1415 2628 Verum
1437 2565 1514 2647 quia
1536 2584 1574 2627 ex
1596 2565 1636 2628 iis
1655 2565 1794 2628 dubitari
1819 2573 1928 2649 posset
1952 2585 2006 2626 cur

455 2661 636 2743 passionem
660 2682 763 2726 meam
786 2663 818 2726 in
844 2683 939 2727 carne
964 2665 1024 2728 ista
1047 2666 1201 2749 passibili.
1259 2663 1401 2727 Christus
1418 2664 1483 2746 pati
1500 2663 1647 2738 voluerit,
1664 2665 1719 2746 qui
1736 2665 1942 2748 culpamnou
1958 2665 2007 2726 ba-

454 2760 553 2841 Cujus
568 2780 663 2824 causa
677 2761 998 2843 subjungitur:ucnit
1013 2766 1098 2824 enim
1113 2767 1205 2841 prin·
1259 2761 1339 2832 buit,
1357 2762 1479 2824 addidit
1502 2780 1509 2823 :
1533 2765 1589 2822 sed
1613 2771 1649 2823 ut
1673 2772 1841 2840 cognoscat
1866 2765 2007 2822 mundus

454 2878 526 2936 ceps
545 2862 664 2920 ruendi
682 2862 794 2938 hujus,
811 2861 841 2922 id
867 2869 915 2924 est
938 2861 1095 2936 diabolus,
1117 2862 1204 2945 prin·
1260 2863 1339 2938 quic
1354 2862 1457 2938 diligo
1472 2864 1621 2931 Patrem,
1633 2860 1664 2923 id
1681 2869 1739 2936 est,
1756 2860 1828 2923 ideo
1843 2862 1909 2943 pati
1925 2859 2005 2933 volo,

453 2976 529 3040 ceps
559 2957 727 3021 hominum
756 2959 930 3041 impiorum
959 2978 995 3021 ac
1028 2961 1203 3024 mundano·
1222 2961 1244 3024 C
1260 2965 1295 3019 ut
1320 2957 1495 3021 innotescat
1518 2958 1703 3021 hominibus
1727 2966 1884 3040 quantum
1912 2958 2007 3038 diligo

454 3075 537 3130 rum,
574 3057 629 3139 qui
660 3057 860 3120 demonibus
894 3058 1047 3121 serviunt.
1082 3060 1204 3122 Dicitur
1258 3055 1381 3118 Patrem
1402 3064 1568 3130 aeternum,
1588 3064 1719 3138 propter
1738 3057 1831 3138 cujus
1853 3057 2005 3119 honorem

452 3162 559 3216 autem
590 3153 736 3217 diabolus
766 3156 916 3237 princeps
951 3157 1061 3219 mundi
1092 3157 1201 3238 hujus,
1259 3156 1512 3237 recuperandum
1525 3155 1605 3218 mori
1619 3174 1677 3237 pro
1689 3155 1874 3218 hominibus
1887 3155 2005 3230 volo,ut

453 3271 516 3316 non
536 3253 621 3335 qnod
641 3255 796 3315 mundum
817 3256 946 3328 creavit,
964 3255 1013 3317 vel
1034 3255 1202 3319 hominum
1259 3254 1427 3335 redempti,
1450 3253 1572 3316 Patrem
1590 3261 1745 3317 aeternum
1765 3272 1822 3317 seu
1839 3261 1939 3316 totam
1958 3273 2004 3314 su·

452 3370 547 3413 causa
576 3352 617 3413 sit
646 3360 802 3432 quantum
831 3353 869 3414 ad
899 3372 969 3414 esse
997 3372 1120 3428 eorum,
1147 3355 1203 3417 sed
1258 3350 1533 3432 perbeatissimam
1549 3352 1736 3414 Trinitatem
1752 3351 1883 3414 laudent
1902 3360 1935 3414 et
1952 3353 2002 3414 ho

452 3457 608 3530 quantum
634 3449 672 3510 ad
695 3451 885 3531 pravitatem
910 3451 1064 3532 ipsorum,
1082 3453 1203 3515 ratione
1258 3457 1372 3512 nerent
1386 3450 1419 3512 in
1435 3450 1583 3531 praesenti
1599 3450 1715 3513 saeculo
1730 3458 1762 3513 et
1776 3449 1894 3513 luturo.
1913 3449 2003 3512 Deni-

453 3546 546 3627 oujus
566 3545 703 3627 subjecti
727 3554 802 3608 sunt
823 3547 853 3609 ei
875 3555 907 3609 et
926 3547 1010 3629 capti
1032 3548 1072 3609 ab
1096 3568 1134 3611 eo
1158 3559 1201 3612 te·
1258 3565 1319 3627 que
1335 3546 1477 3610 Christus
1495 3548 1672 3610 secundum
1688 3548 1773 3630 quod
1789 3549 1883 3622 Deus,
1900 3547 2001 3628 diligit

453 3650 571 3705 nentur
586 3643 723 3705 vinculis
743 3643 904 3706 vitiorum.
922 3645 1002 3706 llinc
1022 3646 1061 3708 de
1077 3647 1202 3711 diabolo
1257 3645 1379 3708 Patrem
1394 3663 1499 3708 amore
1514 3645 1753 3727 superaestuanti
1768 3653 1864 3728 atque
1883 3645 2002 3727 simpli·
2085 3665 2086 3668 ¹

304 3773 345 3818 J„
357 3775 439 3825 „m
453 3741 610 3824 scriptum
625 3749 692 3816 est:
705 3742 775 3822 lpse
790 3749 838 3803 est
854 3761 907 3804 rex
924 3762 1021 3824 super
1036 3744 1202 3809 universos
1257 3742 1336 3805 citer
1352 3743 1400 3805 inl
1402 3743 1499 3822 inito;
1516 3744 1692 3806 secundum
1714 3751 1859 3805 naturam
1875 3761 2001 3825 quoque

453 3839 539 3902 lilios
569 3839 736 3921 superbiae.
764 3840 802 3901 Et
829 3841 868 3903 de
894 3842 972 3924 ipsis
1001 3843 1201 3906 daemonibus
1257 3841 1440 3915 humanam,
1457 3841 1560 3922 diligit
1579 3860 1653 3904 eum
1675 3840 1884 3904 ineffabiliter
1908 3841 2001 3903 nimis

312 3959 397 4016 epau.
408 3973 437 4010 ιι,
452 3939 566 4002 scribit
580 3938 749 4022 Apostolus
767 3957 774 4001 ε
791 3939 858 4003 Νοιι
876 3948 924 4002 est
945 3941 1037 4004 nobis
1053 3942 1202 4005 collucta·
1257 3959 1322 4021 prce
1338 3940 1495 4002 universis
1510 3948 1542 4001 et
1555 3940 1700 4022 singulis.
1713 3944 1756 4003 hv
1772 3943 1856 4002 sicet
1872 3945 2002 4002 mundu-

304 4025 337 4067 lt.

452 4039 496 4101 tio
510 4039 663 4102 adversus
678 4057 805 4100 carnem
823 4046 854 4100 et
868 4039 1069 4121 sanguinem,
1080 4042 1134 4103 sed
1150 4043 1201 4104 ad·
1258 4047 1326 4097 tum
1337 4040 1427 4098 dedit
1439 4039 1522 4097 mibi
1532 4039 1706 4099 secundum
1718 4038 1804 4120 quod
1816 4039 1909 4101 homo
1922 4058 2000 4110 sum,

449 4157 562 4201 versus
583 4137 745 4220 principes
761 4145 794 4199 et
808 4144 990 4220 potestates,
1008 4147 1116 4203 contra
1135 4141 1199 4221 spi·
1216 4143 1239 4204 [l
1255 4138 1359 4197 Pater
1373 4143 1509 4198 aternus
1525 4134 1575 4198 vel
1591 4134 1727 4197 Trinitas
1744 4136 1837 4208 Deus,
1849 4138 1896 4196 sic
1904 4139 2000 4213 facio,

449 4237 578 4300 ritualia
610 4236 761 4318 nequitiae
793 4236 826 4298 in
860 4236 1056 4312 coelestibus,
1090 4247 1199 4302 contra
1256 4232 1330 4294 etei
1348 4234 1379 4294 ln
1397 4234 1520 4296 cunetis
1540 4232 1663 4296 obedio.
1684 4233 1836 4316 Praecepit
1854 4234 2000 4317 equidem

449 4336 561 4399 mundi
582 4342 719 4398 rectores
740 4335 943 4398 tenebrarum
964 4337 1088 4399 harum.
1106 4338 1199 4400 Nem·
1255 4333 1338 4394 Deus
1353 4332 1477 4396 Christo
1491 4332 1625 4407 homini,
1640 4333 1794 4395 utomnia
1806 4333 1860 4395 illa
1873 4332 1998 4407 laceret,

448 4454 499 4517 pe,
516 4441 552 4496 ut
572 4433 774 4496 beatissimus
798 4435 906 4496 Petrus
928 4443 1071 4510 testatur,
1095 4457 1114 4499 a
1133 4455 1198 4519 quo
1254 4431 1440 4512 praedicaret
1453 4450 1490 4493 ao
1505 4439 1752 4507 consummaret,
1762 4451 1819 4514 per
1833 4450 1904 4514 quaa
1920 4433 1999 4494 Deus

329 4557 335 4570 ·
447 4535 521 4616 quis
545 4541 712 4615 superatus
736 4540 795 4607 est,
820 4533 918 4614 hujus
943 4542 974 4596 et
997 4554 1108 4598 servus
1137 4544 1194 4598 est.
1252 4529 1292 4591 ab
1317 4538 1434 4593 aetorno
1458 4531 1598 4592 decrevit
1620 4549 1721 4611 genus
1746 4531 1868 4594 salvare
1891 4531 1998 4593 huma-

447 4633 551 4706 Quum
574 4649 648 4712 ergo
668 4631 770 4712 iniqui
790 4650 809 4693 a
832 4631 958 4694 diabolo
976 4633 1053 4696 victi
1077 4634 1141 4696 sint
1164 4643 1197 4696 et
1252 4647 1340 4690 num.
1359 4627 1415 4692 Cui
1431 4636 1590 4711 praecepto
1605 4629 1749 4692 Christus
1768 4636 1804 4691 ut
1822 4630 1918 4693 bomo
1934 4631 1995 4712 ple·

448 4731 525 4794 victi
554 4736 771 4812 permaneant,
802 4730 873 4811 ejus
902 4731 986 4793 servi
1013 4740 1193 4795 censentur.
1252 4727 1383 4790 nissime
1407 4736 1502 4809 atque
1524 4729 1763 4810 promptissime
1784 4728 1937 4805 obedivit,
1956 4728 2060 4803 larvan

446 4830 541 4892 Venit
561 4847 636 4911 ergo
655 4828 801 4892 diabolus
820 4831 948 4911 quando
967 4830 1109 4893 Christus
1129 4831 1196 4895 haec
1251 4834 1321 4890 ctus
1336 4827 1488 4890 obediens
1504 4829 1656 4909 usquead
1672 4821 2023 4905 mortem,seeundum⁸·

447 4927 582 5013 protulit
597 4945 604 4989 :
619 4927 687 5008 jam
706 4927 793 4990 enim
813 4927 1018 5009 instigaverat
1033 4929 1145 4991 ludam
1161 4937 1197 4991 ut
1251 4926 1448 5010 Apostolum.
1464 4926 1544 4989 Hinc
1559 4927 1687 4989 divinus
1703 4927 1872 5011 Dionysius
1887 4947 1992 5011 opera·

446 5028 586 5091 traderet
600 5027 772 5100 Christum,
789 5032 820 5088 et
833 5025 958 5090 Judaeos
974 5034 1008 5088 ut
1026 5046 1099 5090 eum
1114 5028 1197 5091 occi·
1250 5027 1371 5090 tionem
1398 5025 1513 5088 Christi
1542 5025 1683 5108 appellat
1706 5027 1937 5104 thearrdrioam‚
1963 5028 1992 5091 id

446 5129 567 5192 dorent.
584 5127 678 5189 Venit
695 5143 823 5208 quoque
842 5127 893 5206 (ut
914 5125 998 5207 reor)
1013 5127 1052 5189 ad
1073 5135 1195 5190 tentan-
1251 5133 1299 5189 est
1313 5125 1504 5198 deivirilem,
1520 5126 1673 5206 quoniam
1693 5126 1851 5210 quidquid
1868 5127 1946 5191 tecit
1960 5135 1991 5190 ut

446 5229 524 5292 dum
538 5227 646 5292 lesum
664 5246 705 5290 an
724 5233 808 5289 esset
826 5225 969 5290 Christus
988 5233 1020 5288 et
1033 5245 1073 5290 an
1088 5236 1197 5312 posset
1250 5227 1434 5303 homo,leait
1445 5226 1534 5310 quasi
1546 5227 1727 5292 llivinitatis
1739 5228 1990 5292 instrumentum.
