4214 6254
452 479 538 548 ffd'
671 498 821 550 nomios
842 499 863 544 u
884 498 958 546 rosr
978 495 1171 545 mrurrrrmr.
1193 515 1234 527 -
1253 498 1297 544 so
1316 497 1511 562 netrcrosos3
1534 497 1632 546 sanim
1653 498 1781 556 colurus

450 670 601 736 thomatis
619 670 726 754 hujus.
743 671 779 734 ln
798 669 915 753 quihus
934 668 1043 733 odium
1065 667 1198 732 homici·
1213 667 1238 732 Α
1252 668 1393 752 concipit
1407 668 1492 732 circa
1506 669 1656 734 eumllos
1671 689 1808 753 namque
1823 668 1876 753 qni
1891 689 1978 753 quen·

451 771 505 834 dio
519 779 692 853 comparat,
709 778 741 833 et
759 769 919 833 odientem
936 767 1128 832 homicidam
1144 787 1198 849 ap·
1251 788 1349 850 quam
1365 768 1554 832 contristant
1570 769 1722 832 incitatur
1737 769 1838 845 odire,
1855 769 1887 832 in
1900 789 1979 853 quan·

452 870 566 954 pellat3
582 888 657 932 eum
676 887 804 952 quoqne
823 868 957 951 quinon
978 865 1083 948 diligit
1097 867 1197 929 Deum
1251 874 1321 930 tum
1336 867 1397 930 sub
1413 867 1534 931 ratione
1550 868 1626 931 mali
1644 876 1676 931 et
1694 867 1843 931 afflictivi
1862 869 1979 952 concipit

450 988 488 1031 ac
502 969 698 1051 proximum,
713 967 827 1030 asserit
845 967 878 1029 in
897 971 1008 1040 morte,
1025 965 1085 1027 hoc
1100 973 1148 1028 est
1166 967 1197 1028 in
1252 983 1316 1029 eos.
1334 966 1437 1040 Quum
1452 985 1528 1047 ergo
1548 967 1669 1030 invidio
1688 967 1730 1030 sit
1744 967 1784 1030 de
1804 966 1887 1030 bono
1901 967 1981 1031 alicu-

452 1067 577 1130 mortali
600 1074 741 1149 peccato,
759 1084 898 1128 manere.
1250 1065 1304 1146 jus
1329 1065 1467 1139 tristitia,
1494 1073 1616 1128 constat
1639 1065 1723 1148 quod
1748 1064 1860 1129 odium
1883 1065 1980 1128 directe

491 1166 643 1240 Quocirca
657 1165 757 1248 quaeri
777 1171 891 1248 potest,
911 1183 951 1226 an
970 1163 1080 1226 odium
1095 1163 1199 1246 proxi·
1252 1184 1291 1227 ex
1314 1164 1436 1226 invidia
1459 1163 1588 1226 oriatur.
1607 1165 1686 1226 lline
1711 1163 1883 1227 innotescit
1903 1183 1979 1246 quam

451 1265 496 1328 mi
515 1265 556 1327 sit
577 1264 706 1346 gravius
725 1271 893 1346 peceatum
914 1282 1009 1345 quam
1031 1261 1199 1326 homicidi·
1252 1261 1495 1344 diligentissime
1510 1262 1611 1326 vitare
1625 1263 1797 1326 debeamus
1812 1281 1854 1326 ne
1867 1263 1981 1346 aliquem

451 1383 518 1437 um,
531 1364 582 1426 vel
598 1363 711 1425 saltem
726 1371 791 1426 tam
806 1381 901 1445 grave
916 1368 951 1424 ut
966 1361 1054 1423 illud.
1066 1361 1198 1422 Videtur
1252 1361 1477 1424 contristemus
1501 1361 1691 1437 inordinate,
1718 1370 1773 1424 aut
1800 1359 1980 1435 irrideamus,

452 1462 536 1525 enim
557 1461 641 1544 quod
662 1461 735 1526 imo.
752 1463 832 1525 Nam
852 1461 1009 1543 optimum
1026 1459 1198 1542 opponitur
1252 1479 1309 1522 seu
1325 1459 1466 1522 indebite
1481 1459 1677 1540 affligamus,
1693 1479 1734 1523 ne
1754 1461 1784 1524 ei
1805 1468 1871 1522 tam
1890 1467 1983 1522 morta-

452 1559 603 1643 pessimo,
615 1560 884 1642 quemadmodum
901 1559 1021 1621 malum
1036 1557 1199 1621 bonoUn-
1253 1558 1292 1620 lis
1316 1557 1562 1640 gravissimique
1591 1558 1725 1640 peccati,
1751 1557 1901 1622 videlicet
1921 1560 1982 1632 odii,

451 1659 778 1741 de‚qnemadmodum
794 1657 908 1720 caritas
923 1655 1143 1732 Dei,ahsolute
1159 1655 1199 1716 lo
1253 1657 1354 1720 simus
1369 1657 1503 1720 occasio.
1522 1657 1560 1720 Et
1578 1657 1654 1740 quia
1673 1657 1797 1720 invidia
1811 1677 1852 1720 ex
1873 1657 1916 1720 ira
1928 1677 1984 1720 rau-

451 1757 589 1838 quendo,
607 1764 655 1820 est
672 1757 816 1820 omnium
832 1755 985 1820 virtutum
1000 1753 1196 1836 dignissima,
1253 1763 1351 1830 satur,
1369 1755 1415 1817 ira
1436 1762 1542 1817 autem
1563 1775 1602 1818 ex
1623 1755 1872 1838 parvipensione
1890 1763 1937 1840 aut
1950 1756 1984 1818 in-

450 1861 483 1916 et
498 1854 605 1917 odium
625 1855 693 1929 Dei,
709 1855 854 1917 omnium
874 1854 1134 1916 enormissimum
1154 1853 1198 1914 vi·
1216 1854 1337 1935 Bjnria
1359 1853 1455 1916 alicui
1479 1853 1627 1934 irrogata,
1643 1853 1740 1916 etiam
1761 1853 1864 1916 vitare
1882 1861 1985 1936 oportet

450 1953 587 2032 tiorum;
604 1952 646 2015 ita
660 1960 801 2035 apparet,
813 1953 898 2035 quod
913 1953 997 2014 sicut
1011 1952 1124 2014 caritas
1139 1951 1199 2013 fra·
1253 1969 1310 2014 nos
1327 1970 1367 2012 ne
1384 1951 1570 2033 quempiam
1591 1951 1789 2014 concitemus
1808 1951 1848 2014 ad
1870 1951 1942 2014 iram
1954 1953 1984 2014 ir-

451 2060 541 2115 terna
560 2059 608 2114 est
627 2060 815 2114 cunctarum
831 2070 903 2132 quar
919 2051 1003 2114 eirca
1017 2049 1198 2133 proximum
1253 2050 1382 2122 risione,
1400 2049 1539 2122 lesione,
1556 2049 1656 2112 verbo
1675 2056 1730 2111 aut
1750 2049 1854 2130 signo,
1870 2057 1921 2112 ont
1937 2050 1986 2112 alio

450 2158 617 2214 versantur
641 2149 795 2212 virtutum
823 2149 987 2225 altissima,
1013 2149 1060 2212 sic
1088 2149 1198 2212 odium
1253 2150 1358 2222 modo,
1375 2168 1416 2210 ne
1433 2147 1584 2230 poculum
1601 2149 1713 2210 mortis
1733 2148 1890 2230 proximis
1905 2149 1986 2230 porri-

451 2249 670 2330 proximorum
687 2248 728 2310 sit
742 2249 965 2310 universorum
983 2249 1015 2309 in
1036 2247 1198 2331 proximos
1253 2267 1375 2330 gamus,
1393 2247 1511 2329 quibus
1532 2247 1605 2310 vitae
1625 2247 1773 2328 exempla
1792 2246 1940 2310 exhihere
1953 2255 1985 2308 te·

450 2355 656 2429 peccatorum
671 2346 897 2427 gravissimum
915 2363 921 2407 :
939 2346 1048 2427 sicque
1068 2345 1200 2408 homioi-
1253 2366 1376 2410 nemur.
1404 2347 1534 2427 Propter
1558 2346 1643 2427 quod
1673 2345 1769 2409 Solon
1795 2345 1987 2428 philosophus

451 2445 505 2507 dio
519 2444 648 2526 gravius
664 2444 733 2506 erit.
751 2445 828 2518 lmo,
845 2463 945 2526 quum
966 2443 1078 2506 caritas
1095 2443 1151 2506 llei
1168 2450 1199 2505 et
1253 2445 1333 2507 dixit
1349 2462 1356 2506 :
1373 2445 1442 2508 Non
1458 2444 1602 2507 derideas
1622 2444 1775 2526 aliquem,
1793 2445 1942 2526 quoniam
1958 2463 1987 2504 er

452 2543 670 2626 proximorum
686 2541 869 2614 habitualis,
886 2541 928 2603 sit
947 2541 1074 2603 realiter
1093 2561 1155 2603 una
1168 2549 1199 2603 et
1252 2543 1412 2606 derisione
1435 2542 1579 2624 procedit
1601 2540 1731 2603 invidia.
1749 2541 1917 2624 Quumque
1937 2561 1987 2604 me-

450 2641 563 2705 cedem
580 2641 691 2716 virtus,
704 2641 794 2723 sequi
810 2641 936 2703 videtur
950 2640 1035 2722 quod
1051 2649 1122 2722 post
1135 2641 1199 2702 odi·
1253 2640 1422 2704 lancholici
1437 2641 1500 2702 sint
1514 2640 1553 2703 ad
1569 2639 1730 2702 tristitiam
1745 2647 1842 2722 atque
1856 2640 1989 2702 invidiam

451 2760 506 2804 um
522 2741 589 2815 Ilei,
606 2740 867 2803 enormissimum
888 2739 1009 2801 crimen
1029 2739 1070 2801 sit
1089 2740 1198 2801 odium
1252 2739 1439 2801 naturaliter
1455 2738 1750 2820 proni,specialiter
1765 2745 1815 2800 est
1829 2739 1989 2801 cavendum

451 2839 599 2922 proximi.
630 2838 677 2901 Ad
706 2838 767 2901 hoc
796 2838 826 2900 S.
853 2837 987 2901 Thomas
1016 2837 1197 2919 respondet,
1254 2857 1294 2900 ne
1313 2839 1386 2920 quis
1408 2837 1472 2900 odii
1493 2837 1561 2899 sive
1582 2836 1711 2899 invidiae
1731 2837 1931 2900 occasionem
1948 2843 1990 2898 aut

451 2938 536 3021 quod
551 2944 680 3019 peccata
695 2936 728 2998 in
745 2936 982 3018 proximum‚ex
997 2935 1122 2998 duobus
1139 2955 1201 2998 ma·
1254 2935 1497 2998 incitamentum
1527 2935 1573 2997 eis
1600 2933 1763 2997 ministret
1789 2953 1796 2996 :
1822 2935 1939 3016 alioqui
1960 2934 1990 2996 de

451 3036 552 3099 litiam
568 3042 600 3098 et
613 3035 800 3116 gravitatem
816 3034 1015 3117 suscipiunt:
1032 3035 1148 3116 primo,
1160 3055 1199 3098 ex
1216 3036 1237 3099 C
1255 3033 1380 3096 mortali
1396 3033 1507 3095 timeat
1525 3033 1631 3115 culpa,
1648 3033 1724 3115 quia
1744 3033 1879 3097 omnino
1894 3032 1991 3095 caritas

450 3135 629 3198 inordinata
652 3134 815 3198 voluntate
840 3133 1002 3215 peccantis
1015 3151 1023 3213 ;
1047 3135 1198 3206 secundo,
1255 3134 1286 3195 id
1308 3133 1451 3214 requirit.

449 3254 488 3297 ex
504 3233 592 3296 illato
608 3232 762 3315 proximis
778 3240 977 3295 nocumento.
988 3233 1090 3295 Primo
1107 3233 1200 3295 modo
1294 3232 1438 3312 Insuper,
1451 3230 1533 3292 sicut
1548 3230 1601 3293 hic
1616 3230 1660 3293 ait
1674 3230 1858 3313 Apostolus,
1871 3253 1888 3290 n
1899 3229 1991 3292 Omnis
2002 3251 2051 3292 um

450 3334 559 3397 odium
585 3331 759 3395 homicidio
783 3339 815 3393 et
842 3331 930 3395 omni
956 3331 989 3393 in
1017 3331 1200 3413 proximum
1255 3330 1309 3412 qui
1326 3329 1535 3392 oditiratrcm
1551 3347 1644 3390 suum
1657 3329 1723 3402 »,id
1736 3335 1785 3390 est
1799 3329 1938 3410 aliquem
1951 3318 2023 3388 hoff·

452 3438 583 3514 peccato
603 3438 651 3492 cst
669 3430 807 3510 gravius
825 3429 901 3509 quia
919 3448 976 3511 per
997 3429 1103 3512 ipsum
1124 3449 1201 3512 prae-
1256 3429 1376 3490 minem
1393 3425 1558 3499 viatorem,
1574 3425 1764 3489 «homicida
1779 3433 1871 3502 est»,
1884 3425 1991 3488 seilicet

452 3531 547 3612 cipue
568 3529 600 3590 in
619 3548 652 3591 se
668 3529 738 3610 ipsa
752 3527 956 3589 deordinatnr
971 3528 1127 3591 voluntas.
1148 3529 1199 3591 Se·
1255 3544 1351 3608 opere
1367 3525 1417 3587 vel
1438 3524 1568 3599 ellectu,
1586 3533 1641 3586 aut
1660 3525 1878 3588 similitudine
1894 3524 1991 3606 culpa,

453 3628 559 3691 cundo
574 3628 668 3689 modo
682 3625 893 3688 homicidium
909 3632 957 3686 est
971 3625 1098 3706 gravius
1114 3626 1198 3702 odio,
1255 3627 1334 3689 Nam
1362 3632 1394 3685 et
1417 3623 1529 3686 odiens
1555 3642 1749 3706 quemquam
1775 3629 1831 3685 aut
1862 3623 1993 3686 invidens

452 3725 529 3808 quia
544 3733 638 3787 nocet
652 3724 725 3806 plus
741 3722 896 3805 proximo.
907 3722 1009 3796 Ouum
1025 3742 1100 3804 ergo
1115 3731 1201 3786 tanta
1255 3724 1296 3796 ei,
1314 3724 1346 3784 in
1361 3723 1475 3805 primis
1490 3741 1524 3784 se
1540 3723 1647 3804 ipsum
1663 3721 1877 3804 spiritualiter
1891 3728 1992 3784 necat:

452 3825 495 3887 sit
518 3823 690 3887 enormitas
719 3823 795 3897 odii,
822 3822 1078 3885 inenarrabiliter
1101 3824 1201 3887 vitan·
1257 3822 1327 3884 ideo
1342 3821 1402 3883 sibi
1420 3821 1482 3902 ipsi
1497 3820 1685 3901 gravissime
1701 3828 1804 3884 nocet.
1819 3820 1994 3902 Specialiter

453 3924 531 3984 dum
550 3930 599 3985 est
617 3922 704 3985 omni
725 3921 914 3996 Christiano,
932 3921 1135 4003 potissimum
1153 3941 1200 3984 re·
1255 3938 1331 3982 vero
1353 3919 1461 3983 odium
1485 3925 1517 3981 et
1543 3917 1663 3980 invidia
1684 3919 1781 3980 etiam
1807 3919 1841 3980 in
1864 3918 1921 3981 hac
1941 3917 1994 3978 vita

453 4020 577 4102 ligioso‚
595 4021 687 4101 cujus
706 4027 788 4084 totns
810 4026 952 4094 conatus,
969 4027 1034 4082 tota
1054 4020 1199 4095 intentio,
1256 4026 1331 4080 sunt
1353 4016 1527 4079 miserrimi
1550 4016 1690 4079 hominis
1711 4017 1903 4098 gravissime
1925 4013 1994 4078 aflli-

453 4119 603 4182 universa
618 4119 793 4202 diligentia,
810 4138 880 4182 esse
900 4118 995 4182 dehet
1013 4126 1049 4180 ut
1069 4119 1100 4181 in
1122 4119 1201 4181 cari·
1255 4117 1349 4189 otim,
1367 4115 1591 4197 corrosivaque
1611 4115 1726 4188 cordis,
1749 4122 1780 4176 et
1800 4115 1875 4178 vitae
1897 4113 1993 4176 abbre-

451 4226 515 4281 tate
531 4218 585 4281 [lei
602 4226 633 4281 et
653 4218 871 4301 proximorum
885 4218 1004 4299 jugiter
1020 4225 1151 4292 crescat,
1169 4225 1200 4280 et
1216 4220 1240 4284 l)
1255 4215 1383 4288 viativa,
1410 4214 1578 4277 Salomone
1603 4214 1753 4296 loquente
1778 4231 1784 4275 :
1810 4214 1900 4277 Sicut
1920 4213 1993 4274 tinea
2009 4231 2069 4270 rur

451 4318 670 4381 indesinenter
690 4317 847 4400 proficiat.
1256 4314 1457 4387 vestimento
1475 4313 1519 4374 ita
1542 4312 1674 4374 tristitia
1698 4321 1792 4376 nocet
1816 4312 1915 4375 cordi.
1932 4295 2026 4374 Ideoel

492 4418 596 4492 Porro,
614 4417 732 4480 Thomu
747 4423 895 4488 testante,
908 4414 1017 4478 odium
1033 4414 1153 4476 directe
1169 4421 1201 4475 et
1256 4411 1384 4475 invidus
1405 4411 1472 4473 sive
1491 4411 1603 4473 odiens
1624 4409 1834 4474 stultissimus
1861 4425 1993 4491 compm·

451 4515 628 4578 formaliter
651 4534 690 4577 ex
713 4515 834 4576 invidia
858 4533 914 4576 seu
937 4513 1066 4575 tristitia
1087 4512 1198 4585 oritur,
1256 4510 1359 4584 hatur,
1377 4509 1528 4593 quoniam
1552 4509 1715 4592 propriam
1737 4509 1880 4572 animam
1900 4509 1941 4570 ita
1957 4506 1994 4568 di·

451 4613 600 4696 quamvis
614 4612 801 4694 dispositive
816 4619 963 4674 nascatur
978 4630 1015 4673 ex
1032 4611 1088 4672 ira.
1098 4609 1201 4692 Siqni-
1256 4609 1363 4683 laniat,
1382 4608 1520 4670 corrodit
1534 4625 1571 4669 ac
1585 4616 1722 4690 torquet,
1740 4607 1828 4670 Unde
1843 4607 1911 4670 haec
1929 4604 1994 4668 vitia

453 4712 635 4774 demomne
650 4709 768 4773 animal
790 4709 874 4772 sicut
892 4709 1078 4771 naturaliter
1095 4707 1201 4789 diligit
1257 4707 1417 4789 praecipue
1446 4713 1553 4768 essent
1582 4706 1733 4780 cavenda,
1764 4706 1915 4787 quamvis
1942 4720 1994 4765 non

453 4810 709 4884 delectationem,
727 4809 769 4871 ita
789 4816 821 4870 et
841 4807 1025 4870 naturaliter
1045 4807 1127 4890 fugit
1146 4807 1200 4869 tri·
1256 4813 1362 4868 essent
1379 4813 1449 4888 post
1462 4805 1562 4867 vitam
1578 4804 1659 4866 hanc
1676 4801 1995 4886 puniendaouemad·

453 4909 572 4973 stitiam
590 4907 861 4980 inordinatam,ut
876 4906 1000 4968 decimo
1016 4906 1201 4968 Ethicorum
1257 4905 1387 4967 modum
1412 4911 1517 4966 autem
1539 4901 1762 4965 melancholici
1783 4920 1848 4966 non
1873 4897 1994 4964 suntad

455 5007 599 5072 habetur.
617 5007 690 5068 ldeo
712 5006 795 5068 sicut
817 5025 854 5067 ex
876 5005 1083 5068 delectatione
1104 5023 1200 5087 quam
1256 5003 1365 5066 odium
1385 5011 1441 5065 aut
1460 5000 1613 5064 invidiam
1639 4999 1805 5074 incitandi,
1823 4999 1870 5062 sic
1894 5008 1926 5062 et
1944 4994 1994 5079 ipsi

454 5126 538 5169 unus
557 5105 597 5169 ab
616 5105 679 5169 alio
700 5112 732 5167 et
754 5105 786 5166 in
807 5104 869 5166 alio
889 5104 994 5178 habet,
1011 5103 1113 5166 oritur
1132 5104 1201 5186 qui·
1257 5120 1369 5165 cavere
1385 5100 1503 5165 dehent
1517 5119 1555 5163 ea
1569 5119 1640 5182 quae
1659 5099 1797 5162 aliorum
1820 5107 1897 5162 sunt
1910 5096 1996 5160 offen·

455 5207 527 5269 dam
543 5221 632 5267 amor
646 5205 685 5266 ad
706 5203 830 5286 ipsum;
847 5203 890 5266 ita
908 5222 946 5265 ex
962 5202 1091 5264 tristitia
1106 5221 1202 5284 quam
1258 5201 1376 5276 siva‚et
1391 5199 1554 5282 passiones
1569 5197 1640 5260 illas
1654 5197 1861 5278 gravissimas
1875 5195 1915 5259 ad
1930 5211 1995 5277 quas

454 5304 495 5367 ab
525 5304 587 5367 alio
615 5302 687 5386 quis
717 5301 851 5365 incurrit
876 5320 913 5364 ac
937 5301 1068 5385 patitur,
1093 5300 1203 5364 odium
1259 5318 1298 5361 ex
1319 5318 1384 5362 suae
1405 5297 1637 5380 complexionis
1657 5297 1780 5359 malitia
1801 5303 1875 5358 sunt
1897 5289 1997 5376 procli·
