4164 6258
352 535 500 584 botllhlcn
521 537 564 582 vll
585 537 658 584 eost
678 535 872 583 rnilitum.
894 553 933 564 -
954 537 997 582 ΑΙ)
1016 535 1211 601 pectorosos;
1234 539 1333 586 Sfflo
1353 539 1481 597 QUINTUS
1630 523 1691 586 285

180 707 241 770 Nec
262 709 405 792 corporis
427 709 571 773 membra
589 709 764 782 dumtaxat,
781 709 836 770 sed
856 706 1095 789 ethmus311ei
1110 728 1186 774 vero
1201 711 1690 793 praeceptuconsilia,documen·

145 805 305 870 interiores
334 808 449 872 animm
474 808 558 871 vires
587 809 652 872 lleo
681 807 886 890 potissimum
941 815 983 882 ta,
1005 806 1175 882 beuelicia,
1194 809 1323 893 propria
1347 827 1475 892 quoque
1499 817 1639 893 peccata,
1657 816 1689 871 et

143 923 222 967 nunc
246 903 432 969 subdamus.
450 907 488 968 Et
508 905 681 970 voluntatis
706 904 885 968 libertatem
940 924 1011 988 quae
1031 923 1089 968 nos
1109 905 1192 968 scire
1211 914 1337 990 oportet
1357 914 1411 970 aut
1431 907 1571 990 expedit,
1587 907 1690 970 iuclu-

143 1021 200 1085 qua
214 1003 308 1066 toties
323 1013 433 1068 contra
448 1004 503 1067 Dei
519 1010 678 1087 precepta
697 1003 886 1086 pravissime
939 1004 1052 1067 damus
1074 1003 1189 1067 eidem.
1207 1004 1323 1088 Sicque
1344 1013 1445 1068 totum
1468 1006 1553 1089 quod
1575 1025 1687 1069 sumus

143 1117 247 1161 sumus
263 1099 367 1174 abusi,
384 1120 470 1164 nunc
486 1101 546 1164 sub
566 1101 748 1164 obedientia
765 1107 883 1176 sancta,
940 1103 1008 1165 sive
1023 1102 1190 1178 habemus,
1202 1103 1235 1165 in
1251 1103 1407 1167 Creatoris
1422 1103 1544 1168 cultum
1561 1105 1687 1168 honori-

142 1195 197 1257 sub
219 1199 357 1278 regulari
381 1199 582 1263 observantia
604 1207 820 1279 coarctemus3
837 1218 883 1261 ra·
938 1200 1167 1284 licentiamque
1183 1207 1355 1276 vertamus,
1367 1209 1399 1264 et
1413 1221 1487 1266 cum
1502 1202 1687 1266 beatissima

142 1294 255 1358 tionem
285 1315 342 1360 seu
373 1297 571 1361 intellectum
597 1298 630 1360 in
655 1297 827 1380 scripturis
852 1305 884 1360 et
937 1297 1034 1360 llaria
1052 1298 1234 1380 Magdalene
1250 1305 1296 1362 tot
1314 1300 1353 1362 de
1372 1299 1464 1363 uobis
1485 1301 1686 1364 inveniamus
1707 1323 1834 1374 ruenni

142 1391 171 1453 in
200 1393 435 1474 pertinentibus
457 1396 496 1458 ad
525 1395 661 1458 salutem
684 1395 884 1458 solummodo
939 1404 970 1459 et
985 1397 1049 1460 Deo
1065 1397 1269 1460 immolemus
1283 1397 1467 1462 holocausta
1487 1407 1564 1481 quot
1580 1399 1611 1462 in
1631 1417 1686 1462 no·
1700 1391 1779 1442 Μ·

140 1507 342 1573 occupemus.
356 1493 443 1556 Vana
457 1500 488 1555 et
502 1492 627 1568 frivola,
644 1499 738 1576 atque
755 1493 885 1575 injuria·
938 1494 988 1556 bis
1004 1515 1101 1578 prava
1116 1495 1288 1558 habuimus
1302 1495 1542 1560 oblectamenta
1561 1499 1606 1560 Ad
1623 1498 1687 1560 luu-

142 1607 207 1650 rum
236 1591 488 1654 recordationem
513 1611 531 1654 a
556 1591 709 1654 memoria
738 1592 884 1654 excluda·
938 1593 1011 1656 dem
1032 1602 1063 1656 et
1083 1593 1217 1675 glorium
1239 1594 1483 1678 Omnipotentis.

671 2021 863 2108 SEllth
899 2021 1152 2123 QUINTUS

290 2289 330 2333 Dll
352 2287 481 2334 pluteus
503 2287 542 2334 AG
564 2287 697 2335 rrsclbns
719 2287 955 2344 semirutum,
976 2288 1084 2344 nutans
1105 2289 1176 2335 honr
1197 2289 1346 2336 nacturos!
1366 2292 1388 2336 A
1410 2291 1527 2338 bolino

676 2386 931 2433 lllsnltlcottbll'ltn
951 2386 1138 2433 rascnmun.

214 2668 411 2730 ISB'REOR
432 2683 530 2742 super
552 2667 696 2736 turbam,
714 2667 792 2745 quia
817 2685 884 2726 ecce
902 2665 926 2728 B
941 2665 1100 2740 mentalis,
1126 2666 1165 2728 de
1194 2683 1259 2748 quo
1287 2665 1401 2729 asserit
1428 2667 1593 2742 Dominus,
1618 2667 1685 2732 Nisi
1709 2690 1832 2745 raanan,

220 2765 297 2842 jam
314 2765 426 2825 taddeo
440 2765 603 2825 sustinent
617 2783 679 2833 me,
695 2765 885 2825 nectebant
940 2763 1207 2826 manducaveritis
1223 2783 1350 2826 carnem
1367 2764 1437 2826 Filii
1455 2765 1605 2842 hominis,
1621 2785 1686 2830 nou
1700 2758 1734 2800 ⁵⁴·

138 2865 222 2941 quaed
236 2864 444 2924 manducent.
460 2861 553 2924 llarc.
571 2879 636 2934 vrri,
653 2860 681 2924 2.
939 2860 1099 2924 habebitis
1122 2862 1221 2924 vitam
1246 2861 1278 2924 iu
1302 2861 1416 2942 vobis3
1442 2863 1533 2946 panis
1558 2882 1685 2946 quoque

177 2961 208 3022 Si
234 2959 389 3023 Dominus
418 2967 450 3022 et
473 2959 625 3034 Salvator,
650 2959 752 3023 turha
777 2959 884 3043 ipsum
940 2957 1031 3022 bone
1060 2959 1253 3041 operationis
1276 2961 1330 3040 (dc
1354 2977 1418 3043 quo
1447 2961 1523 3024 item
1553 2969 1686 3026 testatur

137 3077 194 3142 per
206 3067 271 3121 tres
285 3059 354 3122 dics
373 3057 530 3141 sequenti,
547 3057 768 3142 corporalique
788 3058 883 3134 lame,
940 3056 1092 3132 Salvator,
1108 3057 1195 3120 licus
1210 3056 1301 3120 cibus
1316 3066 1374 3132 est,
1393 3067 1427 3122 ut
1445 3057 1560 3123 luciam
1575 3061 1687 3124 volun·
1700 3084 1833 3138 resumat.

137 3157 188 3220 siti
208 3177 246 3221 ac
268 3157 456 3221 lassitudine
476 3156 642 3232 laboranti,
660 3159 809 3221 misertus
824 3165 883 3233 est,
939 3163 1036 3218 tatem
1051 3155 1151 3218 Patris
1170 3155 1234 3218 mei
1249 3157 1305 3239 qui
1326 3157 1414 3220 misit
1429 3175 1497 3238 me;
1513 3166 1545 3222 et
1564 3159 1603 3222 de
1623 3179 1687 3242 quo

136 3275 171 3318 ac
196 3255 354 3340 pabulum
378 3255 513 3320 contulit
537 3256 715 3340 copiosum,
733 3257 776 3320 ita
799 3256 884 3340 quod
939 3253 983 3316 ait
1007 3253 1188 3336 Apostolus,
1214 3253 1282 3316 Nou
1311 3255 1472 3318 auditores
1501 3255 1580 3338 legis
1608 3258 1686 3340 justi
1701 3277 1833 3327 namura.

135 3355 315 3436 plurimum
334 3353 546 3437 superfluxit;
562 3361 682 3437 quanto
697 3355 797 3436 magis
813 3355 886 3417 reli·
939 3359 1014 3414 suut
1033 3351 1118 3433 apud
1138 3352 1251 3426 Deum,
1268 3353 1324 3415 sed
1343 3353 1479 3417 lectores
1498 3354 1578 3437 legis
1596 3356 1688 3437 justi·

134 3453 232 3533 glosis
249 3455 356 3535 ipsum
372 3471 430 3535 per
444 3453 631 3515 uuiversum
647 3453 720 3516 vica
734 3473 800 3516 suae
814 3473 884 3536 spa·
939 3447 1125 3512 ficabuntur
1142 3467 1149 3512 :
1166 3450 1232 3514 imo
1247 3451 1361 3514 scienti
1376 3451 1498 3516 bouum
1514 3461 1545 3516 et
1563 3473 1626 3518 uon
1642 3455 1688 3519 la·
1715 3483 1791 3528 amn,
1805 3496 1833 3534 u,

136 3552 215 3614 tium
243 3552 358 3614 devote
384 3551 591 3626 sectantibus,
616 3551 671 3634 qui
697 3571 731 3614 se
755 3569 812 3633 per
832 3569 885 3614 vo
940 3549 1049 3624 cienti,
1074 3557 1240 3632 peccatum
1264 3557 1313 3612 est
1336 3549 1417 3631 illi);
1437 3559 1469 3614 et
1491 3553 1583 3636 panis
1607 3555 1687 3616 divi·
1704 3549 1735 3590 ¹⁷·

135 3657 166 3712 ta
184 3650 332 3714 solennia
353 3650 392 3712 ad
417 3649 641 3713 incessabilem
664 3649 790 3713 Domini
810 3651 885 3713 lesu
940 3667 989 3710 nae
1003 3646 1354 3710 conservationistnam
1369 3649 1604 3732 quantumlibet
1618 3652 1688 3734 quis

136 3747 253 3812 Christi
286 3747 496 3812 imitationem
524 3767 561 3810 ac
588 3748 664 3830 juge
693 3747 885 3830 obsequium
941 3746 1119 3829 Scripturas
1139 3745 1305 3827 intelligat,
1322 3746 1561 3811 Sacramentum
1581 3750 1688 3813 altaris

133 3846 386 3920 adstrinxerunt,
414 3844 619 3908 miserebitur
646 3845 801 3920 Christus,
831 3865 886 3910 cos
904 3845 925 3910 G
940 3843 1087 3925 accipiat,
1104 3852 1136 3905 et
1151 3851 1309 3926 praecepta
1322 3844 1506 3927 adimpleat,
1520 3853 1626 3909 umen
1643 3848 1689 3911 ni·

133 3944 351 4008 exuberanter
364 3944 499 4020 reliciat,
515 3944 743 4026 gratiosissime
763 3945 886 4008 couior-
941 3941 967 4004 si
984 3948 1221 4004 conservetura
1240 3942 1305 4005 lleo
1321 3941 1352 4004 in
1370 3942 1474 4018 bonis,
1492 3944 1690 4009 confortetur

134 4043 228 4118 tabit,
255 4042 397 4106 suaviter
420 4060 547 4126 quoque
572 4042 714 4126 potabitl
738 4043 776 4104 lit
804 4043 889 4104 sicut
941 4039 974 4100 in
999 4039 1239 4114 tentationibus,
1255 4047 1288 4102 et
1307 4049 1518 4122 preservatur
1540 4062 1558 4106 a
1583 4043 1687 4119 malis,

28 4175 40 4202 a
65 4175 118 4212 nn,
133 4141 265 4204 turbam
292 4141 380 4204 illam
407 4147 530 4224 septem
555 4138 692 4222 panibus
716 4157 752 4202 ao
776 4139 886 4222 paucis
941 4155 1005 4201 uon
1024 4145 1129 4220 potest
1149 4137 1274 4200 salvari.

14 4255 17 4272 ’
39 4255 44 4266 ·
133 4239 251 4304 reiecit
274 4239 449 4321 pisciculis,
466 4239 510 4301 ita
531 4245 561 4300 ct
580 4255 638 4300 uos
657 4238 790 4301 totidem
813 4237 886 4301 reli·
982 4236 1035 4298 Est
1051 4236 1147 4317 igitur
1164 4235 1288 4318 primus
1308 4238 1400 4319 panis
1420 4239 1607 4322 spiritualis,
1624 4262 1688 4326 quo

132 4338 195 4402 ciet
220 4336 369 4422 panibus.
941 4352 1027 4397 nuuc
1042 4352 1060 4395 a
1074 4334 1138 4397 llcc
1154 4333 1187 4395 in
1208 4332 1379 4396 solitudine
1400 4337 1563 4418 religionis
1582 4341 1688 4404 relici-

172 4439 234 4512 Oui
252 4454 328 4517 ergo
343 4443 419 4498 sunt
433 4443 555 4519 septem
572 4453 670 4517 panes
686 4434 718 4496 hi
739 4434 886 4518 spiritua·
941 4451 1023 4505 mur,
1036 4450 1148 4494 sensus
1163 4431 1309 4494 litteralis
1323 4451 1419 4497 sacrae
1435 4434 1615 4520 Scriptura.
1628 4439 1688 4514 Qui

132 4535 200 4598 lesi
218 4535 415 4618 Responderi
436 4541 553 4616 posset,
571 4533 656 4616 quod
676 4533 740 4596 sint
763 4541 884 4616 septem
940 4549 1052 4592 sensus
1069 4529 1229 4592 interdum
1244 4537 1292 4592 est
1310 4530 1503 4597 historialis:
1516 4543 1551 4598 ut
1566 4555 1602 4599 ea
1616 4557 1688 4620 qum

131 4635 217 4696 dona
240 4633 381 4716 Spiritus
403 4631 520 4706 Sancti,
538 4650 594 4694 seu
616 4631 802 4712 theologicae
822 4641 885 4694 tres
941 4629 972 4690 in
989 4627 1160 4707 Evangelio
1174 4627 1213 4690 de
1229 4627 1345 4692 Christi
1365 4629 1593 4709 incarnatione,
1610 4637 1689 4699 nati-

129 4733 282 4806 virtutes,
299 4739 331 4794 et
353 4739 490 4813 quatuor
511 4729 697 4793 cardinales.
717 4729 777 4792 Sed
800 4749 885 4792 nunc
940 4725 1048 4800 vitate,
1074 4726 1330 4803 circumcisione,
1360 4732 1569 4812 apparitione,
1596 4734 1689 4797 mira·

129 4831 184 4892 alii
211 4837 338 4913 septem
362 4828 544 4909 assignandi
568 4835 642 4890 sunt
672 4846 780 4909 panes.
807 4829 886 4890 Sunt
941 4825 1033 4899 culis,
1057 4825 1345 4907 persecutionibus,
1369 4829 1527 4909 passione,
1547 4851 1687 4896 resurre-

129 4929 222 4992 enim
246 4936 384 5011 quatuor
405 4946 517 4990 sensus
539 4944 596 4988 seu
618 4925 832 5008 expositiones
854 4935 885 4988 et
941 4923 1255 4997 ctionc,ascensi0ne
1270 4925 1427 5006 leguntur.
1445 4927 1483 4991 Et
1498 4933 1686 5011 prasertim,

129 5027 356 5108 intelligentia
378 5045 475 5089 sacrae
497 5023 678 5108 Scriptura.
697 5023 754 5097 Oui
777 5043 886 5107 quum·
900 5027 925 5089 ll
940 5029 1096 5105 quantum
1118 5023 1156 5084 ad
1180 5022 1278 5085 libros
1301 5024 1374 5086 novi
1394 5024 1599 5104 Testamenti,
1616 5051 1687 5094 sen-

127 5129 179 5190 vis
201 5125 347 5189 suaviter
363 5123 511 5186 reficiant
529 5123 682 5198 animam,
700 5139 761 5185 uon
778 5129 884 5185 tamen
940 5141 995 5183 sus
1024 5120 1169 5182 litteralis
1199 5121 1272 5183 libri
1296 5122 1433 5185 Actuum
1462 5125 1686 5208 Apostolorum

128 5227 158 5287 ei
185 5223 361 5287 sufiiciunt
382 5222 421 5285 ad
446 5221 592 5296 salutem,
610 5220 672 5282 uisi
695 5227 727 5283 et
747 5219 800 5282 ulii
821 5228 884 5283 tres
939 5226 988 5282 est
1009 5219 1191 5282 historicus.
1213 5220 1374 5283 interdum
1395 5241 1471 5286 vero
1490 5243 1602 5289 sensus
1627 5229 1685 5292 iste

127 5343 235 5410 panes
264 5323 431 5396 addantur,
457 5320 608 5384 videlicet
635 5337 642 5382 :
667 5319 760 5402 panis
783 5338 886 5383 sacra·
940 5316 1084 5380 litteralis
1099 5317 1333 5393 historicus,est
1350 5320 1381 5382 iu
1397 5339 1430 5383 se
1447 5321 1517 5404 ipso
1532 5324 1623 5388 valdo
1638 5347 1686 5392 su-
