4164 6258
388 510 536 558 munuca
557 511 588 558 rv
609 510 682 558 rosr
701 509 895 558 minirum.
915 528 955 539 -
975 507 1151 556 cummmo
1172 509 1203 556 m
1224 508 1419 557 svauosuruu
1618 487 1678 552 203

524 921 826 1010 ENARRATIO
859 921 913 1008 IN
947 919 1284 1008 uleouuloM

148 1193 259 1240 asrora
280 1190 511 1247 arsamoonuas,
533 1190 618 1238 srcur
638 1189 675 1236 ar
696 1189 794 1237 aaran
815 1187 930 1235 vasras
949 1187 1103 1236 omissus
1123 1186 1303 1234 arsamcoas
1322 1187 1386 1234 rsr.
1404 1170 1478 1234 Luc.
1496 1189 1538 1245 vr,
1555 1169 1658 1234 tota.

186 1470 367 1535 ALv’Avoo
388 1469 420 1531 iu
440 1467 606 1549 evaugelio
626 1468 780 1532 hodierno
796 1467 877 1530 mul·
891 1467 916 1532 Α
932 1475 1061 1550 propter
1075 1467 1217 1531 diversas
1231 1467 1435 1530 auctoritates
1450 1465 1632 1548 Scriptura,
1647 1466 1679 1528 in

201 1577 235 1632 ta
255 1568 348 1632 uobis
367 1567 516 1650 proponit
537 1566 668 1630 moralia
686 1565 877 1630 documenta
931 1583 1067 1647 quarum
1091 1565 1253 1648 aliquibus
1275 1565 1419 1646 judicare
1446 1563 1599 1645 jubemur
1622 1583 1678 1626 seu

128 1668 219 1731 valde
235 1666 384 1729 salubria.
398 1665 436 1728 Et
450 1665 555 1748 primo
569 1665 608 1726 ad
625 1665 876 1728 misericordiam
931 1663 1152 1738 admonemur,
1169 1671 1204 1724 ut
1219 1682 1318 1746 quum
1333 1663 1378 1725 ait
1393 1662 1535 1725 Salvator
1551 1679 1558 1723 ε
1575 1661 1678 1724 Nolite
1701 1678 1825 1726 raanan,

129 1785 184 1829 uos
209 1765 366 1838 hortatur,
387 1764 522 1826 dicendo
539 1781 545 1826 :
564 1765 673 1824 Estote
694 1764 876 1824 misericor-
932 1762 1108 1824 secundum
1125 1760 1240 1824 laciem
1254 1761 1409 1842 judicare,
1421 1761 1476 1823 sed
1490 1760 1613 1840 justum
1628 1759 1677 1840 ju·
1693 1745 1726 1784 ²⁴·

128 1868 193 1934 des,
209 1865 295 1924 sicut
315 1871 345 1922 ct
360 1865 464 1926 Pater
478 1870 582 1922 uester
596 1863 731 1920 coelestis
750 1861 876 1920 miseri·
932 1859 1053 1922 dicium
1074 1859 1225 1940 judicate.
1247 1859 1416 1941 Apostolus
1440 1876 1567 1941 quoquc
1591 1858 1678 1921 affir-

128 1983 197 2022 cors
223 1971 280 2022 est.
308 1959 523 2024 Misericordia
551 1959 679 2041 proprie
703 1959 805 2020 virtus
829 1967 877 2020 est
933 1965 1021 2020 mat:
1039 1957 1220 2039 Spiritualis
1239 1957 1336 2019 bomo
1353 1956 1827 2038 judicatomnia;et,1cor.n,is.

129 2079 189 2141 qua
204 2058 279 2142 quis
295 2057 432 2120 miseriis
447 2055 582 2120 aliorum
599 2057 780 2120 cordialiter
794 2075 878 2120 com·
932 2055 964 2118 si
987 2074 1044 2118 nos
1064 2056 1149 2138 ipsos
1167 2055 1395 2136 judicaremus,
1412 2072 1474 2119 non
1498 2055 1609 2136 utique
1630 2054 1678 2135 ju·
1693 2071 1826 2122 uranus.

129 2157 458 2242 patitur,realiterque
473 2155 632 2219 succurrit
646 2171 703 2237 pro
719 2155 878 2237 posseldi-
933 2153 1123 2216 dicaremur.
1148 2153 1200 2218 Sic
1224 2162 1256 2216 et
1278 2153 1423 2216 Michaeas
1447 2153 1490 2216 ait
1507 2171 1513 2214 :
1530 2152 1681 2215 Indicabo
1695 2168 1827 2216 ,vanua

130 2257 302 2320 sericordia
324 2255 430 2338 itaque
445 2255 510 2318 Deo
528 2271 591 2316 non
612 2254 765 2336 competit
782 2273 878 2336 quan·
933 2251 1005 2326 tibi,
1022 2251 1127 2324 bomo,
1144 2251 1221 2333 quid
1237 2251 1278 2313 sit
1292 2250 1424 2324 bonum,
1441 2259 1472 2313 et
1487 2250 1564 2332 quid
1579 2250 1682 2313 Domi-

129 2364 194 2418 tum
208 2356 249 2418 ad
265 2354 402 2436 primum
417 2352 638 2434 istorum,quia
652 2351 879 2433 compassionis
934 2369 994 2412 nus
1009 2349 1150 2432 requirat
1165 2368 1182 2411 a
1197 2356 1228 2412 te
1241 2367 1248 2413 :
1261 2349 1371 2432 utique
1392 2348 1495 2412 lacere
1508 2348 1679 2429 judicium,

129 2453 266 2516 allectus
282 2453 315 2515 in
331 2450 511 2515 Divinitatis
531 2448 712 2512 invariabili
733 2449 878 2531 impassi·
934 2456 965 2510 et
989 2447 1121 2530 diligere
1146 2448 1407 2510 misericordiam.
1427 2449 1529 2529 Atque
1552 2446 1681 2510 Psalmi-

130 2552 253 2634 bilique
269 2558 382 2613 natura
396 2567 460 2612 uon
476 2547 577 2627 cadit;
594 2566 652 2610 uec
668 2554 823 2630 quantum
839 2547 877 2610 ad
934 2553 981 2608 sta
997 2564 1004 2607 :
1020 2545 1163 2608 iudicato
1187 2563 1288 2626 egeno
1311 2552 1342 2607 et
1367 2544 1499 2627 pupillo.
1518 2544 1680 2619 Quomodo
1694 2561 1828 2608 ramma.

130 2650 189 2713 boc
204 2650 290 2712 Deus
305 2655 437 2712 vocatur
452 2645 645 2720 misericors,
657 2646 732 2727 quia
747 2652 782 2708 ut
795 2664 878 2708 asse·
894 2647 917 2708 B
933 2662 1008 2724 ergo
1029 2643 1172 2707 Christus
1191 2645 1236 2706 ait
1254 2651 1318 2706 tam
1340 2643 1496 2718 absolute,
1513 2643 1615 2707 Nolite
1631 2643 1682 2724 ju-

130 2749 170 2810 rit
195 2749 423 2819 Damascenus,
441 2743 622 2807 misericors
646 2743 764 2806 dicitur
787 2744 878 2826 quasi
933 2743 1062 2806 dicaret
1078 2742 1198 2816 Quibus
1214 2749 1320 2804 mmen
1336 2741 1443 2804 verbis
1461 2741 1630 2804 concordat
1647 2741 1681 2802 il-

129 2864 182 2910 cor
198 2845 354 2908 misarum
371 2843 502 2917 habens,
522 2842 674 2904 miserum
695 2841 818 2904 scilicet
834 2861 879 2905 ra·
935 2841 989 2902 lud
1013 2839 1154 2923 Apostoli
1182 2857 1189 2901 :
1215 2839 1260 2902 Tu
1290 2839 1368 2921 quid
1395 2839 1520 2920 judicas
1550 2839 1679 2902 fratrem
1709 2856 1827 2904 noman,

131 2947 215 3008 tione
247 2942 451 3027 poenalitatis,
476 2941 552 3024 quia
580 2941 758 3023 compassio
785 2959 879 3022 poena
934 2942 1047 3000 tuuml
1063 2939 1178 3002 Omnes
1200 2939 1286 3000 enim
1309 2937 1465 3000 stabimus
1488 2944 1562 3000 ante
1584 2937 1681 2999 tribu·
1697 2923 1728 2964 ¹⁰·

129 3043 274 3126 quodam
298 3049 357 3104 est.
374 3040 434 3103 Sed
455 3047 610 3121 quantum
631 3040 670 3102 ad
689 3040 877 3112 secundum,
935 3037 986 3098 nal
1002 3037 1139 3116 Christi3
1155 3044 1197 3109 et,
1215 3037 1438 3118 Unusquisque
1455 3053 1512 3117 pro
1534 3053 1567 3098 se
1588 3037 1681 3098 ratio·
1695 3044 1828 3092 thiotolt·

129 3139 350 3204 misericordia
382 3139 446 3201 Deo
480 3137 683 3218 potissimum
718 3137 877 3210 convenit,
935 3153 1007 3197 uem
1030 3134 1139 3197 reddet
1159 3135 1327 3196 Deoznon
1348 3151 1422 3215 ergo
1442 3133 1580 3216 amplius
1601 3134 1681 3197 invi-

129 3239 282 3322 quonism
298 3236 450 3300 omuibus
470 3235 687 3316 indigentibus
705 3243 737 3297 et
754 3234 880 3298 miseris
935 3251 1004 3294 cem
1025 3232 1217 3313 judicemus.

128 3339 167 3400 ad
188 3339 297 3420 ipsum
317 3333 530 3398 clamantibus
551 3333 695 3415 piissime
718 3332 878 3406 subvenit,
975 3330 1032 3392 Pro
1054 3329 1168 3392 horum
1189 3328 1413 3391 concordantia
1432 3337 1480 3391 est
1501 3328 1680 3404 sciendum,

131 3435 279 3517 ignoscit,
294 3433 429 3514 gratiam
451 3439 589 3514 prestat,
606 3430 689 3494 bona
703 3431 880 3512 corporalia
935 3429 1011 3509 quia
1030 3436 1065 3488 ut
1084 3427 1220 3490 Thomas
1240 3426 1363 3499 scribit,
1379 3427 1537 3508 judicium
1554 3427 1682 3508 proprie

8 3533 374 3617 ,vaeraaspiritualiaque
399 3531 532 3612 largitur
558 3549 565 3592 :
593 3531 658 3592 imo
682 3531 821 3611 ingratos
843 3549 879 3592 ac
935 3533 1111 3608 sumptum,
1137 3533 1185 3586 est
1208 3532 1297 3586 actus
1319 3525 1438 3605 judicis
1465 3524 1497 3586 in
1527 3533 1681 3606 quantum

1 3617 25 3655 ὦ·
129 3631 288 3714 pessimos
319 3647 403 3711 saepe
436 3627 685 3691 misericorditer
714 3628 878 3709 praevenit,
935 3631 982 3686 est
1003 3624 1112 3704 judex.
1137 3624 1236 3686 Judex
1262 3640 1338 3686 vero
1361 3623 1489 3697 dicitur,
1515 3623 1605 3706 quasi
1629 3623 1682 3703 jus

130 3729 242 3810 tangit,
260 3727 407 3800 illustrat,
429 3727 586 3790 convertit
609 3734 640 3788 et
664 3725 775 3798 salvat,
796 3745 880 3808 stupe
934 3723 1054 3786 dicens.
1072 3723 1193 3784 idcirco
1210 3722 1369 3803 judicium
1391 3730 1438 3784 est
1458 3723 1593 3805 prolatio
1612 3741 1681 3785 sen-

1 3845 115 3898 umque.
130 3837 194 3890 tarn
224 3827 372 3908 gratiose,
401 3825 486 3909 quod
516 3824 572 3887 ubi
600 3824 775 3888 abundavit
802 3825 879 3887 deli·
896 3823 918 3887 C
935 3821 1041 3884 tentiae
1061 3821 1238 3883 secundum
1259 3820 1401 3902 regulam
1417 3821 1508 3901 juris.
1527 3820 1614 3883 Unde
1631 3821 1681 3901 ju·

129 3936 232 4000 ctum,
257 3925 398 3988 abundat
422 3931 453 3986 et
480 3924 591 4004 gratia.
618 3922 776 3986 Debemus
805 3940 880 4003 ergo
934 3918 1055 3980 dicium
1071 3926 1118 3980 est
1133 3926 1223 3980 actus
1235 3917 1539 4000 justitiae,tanquam
1555 3918 1682 3980 virtutis

130 4025 231 4087 instar
255 4021 354 4086 Patris
384 4020 522 4085 coelestis
546 4040 615 4084 esse
644 4021 878 4095 misericordes,
936 4015 1119 4078 inclinantis
1141 4016 1179 4077 ad
1200 4015 1409 4096 judicandum
1434 4015 1563 4095 idoncc3
1584 4024 1616 4078 et
1635 4024 1683 4078 est

128 4121 287 4206 proximis
310 4120 364 4202 pie
387 4119 621 4202 compatiendo,
647 4119 877 4192 subveniendo,
934 4121 1023 4177 actus
1047 4115 1178 4177 rationis
1202 4121 1296 4197 atque
1320 4115 1509 4196 prudentiae,
1530 4121 1680 4197 tanquam

128 4219 336 4303 ignoscendo,
361 4226 394 4282 et
421 4235 517 4300 opera
548 4217 784 4291 misericordia,
814 4224 878 4280 tam
936 4213 1126 4296 proferentis
1142 4213 1247 4294 ipsum
1262 4212 1432 4294 judicium.
1448 4212 1608 4275 Judicium
1626 4213 1681 4275 ita-

127 4317 310 4402 spiritualia
337 4335 433 4398 quam
461 4317 648 4398 corporalia,
675 4333 732 4398 pro
755 4315 879 4378 viribus
935 4331 997 4394 que
1015 4312 1046 4373 in
1062 4319 1185 4374 tnutmu
1202 4319 1249 4372 est
1265 4310 1400 4383 licitum,
1417 4311 1449 4371 in
1467 4317 1622 4392 quantum
1642 4331 1680 4374 ex

129 4416 306 4480 liberaliter
321 4414 823 4497 impendendo,quemadmodum
840 4414 879 4478 ad
933 4411 1056 4492 justitia
1080 4417 1112 4472 et
1136 4409 1258 4472 ratione
1280 4428 1337 4492 per
1358 4409 1560 4490 prudentiam
1586 4410 1682 4474 inior-

1 4525 47 4580 apr
50 4543 113 4586 000000
128 4515 286 4599 Ephesios
301 4514 393 4577 docet
408 4513 576 4596 Apostolus
594 4531 600 4575 :
620 4513 724 4576 Estote
741 4512 878 4575 invicem
935 4517 1019 4572 mata
1043 4507 1195 4591 procedit.
1222 4507 1364 4589 Denique
1389 4507 1449 4570 tria
1475 4508 1682 4590 requiruntur

4 4595 20 4634 ξ’
126 4613 273 4695 benigni,
295 4611 528 4686 misericordes,
551 4611 705 4674 donantes
728 4611 877 4684 invicem,
934 4609 971 4671 ad
988 4608 1047 4670 boc
1063 4607 1147 4690 quod
1161 4607 1320 4687 judicium
1336 4607 1375 4669 de
1395 4606 1457 4669 alio
1477 4625 1535 4689 per
1550 4608 1680 4671 modum

126 4713 214 4776 sicut
243 4717 275 4774 el
297 4710 381 4773 Deus
405 4709 438 4773 iu
467 4709 591 4773 Christo
617 4708 747 4773 donavit
775 4708 876 4772 vobis.
934 4707 1099 4770 sententia
1116 4705 1290 4769 definitivas
1306 4706 1347 4767 sit
1362 4705 1495 4768 licitum.
1514 4706 1629 4782 Primo,
1647 4716 1681 4768 ut

1 4827 112 4882 varrum.
126 4811 275 4876 Christus
290 4809 535 4893 quoque:Beati
551 4808 685 4890 (inquit)
700 4808 878 4871 misericor·
935 4806 1085 4889 procedat
1108 4823 1147 4868 es
1168 4804 1285 4867 virtute
1305 4805 1449 4886 justitio,
1471 4822 1534 4868 non
1559 4823 1597 4867 ex
1621 4805 1680 4867 im-

125 4912 195 4984 des,
222 4907 373 4993 quoniam
404 4907 465 4990 ipsi
495 4905 745 4970 misericordiam
772 4923 878 4970 conse·
934 4911 1009 4987 petu
1040 4903 1207 4986 passionis,
1234 4903 1409 4985 cupiditate
1433 4921 1490 4966 seu
1514 4902 1596 4966 odio.
1622 4903 1680 4977 Qui

126 5012 280 5092 quentur.
893 5003 1019 5066 Denim
1050 5003 1083 5064 in
1113 5001 1236 5083 magnis
1261 5001 1400 5084 peccatis
1429 5008 1513 5076 sunt,
1537 5001 1681 5084 iudicare

166 5105 289 5171 Deinde
313 5104 399 5168 aliud
424 5103 576 5189 proponit
603 5104 757 5168 Dominus
783 5104 878 5166 docu·
934 5119 996 5164 non
1012 5100 1131 5163 debent
1145 5117 1198 5164 cos
1215 5100 1270 5182 qui
1291 5100 1324 5162 iu
1339 5099 1460 5163 eisdem
1480 5107 1535 5162 aut
1549 5100 1680 5164 minori-

126 5213 284 5270 mentum.
302 5206 413 5268 Nolite
426 5205 597 5283 judicare,
612 5213 642 5264 et
665 5223 731 5264 non
745 5204 878 5282 judica·
934 5200 993 5262 bus
1017 5207 1093 5263 sunt
1119 5199 1270 5282 peccatis,
1296 5199 1473 5262 secundum
1499 5199 1680 5282 chrysosto-

125 5301 406 5366 &minaverbum
421 5303 482 5366 boc
496 5300 723 5366 difficultatem
738 5301 877 5375 sortitur,
934 5319 1034 5364 mum.
1052 5299 1209 5371 Secundo,
1227 5306 1262 5361 ut
1276 5298 1426 5381 procedat
1441 5317 1480 5362 ex
1495 5297 1680 5362 auctoritate
