4154 6258
502 763 918 889 DOMINICA
964 762 1089 887 XV
1136 761 1349 886 POST
1396 761 1904 885 TRINITATEM

856 1407 1157 1496 ENARRATIO
1190 1407 1245 1494 IN
1278 1405 1570 1493 urlsvomu

613 1667 640 1712 sr
662 1666 780 1711 srrurru
800 1665 937 1722 v1vruus,
959 1664 1077 1710 srrmru
1098 1665 1136 1709 cr
1156 1664 1349 1711 suscianus.
1367 1646 1465 1711 Galat.
1481 1665 1512 1722 v,
1528 1645 1578 1722 25,
1593 1645 1653 1726 26;
1669 1664 1711 1722 vr,
1729 1645 1809 1712 l-lt.

505 1924 677 1988 Plsvotn
700 1923 869 1988 dominice
890 1925 987 2006 hujus
1013 1923 1186 1987 moralibus
1201 1922 1227 1985 Α
1283 1924 1437 2007 Deinceps
1452 1923 1596 1987 bortatur
1611 1923 1758 2007 praelatcs
1773 1931 1804 1986 et
1817 1925 1952 2006 perlectis

519 2023 804 2106 saluberrimisque
826 2022 979 2085 doctrinis
1001 2021 1187 2105 plenissima
1241 2041 1302 2096 res,
1328 2029 1363 2084 ut
1388 2021 1586 2104 imperfectis
1608 2040 1645 2084 ac
1670 2022 1807 2085 subditis
1833 2023 1879 2105 pie
1898 2042 1952 2086 con·

437 2128 495 2184 est.
521 2121 573 2184 Ait
601 2139 740 2204 namque
765 2120 894 2182 divinus
918 2120 1087 2202 Apostolus
1114 2137 1121 2182 τ
1147 2121 1189 2181 Si
1240 2120 1434 2182 descendant
1448 2128 1544 2202 atque
1559 2120 1953 2192 subveniantFratreaelst

436 2221 560 2296 spiritu
583 2221 736 2288 vicimus,
757 2217 788 2280 id
811 2225 869 2292 est,
891 2218 918 2279 si
939 2225 1034 2280 rectae
1056 2218 1186 2281 rationis
1235 2227 1482 2294 praeoccupatus
1501 2220 1608 2295 facerit
1627 2221 1721 2278 bomo
1744 2220 1782 2279 in
1804 2221 1900 2298 aliquo
1914 2223 1953 2278 de

436 2316 559 2397 judicio
580 2334 637 2378 seu
657 2315 794 2397 Spiritus
811 2316 916 2378 Sancti
936 2315 1120 2397 operatione
1139 2317 1186 2377 iu·
1241 2317 1328 2385 licto,
1354 2315 1386 2377 id
1411 2322 1470 2390 est,
1496 2315 1644 2399 quamvis
1668 2316 1786 2399 aliquis
1805 2325 1952 2399 preventus

437 2422 489 2476 tus
513 2415 544 2476 in
567 2413 674 2476 anima
693 2413 792 2476 vitam
812 2413 920 2496 gratiae
940 2412 1106 2488 babemus,
1123 2414 1186 2496 spi·
1240 2412 1347 2488 fuerit,
1369 2413 1412 2475 ita
1436 2415 1521 2495 quod
1549 2431 1587 2476 ex
1612 2415 1797 2490 tentatione,
1817 2415 1953 2477 inlirmita·

438 2512 595 2574 ritualiter
609 2512 695 2574 intus
711 2511 849 2576 vivendo
865 2530 921 2593 per
937 2511 1187 2587 caritatem,spi-
1240 2520 1272 2575 te
1295 2520 1350 2574 aut
1373 2512 1551 2593 ignorantia
1574 2513 1724 2576 inciderit
1752 2513 1881 2595 aliquam
1903 2513 1951 2574 cul·

438 2614 509 2672 ritu
538 2621 568 2671 et
593 2613 806 2682 ambulemus,
836 2610 867 2672 id
898 2617 956 2683 est,
983 2610 1078 2672 etiam
1106 2610 1185 2673 loris
1240 2630 1396 2693 pem,ccs
1417 2614 1476 2690 qui
1499 2613 1691 2688 spirituales
1716 2615 1802 2682 estis,
1824 2612 1851 2674 id
1871 2611 1952 2673 estin

436 2709 646 2791 spiritualiter
667 2726 905 2782 conversemur,
927 2727 1023 2791 opera
1044 2709 1186 2771 virtuosa
1239 2708 1413 2772 virtutibus
1434 2709 1597 2772 exercitati
1615 2717 1648 2772 et
1668 2710 1805 2792 desuper
1823 2710 1950 2776 illustrati,

436 2813 468 2869 et
489 2805 685 2888 exemplaria
707 2806 898 2888 peragendo,
920 2806 1031 2889 sicque
1054 2806 1185 2870 rationis
1239 2808 1431 2884 hujusmodi
1458 2807 1622 2870 hominem
1647 2809 1804 2868 instruite
1826 2811 1856 2868 in
1877 2810 1952 2884 spiri-

434 2905 594 2987 judicium
615 2913 647 2967 et
662 2905 799 2986 Spiritus
816 2904 920 2968 Sancti
943 2905 1130 2967 instinctum
1152 2905 1184 2967 in
1242 2915 1277 2966 tc
1298 2908 1456 2975 lenitatis,
1473 2906 1505 2967 id
1525 2913 1584 2980 est,
1600 2907 1709 2969 animo
1729 2915 1891 2980 mansueto,
1904 2924 1950 2968 nou

436 3003 647 3066 exterioribus
676 3004 909 3085 prosequendo,
940 3011 1096 3085 quatenus
1127 3004 1184 3066 im·
1240 3003 1490 3084 indignabundo,
1519 3003 1701 3078 informate,
1731 3005 1909 3068 ostendendo
1929 3004 1950 3065 ei

437 3102 582 3184 pleamus
604 3103 689 3185 quod
712 3102 805 3164 docet
824 3101 990 3165 Salvator:
1008 3102 1058 3164 Sic
1082 3102 1186 3166 luceat
1202 3100 1226 3162 B
1240 3121 1333 3164 suum
1349 3119 1489 3164 errorem
1512 3110 1544 3165 et
1563 3103 1704 3185 culpam,
1720 3112 1814 3187 atquc
1834 3104 1867 3166 ad
1886 3103 1948 3164 vicu

318 3216 324 3227 ·
438 3199 492 3262 lux
516 3206 620 3262 vestra
644 3217 750 3262 coram
775 3199 971 3274 hominibus,
998 3207 1033 3262 ut
1057 3201 1186 3263 videant
1240 3200 1381 3262 veritatis
1402 3207 1433 3262 et
1451 3200 1610 3282 {equitatis
1630 3219 1705 3263 cnm
1727 3220 1784 3284 pro
1798 3202 1904 3265 viribus
1919 3220 1951 3262 rc

438 3317 534 3380 opera
557 3305 660 3361 vestra
685 3298 779 3371 bona,
804 3304 835 3360 et
855 3297 1039 3379 glorificent
1062 3299 1185 3362 Patrem
1239 3297 1483 3362 ducite.Deinde
1498 3298 1669 3381 Apostolus
1684 3319 1703 3362 a
1718 3301 1830 3382 plurali
1843 3316 1950 3362 numero

437 3404 580 3459 vestrum
603 3396 658 3479 qui
684 3396 716 3459 in
741 3395 830 3460 coelis
852 3403 908 3458 est.
927 3396 988 3459 Sed
1010 3416 1050 3460 ne
1070 3397 1102 3458 in
1125 3397 1185 3460 hoc
1239 3396 1435 3459 descendens
1450 3398 1488 3459 ad
1505 3397 1951 3481 singularem,subjungit:Con-

439 3495 600 3577 propriam
616 3495 750 3574 gloriam
772 3494 985 3569 intendamus,
1001 3495 1090 3557 addit
1104 3495 1185 3577 Apo·
1240 3497 1390 3555 sidereos
1410 3504 1439 3554 te
1459 3497 1579 3571 ipsum,
1596 3496 1627 3557 id
1651 3491 1711 3570 est,
1729 3497 1812 3560 istud
1829 3497 1900 3579 quod
1916 3495 1949 3556 di-

439 3593 538 3656 stolus
556 3611 563 3654 :
580 3595 656 3656 Non
671 3595 861 3670 efficiamur
876 3595 988 3653 inanis
999 3596 1117 3671 plorioe
1130 3615 1185 3655 cu·
1240 3600 1327 3655 ctum
1352 3601 1399 3655 est
1422 3593 1569 3676 impleaS,
1594 3596 1758 3678 proprium
1784 3596 1949 3677 fragilitatem

435 3692 523 3766 picti,
545 3690 576 3752 id
601 3698 659 3765 est,
683 3708 746 3753 non
771 3697 959 3772 oppetemus
984 3691 1122 3754 inaniter
1144 3692 1185 3754 ab
1239 3691 1452 3774 perpendens,
1469 3711 1510 3752 rac
1530 3702 1559 3753 et
1576 3701 1612 3753 tc
1628 3698 1776 3765 tenteris,
1792 3695 1821 3756 id
1838 3702 1886 3766 est,
1900 3700 1949 3754 ten·

439 3787 625 3850 bominibus
646 3788 785 3870 reputari
805 3796 859 3850 aut
878 3788 1036 3851 honorari.
1053 3790 1117 3853 Hoc
1138 3797 1186 3852 est
1238 3791 1357 3852 tatione
1377 3790 1527 3864 vincaris,
1548 3798 1602 3853 aut
1623 3791 1713 3873 gravi
1734 3793 1890 3855 tentatione
1907 3791 1949 3851 in-

305 3909 426 3960 rammi.
440 3886 525 3969 quod
546 3885 697 3968 precepit
713 3885 856 3948 Christus
874 3904 881 3948 :
901 3886 1012 3949 Videte
1036 3907 1076 3950 ne
1094 3889 1186 3970 justi·
1239 3888 1400 3971 pugneris.
1417 3888 1691 3961 Quemadmodum
1715 3891 1799 3953 enim
1821 3907 1950 3952 meremr

440 3985 516 4046 tiam
533 3991 670 4046 vestram
687 3983 810 4046 faciatis
825 4002 931 4048 coram
947 3985 1186 4058 hominibus,ut
1240 3987 1491 4050 misericordiam
1515 3987 1608 4051 nobis
1637 3988 1712 4050 lieri
1736 3988 1870 4072 desuper,
1890 3988 1947 4048 dum

438 4081 611 4144 videamini
626 4080 666 4143 ab
682 4081 908 4144 illislnaz'cem
917 4095 1141 4161 provocantes,
1153 4086 1184 4148 id
1239 4086 1308 4148 aliis
1333 4086 1540 4148 condolemus
1569 4104 1606 4148 ac
1630 4086 1841 4160 subvenimus,
1863 4103 1950 4148 sccun-

437 4187 495 4254 est,
513 4180 620 4243 verbis
640 4188 693 4242 aut
708 4180 807 4261 signis
829 4199 885 4243 seu
904 4180 997 4244 lactis
1018 4190 1128 4246 mutuo
1145 4184 1184 4246 ad
1238 4185 1314 4246 dum
1346 4183 1436 4258 illud,
1462 4183 1548 4246 Beati
1574 4183 1804 4258 misericordes,
1825 4183 2028 4267 quoniamvau·

437 4279 647 4354 iracundiam,
666 4280 897 4362 impatientiam
920 4290 974 4343 aut
995 4282 1090 4344 aliam
1113 4303 1183 4366 pra·
1199 4289 1220 4353 G
1238 4283 1299 4364 ipsi
1316 4282 1568 4345 misericordiam
1585 4292 1829 4366 consequentum
1843 4284 1883 4345 sic
1895 4281 1949 4343 aliis

436 4397 509 4440 vam
530 4378 629 4441 animi
650 4379 823 4441 motionem
842 4378 1029 4442 inducentes
1047 4387 1101 4443 aut
1116 4382 1185 4443 irri·
1238 4380 1335 4462 lapsis
1349 4387 1381 4443 et
1396 4379 1613 4461 indigentibus
1627 4399 1693 4445 non
1708 4381 1950 4453 consulendasuc·

437 4484 550 4550 tentes,
567 4476 643 4557 quia
664 4475 724 4538 boc
747 4483 830 4538 esset
849 4477 1032 4559 proximum
1054 4481 1183 4542 scanda·
1238 4479 1395 4542 currendo
1414 4485 1469 4541 aut
1484 4478 1728 4556 benefaciendo,
1745 4481 1796 4544 sed
1814 4480 1949 4560 indignae

437 4575 542 4636 lizare.
563 4573 632 4636 Non
657 4591 731 4654 ergo
756 4593 814 4655 per
839 4575 1019 4639 irrisionem
1044 4585 1099 4640 aut
1120 4578 1183 4642 alio
1238 4577 1288 4651 do,
1305 4594 1500 4639 meremnra
1517 4578 1580 4640 [leo
1600 4576 1740 4662 relinqui
1760 4587 1789 4642 et
1803 4578 1831 4638 in
1847 4574 1948 4638 easdem

438 4671 533 4734 modo
549 4672 769 4753 provocandus
784 4680 833 4734 est
847 4673 1021 4755 proximus.
1039 4678 1183 4737 Invicem
1236 4682 1290 4738 aut
1306 4674 1442 4756 maiores
1457 4675 1568 4758 culpas
1583 4677 1825 4741 corruerednde
1839 4669 1949 4758 proprie

438 4771 631 4831 incidentes.
649 4769 770 4833 Invidia
789 4771 909 4854 quippe
924 4773 1043 4836 directe
1063 4782 1184 4838 contra·
1236 4772 1416 4855 fragilitatis
1440 4781 1472 4836 et
1495 4774 1598 4856 culpae
1622 4775 1825 4867 consideratio
1851 4768 1949 4834 inducit

438 4869 538 4930 riatur
559 4866 680 4929 caritati
699 4885 707 4930 ε
724 4869 796 4932 ideo
817 4869 901 4933 sicut
922 4872 1035 4935 caritas
1059 4879 1107 4935 est
1130 4891 1183 4956 po·
1235 4872 1399 4935 bominem
1435 4873 1474 4935 ad
1509 4873 1694 4936 babendum
1729 4871 1946 4956 compassionem

438 4964 598 5028 tissimum
623 4965 688 5027 vita
713 4966 837 5042 animae,
865 4968 908 5030 ita
936 4968 1057 5033 invidia
1085 4971 1182 5052 potis·
1235 4989 1309 5033 cum
1338 4970 1421 5044 aliis,
1448 4973 1543 5034 etad
1572 4973 1815 5036 succurrendum
1839 4968 1945 5032 eisdem.

437 5064 555 5126 simum
582 5062 761 5144 appellatur
790 5083 873 5128 mors
902 5066 1025 5129 animat.
1052 5068 1182 5151 Propter
1235 5069 1314 5130 lliuc
1339 5069 1371 5130 in
1397 5067 1618 5134 Ecclesiastico
1642 5071 1775 5135 babetur
1792 5088 1799 5132 ε
1817 5069 1947 5131 Memento
1975 5073 2022 5154 fr¹¹

302 5178 423 5230 reato,
437 5162 522 5245 quod
546 5161 694 5224 Salomon
722 5169 914 5244 protestatur
939 5182 946 5226 :
973 5165 1106 5229 Putredo
1131 5184 1179 5230 os·
1233 5167 1346 5249 judicii
1368 5168 1431 5230 mei
1450 5187 1456 5232 :
1474 5169 1520 5231 sic
1543 5170 1631 5232 enim
1654 5171 1715 5233 erit
1735 5179 1764 5234 et
1783 5177 1873 5231 tuum.
1887 5149 2016 5226 llibi¹¹¹¹''

290 5242 323 5284 ³⁰·
436 5262 531 5336 sium,
552 5259 682 5324 invidia.
1235 5266 1315 5341 herl,
1332 5273 1363 5328 et
1384 5266 1442 5329 tibi
1464 5266 1567 5332 bodie.
