<?xml version="1.0" encoding="UTF-8"?>
<!DOCTYPE html PUBLIC "-//W3C//DTD XHTML 1.0 Transitional//EN"
    "http://www.w3.org/TR/xhtml1/DTD/xhtml1-transitional.dtd">
<html xmlns="http://www.w3.org/1999/xhtml" xml:lang="en" lang="en">
 <head>
  <title>
</title>
<meta http-equiv="Content-Type" content="text/html;charset=utf-8" />
  <meta name='ocr-system' content='tesseract 3.04.00' />
  <meta name='ocr-capabilities' content='ocr_page ocr_carea ocr_par ocr_line ocrx_word'/>
</head>
<body>
  <div class='ocr_page' id='page_1' title='image "./doctorisecstati01unkngoog_0659.png"; bbox 0 0 4206 6258; ppageno 0'>
   <div class='ocr_carea' id='block_1_1' title="bbox 446 483 1638 551">
    <p class='ocr_par' dir='ltr' id='par_1_1' title="bbox 446 483 1638 551">
     <span class='ocr_line' id='line_1_1' title="bbox 446 483 1638 551; baseline -0.001 -3"><span class='ocrx_word' id='word_1_1' title='bbox 446 483 509 548; x_wconf 78' lang='lat'><strong>628</strong></span> <span class='ocrx_word' id='word_1_2' title='bbox 780 502 928 551; x_wconf 78' lang='lat' dir='ltr'><strong>noumroa</strong></span> <span class='ocrx_word' id='word_1_3' title='bbox 947 503 1021 550; x_wconf 80' lang='lat' dir='ltr'><strong>xxiv</strong></span> <span class='ocrx_word' id='word_1_4' title='bbox 1042 501 1115 550; x_wconf 87' lang='lat' dir='ltr'><strong>rosr</strong></span> <span class='ocrx_word' id='word_1_5' title='bbox 1134 497 1329 548; x_wconf 70' lang='lat' dir='ltr'><strong>minuerunt.</strong></span> <span class='ocrx_word' id='word_1_6' title='bbox 1349 517 1389 530; x_wconf 91' lang='lat'><em>-</em></span> <span class='ocrx_word' id='word_1_7' title='bbox 1409 500 1509 548; x_wconf 73' lang='lat' dir='ltr'><strong>suano</strong></span> <span class='ocrx_word' id='word_1_8' title='bbox 1528 501 1638 548; x_wconf 79' lang='lat' dir='ltr'><strong>ramus</strong></span> 
     </span>
    </p>
   </div>
   <div class='ocr_carea' id='block_1_2' title="bbox 300 665 2072 4498">
    <p class='ocr_par' dir='ltr' id='par_1_2' title="bbox 300 665 2072 3314">
     <span class='ocr_line' id='line_1_2' title="bbox 451 665 1990 755; baseline -0.003 -23"><span class='ocrx_word' id='word_1_9' title='bbox 451 672 716 745; x_wconf 85' lang='lat' dir='ltr'><strong>nare,·custodire</strong></span> <span class='ocrx_word' id='word_1_10' title='bbox 739 679 834 755; x_wconf 90' lang='lat' dir='ltr'><strong>atque</strong></span> <span class='ocrx_word' id='word_1_11' title='bbox 857 671 993 753; x_wconf 90' lang='lat' dir='ltr'><strong>dirigere</strong></span> <span class='ocrx_word' id='word_1_12' title='bbox 1017 671 1051 735; x_wconf 93' lang='lat' dir='ltr'><strong>in</strong></span> <span class='ocrx_word' id='word_1_13' title='bbox 1074 669 1198 734; x_wconf 89' lang='lat' dir='ltr'><strong>cunctis</strong></span> <span class='ocrx_word' id='word_1_14' title='bbox 1213 668 1240 732; x_wconf 83' lang='grc' dir='ltr'>Α</span> <span class='ocrx_word' id='word_1_15' title='bbox 1253 665 1990 753; x_wconf 87' lang='lat' dir='ltr'><strong>robonocrescamus,atqueadDeigloriamin</strong></span> 
     </span>
     <span class='ocr_line' id='line_1_3' title="bbox 317 764 1991 853; baseline -0.004 -20"><span class='ocrx_word' id='word_1_16' title='bbox 317 790 438 839; x_wconf 59' lang='lat' dir='ltr'><strong>aarum</strong></span> <span class='ocrx_word' id='word_1_17' title='bbox 453 768 612 850; x_wconf 81' lang='lat' dir='ltr'>dignetur,</span> <span class='ocrx_word' id='word_1_18' title='bbox 629 769 712 833; x_wconf 89' lang='lat' dir='ltr'><strong>siout</strong></span> <span class='ocrx_word' id='word_1_19' title='bbox 726 778 794 835; x_wconf 90' lang='lat' dir='ltr'><strong>orat</strong></span> <span class='ocrx_word' id='word_1_20' title='bbox 812 770 966 853; x_wconf 80' lang='lat' dir='ltr'>Propheta</span> <span class='ocrx_word' id='word_1_21' title='bbox 983 789 989 833; x_wconf 94' lang='lat'><strong>:</strong></span> <span class='ocrx_word' id='word_1_22' title='bbox 1007 771 1114 832; x_wconf 84' lang='lat' dir='ltr'>Deduc</span> <span class='ocrx_word' id='word_1_23' title='bbox 1135 787 1196 842; x_wconf 91' lang='lat' dir='ltr'><strong>me,</strong></span> <span class='ocrx_word' id='word_1_24' title='bbox 1254 768 1342 830; x_wconf 90' lang='lat' dir='ltr'><strong>omui</strong></span> <span class='ocrx_word' id='word_1_25' title='bbox 1364 768 1552 832; x_wconf 79' lang='lat' dir='ltr'><strong>roboremur</strong></span> <span class='ocrx_word' id='word_1_26' title='bbox 1572 769 1700 843; x_wconf 87' lang='lat' dir='ltr'><strong>virtute,</strong></span> <span class='ocrx_word' id='word_1_27' title='bbox 1717 765 1873 850; x_wconf 89' lang='lat' dir='ltr'><strong>quoniam</strong></span> <span class='ocrx_word' id='word_1_28' title='bbox 1889 786 1908 822; x_wconf 79' lang='lat' dir='ltr'><strong>u</strong></span> <span class='ocrx_word' id='word_1_29' title='bbox 1923 764 1991 826; x_wconf 86' lang='lat' dir='ltr'><strong>Deus</strong></span> 
     </span>
     <span class='ocr_line' id='line_1_4' title="bbox 307 857 1991 950; baseline -0.004 -19"><span class='ocrx_word' id='word_1_30' title='bbox 307 857 339 898; x_wconf 90' lang='lat'><strong>¹¹·</strong></span> <span class='ocrx_word' id='word_1_31' title='bbox 453 867 597 943; x_wconf 87' lang='lat' dir='ltr'><strong>Domine,</strong></span> <span class='ocrx_word' id='word_1_32' title='bbox 610 869 642 930; x_wconf 93' lang='lat' dir='ltr'><strong>in</strong></span> <span class='ocrx_word' id='word_1_33' title='bbox 658 869 709 932; x_wconf 90' lang='lat' dir='ltr'><strong>via</strong></span> <span class='ocrx_word' id='word_1_34' title='bbox 724 877 788 942; x_wconf 94' lang='lat' dir='ltr'><strong>tua,</strong></span> <span class='ocrx_word' id='word_1_35' title='bbox 798 877 830 932; x_wconf 94' lang='lat' dir='ltr'><strong>et</strong></span> <span class='ocrx_word' id='word_1_36' title='bbox 845 869 1004 950; x_wconf 89' lang='lat' dir='ltr'><strong>ingrediar</strong></span> <span class='ocrx_word' id='word_1_37' title='bbox 1019 869 1051 931; x_wconf 92' lang='lat' dir='ltr'><strong>in</strong></span> <span class='ocrx_word' id='word_1_38' title='bbox 1066 868 1198 931; x_wconf 85' lang='lat' dir='ltr'><strong>veritate</strong></span> <span class='ocrx_word' id='word_1_39' title='bbox 1254 865 1344 928; x_wconf 87' lang='lat' dir='ltr'><strong>Pater</strong></span> <span class='ocrx_word' id='word_1_40' title='bbox 1354 887 1371 926; x_wconf 82' lang='lat' dir='ltr'><strong>a</strong></span> <span class='ocrx_word' id='word_1_41' title='bbox 1383 885 1440 949; x_wconf 88' lang='lat' dir='ltr'><strong>per</strong></span> <span class='ocrx_word' id='word_1_42' title='bbox 1455 867 1659 949; x_wconf 81' lang='lat' dir='ltr'><strong>Unigenitum</strong></span> <span class='ocrx_word' id='word_1_43' title='bbox 1675 885 1771 929; x_wconf 93' lang='lat' dir='ltr'><strong>suum</strong></span> <span class='ocrx_word' id='word_1_44' title='bbox 1783 887 1800 924; x_wconf 82' lang='lat' dir='ltr'><strong>u</strong></span> <span class='ocrx_word' id='word_1_45' title='bbox 1811 863 1934 946; x_wconf 92' lang='lat' dir='ltr'><strong>eripuit</strong></span> <span class='ocrx_word' id='word_1_46' title='bbox 1946 881 1991 925; x_wconf 92' lang='lat' dir='ltr'><strong>nos</strong></span> 
     </span>
     <span class='ocr_line' id='line_1_5' title="bbox 316 961 1991 1047; baseline -0.005 -17"><span class='ocrx_word' id='word_1_47' title='bbox 316 988 356 1033; x_wconf 76' lang='lat' dir='ltr'><strong>m.</strong></span> <span class='ocrx_word' id='word_1_48' title='bbox 370 999 439 1038; x_wconf 61' lang='lat' dir='ltr'><strong>arn,</strong></span> <span class='ocrx_word' id='word_1_49' title='bbox 452 973 507 1028; x_wconf 95' lang='lat' dir='ltr'><strong>tua</strong></span> <span class='ocrx_word' id='word_1_50' title='bbox 518 983 527 1046; x_wconf 92' lang='lat'>;</span> <span class='ocrx_word' id='word_1_51' title='bbox 544 973 576 1030; x_wconf 87' lang='lat' dir='ltr'><strong>et</strong></span> <span class='ocrx_word' id='word_1_52' title='bbox 590 986 711 1041; x_wconf 91' lang='lat' dir='ltr'><strong>rursus,</strong></span> <span class='ocrx_word' id='word_1_53' title='bbox 729 968 836 1030; x_wconf 82' lang='lat' dir='ltr'>Deduc</span> <span class='ocrx_word' id='word_1_54' title='bbox 857 986 908 1030; x_wconf 86' lang='lat' dir='ltr'><strong>me</strong></span> <span class='ocrx_word' id='word_1_55' title='bbox 929 966 961 1029; x_wconf 93' lang='lat' dir='ltr'><strong>in</strong></span> <span class='ocrx_word' id='word_1_56' title='bbox 981 966 1094 1030; x_wconf 87' lang='lat' dir='ltr'><strong>semita</strong></span> <span class='ocrx_word' id='word_1_57' title='bbox 1112 984 1199 1028; x_wconf 88' lang='lat' dir='ltr'><strong>mau-</strong></span> <span class='ocrx_word' id='word_1_58' title='bbox 1255 965 1294 1028; x_wconf 89' lang='lat' dir='ltr'><strong>de</strong></span> <span class='ocrx_word' id='word_1_59' title='bbox 1316 972 1471 1047; x_wconf 74' lang='lat' dir='ltr'><strong>potestate</strong></span> <span class='ocrx_word' id='word_1_60' title='bbox 1493 965 1710 1039; x_wconf 87' lang='lat' dir='ltr'><strong>tenebrarum,</strong></span> <span class='ocrx_word' id='word_1_61' title='bbox 1731 971 1764 1028; x_wconf 89' lang='lat' dir='ltr'><strong>et</strong></span> <span class='ocrx_word' id='word_1_62' title='bbox 1785 961 1947 1026; x_wconf 74' lang='lat' dir='ltr'><strong>transtulit</strong></span> <span class='ocrx_word' id='word_1_63' title='bbox 1966 962 1991 1022; x_wconf 95' lang='lat' dir='ltr'><strong>in</strong></span> 
     </span>
     <span class='ocr_line' id='line_1_6' title="bbox 305 1053 1990 1147; baseline -0.002 -21"><span class='ocrx_word' id='word_1_64' title='bbox 305 1053 340 1095; x_wconf 77' lang='lat'><strong>³⁵·</strong></span> <span class='ocrx_word' id='word_1_65' title='bbox 453 1063 598 1128; x_wconf 90' lang='lat' dir='ltr'><strong>datorum</strong></span> <span class='ocrx_word' id='word_1_66' title='bbox 619 1072 759 1128; x_wconf 92' lang='lat' dir='ltr'><strong>tuorum.</strong></span> <span class='ocrx_word' id='word_1_67' title='bbox 777 1065 864 1129; x_wconf 87' lang='lat' dir='ltr'><strong>Unde</strong></span> <span class='ocrx_word' id='word_1_68' title='bbox 883 1066 989 1128; x_wconf 91' lang='lat' dir='ltr'><strong>denuo</strong></span> <span class='ocrx_word' id='word_1_69' title='bbox 1008 1069 1200 1147; x_wconf 74' lang='lat' dir='ltr'><strong>protestatur</strong></span> <span class='ocrx_word' id='word_1_70' title='bbox 1255 1080 1389 1144; x_wconf 87' lang='lat' dir='ltr'><strong>regnum</strong></span> <span class='ocrx_word' id='word_1_71' title='bbox 1406 1063 1476 1126; x_wconf 83' lang='lat' dir='ltr'><strong>Filii</strong></span> <span class='ocrx_word' id='word_1_72' title='bbox 1487 1085 1505 1124; x_wconf 80' lang='lat' dir='ltr'><strong>a</strong></span> <span class='ocrx_word' id='word_1_73' title='bbox 1516 1063 1575 1127; x_wconf 94' lang='lat' dir='ltr'><strong>sui.</strong></span> <span class='ocrx_word' id='word_1_74' title='bbox 1586 1063 1730 1127; x_wconf 82' lang='lat' dir='ltr'><strong>Christus</strong></span> <span class='ocrx_word' id='word_1_75' title='bbox 1745 1061 1835 1125; x_wconf 91' lang='lat' dir='ltr'><strong>enim</strong></span> <span class='ocrx_word' id='word_1_76' title='bbox 1848 1067 1883 1123; x_wconf 88' lang='lat' dir='ltr'><strong>ut</strong></span> <span class='ocrx_word' id='word_1_77' title='bbox 1897 1061 1990 1132; x_wconf 91' lang='lat' dir='ltr'><strong>bomo,</strong></span> 
     </span>
     <span class='ocr_line' id='line_1_7' title="bbox 304 1158 1991 1246; baseline -0.002 -20"><span class='ocrx_word' id='word_1_78' title='bbox 304 1180 489 1236; x_wconf 68' lang='lat' dir='ltr'><strong>ramanae</strong></span> <span class='ocrx_word' id='word_1_79' title='bbox 510 1162 652 1246; x_wconf 92' lang='lat' dir='ltr'><strong>loquitur</strong></span> <span class='ocrx_word' id='word_1_80' title='bbox 674 1164 740 1226; x_wconf 85' lang='lat' dir='ltr'><strong>Deo</strong></span> <span class='ocrx_word' id='word_1_81' title='bbox 759 1181 767 1225; x_wconf 92' lang='lat'>:</span> <span class='ocrx_word' id='word_1_82' title='bbox 788 1163 901 1226; x_wconf 87' lang='lat' dir='ltr'><strong>Beatus</strong></span> <span class='ocrx_word' id='word_1_83' title='bbox 924 1164 1021 1226; x_wconf 93' lang='lat' dir='ltr'><strong>homo</strong></span> <span class='ocrx_word' id='word_1_84' title='bbox 1042 1181 1138 1244; x_wconf 89' lang='lat' dir='ltr'><strong>quem</strong></span> <span class='ocrx_word' id='word_1_85' title='bbox 1162 1169 1198 1224; x_wconf 93' lang='lat' dir='ltr'><strong>tu</strong></span> <span class='ocrx_word' id='word_1_86' title='bbox 1256 1179 1370 1243; x_wconf 89' lang='lat' dir='ltr'><strong>passus</strong></span> <span class='ocrx_word' id='word_1_87' title='bbox 1403 1169 1452 1225; x_wconf 87' lang='lat' dir='ltr'><strong>est</strong></span> <span class='ocrx_word' id='word_1_88' title='bbox 1480 1169 1576 1244; x_wconf 87' lang='lat' dir='ltr'><strong>atque</strong></span> <span class='ocrx_word' id='word_1_89' title='bbox 1609 1161 1788 1244; x_wconf 82' lang='lat' dir='ltr'><strong>promeruit</strong></span> <span class='ocrx_word' id='word_1_90' title='bbox 1817 1158 1991 1223; x_wconf 90' lang='lat' dir='ltr'><strong>bominibus</strong></span> 
     </span>
     <span class='ocr_line' id='line_1_8' title="bbox 451 1257 1989 1343; baseline -0.003 -21"><span class='ocrx_word' id='word_1_91' title='bbox 451 1260 618 1336; x_wconf 90' lang='lat' dir='ltr'><strong>erudieris,</strong></span> <span class='ocrx_word' id='word_1_92' title='bbox 635 1261 779 1336; x_wconf 82' lang='lat' dir='ltr'><strong>Domine,</strong></span> <span class='ocrx_word' id='word_1_93' title='bbox 796 1270 828 1324; x_wconf 90' lang='lat' dir='ltr'><strong>et</strong></span> <span class='ocrx_word' id='word_1_94' title='bbox 841 1263 880 1325; x_wconf 91' lang='lat' dir='ltr'><strong>de</strong></span> <span class='ocrx_word' id='word_1_95' title='bbox 896 1261 964 1343; x_wconf 91' lang='lat' dir='ltr'><strong>lege</strong></span> <span class='ocrx_word' id='word_1_96' title='bbox 983 1268 1038 1324; x_wconf 91' lang='lat' dir='ltr'><strong>tua</strong></span> <span class='ocrx_word' id='word_1_97' title='bbox 1052 1261 1198 1324; x_wconf 81' lang='lat' dir='ltr'><strong>docueris</strong></span> <span class='ocrx_word' id='word_1_98' title='bbox 1255 1261 1388 1341; x_wconf 89' lang='lat' dir='ltr'><strong>gratiam</strong></span> <span class='ocrx_word' id='word_1_99' title='bbox 1417 1260 1714 1343; x_wconf 82' lang='lat' dir='ltr'><strong>beatitudinemque</strong></span> <span class='ocrx_word' id='word_1_100' title='bbox 1742 1267 1916 1337; x_wconf 72' lang='lat' dir='ltr'><strong>aetemarn;</strong></span> <span class='ocrx_word' id='word_1_101' title='bbox 1945 1257 1989 1319; x_wconf 86' lang='lat' dir='ltr'><strong>sed</strong></span> 
     </span>
     <span class='ocr_line' id='line_1_9' title="bbox 450 1355 1989 1443; baseline -0.001 -23"><span class='ocrx_word' id='word_1_102' title='bbox 450 1377 535 1421; x_wconf 91' lang='lat' dir='ltr'><strong>euru.</strong></span> <span class='ocrx_word' id='word_1_103' title='bbox 553 1360 608 1422; x_wconf 86' lang='lat' dir='ltr'><strong>Est</strong></span> <span class='ocrx_word' id='word_1_104' title='bbox 629 1378 704 1442; x_wconf 92' lang='lat' dir='ltr'><strong>ergo</strong></span> <span class='ocrx_word' id='word_1_105' title='bbox 725 1361 900 1443; x_wconf 90' lang='lat' dir='ltr'><strong>unicuique</strong></span> <span class='ocrx_word' id='word_1_106' title='bbox 920 1367 1065 1424; x_wconf 90' lang='lat' dir='ltr'><strong>nostrum</strong></span> <span class='ocrx_word' id='word_1_107' title='bbox 1085 1358 1118 1420; x_wconf 93' lang='lat' dir='ltr'><strong>in</strong></span> <span class='ocrx_word' id='word_1_108' title='bbox 1136 1358 1198 1440; x_wconf 92' lang='lat' dir='ltr'><strong>pri·</strong></span> <span class='ocrx_word' id='word_1_109' title='bbox 1255 1358 1402 1422; x_wconf 81' lang='lat' dir='ltr'><strong>efficacia</strong></span> <span class='ocrx_word' id='word_1_110' title='bbox 1430 1379 1487 1422; x_wconf 92' lang='lat' dir='ltr'><strong>seu</strong></span> <span class='ocrx_word' id='word_1_111' title='bbox 1516 1359 1671 1423; x_wconf 82' lang='lat' dir='ltr'><strong>idoneitas</strong></span> <span class='ocrx_word' id='word_1_112' title='bbox 1697 1358 1730 1421; x_wconf 95' lang='lat' dir='ltr'><strong>id</strong></span> <span class='ocrx_word' id='word_1_113' title='bbox 1759 1357 1875 1441; x_wconf 87' lang='lat' dir='ltr'><strong>agendi</strong></span> <span class='ocrx_word' id='word_1_114' title='bbox 1898 1355 1956 1418; x_wconf 84' lang='lat' dir='ltr'><strong>luit</strong></span> <span class='ocrx_word' id='word_1_115' title='bbox 1974 1375 1989 1418; x_wconf 91' lang='lat' dir='ltr'><strong>a</strong></span> 
     </span>
     <span class='ocr_line' id='line_1_10' title="bbox 451 1454 1989 1542; baseline -0.003 -22"><span class='ocrx_word' id='word_1_116' title='bbox 451 1457 513 1520; x_wconf 92' lang='lat' dir='ltr'><strong>mis</strong></span> <span class='ocrx_word' id='word_1_117' title='bbox 537 1477 667 1523; x_wconf 88' lang='lat' dir='ltr'><strong>neeesse</strong></span> <span class='ocrx_word' id='word_1_118' title='bbox 691 1467 727 1522; x_wconf 94' lang='lat' dir='ltr'><strong>ut</strong></span> <span class='ocrx_word' id='word_1_119' title='bbox 750 1459 829 1522; x_wconf 90' lang='lat' dir='ltr'><strong>sciat</strong></span> <span class='ocrx_word' id='word_1_120' title='bbox 851 1459 928 1542; x_wconf 94' lang='lat' dir='ltr'><strong>quid</strong></span> <span class='ocrx_word' id='word_1_121' title='bbox 950 1461 1014 1522; x_wconf 84' lang='lat' dir='ltr'><strong>lleo</strong></span> <span class='ocrx_word' id='word_1_122' title='bbox 1038 1457 1080 1520; x_wconf 91' lang='lat' dir='ltr'><strong>sit</strong></span> <span class='ocrx_word' id='word_1_123' title='bbox 1103 1457 1198 1539; x_wconf 93' lang='lat' dir='ltr'><strong>placi·</strong></span> <span class='ocrx_word' id='word_1_124' title='bbox 1255 1457 1432 1532; x_wconf 83' lang='lat' dir='ltr'><strong>divinitate,</strong></span> <span class='ocrx_word' id='word_1_125' title='bbox 1453 1465 1485 1521; x_wconf 91' lang='lat' dir='ltr'><strong>et</strong></span> <span class='ocrx_word' id='word_1_126' title='bbox 1508 1459 1591 1520; x_wconf 86' lang='lat' dir='ltr'><strong>Deus</strong></span> <span class='ocrx_word' id='word_1_127' title='bbox 1615 1458 1715 1532; x_wconf 88' lang='lat' dir='ltr'><strong>Pater,</strong></span> <span class='ocrx_word' id='word_1_128' title='bbox 1740 1456 1807 1518; x_wconf 94' lang='lat' dir='ltr'><strong>imo</strong></span> <span class='ocrx_word' id='word_1_129' title='bbox 1832 1454 1989 1538; x_wconf 85' lang='lat' dir='ltr'><strong>superbea-</strong></span> 
     </span>
     <span class='ocr_line' id='line_1_11' title="bbox 450 1553 1988 1640; baseline 0 -25"><span class='ocrx_word' id='word_1_130' title='bbox 450 1561 531 1630; x_wconf 91' lang='lat' dir='ltr'><strong>tum,</strong></span> <span class='ocrx_word' id='word_1_131' title='bbox 548 1563 580 1618; x_wconf 87' lang='lat' dir='ltr'><strong>et</strong></span> <span class='ocrx_word' id='word_1_132' title='bbox 599 1557 677 1639; x_wconf 95' lang='lat' dir='ltr'><strong>quid</strong></span> <span class='ocrx_word' id='word_1_133' title='bbox 696 1557 726 1620; x_wconf 91' lang='lat' dir='ltr'><strong>ei</strong></span> <span class='ocrx_word' id='word_1_134' title='bbox 746 1565 912 1640; x_wconf 91' lang='lat' dir='ltr'><strong>acceptum</strong></span> <span class='ocrx_word' id='word_1_135' title='bbox 929 1575 1022 1638; x_wconf 86' lang='lat' dir='ltr'><strong>ogere</strong></span> <span class='ocrx_word' id='word_1_136' title='bbox 1040 1561 1145 1638; x_wconf 88' lang='lat' dir='ltr'><strong>queat,</strong></span> <span class='ocrx_word' id='word_1_137' title='bbox 1163 1561 1197 1616; x_wconf 93' lang='lat' dir='ltr'><strong>ut</strong></span> <span class='ocrx_word' id='word_1_138' title='bbox 1254 1555 1379 1618; x_wconf 92' lang='lat' dir='ltr'><strong>tissima</strong></span> <span class='ocrx_word' id='word_1_139' title='bbox 1393 1556 1530 1619; x_wconf 72' lang='lat' dir='ltr'><strong>Trinitas</strong></span> <span class='ocrx_word' id='word_1_140' title='bbox 1548 1563 1624 1630; x_wconf 87' lang='lat' dir='ltr'><strong>tota,</strong></span> <span class='ocrx_word' id='word_1_141' title='bbox 1640 1574 1697 1638; x_wconf 92' lang='lat' dir='ltr'><strong>per</strong></span> <span class='ocrx_word' id='word_1_142' title='bbox 1716 1554 1879 1618; x_wconf 85' lang='lat' dir='ltr'><strong>Christum</strong></span> <span class='ocrx_word' id='word_1_143' title='bbox 1901 1553 1988 1616; x_wconf 91' lang='lat' dir='ltr'><strong>bomi-</strong></span> 
     </span>
     <span class='ocr_line' id='line_1_12' title="bbox 320 1651 1988 1736; baseline 0.001 -24"><span class='ocrx_word' id='word_1_144' title='bbox 320 1668 405 1712; x_wconf 68' lang='grc' dir='ltr'>σοι»...</span> <span class='ocrx_word' id='word_1_145' title='bbox 421 1681 436 1718; x_wconf 81' lang='grc' dir='ltr'>ι.</span> <span class='ocrx_word' id='word_1_146' title='bbox 451 1653 593 1716; x_wconf 87' lang='lat' dir='ltr'><strong>ambulet</strong></span> <span class='ocrx_word' id='word_1_147' title='bbox 614 1655 709 1736; x_wconf 86' lang='lat' dir='ltr'><strong>digne</strong></span> <span class='ocrx_word' id='word_1_148' title='bbox 731 1657 796 1719; x_wconf 88' lang='lat' dir='ltr'><strong>Deo</strong></span> <span class='ocrx_word' id='word_1_149' title='bbox 819 1674 893 1718; x_wconf 90' lang='lat' dir='ltr'><strong>cum</strong></span> <span class='ocrx_word' id='word_1_150' title='bbox 912 1655 999 1717; x_wconf 92' lang='lat' dir='ltr'><strong>omui</strong></span> <span class='ocrx_word' id='word_1_151' title='bbox 1020 1653 1195 1734; x_wconf 86' lang='lat' dir='ltr'><strong>diligentia,</strong></span> <span class='ocrx_word' id='word_1_152' title='bbox 1254 1673 1329 1717; x_wconf 93' lang='lat' dir='ltr'><strong>nem</strong></span> <span class='ocrx_word' id='word_1_153' title='bbox 1348 1672 1406 1718; x_wconf 93' lang='lat' dir='ltr'><strong>nos</strong></span> <span class='ocrx_word' id='word_1_154' title='bbox 1425 1654 1607 1719; x_wconf 82' lang='lat' dir='ltr'><strong>allicienter</strong></span> <span class='ocrx_word' id='word_1_155' title='bbox 1623 1673 1661 1716; x_wconf 89' lang='lat' dir='ltr'><strong>ac</strong></span> <span class='ocrx_word' id='word_1_156' title='bbox 1683 1652 1906 1736; x_wconf 82' lang='lat' dir='ltr'><strong>principaliter</strong></span> <span class='ocrx_word' id='word_1_157' title='bbox 1922 1651 1988 1714; x_wconf 87' lang='lat' dir='ltr'><strong>lihe-</strong></span> 
     </span>
     <span class='ocr_line' id='line_1_13' title="bbox 304 1733 2072 1834; baseline -0.001 -21"><span class='ocrx_word' id='word_1_158' title='bbox 304 1733 337 1775; x_wconf 82' lang='lat'><strong>¹⁰·</strong></span> <span class='ocrx_word' id='word_1_159' title='bbox 450 1753 638 1826; x_wconf 88' lang='lat' dir='ltr'><strong>reverentia,</strong></span> <span class='ocrx_word' id='word_1_160' title='bbox 651 1753 809 1815; x_wconf 93' lang='lat' dir='ltr'><strong>munditia</strong></span> <span class='ocrx_word' id='word_1_161' title='bbox 823 1761 855 1815; x_wconf 90' lang='lat' dir='ltr'><strong>et</strong></span> <span class='ocrx_word' id='word_1_162' title='bbox 869 1753 1004 1827; x_wconf 80' lang='lat' dir='ltr'><strong>fervore,</strong></span> <span class='ocrx_word' id='word_1_163' title='bbox 1016 1751 1196 1815; x_wconf 90' lang='lat' dir='ltr'><strong>deservien·</strong></span> <span class='ocrx_word' id='word_1_164' title='bbox 1254 1753 1344 1815; x_wconf 87' lang='lat' dir='ltr'><strong>ravit.</strong></span> <span class='ocrx_word' id='word_1_165' title='bbox 1371 1753 1458 1816; x_wconf 90' lang='lat' dir='ltr'><strong>Unde</strong></span> <span class='ocrx_word' id='word_1_166' title='bbox 1482 1752 1516 1815; x_wconf 93' lang='lat' dir='ltr'><strong>iu</strong></span> <span class='ocrx_word' id='word_1_167' title='bbox 1539 1752 1618 1816; x_wconf 85' lang='lat' dir='ltr'><strong>Osee</strong></span> <span class='ocrx_word' id='word_1_168' title='bbox 1647 1751 1804 1834; x_wconf 91' lang='lat' dir='ltr'><strong>scripturn</strong></span> <span class='ocrx_word' id='word_1_169' title='bbox 1828 1758 1877 1814; x_wconf 89' lang='lat' dir='ltr'><strong>est</strong></span> <span class='ocrx_word' id='word_1_170' title='bbox 1901 1769 1909 1814; x_wconf 90' lang='lat'>:</span> <span class='ocrx_word' id='word_1_171' title='bbox 1933 1751 1987 1832; x_wconf 88' lang='lat' dir='ltr'><strong>Ego</strong></span> <span class='ocrx_word' id='word_1_172' title='bbox 1997 1769 2072 1814; x_wconf 60' lang='lat' dir='ltr'><strong>omn</strong></span> 
     </span>
     <span class='ocr_line' id='line_1_14' title="bbox 450 1845 1988 1932; baseline -0.001 -20"><span class='ocrx_word' id='word_1_173' title='bbox 450 1849 492 1912; x_wconf 95' lang='lat' dir='ltr'><strong>do</strong></span> <span class='ocrx_word' id='word_1_174' title='bbox 510 1850 577 1932; x_wconf 86' lang='lat' dir='ltr'><strong>regi</strong></span> <span class='ocrx_word' id='word_1_175' title='bbox 597 1850 772 1932; x_wconf 73' lang='lat' dir='ltr'><strong>maiestatis</strong></span> <span class='ocrx_word' id='word_1_176' title='bbox 787 1851 968 1930; x_wconf 81' lang='lat' dir='ltr'><strong>immensae3</strong></span> <span class='ocrx_word' id='word_1_177' title='bbox 984 1850 1061 1932; x_wconf 91' lang='lat' dir='ltr'><strong>quia</strong></span> <span class='ocrx_word' id='word_1_178' title='bbox 1079 1857 1115 1912; x_wconf 92' lang='lat' dir='ltr'><strong>ut</strong></span> <span class='ocrx_word' id='word_1_179' title='bbox 1129 1849 1197 1911; x_wconf 88' lang='lat' dir='ltr'><strong>tali-</strong></span> <span class='ocrx_word' id='word_1_180' title='bbox 1215 1845 1238 1908; x_wconf 92' lang='lat' dir='ltr'>B</span> <span class='ocrx_word' id='word_1_181' title='bbox 1254 1850 1407 1913; x_wconf 85' lang='lat' dir='ltr'><strong>Dominus</strong></span> <span class='ocrx_word' id='word_1_182' title='bbox 1431 1851 1514 1914; x_wconf 82' lang='lat' dir='ltr'><strong>Deus</strong></span> <span class='ocrx_word' id='word_1_183' title='bbox 1537 1858 1623 1924; x_wconf 91' lang='lat' dir='ltr'><strong>tuus,</strong></span> <span class='ocrx_word' id='word_1_184' title='bbox 1648 1858 1680 1914; x_wconf 92' lang='lat' dir='ltr'><strong>et</strong></span> <span class='ocrx_word' id='word_1_185' title='bbox 1702 1850 1842 1914; x_wconf 86' lang='lat' dir='ltr'><strong>salvator</strong></span> <span class='ocrx_word' id='word_1_186' title='bbox 1863 1868 1925 1913; x_wconf 93' lang='lat' dir='ltr'><strong>non</strong></span> <span class='ocrx_word' id='word_1_187' title='bbox 1947 1857 1988 1911; x_wconf 84' lang='lat' dir='ltr'><strong>est</strong></span> 
     </span>
     <span class='ocr_line' id='line_1_15' title="bbox 449 1949 1987 2033; baseline 0 -23"><span class='ocrx_word' id='word_1_188' title='bbox 449 1957 499 2011; x_wconf 92' lang='lat' dir='ltr'><strong>ter</strong></span> <span class='ocrx_word' id='word_1_189' title='bbox 523 1950 589 2012; x_wconf 86' lang='lat' dir='ltr'><strong>Deo</strong></span> <span class='ocrx_word' id='word_1_190' title='bbox 617 1949 848 2024; x_wconf 89' lang='lat' dir='ltr'><strong>ministremus,</strong></span> <span class='ocrx_word' id='word_1_191' title='bbox 874 1949 1018 2014; x_wconf 85' lang='lat' dir='ltr'><strong>Christus</strong></span> <span class='ocrx_word' id='word_1_192' title='bbox 1046 1949 1135 2012; x_wconf 91' lang='lat' dir='ltr'><strong>venit</strong></span> <span class='ocrx_word' id='word_1_193' title='bbox 1162 1949 1196 2011; x_wconf 92' lang='lat' dir='ltr'><strong>in</strong></span> <span class='ocrx_word' id='word_1_194' title='bbox 1253 1958 1368 2032; x_wconf 78' lang='lat' dir='ltr'><strong>prater</strong></span> <span class='ocrx_word' id='word_1_195' title='bbox 1388 1969 1448 2013; x_wconf 91' lang='lat' dir='ltr'><strong>me.</strong></span> <span class='ocrx_word' id='word_1_196' title='bbox 1465 1951 1509 2013; x_wconf 82' lang='lat' dir='ltr'><strong>lle</strong></span> <span class='ocrx_word' id='word_1_197' title='bbox 1524 1950 1583 2013; x_wconf 86' lang='lat' dir='ltr'><strong>hac</strong></span> <span class='ocrx_word' id='word_1_198' title='bbox 1600 1951 1765 2033; x_wconf 89' lang='lat' dir='ltr'><strong>ereptione</strong></span> <span class='ocrx_word' id='word_1_199' title='bbox 1780 1949 1933 2032; x_wconf 89' lang='lat' dir='ltr'><strong>scripturn</strong></span> <span class='ocrx_word' id='word_1_200' title='bbox 1947 1956 1987 2011; x_wconf 84' lang='lat' dir='ltr'><strong>est</strong></span> 
     </span>
     <span class='ocr_line' id='line_1_16' title="bbox 314 2047 2071 2131; baseline -0.005 -17"><span class='ocrx_word' id='word_1_201' title='bbox 314 2070 435 2122; x_wconf 63' lang='lat' dir='ltr'><strong>uerna,</strong></span> <span class='ocrx_word' id='word_1_202' title='bbox 451 2047 619 2123; x_wconf 88' lang='lat' dir='ltr'><strong>mnndum,</strong></span> <span class='ocrx_word' id='word_1_203' title='bbox 643 2048 790 2111; x_wconf 86' lang='lat' dir='ltr'><strong>Zacharia</strong></span> <span class='ocrx_word' id='word_1_204' title='bbox 815 2055 949 2111; x_wconf 88' lang='lat' dir='ltr'><strong>testante</strong></span> <span class='ocrx_word' id='word_1_205' title='bbox 974 2065 982 2110; x_wconf 72' lang='grc' dir='ltr'>ε</span> <span class='ocrx_word' id='word_1_206' title='bbox 1007 2047 1196 2110; x_wconf 87' lang='lat' dir='ltr'><strong>Benedictus</strong></span> <span class='ocrx_word' id='word_1_207' title='bbox 1253 2049 1357 2130; x_wconf 92' lang='lat' dir='ltr'><strong>prima</strong></span> <span class='ocrx_word' id='word_1_208' title='bbox 1375 2049 1457 2113; x_wconf 83' lang='lat' dir='ltr'><strong>Petri</strong></span> <span class='ocrx_word' id='word_1_209' title='bbox 1475 2067 1482 2112; x_wconf 91' lang='lat'><strong>:</strong></span> <span class='ocrx_word' id='word_1_210' title='bbox 1499 2049 1567 2112; x_wconf 91' lang='lat' dir='ltr'><strong>Non</strong></span> <span class='ocrx_word' id='word_1_211' title='bbox 1589 2047 1854 2131; x_wconf 90' lang='lat' dir='ltr'><strong>corruptibilibus</strong></span> <span class='ocrx_word' id='word_1_212' title='bbox 1869 2067 1945 2112; x_wconf 89' lang='lat' dir='ltr'><strong>auro</strong></span> <span class='ocrx_word' id='word_1_213' title='bbox 1960 2055 2071 2110; x_wconf 65' lang='lat' dir='ltr'><strong>etima</strong></span> 
     </span>
     <span class='ocr_line' id='line_1_17' title="bbox 300 2132 2020 2231; baseline 0.001 -23"><span class='ocrx_word' id='word_1_214' title='bbox 300 2135 377 2186; x_wconf 52' lang='lat'>⁷⁴³⁵·</span> <span class='ocrx_word' id='word_1_215' title='bbox 449 2145 604 2209; x_wconf 86' lang='lat' dir='ltr'><strong>Dominus</strong></span> <span class='ocrx_word' id='word_1_216' title='bbox 619 2147 701 2209; x_wconf 86' lang='lat' dir='ltr'><strong>Deus</strong></span> <span class='ocrx_word' id='word_1_217' title='bbox 716 2146 904 2229; x_wconf 87' lang='lat' dir='ltr'><strong>lsrael,quia</strong></span> <span class='ocrx_word' id='word_1_218' title='bbox 919 2146 1061 2210; x_wconf 90' lang='lat' dir='ltr'><strong>visitavit</strong></span> <span class='ocrx_word' id='word_1_219' title='bbox 1074 2153 1106 2209; x_wconf 88' lang='lat' dir='ltr'><strong>et</strong></span> <span class='ocrx_word' id='word_1_220' title='bbox 1119 2145 1197 2208; x_wconf 86' lang='lat' dir='ltr'><strong>lecit</strong></span> <span class='ocrx_word' id='word_1_221' title='bbox 1253 2155 1383 2229; x_wconf 89' lang='lat' dir='ltr'><strong>argento</strong></span> <span class='ocrx_word' id='word_1_222' title='bbox 1403 2149 1560 2231; x_wconf 89' lang='lat' dir='ltr'><strong>redempti</strong></span> <span class='ocrx_word' id='word_1_223' title='bbox 1582 2148 1671 2223; x_wconf 87' lang='lat' dir='ltr'><strong>estis,</strong></span> <span class='ocrx_word' id='word_1_224' title='bbox 1688 2148 1743 2210; x_wconf 89' lang='lat' dir='ltr'><strong>sed</strong></span> <span class='ocrx_word' id='word_1_225' title='bbox 1766 2147 1906 2230; x_wconf 88' lang='lat' dir='ltr'><strong>pretioso</strong></span> <span class='ocrx_word' id='word_1_226' title='bbox 1926 2132 2020 2210; x_wconf 77' lang='lat' dir='ltr'><strong>san¹⁹·</strong></span> 
     </span>
     <span class='ocr_line' id='line_1_18' title="bbox 449 2244 1985 2328; baseline 0.002 -23"><span class='ocrx_word' id='word_1_227' title='bbox 449 2244 702 2326; x_wconf 87' lang='lat' dir='ltr'><strong>redemptionem</strong></span> <span class='ocrx_word' id='word_1_228' title='bbox 722 2244 826 2327; x_wconf 91' lang='lat' dir='ltr'><strong>plebis</strong></span> <span class='ocrx_word' id='word_1_229' title='bbox 845 2264 921 2320; x_wconf 80' lang='lat' dir='ltr'><strong>sua,</strong></span> <span class='ocrx_word' id='word_1_230' title='bbox 938 2253 974 2307; x_wconf 91' lang='lat' dir='ltr'><strong>nt</strong></span> <span class='ocrx_word' id='word_1_231' title='bbox 994 2245 1063 2308; x_wconf 89' lang='lat' dir='ltr'><strong>sine</strong></span> <span class='ocrx_word' id='word_1_232' title='bbox 1080 2244 1195 2307; x_wconf 89' lang='lat' dir='ltr'><strong>timore</strong></span> <span class='ocrx_word' id='word_1_233' title='bbox 1252 2247 1349 2328; x_wconf 91' lang='lat' dir='ltr'><strong>guine</strong></span> <span class='ocrx_word' id='word_1_234' title='bbox 1363 2247 1444 2328; x_wconf 82' lang='lat' dir='ltr'><strong>Agni</strong></span> <span class='ocrx_word' id='word_1_235' title='bbox 1459 2247 1665 2310; x_wconf 88' lang='lat' dir='ltr'><strong>immaculati.</strong></span> <span class='ocrx_word' id='word_1_236' title='bbox 1678 2246 1785 2310; x_wconf 87' lang='lat' dir='ltr'><strong>Simus</strong></span> <span class='ocrx_word' id='word_1_237' title='bbox 1800 2247 1897 2327; x_wconf 89' lang='lat' dir='ltr'><strong>igitur</strong></span> <span class='ocrx_word' id='word_1_238' title='bbox 1909 2253 1985 2308; x_wconf 89' lang='lat' dir='ltr'><strong>tanto</strong></span> 
     </span>
     <span class='ocr_line' id='line_1_19' title="bbox 449 2342 1984 2427; baseline 0.001 -23"><span class='ocrx_word' id='word_1_239' title='bbox 449 2342 626 2404; x_wconf 84' lang='lat' dir='ltr'><strong>serviamus</strong></span> <span class='ocrx_word' id='word_1_240' title='bbox 647 2342 704 2418; x_wconf 88' lang='lat' dir='ltr'><strong>illi,</strong></span> <span class='ocrx_word' id='word_1_241' title='bbox 721 2343 755 2405; x_wconf 95' lang='lat' dir='ltr'><strong>iu</strong></span> <span class='ocrx_word' id='word_1_242' title='bbox 775 2344 940 2406; x_wconf 89' lang='lat' dir='ltr'><strong>sanctitate</strong></span> <span class='ocrx_word' id='word_1_243' title='bbox 959 2351 992 2408; x_wconf 92' lang='lat' dir='ltr'><strong>et</strong></span> <span class='ocrx_word' id='word_1_244' title='bbox 1007 2342 1132 2424; x_wconf 90' lang='lat' dir='ltr'><strong>justitia</strong></span> <span class='ocrx_word' id='word_1_245' title='bbox 1144 2359 1195 2406; x_wconf 88' lang='lat' dir='ltr'><strong>oo·</strong></span> <span class='ocrx_word' id='word_1_246' title='bbox 1253 2344 1414 2408; x_wconf 90' lang='lat' dir='ltr'><strong>liberatori</strong></span> <span class='ocrx_word' id='word_1_247' title='bbox 1432 2343 1569 2426; x_wconf 83' lang='lat' dir='ltr'><strong>subjecti</strong></span> <span class='ocrx_word' id='word_1_248' title='bbox 1585 2353 1618 2408; x_wconf 89' lang='lat' dir='ltr'><strong>et</strong></span> <span class='ocrx_word' id='word_1_249' title='bbox 1630 2344 1723 2427; x_wconf 91' lang='lat' dir='ltr'><strong>grati,</strong></span> <span class='ocrx_word' id='word_1_250' title='bbox 1740 2345 1812 2425; x_wconf 89' lang='lat' dir='ltr'><strong>ejus</strong></span> <span class='ocrx_word' id='word_1_251' title='bbox 1832 2345 1984 2426; x_wconf 80' lang='lat' dir='ltr'><strong>preceptis</strong></span> 
     </span>
     <span class='ocr_line' id='line_1_20' title="bbox 449 2440 1983 2526; baseline 0.003 -25"><span class='ocrx_word' id='word_1_252' title='bbox 449 2458 517 2504; x_wconf 91' lang='lat' dir='ltr'><strong>ram</strong></span> <span class='ocrx_word' id='word_1_253' title='bbox 539 2441 609 2524; x_wconf 91' lang='lat' dir='ltr'><strong>ipso</strong></span> <span class='ocrx_word' id='word_1_254' title='bbox 630 2440 780 2505; x_wconf 91' lang='lat' dir='ltr'><strong>omnibus</strong></span> <span class='ocrx_word' id='word_1_255' title='bbox 800 2442 914 2505; x_wconf 87' lang='lat' dir='ltr'><strong>diebus</strong></span> <span class='ocrx_word' id='word_1_256' title='bbox 935 2443 1062 2506; x_wconf 88' lang='lat' dir='ltr'><strong>nostris.</strong></span> <span class='ocrx_word' id='word_1_257' title='bbox 1252 2443 1496 2525; x_wconf 89' lang='lat' dir='ltr'><strong>diligentissime</strong></span> <span class='ocrx_word' id='word_1_258' title='bbox 1509 2443 1628 2526; x_wconf 89' lang='lat' dir='ltr'><strong>jugiter</strong></span> <span class='ocrx_word' id='word_1_259' title='bbox 1643 2443 1836 2520; x_wconf 89' lang='lat' dir='ltr'><strong>obediendo,</strong></span> <span class='ocrx_word' id='word_1_260' title='bbox 1852 2443 1983 2526; x_wconf 86' lang='lat' dir='ltr'><strong>exemplo</strong></span> 
     </span>
     <span class='ocr_line' id='line_1_21' title="bbox 488 2539 2070 2625; baseline -0.001 -23"><span class='ocrx_word' id='word_1_261' title='bbox 488 2539 642 2604; x_wconf 81' lang='lat' dir='ltr'><strong>Praeterea</strong></span> <span class='ocrx_word' id='word_1_262' title='bbox 661 2540 761 2622; x_wconf 79' lang='lat' dir='ltr'><strong>quari</strong></span> <span class='ocrx_word' id='word_1_263' title='bbox 783 2548 897 2623; x_wconf 88' lang='lat' dir='ltr'><strong>potest,</strong></span> <span class='ocrx_word' id='word_1_264' title='bbox 913 2541 1050 2624; x_wconf 89' lang='lat' dir='ltr'><strong>qualiter</strong></span> <span class='ocrx_word' id='word_1_265' title='bbox 1072 2539 1194 2622; x_wconf 81' lang='lat' dir='ltr'><strong>fragilis</strong></span> <span class='ocrx_word' id='word_1_266' title='bbox 1251 2541 1427 2605; x_wconf 89' lang='lat' dir='ltr'><strong>beatissimi</strong></span> <span class='ocrx_word' id='word_1_267' title='bbox 1453 2542 1591 2605; x_wconf 88' lang='lat' dir='ltr'><strong>Danielis</strong></span> <span class='ocrx_word' id='word_1_268' title='bbox 1615 2543 1789 2625; x_wconf 80' lang='lat' dir='ltr'><strong>propheta.</strong></span> <span class='ocrx_word' id='word_1_269' title='bbox 1816 2543 1875 2616; x_wconf 77' lang='lat' dir='ltr'><strong>Oui</strong></span> <span class='ocrx_word' id='word_1_270' title='bbox 1897 2561 1982 2625; x_wconf 90' lang='lat' dir='ltr'><strong>quum</strong></span> <span class='ocrx_word' id='word_1_271' title='bbox 2003 2563 2070 2606; x_wconf 61' lang='lat' dir='ltr'><strong>aas.</strong></span> 
     </span>
     <span class='ocr_line' id='line_1_22' title="bbox 448 2637 1982 2722; baseline 0.001 -21"><span class='ocrx_word' id='word_1_272' title='bbox 448 2637 544 2702; x_wconf 92' lang='lat' dir='ltr'><strong>homo</strong></span> <span class='ocrx_word' id='word_1_273' title='bbox 559 2638 661 2720; x_wconf 88' lang='lat' dir='ltr'><strong>possit</strong></span> <span class='ocrx_word' id='word_1_274' title='bbox 675 2640 740 2701; x_wconf 85' lang='lat' dir='ltr'><strong>Deo</strong></span> <span class='ocrx_word' id='word_1_275' title='bbox 753 2639 849 2721; x_wconf 89' lang='lat' dir='ltr'><strong>digne</strong></span> <span class='ocrx_word' id='word_1_276' title='bbox 869 2640 989 2703; x_wconf 86' lang='lat' dir='ltr'><strong>servire</strong></span> <span class='ocrx_word' id='word_1_277' title='bbox 1006 2658 1063 2703; x_wconf 89' lang='lat' dir='ltr'><strong>sou</strong></span> <span class='ocrx_word' id='word_1_278' title='bbox 1082 2639 1194 2702; x_wconf 90' lang='lat' dir='ltr'><strong>ambu-</strong></span> <span class='ocrx_word' id='word_1_279' title='bbox 1251 2645 1335 2702; x_wconf 90' lang='lat' dir='ltr'><strong>esset</strong></span> <span class='ocrx_word' id='word_1_280' title='bbox 1358 2657 1415 2720; x_wconf 92' lang='lat' dir='ltr'><strong>per</strong></span> <span class='ocrx_word' id='word_1_281' title='bbox 1443 2639 1565 2722; x_wconf 88' lang='lat' dir='ltr'><strong>aliquot</strong></span> <span class='ocrx_word' id='word_1_282' title='bbox 1586 2658 1686 2703; x_wconf 90' lang='lat' dir='ltr'><strong>annos</strong></span> <span class='ocrx_word' id='word_1_283' title='bbox 1711 2659 1785 2704; x_wconf 91' lang='lat' dir='ltr'><strong>cum</strong></span> <span class='ocrx_word' id='word_1_284' title='bbox 1810 2641 1902 2704; x_wconf 88' lang='lat' dir='ltr'><strong>Dario</strong></span> <span class='ocrx_word' id='word_1_285' title='bbox 1924 2658 1982 2720; x_wconf 81' lang='lat' dir='ltr'><strong>rege</strong></span> 
     </span>
     <span class='ocr_line' id='line_1_23' title="bbox 448 2735 1983 2821; baseline 0.001 -23"><span class='ocrx_word' id='word_1_286' title='bbox 448 2735 524 2810; x_wconf 90' lang='lat' dir='ltr'><strong>lare,</strong></span> <span class='ocrx_word' id='word_1_287' title='bbox 542 2754 642 2818; x_wconf 92' lang='lat' dir='ltr'><strong>quum</strong></span> <span class='ocrx_word' id='word_1_288' title='bbox 666 2737 750 2800; x_wconf 89' lang='lat' dir='ltr'><strong>Deus</strong></span> <span class='ocrx_word' id='word_1_289' title='bbox 773 2739 975 2821; x_wconf 91' lang='lat' dir='ltr'><strong>omnipotens</strong></span> <span class='ocrx_word' id='word_1_290' title='bbox 997 2746 1028 2801; x_wconf 90' lang='lat' dir='ltr'><strong>et</strong></span> <span class='ocrx_word' id='word_1_291' title='bbox 1049 2737 1194 2801; x_wconf 83' lang='lat' dir='ltr'><strong>excelsus</strong></span> <span class='ocrx_word' id='word_1_292' title='bbox 1249 2735 1422 2812; x_wconf 84' lang='lat' dir='ltr'><strong>Medorum,</strong></span> <span class='ocrx_word' id='word_1_293' title='bbox 1438 2737 1553 2800; x_wconf 91' lang='lat' dir='ltr'><strong>deinde</strong></span> <span class='ocrx_word' id='word_1_294' title='bbox 1572 2738 1718 2820; x_wconf 92' lang='lat' dir='ltr'><strong>pluribus</strong></span> <span class='ocrx_word' id='word_1_295' title='bbox 1737 2738 1831 2801; x_wconf 91' lang='lat' dir='ltr'><strong>annis</strong></span> <span class='ocrx_word' id='word_1_296' title='bbox 1849 2757 1922 2801; x_wconf 89' lang='lat' dir='ltr'><strong>oum</strong></span> <span class='ocrx_word' id='word_1_297' title='bbox 1941 2738 1983 2820; x_wconf 72' lang='lat' dir='ltr'><strong>dy·</strong></span> 
     </span>
     <span class='ocr_line' id='line_1_24' title="bbox 448 2834 1982 2918; baseline 0.001 -21"><span class='ocrx_word' id='word_1_298' title='bbox 448 2836 490 2897; x_wconf 94' lang='lat' dir='ltr'><strong>sit</strong></span> <span class='ocrx_word' id='word_1_299' title='bbox 505 2837 538 2898; x_wconf 94' lang='lat' dir='ltr'><strong>in</strong></span> <span class='ocrx_word' id='word_1_300' title='bbox 553 2834 719 2899; x_wconf 87' lang='lat' dir='ltr'><strong>inlinitum</strong></span> <span class='ocrx_word' id='word_1_301' title='bbox 740 2837 854 2918; x_wconf 72' lang='lat' dir='ltr'><strong>maiori</strong></span> <span class='ocrx_word' id='word_1_302' title='bbox 874 2837 1052 2901; x_wconf 88' lang='lat' dir='ltr'><strong>reverentia</strong></span> <span class='ocrx_word' id='word_1_303' title='bbox 1067 2837 1192 2918; x_wconf 90' lang='lat' dir='ltr'><strong>dignus,</strong></span> <span class='ocrx_word' id='word_1_304' title='bbox 1251 2852 1286 2897; x_wconf 90' lang='lat' dir='ltr'><strong>ro</strong></span> <span class='ocrx_word' id='word_1_305' title='bbox 1308 2853 1380 2916; x_wconf 87' lang='lat' dir='ltr'><strong>rege</strong></span> <span class='ocrx_word' id='word_1_306' title='bbox 1400 2836 1578 2912; x_wconf 90' lang='lat' dir='ltr'><strong>Persarum,</strong></span> <span class='ocrx_word' id='word_1_307' title='bbox 1595 2844 1628 2900; x_wconf 91' lang='lat' dir='ltr'><strong>et</strong></span> <span class='ocrx_word' id='word_1_308' title='bbox 1646 2844 1731 2900; x_wconf 88' lang='lat' dir='ltr'><strong>esset</strong></span> <span class='ocrx_word' id='word_1_309' title='bbox 1750 2837 1785 2899; x_wconf 94' lang='lat' dir='ltr'><strong>in</strong></span> <span class='ocrx_word' id='word_1_310' title='bbox 1804 2837 1909 2901; x_wconf 89' lang='lat' dir='ltr'><strong>medio</strong></span> <span class='ocrx_word' id='word_1_311' title='bbox 1921 2855 1982 2918; x_wconf 87' lang='lat' dir='ltr'><strong>gen-</strong></span> 
     </span>
     <span class='ocr_line' id='line_1_25' title="bbox 446 2933 1981 3017; baseline 0 -21"><span class='ocrx_word' id='word_1_312' title='bbox 446 2953 543 3016; x_wconf 90' lang='lat' dir='ltr'><strong>quum</strong></span> <span class='ocrx_word' id='word_1_313' title='bbox 566 2951 677 2998; x_wconf 90' lang='lat' dir='ltr'><strong>omnes</strong></span> <span class='ocrx_word' id='word_1_314' title='bbox 701 2935 797 2998; x_wconf 94' lang='lat' dir='ltr'><strong>simul</strong></span> <span class='ocrx_word' id='word_1_315' title='bbox 822 2936 1053 2999; x_wconf 89' lang='lat' dir='ltr'><strong>intellectuales</strong></span> <span class='ocrx_word' id='word_1_316' title='bbox 1074 2941 1196 2999; x_wconf 87' lang='lat' dir='ltr'><strong>creatu·</strong></span> <span class='ocrx_word' id='word_1_317' title='bbox 1248 2933 1354 2996; x_wconf 93' lang='lat' dir='ltr'><strong>tilium</strong></span> <span class='ocrx_word' id='word_1_318' title='bbox 1384 2936 1522 3016; x_wconf 88' lang='lat' dir='ltr'><strong>pessime</strong></span> <span class='ocrx_word' id='word_1_319' title='bbox 1551 2935 1829 3008; x_wconf 85' lang='lat' dir='ltr'><strong>idololatrantium,</strong></span> <span class='ocrx_word' id='word_1_320' title='bbox 1854 2944 1981 3017; x_wconf 85' lang='lat' dir='ltr'><strong>essetque</strong></span> 
     </span>
     <span class='ocr_line' id='line_1_26' title="bbox 448 3030 1981 3117; baseline 0.001 -23"><span class='ocrx_word' id='word_1_321' title='bbox 448 3051 491 3095; x_wconf 79' lang='lat' dir='ltr'><strong>raa</strong></span> <span class='ocrx_word' id='word_1_322' title='bbox 515 3033 544 3094; x_wconf 88' lang='lat' dir='ltr'><strong>ei</strong></span> <span class='ocrx_word' id='word_1_323' title='bbox 570 3033 694 3115; x_wconf 92' lang='lat' dir='ltr'><strong>possint</strong></span> <span class='ocrx_word' id='word_1_324' title='bbox 718 3034 913 3117; x_wconf 89' lang='lat' dir='ltr'><strong>impendere.</strong></span> <span class='ocrx_word' id='word_1_325' title='bbox 940 3035 979 3096; x_wconf 84' lang='lat' dir='ltr'><strong>Et</strong></span> <span class='ocrx_word' id='word_1_326' title='bbox 1001 3034 1194 3117; x_wconf 90' lang='lat' dir='ltr'><strong>responden·</strong></span> <span class='ocrx_word' id='word_1_327' title='bbox 1212 3030 1379 3112; x_wconf 85' lang='lat' dir='ltr'><strong>Gregibus</strong></span> <span class='ocrx_word' id='word_1_328' title='bbox 1404 3032 1468 3097; x_wconf 92' lang='lat' dir='ltr'><strong>illis</strong></span> <span class='ocrx_word' id='word_1_329' title='bbox 1493 3032 1677 3096; x_wconf 91' lang='lat' dir='ltr'><strong>carissimus</strong></span> <span class='ocrx_word' id='word_1_330' title='bbox 1699 3042 1732 3096; x_wconf 91' lang='lat' dir='ltr'><strong>et</strong></span> <span class='ocrx_word' id='word_1_331' title='bbox 1752 3033 1925 3116; x_wconf 90' lang='lat' dir='ltr'><strong>plurimum</strong></span> <span class='ocrx_word' id='word_1_332' title='bbox 1949 3033 1981 3096; x_wconf 86' lang='lat' dir='ltr'><strong>la·</strong></span> 
     </span>
     <span class='ocr_line' id='line_1_27' title="bbox 448 3130 1981 3216; baseline 0 -23"><span class='ocrx_word' id='word_1_333' title='bbox 448 3130 536 3206; x_wconf 90' lang='lat' dir='ltr'><strong>dum,</strong></span> <span class='ocrx_word' id='word_1_334' title='bbox 554 3132 638 3213; x_wconf 92' lang='lat' dir='ltr'><strong>quod</strong></span> <span class='ocrx_word' id='word_1_335' title='bbox 660 3132 807 3196; x_wconf 89' lang='lat' dir='ltr'><strong>babendo</strong></span> <span class='ocrx_word' id='word_1_336' title='bbox 826 3141 1008 3216; x_wconf 88' lang='lat' dir='ltr'><strong>respectum</strong></span> <span class='ocrx_word' id='word_1_337' title='bbox 1027 3133 1066 3195; x_wconf 89' lang='lat' dir='ltr'><strong>ad</strong></span> <span class='ocrx_word' id='word_1_338' title='bbox 1086 3131 1196 3195; x_wconf 91' lang='lat' dir='ltr'><strong>inlini·</strong></span> <span class='ocrx_word' id='word_1_339' title='bbox 1249 3132 1395 3209; x_wconf 89' lang='lat' dir='ltr'><strong>miliaris,</strong></span> <span class='ocrx_word' id='word_1_340' title='bbox 1412 3141 1444 3196; x_wconf 91' lang='lat' dir='ltr'><strong>et</strong></span> <span class='ocrx_word' id='word_1_341' title='bbox 1461 3132 1494 3196; x_wconf 93' lang='lat' dir='ltr'><strong>in</strong></span> <span class='ocrx_word' id='word_1_342' title='bbox 1514 3133 1653 3195; x_wconf 85' lang='lat' dir='ltr'><strong>maxima</strong></span> <span class='ocrx_word' id='word_1_343' title='bbox 1673 3131 1827 3214; x_wconf 76' lang='lat' dir='ltr'><strong>dignitate</strong></span> <span class='ocrx_word' id='word_1_344' title='bbox 1847 3133 1981 3196; x_wconf 87' lang='lat' dir='ltr'><strong>constitu-</strong></span> 
     </span>
     <span class='ocr_line' id='line_1_28' title="bbox 446 3230 1981 3314; baseline 0 -22"><span class='ocrx_word' id='word_1_345' title='bbox 446 3237 512 3292; x_wconf 92' lang='lat' dir='ltr'><strong>tam</strong></span> <span class='ocrx_word' id='word_1_346' title='bbox 527 3231 713 3312; x_wconf 86' lang='lat' dir='ltr'><strong>dignitatem</strong></span> <span class='ocrx_word' id='word_1_347' title='bbox 729 3242 761 3295; x_wconf 91' lang='lat' dir='ltr'><strong>et</strong></span> <span class='ocrx_word' id='word_1_348' title='bbox 774 3233 995 3296; x_wconf 86' lang='lat' dir='ltr'><strong>excellentiam</strong></span> <span class='ocrx_word' id='word_1_349' title='bbox 1011 3230 1195 3306; x_wconf 89' lang='lat' dir='ltr'><strong>Dei,nullus</strong></span> <span class='ocrx_word' id='word_1_350' title='bbox 1249 3238 1301 3294; x_wconf 90' lang='lat' dir='ltr'><strong>tus</strong></span> <span class='ocrx_word' id='word_1_351' title='bbox 1320 3231 1360 3294; x_wconf 95' lang='lat' dir='ltr'><strong>ab</strong></span> <span class='ocrx_word' id='word_1_352' title='bbox 1381 3232 1438 3306; x_wconf 90' lang='lat' dir='ltr'><strong>eis,</strong></span> <span class='ocrx_word' id='word_1_353' title='bbox 1455 3251 1619 3314; x_wconf 92' lang='lat' dir='ltr'><strong>nunquam</strong></span> <span class='ocrx_word' id='word_1_354' title='bbox 1639 3237 1747 3294; x_wconf 89' lang='lat' dir='ltr'><strong>tamen</strong></span> <span class='ocrx_word' id='word_1_355' title='bbox 1767 3231 1872 3314; x_wconf 87' lang='lat' dir='ltr'><strong>potuit</strong></span> <span class='ocrx_word' id='word_1_356' title='bbox 1888 3231 1927 3294; x_wconf 86' lang='lat' dir='ltr'><strong>ab</strong></span> <span class='ocrx_word' id='word_1_357' title='bbox 1945 3232 1981 3293; x_wconf 87' lang='lat' dir='ltr'><strong>eis</strong></span> 
     </span>
    </p>

    <p class='ocr_par' dir='ltr' id='par_1_3' title="bbox 387 3328 2067 4104">
     <span class='ocr_line' id='line_1_29' title="bbox 387 3328 1980 3412; baseline -0.003 -18"><span class='ocrx_word' id='word_1_358' title='bbox 387 3381 393 3394; x_wconf 92' lang='lat'>.</span> <span class='ocrx_word' id='word_1_359' title='bbox 448 3335 553 3409; x_wconf 90' lang='lat' dir='ltr'><strong>potest</strong></span> <span class='ocrx_word' id='word_1_360' title='bbox 567 3329 598 3392; x_wconf 91' lang='lat' dir='ltr'><strong>ei</strong></span> <span class='ocrx_word' id='word_1_361' title='bbox 618 3330 713 3412; x_wconf 90' lang='lat' dir='ltr'><strong>digne</strong></span> <span class='ocrx_word' id='word_1_362' title='bbox 736 3333 873 3412; x_wconf 91' lang='lat' dir='ltr'><strong>servire;</strong></span> <span class='ocrx_word' id='word_1_363' title='bbox 890 3332 945 3395; x_wconf 89' lang='lat' dir='ltr'><strong>sod</strong></span> <span class='ocrx_word' id='word_1_364' title='bbox 965 3329 1194 3394; x_wconf 89' lang='lat' dir='ltr'><strong>considerando</strong></span> <span class='ocrx_word' id='word_1_365' title='bbox 1249 3337 1304 3392; x_wconf 90' lang='lat' dir='ltr'><strong>aut</strong></span> <span class='ocrx_word' id='word_1_366' title='bbox 1318 3348 1430 3392; x_wconf 91' lang='lat' dir='ltr'><strong>eorum</strong></span> <span class='ocrx_word' id='word_1_367' title='bbox 1445 3329 1647 3412; x_wconf 91' lang='lat' dir='ltr'><strong>principibus</strong></span> <span class='ocrx_word' id='word_1_368' title='bbox 1661 3349 1697 3392; x_wconf 92' lang='lat' dir='ltr'><strong>ac</strong></span> <span class='ocrx_word' id='word_1_369' title='bbox 1712 3330 1868 3392; x_wconf 93' lang='lat' dir='ltr'><strong>ministris</strong></span> <span class='ocrx_word' id='word_1_370' title='bbox 1887 3328 1980 3392; x_wconf 89' lang='lat' dir='ltr'><strong>induci</strong></span> 
     </span>
     <span class='ocr_line' id='line_1_30' title="bbox 448 3426 1979 3512; baseline 0 -23"><span class='ocrx_word' id='word_1_371' title='bbox 448 3426 694 3508; x_wconf 88' lang='lat' dir='ltr'><strong>possibilitatem</strong></span> <span class='ocrx_word' id='word_1_372' title='bbox 716 3429 895 3512; x_wconf 83' lang='lat' dir='ltr'><strong>fragilitatis</strong></span> <span class='ocrx_word' id='word_1_373' title='bbox 917 3431 1075 3504; x_wconf 80' lang='lat' dir='ltr'><strong>bumana,</strong></span> <span class='ocrx_word' id='word_1_374' title='bbox 1092 3427 1195 3509; x_wconf 91' lang='lat' dir='ltr'><strong>digni·</strong></span> <span class='ocrx_word' id='word_1_375' title='bbox 1249 3428 1430 3492; x_wconf 87' lang='lat' dir='ltr'><strong>adulatione</strong></span> <span class='ocrx_word' id='word_1_376' title='bbox 1446 3435 1500 3491; x_wconf 89' lang='lat' dir='ltr'><strong>aut</strong></span> <span class='ocrx_word' id='word_1_377' title='bbox 1515 3426 1612 3490; x_wconf 92' lang='lat' dir='ltr'><strong>minis</strong></span> <span class='ocrx_word' id='word_1_378' title='bbox 1629 3435 1665 3490; x_wconf 94' lang='lat' dir='ltr'><strong>ut</strong></span> <span class='ocrx_word' id='word_1_379' title='bbox 1678 3428 1826 3491; x_wconf 85' lang='lat' dir='ltr'><strong>divinum</strong></span> <span class='ocrx_word' id='word_1_380' title='bbox 1840 3436 1979 3509; x_wconf 84' lang='lat' dir='ltr'><strong>transgre</strong></span> 
     </span>
     <span class='ocr_line' id='line_1_31' title="bbox 447 3526 1981 3610; baseline 0.001 -23"><span class='ocrx_word' id='word_1_381' title='bbox 447 3532 544 3589; x_wconf 90' lang='lat' dir='ltr'><strong>tatem</strong></span> <span class='ocrx_word' id='word_1_382' title='bbox 565 3545 693 3610; x_wconf 86' lang='lat' dir='ltr'><strong>quoque</strong></span> <span class='ocrx_word' id='word_1_383' title='bbox 714 3529 822 3609; x_wconf 77' lang='lat' dir='ltr'><strong>gratie</strong></span> <span class='ocrx_word' id='word_1_384' title='bbox 843 3535 969 3610; x_wconf 90' lang='lat' dir='ltr'><strong>gratum</strong></span> <span class='ocrx_word' id='word_1_385' title='bbox 991 3527 1146 3602; x_wconf 83' lang='lat' dir='ltr'><strong>facientis,</strong></span> <span class='ocrx_word' id='word_1_386' title='bbox 1163 3534 1195 3590; x_wconf 91' lang='lat' dir='ltr'><strong>et</strong></span> <span class='ocrx_word' id='word_1_387' title='bbox 1249 3528 1377 3590; x_wconf 91' lang='lat' dir='ltr'><strong>deretur</strong></span> <span class='ocrx_word' id='word_1_388' title='bbox 1392 3535 1600 3610; x_wconf 76' lang='lat' dir='ltr'><strong>preceptum,</strong></span> <span class='ocrx_word' id='word_1_389' title='bbox 1616 3527 1666 3590; x_wconf 88' lang='lat' dir='ltr'><strong>vel</strong></span> <span class='ocrx_word' id='word_1_390' title='bbox 1682 3527 1751 3590; x_wconf 87' lang='lat' dir='ltr'><strong>veri</strong></span> <span class='ocrx_word' id='word_1_391' title='bbox 1765 3527 1822 3590; x_wconf 84' lang='lat' dir='ltr'><strong>Dei</strong></span> <span class='ocrx_word' id='word_1_392' title='bbox 1839 3526 1981 3608; x_wconf 88' lang='lat' dir='ltr'><strong>relinque-</strong></span> 
     </span>
     <span class='ocr_line' id='line_1_32' title="bbox 448 3623 1980 3710; baseline 0 -25"><span class='ocrx_word' id='word_1_393' title='bbox 448 3623 587 3687; x_wconf 91' lang='lat' dir='ltr'><strong>caritatis</strong></span> <span class='ocrx_word' id='word_1_394' title='bbox 608 3625 732 3701; x_wconf 81' lang='lat' dir='ltr'><strong>infusa,</strong></span> <span class='ocrx_word' id='word_1_395' title='bbox 748 3627 946 3710; x_wconf 87' lang='lat' dir='ltr'><strong>actualisque</strong></span> <span class='ocrx_word' id='word_1_396' title='bbox 964 3627 1113 3690; x_wconf 88' lang='lat' dir='ltr'><strong>motionis</strong></span> <span class='ocrx_word' id='word_1_397' title='bbox 1127 3626 1195 3708; x_wconf 87' lang='lat' dir='ltr'><strong>Spi-</strong></span> <span class='ocrx_word' id='word_1_398' title='bbox 1249 3633 1297 3688; x_wconf 90' lang='lat' dir='ltr'><strong>ret</strong></span> <span class='ocrx_word' id='word_1_399' title='bbox 1326 3625 1459 3700; x_wconf 92' lang='lat' dir='ltr'><strong>cultum,</strong></span> <span class='ocrx_word' id='word_1_400' title='bbox 1486 3625 1569 3688; x_wconf 92' lang='lat' dir='ltr'><strong>idola</strong></span> <span class='ocrx_word' id='word_1_401' title='bbox 1597 3626 1775 3706; x_wconf 83' lang='lat' dir='ltr'><strong>adorand03</strong></span> <span class='ocrx_word' id='word_1_402' title='bbox 1800 3625 1856 3690; x_wconf 88' lang='lat' dir='ltr'><strong>sed</strong></span> <span class='ocrx_word' id='word_1_403' title='bbox 1882 3625 1980 3688; x_wconf 88' lang='lat' dir='ltr'><strong>maluit</strong></span> 
     </span>
     <span class='ocr_line' id='line_1_33' title="bbox 448 3723 1978 3807; baseline 0 -23"><span class='ocrx_word' id='word_1_404' title='bbox 448 3723 528 3784; x_wconf 90' lang='lat' dir='ltr'><strong>ritus</strong></span> <span class='ocrx_word' id='word_1_405' title='bbox 550 3723 668 3798; x_wconf 86' lang='lat' dir='ltr'><strong>Sancti,</strong></span> <span class='ocrx_word' id='word_1_406' title='bbox 684 3732 716 3787; x_wconf 93' lang='lat' dir='ltr'><strong>et</strong></span> <span class='ocrx_word' id='word_1_407' title='bbox 737 3725 814 3788; x_wconf 89' lang='lat' dir='ltr'><strong>item</strong></span> <span class='ocrx_word' id='word_1_408' title='bbox 837 3726 1029 3807; x_wconf 82' lang='lat' dir='ltr'><strong>dignationis</strong></span> <span class='ocrx_word' id='word_1_409' title='bbox 1051 3733 1083 3787; x_wconf 92' lang='lat' dir='ltr'><strong>et</strong></span> <span class='ocrx_word' id='word_1_410' title='bbox 1106 3742 1193 3788; x_wconf 88' lang='lat' dir='ltr'><strong>acce·</strong></span> <span class='ocrx_word' id='word_1_411' title='bbox 1250 3723 1333 3786; x_wconf 91' lang='lat' dir='ltr'><strong>mitti</strong></span> <span class='ocrx_word' id='word_1_412' title='bbox 1356 3725 1390 3786; x_wconf 92' lang='lat' dir='ltr'><strong>in</strong></span> <span class='ocrx_word' id='word_1_413' title='bbox 1414 3724 1518 3786; x_wconf 92' lang='lat' dir='ltr'><strong>lacum</strong></span> <span class='ocrx_word' id='word_1_414' title='bbox 1549 3723 1689 3799; x_wconf 91' lang='lat' dir='ltr'><strong>leonum,</strong></span> <span class='ocrx_word' id='word_1_415' title='bbox 1714 3743 1812 3806; x_wconf 89' lang='lat' dir='ltr'><strong>quam</strong></span> <span class='ocrx_word' id='word_1_416' title='bbox 1837 3726 1978 3807; x_wconf 86' lang='lat' dir='ltr'><strong>particeps</strong></span> 
     </span>
     <span class='ocr_line' id='line_1_34' title="bbox 449 3820 1978 3906; baseline 0.002 -25"><span class='ocrx_word' id='word_1_417' title='bbox 449 3820 599 3901; x_wconf 88' lang='lat' dir='ltr'><strong>ptationis</strong></span> <span class='ocrx_word' id='word_1_418' title='bbox 624 3822 751 3898; x_wconf 84' lang='lat' dir='ltr'><strong>divinae,</strong></span> <span class='ocrx_word' id='word_1_419' title='bbox 772 3843 836 3906; x_wconf 91' lang='lat' dir='ltr'><strong>qua</strong></span> <span class='ocrx_word' id='word_1_420' title='bbox 859 3826 942 3887; x_wconf 86' lang='lat' dir='ltr'><strong>Deus</strong></span> <span class='ocrx_word' id='word_1_421' title='bbox 967 3825 1029 3888; x_wconf 90' lang='lat' dir='ltr'><strong>tale</strong></span> <span class='ocrx_word' id='word_1_422' title='bbox 1055 3832 1110 3886; x_wconf 92' lang='lat' dir='ltr'><strong>aut</strong></span> <span class='ocrx_word' id='word_1_423' title='bbox 1131 3824 1193 3886; x_wconf 91' lang='lat' dir='ltr'><strong>tale</strong></span> <span class='ocrx_word' id='word_1_424' title='bbox 1249 3822 1320 3885; x_wconf 88' lang='lat' dir='ltr'><strong>lieri</strong></span> <span class='ocrx_word' id='word_1_425' title='bbox 1336 3822 1634 3904; x_wconf 88' lang='lat' dir='ltr'><strong>transgressionum.</strong></span> <span class='ocrx_word' id='word_1_426' title='bbox 1651 3823 1740 3886; x_wconf 88' lang='lat' dir='ltr'><strong>Unde</strong></span> <span class='ocrx_word' id='word_1_427' title='bbox 1755 3841 1814 3906; x_wconf 95' lang='lat' dir='ltr'><strong>pro</strong></span> <span class='ocrx_word' id='word_1_428' title='bbox 1827 3823 1884 3885; x_wconf 86' lang='lat' dir='ltr'><strong>hae</strong></span> <span class='ocrx_word' id='word_1_429' title='bbox 1898 3840 1978 3885; x_wconf 73' lang='lat' dir='ltr'><strong>musa</strong></span> 
     </span>
     <span class='ocr_line' id='line_1_35' title="bbox 448 3917 2067 4006; baseline 0.001 -27"><span class='ocrx_word' id='word_1_430' title='bbox 448 3917 638 4000; x_wconf 91' lang='lat' dir='ltr'><strong>obsequium</strong></span> <span class='ocrx_word' id='word_1_431' title='bbox 658 3920 719 3982; x_wconf 92' lang='lat' dir='ltr'><strong>sibi</strong></span> <span class='ocrx_word' id='word_1_432' title='bbox 739 3921 921 4004; x_wconf 92' lang='lat' dir='ltr'><strong>impensum</strong></span> <span class='ocrx_word' id='word_1_433' title='bbox 940 3923 1088 4004; x_wconf 92' lang='lat' dir='ltr'><strong>dignatur</strong></span> <span class='ocrx_word' id='word_1_434' title='bbox 1103 3923 1193 4006; x_wconf 89' lang='lat' dir='ltr'><strong>quasi</strong></span> <span class='ocrx_word' id='word_1_435' title='bbox 1249 3922 1282 3984; x_wconf 93' lang='lat' dir='ltr'><strong>iu</strong></span> <span class='ocrx_word' id='word_1_436' title='bbox 1298 3921 1402 3984; x_wconf 91' lang='lat' dir='ltr'><strong>lacum</strong></span> <span class='ocrx_word' id='word_1_437' title='bbox 1419 3920 1547 3985; x_wconf 90' lang='lat' dir='ltr'><strong>leonum</strong></span> <span class='ocrx_word' id='word_1_438' title='bbox 1563 3920 1613 3984; x_wconf 93' lang='lat' dir='ltr'><strong>bis</strong></span> <span class='ocrx_word' id='word_1_439' title='bbox 1629 3922 1747 3984; x_wconf 91' lang='lat' dir='ltr'><strong>missus</strong></span> <span class='ocrx_word' id='word_1_440' title='bbox 1762 3930 1820 3984; x_wconf 91' lang='lat' dir='ltr'><strong>est.</strong></span> <span class='ocrx_word' id='word_1_441' title='bbox 1833 3922 1870 3984; x_wconf 84' lang='lat' dir='ltr'><strong>Et</strong></span> <span class='ocrx_word' id='word_1_442' title='bbox 1882 3939 2042 4004; x_wconf 61' lang='lat' dir='ltr'><strong>quam-naar²</strong></span> <span class='ocrx_word' id='word_1_443' title='bbox 2054 3945 2067 3982; x_wconf 72' lang='grc' dir='ltr'><strong>ιε</strong></span> 
     </span>
     <span class='ocr_line' id='line_1_36' title="bbox 448 4011 2043 4104; baseline 0 -26"><span class='ocrx_word' id='word_1_444' title='bbox 448 4016 581 4097; x_wconf 91' lang='lat' dir='ltr'><strong>dignum</strong></span> <span class='ocrx_word' id='word_1_445' title='bbox 610 4018 783 4100; x_wconf 90' lang='lat' dir='ltr'><strong>suscipere,</strong></span> <span class='ocrx_word' id='word_1_446' title='bbox 808 4023 854 4084; x_wconf 92' lang='lat' dir='ltr'><strong>sic</strong></span> <span class='ocrx_word' id='word_1_447' title='bbox 883 4029 987 4104; x_wconf 91' lang='lat' dir='ltr'><strong>potest</strong></span> <span class='ocrx_word' id='word_1_448' title='bbox 1010 4022 1106 4084; x_wconf 93' lang='lat' dir='ltr'><strong>bomo</strong></span> <span class='ocrx_word' id='word_1_449' title='bbox 1129 4022 1194 4084; x_wconf 85' lang='lat' dir='ltr'><strong>Deo</strong></span> <span class='ocrx_word' id='word_1_450' title='bbox 1248 4021 1297 4083; x_wconf 89' lang='lat' dir='ltr'><strong>vis</strong></span> <span class='ocrx_word' id='word_1_451' title='bbox 1313 4019 1359 4082; x_wconf 90' lang='lat' dir='ltr'><strong>illi</strong></span> <span class='ocrx_word' id='word_1_452' title='bbox 1375 4018 1496 4082; x_wconf 90' lang='lat' dir='ltr'><strong>luerint</strong></span> <span class='ocrx_word' id='word_1_453' title='bbox 1514 4018 1645 4101; x_wconf 92' lang='lat' dir='ltr'><strong>plurimi</strong></span> <span class='ocrx_word' id='word_1_454' title='bbox 1662 4027 1758 4101; x_wconf 89' lang='lat' dir='ltr'><strong>atque</strong></span> <span class='ocrx_word' id='word_1_455' title='bbox 1775 4019 1891 4101; x_wconf 88' lang='lat' dir='ltr'><strong>ingenti</strong></span> <span class='ocrx_word' id='word_1_456' title='bbox 1904 4009 2043 4080; x_wconf 47' lang='lat' dir='ltr'><strong>ramese*</strong></span> 
     </span>
    </p>

    <p class='ocr_par' dir='ltr' id='par_1_4' title="bbox 386 4109 1974 4394">
     <span class='ocr_line' id='line_1_37' title="bbox 386 4109 1974 4200; baseline 0.001 -23"><span class='ocrx_word' id='word_1_457' title='bbox 386 4109 389 4116; x_wconf 78' lang='grc'>’</span> <span class='ocrx_word' id='word_1_458' title='bbox 448 4115 543 4197; x_wconf 91' lang='lat' dir='ltr'><strong>digne</strong></span> <span class='ocrx_word' id='word_1_459' title='bbox 565 4115 695 4190; x_wconf 89' lang='lat' dir='ltr'><strong>servire,</strong></span> <span class='ocrx_word' id='word_1_460' title='bbox 713 4120 889 4199; x_wconf 74' lang='lat' dir='ltr'><strong>prasertim</strong></span> <span class='ocrx_word' id='word_1_461' title='bbox 910 4121 987 4182; x_wconf 95' lang='lat' dir='ltr'><strong>dum</strong></span> <span class='ocrx_word' id='word_1_462' title='bbox 1010 4120 1075 4200; x_wconf 91' lang='lat' dir='ltr'><strong>agit</strong></span> <span class='ocrx_word' id='word_1_463' title='bbox 1098 4138 1192 4183; x_wconf 89' lang='lat' dir='ltr'><strong>omne</strong></span> <span class='ocrx_word' id='word_1_464' title='bbox 1248 4117 1572 4192; x_wconf 83' lang='lat' dir='ltr'><strong>conlecti,et1lanlel</strong></span> <span class='ocrx_word' id='word_1_465' title='bbox 1597 4117 1706 4180; x_wconf 91' lang='lat' dir='ltr'><strong>multis</strong></span> <span class='ocrx_word' id='word_1_466' title='bbox 1729 4117 1817 4180; x_wconf 91' lang='lat' dir='ltr'><strong>horis</strong></span> <span class='ocrx_word' id='word_1_467' title='bbox 1838 4119 1974 4180; x_wconf 88' lang='lat' dir='ltr'><strong>intereos</strong></span> 
     </span>
     <span class='ocr_line' id='line_1_38' title="bbox 449 4213 1973 4300; baseline 0.001 -25"><span class='ocrx_word' id='word_1_468' title='bbox 449 4215 642 4295; x_wconf 90' lang='lat' dir='ltr'><strong>quodvalet‚</strong></span> <span class='ocrx_word' id='word_1_469' title='bbox 659 4223 810 4280; x_wconf 87' lang='lat' dir='ltr'><strong>ettamen</strong></span> <span class='ocrx_word' id='word_1_470' title='bbox 830 4217 876 4280; x_wconf 93' lang='lat' dir='ltr'><strong>nil</strong></span> <span class='ocrx_word' id='word_1_471' title='bbox 895 4219 1025 4300; x_wconf 91' lang='lat' dir='ltr'><strong>dignum</strong></span> <span class='ocrx_word' id='word_1_472' title='bbox 1046 4237 1079 4281; x_wconf 93' lang='lat' dir='ltr'><strong>se</strong></span> <span class='ocrx_word' id='word_1_473' title='bbox 1099 4235 1192 4300; x_wconf 88' lang='lat' dir='ltr'><strong>agere</strong></span> <span class='ocrx_word' id='word_1_474' title='bbox 1208 4215 1233 4277; x_wconf 92' lang='lat' dir='ltr'><strong>l)</strong></span> <span class='ocrx_word' id='word_1_475' title='bbox 1248 4217 1392 4291; x_wconf 90' lang='lat' dir='ltr'><strong>sedisset,</strong></span> <span class='ocrx_word' id='word_1_476' title='bbox 1417 4215 1464 4278; x_wconf 93' lang='lat' dir='ltr'><strong>nil</strong></span> <span class='ocrx_word' id='word_1_477' title='bbox 1491 4223 1597 4278; x_wconf 89' lang='lat' dir='ltr'><strong>tamen</strong></span> <span class='ocrx_word' id='word_1_478' title='bbox 1628 4215 1775 4279; x_wconf 84' lang='lat' dir='ltr'><strong>lecerunt</strong></span> <span class='ocrx_word' id='word_1_479' title='bbox 1798 4217 1907 4289; x_wconf 88' lang='lat' dir='ltr'><strong>eidem,</strong></span> <span class='ocrx_word' id='word_1_480' title='bbox 1928 4213 1973 4276; x_wconf 84' lang='lat' dir='ltr'><strong>sed</strong></span> 
     </span>
     <span class='ocr_line' id='line_1_39' title="bbox 447 4312 1972 4394; baseline -0.002 -17"><span class='ocrx_word' id='word_1_481' title='bbox 447 4312 629 4377; x_wconf 89' lang='lat' dir='ltr'><strong>arbitratur.</strong></span> <span class='ocrx_word' id='word_1_482' title='bbox 1248 4314 1366 4378; x_wconf 81' lang='lat' dir='ltr'><strong>illaesus</strong></span> <span class='ocrx_word' id='word_1_483' title='bbox 1388 4313 1497 4377; x_wconf 87' lang='lat' dir='ltr'><strong>exivit.</strong></span> <span class='ocrx_word' id='word_1_484' title='bbox 1515 4314 1566 4377; x_wconf 88' lang='lat' dir='ltr'><strong>Sic</strong></span> <span class='ocrx_word' id='word_1_485' title='bbox 1586 4315 1668 4376; x_wconf 85' lang='lat' dir='ltr'><strong>Deus</strong></span> <span class='ocrx_word' id='word_1_486' title='bbox 1693 4313 1777 4376; x_wconf 89' lang='lat' dir='ltr'><strong>inter</strong></span> <span class='ocrx_word' id='word_1_487' title='bbox 1799 4315 1900 4378; x_wconf 87' lang='lat' dir='ltr'><strong>leones</strong></span> <span class='ocrx_word' id='word_1_488' title='bbox 1915 4329 1972 4394; x_wconf 83' lang='lat' dir='ltr'><strong>pro</strong></span> 
     </span>
    </p>

    <p class='ocr_par' dir='ltr' id='par_1_5' title="bbox 487 4411 1846 4498">
     <span class='ocr_line' id='line_1_40' title="bbox 487 4411 1846 4498; baseline 0.002 -25"><span class='ocrx_word' id='word_1_489' title='bbox 487 4411 636 4476; x_wconf 79' lang='lat' dir='ltr'><strong>llortmur</strong></span> <span class='ocrx_word' id='word_1_490' title='bbox 650 4431 726 4496; x_wconf 86' lang='lat' dir='ltr'><strong>ergo</strong></span> <span class='ocrx_word' id='word_1_491' title='bbox 738 4414 906 4498; x_wconf 83' lang='lat' dir='ltr'><strong>Apostolus</strong></span> <span class='ocrx_word' id='word_1_492' title='bbox 921 4422 954 4476; x_wconf 87' lang='lat' dir='ltr'><strong>ut</strong></span> <span class='ocrx_word' id='word_1_493' title='bbox 969 4414 1002 4477; x_wconf 95' lang='lat' dir='ltr'><strong>in</strong></span> <span class='ocrx_word' id='word_1_494' title='bbox 1017 4414 1105 4478; x_wconf 89' lang='lat' dir='ltr'><strong>omni</strong></span> <span class='ocrx_word' id='word_1_495' title='bbox 1120 4431 1193 4496; x_wconf 91' lang='lat' dir='ltr'><strong>ope·</strong></span> <span class='ocrx_word' id='word_1_496' title='bbox 1246 4412 1327 4477; x_wconf 85' lang='lat' dir='ltr'><strong>texit</strong></span> <span class='ocrx_word' id='word_1_497' title='bbox 1344 4412 1572 4476; x_wconf 81' lang='lat' dir='ltr'><strong>fidelissimum</strong></span> <span class='ocrx_word' id='word_1_498' title='bbox 1591 4431 1720 4475; x_wconf 86' lang='lat' dir='ltr'><strong>servum</strong></span> <span class='ocrx_word' id='word_1_499' title='bbox 1742 4431 1846 4476; x_wconf 88' lang='lat' dir='ltr'><strong>suum.</strong></span> 
     </span>
    </p>
   </div>
   <div class='ocr_carea' id='block_1_3' title="bbox 0 0 2108 6258">
    <p class='ocr_par' dir='ltr' id='par_1_6' title="bbox 0 0 2108 6258">
     <span class='ocr_line' id='line_1_41' title="bbox 0 0 2108 6258; baseline 0 2"><span class='ocrx_word' id='word_1_500' title='bbox 0 0 2108 6258; x_wconf 95' lang='lat' dir='ltr'><strong> </strong></span> 
     </span>
    </p>
   </div>
  </div>
 </body>
</html>
