<?xml version="1.0" encoding="UTF-8"?>
<!DOCTYPE html PUBLIC "-//W3C//DTD XHTML 1.0 Transitional//EN"
    "http://www.w3.org/TR/xhtml1/DTD/xhtml1-transitional.dtd">
<html xmlns="http://www.w3.org/1999/xhtml" xml:lang="en" lang="en">
 <head>
  <title>
</title>
<meta http-equiv="Content-Type" content="text/html;charset=utf-8" />
  <meta name='ocr-system' content='tesseract 3.04.00' />
  <meta name='ocr-capabilities' content='ocr_page ocr_carea ocr_par ocr_line ocrx_word'/>
</head>
<body>
  <div class='ocr_page' id='page_1' title='image "./doctorisecstati01unkngoog/doctorisecstati01unkngoog_0359.png"; bbox 0 0 4140 6258; ppageno 0'>
   <div class='ocr_carea' id='block_1_1' title="bbox 443 457 1782 540">
    <p class='ocr_par' dir='ltr' id='par_1_1' title="bbox 443 457 1782 540">
     <span class='ocr_line' id='line_1_1' title="bbox 443 457 1782 540; baseline -0.001 -17"><span class='ocrx_word' id='word_1_1' title='bbox 443 457 504 523; x_wconf 77' lang='lat'><strong>328</strong></span> <span class='ocrx_word' id='word_1_2' title='bbox 652 476 801 526; x_wconf 83' lang='lat' dir='ltr'><strong>nonnum</strong></span> <span class='ocrx_word' id='word_1_3' title='bbox 823 478 855 526; x_wconf 83' lang='lat' dir='ltr'><strong>rx</strong></span> <span class='ocrx_word' id='word_1_4' title='bbox 875 479 949 526; x_wconf 88' lang='lat' dir='ltr'><strong>rosr</strong></span> <span class='ocrx_word' id='word_1_5' title='bbox 969 477 1164 525; x_wconf 77' lang='lat' dir='ltr'><strong>mmrrnrnu.</strong></span> <span class='ocrx_word' id='word_1_6' title='bbox 1185 495 1225 508; x_wconf 92' lang='lat'>-</span> <span class='ocrx_word' id='word_1_7' title='bbox 1246 479 1288 524; x_wconf 77' lang='lat' dir='ltr'><strong>nn</strong></span> <span class='ocrx_word' id='word_1_8' title='bbox 1308 476 1505 540; x_wconf 81' lang='lat' dir='ltr'><strong>nnnrcrosos3</strong></span> <span class='ocrx_word' id='word_1_9' title='bbox 1527 475 1626 525; x_wconf 71' lang='lat' dir='ltr'><strong>senno</strong></span> <span class='ocrx_word' id='word_1_10' title='bbox 1645 475 1782 533; x_wconf 80' lang='lat' dir='ltr'><strong>comma</strong></span> 
     </span>
    </p>
   </div>
   <div class='ocr_carea' id='block_1_2' title="bbox 327 648 2049 5158">
    <p class='ocr_par' dir='ltr' id='par_1_2' title="bbox 327 648 2049 5158">
     <span class='ocr_line' id='line_1_2' title="bbox 445 648 1961 733; baseline 0.001 -19"><span class='ocrx_word' id='word_1_11' title='bbox 445 648 565 714; x_wconf 81' lang='lat' dir='ltr'><strong>etenim</strong></span> <span class='ocrx_word' id='word_1_12' title='bbox 580 648 704 713; x_wconf 78' lang='lat' dir='ltr'><strong>cacitas</strong></span> <span class='ocrx_word' id='word_1_13' title='bbox 723 651 839 725; x_wconf 89' lang='lat' dir='ltr'><strong>cordis,</strong></span> <span class='ocrx_word' id='word_1_14' title='bbox 855 650 931 713; x_wconf 92' lang='lat' dir='ltr'><strong>hinc</strong></span> <span class='ocrx_word' id='word_1_15' title='bbox 947 651 1128 714; x_wconf 87' lang='lat' dir='ltr'><strong>cervicosus</strong></span> <span class='ocrx_word' id='word_1_16' title='bbox 1143 648 1192 712; x_wconf 94' lang='lat' dir='ltr'><strong>fu·</strong></span> <span class='ocrx_word' id='word_1_17' title='bbox 1206 652 1232 717; x_wconf 79' lang='lat' dir='ltr'>A</span> <span class='ocrx_word' id='word_1_18' title='bbox 1248 649 1410 726; x_wconf 86' lang='lat' dir='ltr'><strong>notabilis,</strong></span> <span class='ocrx_word' id='word_1_19' title='bbox 1431 650 1463 713; x_wconf 95' lang='lat' dir='ltr'><strong>id</strong></span> <span class='ocrx_word' id='word_1_20' title='bbox 1484 656 1533 714; x_wconf 91' lang='lat' dir='ltr'><strong>est</strong></span> <span class='ocrx_word' id='word_1_21' title='bbox 1553 648 1822 733; x_wconf 90' lang='lat' dir='ltr'><strong>reprehensibilis,</strong></span> <span class='ocrx_word' id='word_1_22' title='bbox 1841 651 1891 715; x_wconf 89' lang='lat' dir='ltr'><strong>sad</strong></span> <span class='ocrx_word' id='word_1_23' title='bbox 1905 669 1961 716; x_wconf 90' lang='lat' dir='ltr'><strong>con·</strong></span> 
     </span>
     <span class='ocr_line' id='line_1_3' title="bbox 446 748 1962 832; baseline 0.001 -21"><span class='ocrx_word' id='word_1_24' title='bbox 446 767 499 812; x_wconf 93' lang='lat' dir='ltr'><strong>ror</strong></span> <span class='ocrx_word' id='word_1_25' title='bbox 522 749 744 825; x_wconf 80' lang='lat' dir='ltr'><strong>animositatis,</strong></span> <span class='ocrx_word' id='word_1_26' title='bbox 765 749 841 812; x_wconf 91' lang='lat' dir='ltr'><strong>hinc</strong></span> <span class='ocrx_word' id='word_1_27' title='bbox 862 749 1055 832; x_wconf 83' lang='lat' dir='ltr'><strong>suspicionis</strong></span> <span class='ocrx_word' id='word_1_28' title='bbox 1077 749 1191 813; x_wconf 86' lang='lat' dir='ltr'><strong>anxius</strong></span> <span class='ocrx_word' id='word_1_29' title='bbox 1247 756 1388 831; x_wconf 89' lang='lat' dir='ltr'><strong>temptus</strong></span> <span class='ocrx_word' id='word_1_30' title='bbox 1404 749 1603 831; x_wconf 77' lang='lat' dir='ltr'><strong>cogitationis</strong></span> <span class='ocrx_word' id='word_1_31' title='bbox 1618 748 1802 830; x_wconf 85' lang='lat' dir='ltr'><strong>hujusmodi</strong></span> <span class='ocrx_word' id='word_1_32' title='bbox 1815 756 1906 812; x_wconf 81' lang='lat' dir='ltr'><strong>exstat</strong></span> <span class='ocrx_word' id='word_1_33' title='bbox 1916 750 1962 814; x_wconf 84' lang='lat' dir='ltr'><strong>lau·</strong></span> 
     </span>
     <span class='ocr_line' id='line_1_4' title="bbox 446 847 1371 923; baseline 0 -13"><span class='ocrx_word' id='word_1_34' title='bbox 446 847 545 922; x_wconf 86' lang='lat' dir='ltr'><strong>labor,</strong></span> <span class='ocrx_word' id='word_1_35' title='bbox 562 847 637 909; x_wconf 92' lang='lat' dir='ltr'><strong>hinc</strong></span> <span class='ocrx_word' id='word_1_36' title='bbox 654 847 763 910; x_wconf 81' lang='lat' dir='ltr'><strong>livoris</strong></span> <span class='ocrx_word' id='word_1_37' title='bbox 780 848 909 911; x_wconf 89' lang='lat' dir='ltr'><strong>crudele</strong></span> <span class='ocrx_word' id='word_1_38' title='bbox 923 856 1130 923; x_wconf 88' lang='lat' dir='ltr'><strong>tormentum,</strong></span> <span class='ocrx_word' id='word_1_39' title='bbox 1146 855 1192 910; x_wconf 80' lang='lat' dir='ltr'><strong>at·</strong></span> <span class='ocrx_word' id='word_1_40' title='bbox 1247 847 1371 910; x_wconf 90' lang='lat' dir='ltr'><strong>dabilis.</strong></span> 
     </span>
     <span class='ocr_line' id='line_1_5' title="bbox 445 945 1961 1029; baseline 0.003 -21"><span class='ocrx_word' id='word_1_41' title='bbox 445 965 508 1029; x_wconf 86' lang='lat' dir='ltr'><strong>que</strong></span> <span class='ocrx_word' id='word_1_42' title='bbox 523 947 693 1009; x_wconf 88' lang='lat' dir='ltr'><strong>cremantis</strong></span> <span class='ocrx_word' id='word_1_43' title='bbox 713 946 842 1011; x_wconf 76' lang='lat' dir='ltr'><strong>invidias</strong></span> <span class='ocrx_word' id='word_1_44' title='bbox 861 947 1054 1010; x_wconf 89' lang='lat' dir='ltr'><strong>miserabilis</strong></span> <span class='ocrx_word' id='word_1_45' title='bbox 1071 947 1190 1010; x_wconf 88' lang='lat' dir='ltr'><strong>crucia·</strong></span> <span class='ocrx_word' id='word_1_46' title='bbox 1286 945 1366 1008; x_wconf 89' lang='lat' dir='ltr'><strong>Hine</strong></span> <span class='ocrx_word' id='word_1_47' title='bbox 1390 945 1435 1010; x_wconf 89' lang='lat' dir='ltr'><strong>ait</strong></span> <span class='ocrx_word' id='word_1_48' title='bbox 1458 953 1490 1009; x_wconf 91' lang='lat' dir='ltr'><strong>et</strong></span> <span class='ocrx_word' id='word_1_49' title='bbox 1514 945 1672 1010; x_wconf 84' lang='lat' dir='ltr'><strong>Climacus</strong></span> <span class='ocrx_word' id='word_1_50' title='bbox 1693 963 1701 1008; x_wconf 75' lang='grc' dir='ltr'><em>τ</em></span> <span class='ocrx_word' id='word_1_51' title='bbox 1722 945 1841 1010; x_wconf 79' lang='lat' dir='ltr'><strong>Gaudet</strong></span> <span class='ocrx_word' id='word_1_52' title='bbox 1860 947 1961 1012; x_wconf 83' lang='lat' dir='ltr'><strong>iudans</strong></span> 
     </span>
     <span class='ocr_line' id='line_1_6' title="bbox 444 1043 1962 1126; baseline 0.002 -20"><span class='ocrx_word' id='word_1_53' title='bbox 444 1051 505 1106; x_wconf 92' lang='lat' dir='ltr'><strong>tus.</strong></span> <span class='ocrx_word' id='word_1_54' title='bbox 535 1044 590 1106; x_wconf 88' lang='lat' dir='ltr'><strong>llis</strong></span> <span class='ocrx_word' id='word_1_55' title='bbox 619 1043 727 1107; x_wconf 88' lang='lat' dir='ltr'><strong>verbis</strong></span> <span class='ocrx_word' id='word_1_56' title='bbox 756 1045 844 1108; x_wconf 88' lang='lat' dir='ltr'><strong>addit</strong></span> <span class='ocrx_word' id='word_1_57' title='bbox 871 1045 1050 1108; x_wconf 89' lang='lat' dir='ltr'><strong>Bernardus</strong></span> <span class='ocrx_word' id='word_1_58' title='bbox 1076 1063 1083 1107; x_wconf 93' lang='lat'><strong>:</strong></span> <span class='ocrx_word' id='word_1_59' title='bbox 1111 1045 1191 1109; x_wconf 89' lang='lat' dir='ltr'><strong>Novi</strong></span> <span class='ocrx_word' id='word_1_60' title='bbox 1246 1043 1389 1118; x_wconf 89' lang='lat' dir='ltr'><strong>sabbato,</strong></span> <span class='ocrx_word' id='word_1_61' title='bbox 1410 1052 1442 1108; x_wconf 89' lang='lat' dir='ltr'><strong>et</strong></span> <span class='ocrx_word' id='word_1_62' title='bbox 1466 1044 1552 1106; x_wconf 91' lang='lat' dir='ltr'><strong>diem</strong></span> <span class='ocrx_word' id='word_1_63' title='bbox 1573 1044 1638 1124; x_wconf 88' lang='lat' dir='ltr'><strong>agit</strong></span> <span class='ocrx_word' id='word_1_64' title='bbox 1660 1043 1829 1124; x_wconf 81' lang='lat' dir='ltr'><strong>festivum3</strong></span> <span class='ocrx_word' id='word_1_65' title='bbox 1848 1052 1877 1108; x_wconf 89' lang='lat' dir='ltr'><strong>et</strong></span> <span class='ocrx_word' id='word_1_66' title='bbox 1896 1046 1962 1126; x_wconf 81' lang='lat' dir='ltr'><strong>gulo</strong></span> 
     </span>
     <span class='ocr_line' id='line_1_7' title="bbox 443 1140 1961 1218; baseline 0 -12"><span class='ocrx_word' id='word_1_67' title='bbox 443 1143 590 1206; x_wconf 90' lang='lat' dir='ltr'><strong>homines</strong></span> <span class='ocrx_word' id='word_1_68' title='bbox 615 1143 744 1206; x_wconf 91' lang='lat' dir='ltr'><strong>satiatos</strong></span> <span class='ocrx_word' id='word_1_69' title='bbox 769 1144 828 1206; x_wconf 93' lang='lat' dir='ltr'><strong>hoc</strong></span> <span class='ocrx_word' id='word_1_70' title='bbox 854 1145 985 1218; x_wconf 95' lang='lat' dir='ltr'><strong>mundo,</strong></span> <span class='ocrx_word' id='word_1_71' title='bbox 1008 1152 1040 1208; x_wconf 89' lang='lat' dir='ltr'><strong>et</strong></span> <span class='ocrx_word' id='word_1_72' title='bbox 1062 1145 1101 1207; x_wconf 93' lang='lat' dir='ltr'><strong>ad</strong></span> <span class='ocrx_word' id='word_1_73' title='bbox 1124 1162 1191 1207; x_wconf 92' lang='lat' dir='ltr'><strong>om·</strong></span> <span class='ocrx_word' id='word_1_74' title='bbox 1247 1161 1300 1204; x_wconf 92' lang='lat' dir='ltr'><strong>sus</strong></span> <span class='ocrx_word' id='word_1_75' title='bbox 1317 1143 1491 1206; x_wconf 89' lang='lat' dir='ltr'><strong>monachus</strong></span> <span class='ocrx_word' id='word_1_76' title='bbox 1506 1140 1639 1205; x_wconf 87' lang='lat' dir='ltr'><strong>sabbato</strong></span> <span class='ocrx_word' id='word_1_77' title='bbox 1653 1150 1685 1206; x_wconf 92' lang='lat' dir='ltr'><strong>et</strong></span> <span class='ocrx_word' id='word_1_78' title='bbox 1699 1142 1961 1207; x_wconf 77' lang='lat' dir='ltr'><strong>dominical&#39;ascha</strong></span> 
     </span>
     <span class='ocr_line' id='line_1_8' title="bbox 443 1239 1962 1323; baseline 0.001 -19"><span class='ocrx_word' id='word_1_79' title='bbox 443 1261 517 1305; x_wconf 88' lang='lat' dir='ltr'><strong>nom</strong></span> <span class='ocrx_word' id='word_1_80' title='bbox 534 1243 604 1323; x_wconf 83' lang='lat' dir='ltr'><strong>ejus</strong></span> <span class='ocrx_word' id='word_1_81' title='bbox 621 1242 808 1305; x_wconf 81' lang='lat' dir='ltr'><strong>memoriam</strong></span> <span class='ocrx_word' id='word_1_82' title='bbox 827 1250 1025 1305; x_wconf 90' lang='lat' dir='ltr'><strong>nauscantes.</strong></span> <span class='ocrx_word' id='word_1_83' title='bbox 1044 1243 1082 1304; x_wconf 88' lang='lat' dir='ltr'><strong>Et</strong></span> <span class='ocrx_word' id='word_1_84' title='bbox 1096 1243 1190 1306; x_wconf 90' lang='lat' dir='ltr'><strong>facilc</strong></span> <span class='ocrx_word' id='word_1_85' title='bbox 1247 1248 1411 1323; x_wconf 91' lang='lat' dir='ltr'><strong>computat</strong></span> <span class='ocrx_word' id='word_1_86' title='bbox 1433 1259 1544 1304; x_wconf 91' lang='lat' dir='ltr'><strong>servus</strong></span> <span class='ocrx_word' id='word_1_87' title='bbox 1565 1240 1699 1316; x_wconf 83' lang='lat' dir='ltr'><strong>ventris,</strong></span> <span class='ocrx_word' id='word_1_88' title='bbox 1717 1241 1750 1302; x_wconf 92' lang='lat' dir='ltr'><strong>in</strong></span> <span class='ocrx_word' id='word_1_89' title='bbox 1771 1239 1882 1322; x_wconf 87' lang='lat' dir='ltr'><strong>quihus</strong></span> <span class='ocrx_word' id='word_1_90' title='bbox 1897 1242 1962 1305; x_wconf 82' lang='lat' dir='ltr'><strong>ciba·</strong></span> 
     </span>
     <span class='ocr_line' id='line_1_9' title="bbox 443 1337 1962 1424; baseline -0.001 -21"><span class='ocrx_word' id='word_1_91' title='bbox 443 1347 493 1404; x_wconf 89' lang='lat' dir='ltr'><strong>est</strong></span> <span class='ocrx_word' id='word_1_92' title='bbox 514 1339 631 1422; x_wconf 89' lang='lat' dir='ltr'><strong>cuique</strong></span> <span class='ocrx_word' id='word_1_93' title='bbox 655 1347 800 1402; x_wconf 90' lang='lat' dir='ltr'><strong>nostrum</strong></span> <span class='ocrx_word' id='word_1_94' title='bbox 824 1340 906 1402; x_wconf 89' lang='lat' dir='ltr'><strong>hanc</strong></span> <span class='ocrx_word' id='word_1_95' title='bbox 931 1341 1109 1403; x_wconf 88' lang='lat' dir='ltr'><strong>satietatem</strong></span> <span class='ocrx_word' id='word_1_96' title='bbox 1134 1360 1191 1424; x_wconf 89' lang='lat' dir='ltr'><strong>per</strong></span> <span class='ocrx_word' id='word_1_97' title='bbox 1246 1338 1302 1400; x_wconf 89' lang='lat' dir='ltr'><strong>riis</strong></span> <span class='ocrx_word' id='word_1_98' title='bbox 1317 1337 1412 1402; x_wconf 86' lang='lat' dir='ltr'><strong>faciat</strong></span> <span class='ocrx_word' id='word_1_99' title='bbox 1431 1337 1499 1402; x_wconf 89' lang='lat' dir='ltr'><strong>dies</strong></span> <span class='ocrx_word' id='word_1_100' title='bbox 1520 1337 1634 1417; x_wconf 84' lang='lat' dir='ltr'><strong>festos3</strong></span> <span class='ocrx_word' id='word_1_101' title='bbox 1651 1357 1764 1401; x_wconf 89' lang='lat' dir='ltr'><strong>servus</strong></span> <span class='ocrx_word' id='word_1_102' title='bbox 1779 1356 1851 1402; x_wconf 84' lang='lat' dir='ltr'><strong>vero</strong></span> <span class='ocrx_word' id='word_1_103' title='bbox 1865 1340 1962 1402; x_wconf 83' lang='lat' dir='ltr'><strong>heico</strong></span> 
     </span>
     <span class='ocr_line' id='line_1_10' title="bbox 444 1435 1963 1520; baseline 0 -20"><span class='ocrx_word' id='word_1_104' title='bbox 444 1437 578 1519; x_wconf 89' lang='lat' dir='ltr'><strong>gratiam</strong></span> <span class='ocrx_word' id='word_1_105' title='bbox 602 1437 658 1500; x_wconf 82' lang='lat' dir='ltr'><strong>[lei</strong></span> <span class='ocrx_word' id='word_1_106' title='bbox 688 1437 806 1501; x_wconf 90' lang='lat' dir='ltr'><strong>sentire</strong></span> <span class='ocrx_word' id='word_1_107' title='bbox 833 1457 840 1502; x_wconf 76' lang='grc' dir='ltr'>ε</span> <span class='ocrx_word' id='word_1_108' title='bbox 866 1439 1082 1520; x_wconf 88' lang='lat' dir='ltr'><strong>nequeenim</strong></span> <span class='ocrx_word' id='word_1_109' title='bbox 1108 1440 1191 1520; x_wconf 91' lang='lat' dir='ltr'><strong>parit</strong></span> <span class='ocrx_word' id='word_1_110' title='bbox 1245 1436 1377 1518; x_wconf 91' lang='lat' dir='ltr'><strong>gitatin</strong></span> <span class='ocrx_word' id='word_1_111' title='bbox 1403 1435 1551 1518; x_wconf 85' lang='lat' dir='ltr'><strong>qualibus</strong></span> <span class='ocrx_word' id='word_1_112' title='bbox 1575 1437 1684 1518; x_wconf 91' lang='lat' dir='ltr'><strong>gratiis</strong></span> <span class='ocrx_word' id='word_1_113' title='bbox 1709 1436 1800 1500; x_wconf 88' lang='lat' dir='ltr'><strong>dives</strong></span> <span class='ocrx_word' id='word_1_114' title='bbox 1822 1436 1883 1499; x_wconf 89' lang='lat' dir='ltr'><strong>fiat.</strong></span> <span class='ocrx_word' id='word_1_115' title='bbox 1897 1438 1963 1500; x_wconf 82' lang='lat' dir='ltr'><strong>llam</strong></span> 
     </span>
     <span class='ocr_line' id='line_1_11' title="bbox 443 1533 1963 1618; baseline -0.001 -20"><span class='ocrx_word' id='word_1_116' title='bbox 443 1536 504 1598; x_wconf 90' lang='lat' dir='ltr'><strong>hoc</strong></span> <span class='ocrx_word' id='word_1_117' title='bbox 527 1535 628 1618; x_wconf 89' lang='lat' dir='ltr'><strong>copia,</strong></span> <span class='ocrx_word' id='word_1_118' title='bbox 645 1535 701 1598; x_wconf 91' lang='lat' dir='ltr'><strong>sed</strong></span> <span class='ocrx_word' id='word_1_119' title='bbox 723 1543 935 1618; x_wconf 88' lang='lat' dir='ltr'><strong>contemptus.</strong></span> <span class='ocrx_word' id='word_1_120' title='bbox 954 1535 998 1597; x_wconf 82' lang='lat' dir='ltr'><strong>llx</strong></span> <span class='ocrx_word' id='word_1_121' title='bbox 1020 1553 1083 1618; x_wconf 88' lang='lat' dir='ltr'><strong>quo</strong></span> <span class='ocrx_word' id='word_1_122' title='bbox 1104 1545 1190 1600; x_wconf 91' lang='lat' dir='ltr'><strong>nota-</strong></span> <span class='ocrx_word' id='word_1_123' title='bbox 1243 1533 1419 1614; x_wconf 81' lang='lat' dir='ltr'><strong>jejunantis</strong></span> <span class='ocrx_word' id='word_1_124' title='bbox 1439 1541 1507 1596; x_wconf 90' lang='lat' dir='ltr'><strong>orat</strong></span> <span class='ocrx_word' id='word_1_125' title='bbox 1525 1533 1695 1615; x_wconf 88' lang='lat' dir='ltr'><strong>vigilanter</strong></span> <span class='ocrx_word' id='word_1_126' title='bbox 1713 1542 1745 1598; x_wconf 91' lang='lat' dir='ltr'><strong>et</strong></span> <span class='ocrx_word' id='word_1_127' title='bbox 1765 1534 1880 1612; x_wconf 88' lang='lat' dir='ltr'><strong>sobrie;</strong></span> <span class='ocrx_word' id='word_1_128' title='bbox 1895 1553 1963 1598; x_wconf 87' lang='lat' dir='ltr'><strong>nens</strong></span> 
     </span>
     <span class='ocr_line' id='line_1_12' title="bbox 443 1631 1963 1717; baseline -0.001 -21"><span class='ocrx_word' id='word_1_129' title='bbox 443 1634 502 1697; x_wconf 92' lang='lat' dir='ltr'><strong>bili</strong></span> <span class='ocrx_word' id='word_1_130' title='bbox 523 1633 622 1696; x_wconf 92' lang='lat' dir='ltr'><strong>verbo</strong></span> <span class='ocrx_word' id='word_1_131' title='bbox 646 1633 705 1696; x_wconf 92' lang='lat' dir='ltr'><strong>rite</strong></span> <span class='ocrx_word' id='word_1_132' title='bbox 730 1633 941 1708; x_wconf 90' lang='lat' dir='ltr'><strong>concluditur,</strong></span> <span class='ocrx_word' id='word_1_133' title='bbox 963 1635 1048 1716; x_wconf 90' lang='lat' dir='ltr'><strong>quod</strong></span> <span class='ocrx_word' id='word_1_134' title='bbox 1073 1642 1191 1717; x_wconf 92' lang='lat' dir='ltr'><strong>quanto</strong></span> <span class='ocrx_word' id='word_1_135' title='bbox 1245 1639 1435 1694; x_wconf 91' lang='lat' dir='ltr'><strong>autemnon</strong></span> <span class='ocrx_word' id='word_1_136' title='bbox 1457 1631 1647 1694; x_wconf 90' lang='lat' dir='ltr'><strong>abstinentis</strong></span> <span class='ocrx_word' id='word_1_137' title='bbox 1666 1641 1735 1695; x_wconf 91' lang='lat' dir='ltr'><strong>orat</strong></span> <span class='ocrx_word' id='word_1_138' title='bbox 1754 1633 1871 1714; x_wconf 90' lang='lat' dir='ltr'><strong>repleta</strong></span> <span class='ocrx_word' id='word_1_139' title='bbox 1892 1633 1963 1696; x_wconf 88' lang='lat' dir='ltr'><strong>idolis</strong></span> 
     </span>
     <span class='ocr_line' id='line_1_13' title="bbox 443 1730 1964 1815; baseline 0 -21"><span class='ocrx_word' id='word_1_140' title='bbox 443 1733 515 1815; x_wconf 86' lang='lat' dir='ltr'><strong>quis</strong></span> <span class='ocrx_word' id='word_1_141' title='bbox 538 1732 629 1794; x_wconf 92' lang='lat' dir='ltr'><strong>donis</strong></span> <span class='ocrx_word' id='word_1_142' title='bbox 651 1732 760 1813; x_wconf 77' lang='lat' dir='ltr'><strong>gratiae</strong></span> <span class='ocrx_word' id='word_1_143' title='bbox 779 1738 811 1794; x_wconf 92' lang='lat' dir='ltr'><strong>et</strong></span> <span class='ocrx_word' id='word_1_144' title='bbox 831 1732 1046 1796; x_wconf 83' lang='lat' dir='ltr'><strong>consolatione</strong></span> <span class='ocrx_word' id='word_1_145' title='bbox 1066 1733 1191 1796; x_wconf 88' lang='lat' dir='ltr'><strong>interna</strong></span> <span class='ocrx_word' id='word_1_146' title='bbox 1246 1730 1356 1792; x_wconf 90' lang='lat' dir='ltr'><strong>multis</strong></span> <span class='ocrx_word' id='word_1_147' title='bbox 1378 1730 1562 1794; x_wconf 91' lang='lat' dir='ltr'><strong>immundis.</strong></span> <span class='ocrx_word' id='word_1_148' title='bbox 1581 1731 1639 1804; x_wconf 86' lang='lat' dir='ltr'><strong>Qui</strong></span> <span class='ocrx_word' id='word_1_149' title='bbox 1661 1749 1756 1793; x_wconf 91' lang='lat' dir='ltr'><strong>suum</strong></span> <span class='ocrx_word' id='word_1_150' title='bbox 1779 1739 1909 1794; x_wconf 85' lang='lat' dir='ltr'><strong>ventrem</strong></span> <span class='ocrx_word' id='word_1_151' title='bbox 1930 1732 1964 1794; x_wconf 87' lang='lat' dir='ltr'><strong>fo</strong></span> 
     </span>
     <span class='ocr_line' id='line_1_14' title="bbox 445 1828 1964 1912; baseline -0.001 -19"><span class='ocrx_word' id='word_1_152' title='bbox 445 1831 545 1911; x_wconf 90' lang='lat' dir='ltr'><strong>magis</strong></span> <span class='ocrx_word' id='word_1_153' title='bbox 561 1829 724 1912; x_wconf 88' lang='lat' dir='ltr'><strong>impletur,</strong></span> <span class='ocrx_word' id='word_1_154' title='bbox 742 1847 806 1912; x_wconf 88' lang='lat' dir='ltr'><strong>quo</strong></span> <span class='ocrx_word' id='word_1_155' title='bbox 821 1831 965 1894; x_wconf 88' lang='lat' dir='ltr'><strong>devotior</strong></span> <span class='ocrx_word' id='word_1_156' title='bbox 980 1831 1190 1912; x_wconf 91' lang='lat' dir='ltr'><strong>spiritualior·</strong></span> <span class='ocrx_word' id='word_1_157' title='bbox 1205 1833 1228 1896; x_wconf 91' lang='lat' dir='ltr'>B</span> <span class='ocrx_word' id='word_1_158' title='bbox 1246 1836 1299 1891; x_wconf 89' lang='lat' dir='ltr'><strong>vet</strong></span> <span class='ocrx_word' id='word_1_159' title='bbox 1327 1834 1359 1890; x_wconf 90' lang='lat' dir='ltr'><strong>et</strong></span> <span class='ocrx_word' id='word_1_160' title='bbox 1386 1829 1496 1902; x_wconf 89' lang='lat' dir='ltr'><strong>nutrit,</strong></span> <span class='ocrx_word' id='word_1_161' title='bbox 1522 1837 1554 1891; x_wconf 91' lang='lat' dir='ltr'><strong>et</strong></span> <span class='ocrx_word' id='word_1_162' title='bbox 1582 1829 1747 1892; x_wconf 78' lang='lat' dir='ltr'><strong>contendit</strong></span> <span class='ocrx_word' id='word_1_163' title='bbox 1775 1828 1964 1892; x_wconf 86' lang='lat' dir='ltr'><strong>fornicationis</strong></span> 
     </span>
     <span class='ocr_line' id='line_1_15' title="bbox 443 1926 1963 2011; baseline -0.001 -21"><span class='ocrx_word' id='word_1_164' title='bbox 443 1948 506 2011; x_wconf 91' lang='lat' dir='ltr'><strong>que</strong></span> <span class='ocrx_word' id='word_1_165' title='bbox 526 1929 683 2002; x_wconf 84' lang='lat' dir='ltr'><strong>consistit,</strong></span> <span class='ocrx_word' id='word_1_166' title='bbox 699 1935 787 1990; x_wconf 92' lang='lat' dir='ltr'><strong>tanto</strong></span> <span class='ocrx_word' id='word_1_167' title='bbox 802 1928 841 1990; x_wconf 93' lang='lat' dir='ltr'><strong>de</strong></span> <span class='ocrx_word' id='word_1_168' title='bbox 856 1929 1044 1991; x_wconf 89' lang='lat' dir='ltr'><strong>necessariis</strong></span> <span class='ocrx_word' id='word_1_169' title='bbox 1064 1931 1189 2011; x_wconf 91' lang='lat' dir='ltr'><strong>corpori</strong></span> <span class='ocrx_word' id='word_1_170' title='bbox 1246 1927 1395 2008; x_wconf 88' lang='lat' dir='ltr'><strong>spiritum</strong></span> <span class='ocrx_word' id='word_1_171' title='bbox 1415 1926 1555 2001; x_wconf 91' lang='lat' dir='ltr'><strong>vincere,</strong></span> <span class='ocrx_word' id='word_1_172' title='bbox 1573 1926 1688 1990; x_wconf 92' lang='lat' dir='ltr'><strong>similis</strong></span> <span class='ocrx_word' id='word_1_173' title='bbox 1709 1934 1758 1990; x_wconf 90' lang='lat' dir='ltr'><strong>est</strong></span> <span class='ocrx_word' id='word_1_174' title='bbox 1778 1927 1889 1990; x_wconf 83' lang='lat' dir='ltr'><strong>volenti</strong></span> <span class='ocrx_word' id='word_1_175' title='bbox 1907 1947 1963 1989; x_wconf 89' lang='lat' dir='ltr'><strong>cun</strong></span> 
     </span>
     <span class='ocr_line' id='line_1_16' title="bbox 443 2025 1964 2110; baseline -0.001 -21"><span class='ocrx_word' id='word_1_176' title='bbox 443 2027 569 2090; x_wconf 86' lang='lat' dir='ltr'><strong>facilius</strong></span> <span class='ocrx_word' id='word_1_177' title='bbox 590 2033 801 2100; x_wconf 77' lang='lat' dir='ltr'><strong>contentatur,</strong></span> <span class='ocrx_word' id='word_1_178' title='bbox 818 2034 850 2088; x_wconf 87' lang='lat' dir='ltr'><strong>et</strong></span> <span class='ocrx_word' id='word_1_179' title='bbox 870 2026 1004 2089; x_wconf 90' lang='lat' dir='ltr'><strong>delicata</strong></span> <span class='ocrx_word' id='word_1_180' title='bbox 1024 2036 1119 2110; x_wconf 89' lang='lat' dir='ltr'><strong>atque</strong></span> <span class='ocrx_word' id='word_1_181' title='bbox 1141 2048 1191 2090; x_wconf 92' lang='lat' dir='ltr'><strong>su·</strong></span> <span class='ocrx_word' id='word_1_182' title='bbox 1246 2025 1316 2088; x_wconf 93' lang='lat' dir='ltr'><strong>oleo</strong></span> <span class='ocrx_word' id='word_1_183' title='bbox 1336 2025 1442 2106; x_wconf 89' lang='lat' dir='ltr'><strong>ignem</strong></span> <span class='ocrx_word' id='word_1_184' title='bbox 1462 2025 1674 2107; x_wconf 81' lang='lat' dir='ltr'><strong>exstinguere.</strong></span> <span class='ocrx_word' id='word_1_185' title='bbox 1691 2025 1964 2098; x_wconf 85' lang='lat' dir='ltr'><strong>Tribulatoventrc,</strong></span> 
     </span>
     <span class='ocr_line' id='line_1_17' title="bbox 443 2122 1964 2208; baseline -0.003 -20"><span class='ocrx_word' id='word_1_186' title='bbox 443 2125 568 2208; x_wconf 92' lang='lat' dir='ltr'><strong>perflua</strong></span> <span class='ocrx_word' id='word_1_187' title='bbox 597 2125 736 2208; x_wconf 90' lang='lat' dir='ltr'><strong>amplius</strong></span> <span class='ocrx_word' id='word_1_188' title='bbox 765 2133 968 2207; x_wconf 63' lang='lat' dir='ltr'><strong>aspernatum</strong></span> <span class='ocrx_word' id='word_1_189' title='bbox 993 2144 1057 2207; x_wconf 91' lang='lat' dir='ltr'><strong>quo</strong></span> <span class='ocrx_word' id='word_1_190' title='bbox 1082 2134 1189 2189; x_wconf 88' lang='lat' dir='ltr'><strong>autem</strong></span> <span class='ocrx_word' id='word_1_191' title='bbox 1246 2122 1435 2184; x_wconf 89' lang='lat' dir='ltr'><strong>humiliatur</strong></span> <span class='ocrx_word' id='word_1_192' title='bbox 1450 2141 1521 2201; x_wconf 84' lang='lat' dir='ltr'><strong>cor3</strong></span> <span class='ocrx_word' id='word_1_193' title='bbox 1537 2123 1650 2186; x_wconf 90' lang='lat' dir='ltr'><strong>eodem</strong></span> <span class='ocrx_word' id='word_1_194' title='bbox 1666 2142 1743 2186; x_wconf 87' lang='lat' dir='ltr'><strong>vero</strong></span> <span class='ocrx_word' id='word_1_195' title='bbox 1757 2124 1917 2198; x_wconf 91' lang='lat' dir='ltr'><strong>consolato,</strong></span> <span class='ocrx_word' id='word_1_196' title='bbox 1926 2143 1964 2184; x_wconf 90' lang='lat' dir='ltr'><strong>su-</strong></span> 
     </span>
     <span class='ocr_line' id='line_1_18' title="bbox 444 2220 1966 2305; baseline -0.002 -19"><span class='ocrx_word' id='word_1_197' title='bbox 444 2223 590 2305; x_wconf 80' lang='lat' dir='ltr'><strong>frigidior</strong></span> <span class='ocrx_word' id='word_1_198' title='bbox 610 2230 716 2285; x_wconf 90' lang='lat' dir='ltr'><strong>mente</strong></span> <span class='ocrx_word' id='word_1_199' title='bbox 732 2231 763 2284; x_wconf 89' lang='lat' dir='ltr'><strong>et</strong></span> <span class='ocrx_word' id='word_1_200' title='bbox 778 2223 935 2286; x_wconf 88' lang='lat' dir='ltr'><strong>carnalior</strong></span> <span class='ocrx_word' id='word_1_201' title='bbox 954 2225 1087 2305; x_wconf 88' lang='lat' dir='ltr'><strong>eoeperit</strong></span> <span class='ocrx_word' id='word_1_202' title='bbox 1105 2224 1188 2299; x_wconf 90' lang='lat' dir='ltr'><strong>fieri,</strong></span> <span class='ocrx_word' id='word_1_203' title='bbox 1246 2221 1351 2304; x_wconf 90' lang='lat' dir='ltr'><strong>perbit</strong></span> <span class='ocrx_word' id='word_1_204' title='bbox 1366 2220 1523 2302; x_wconf 86' lang='lat' dir='ltr'><strong>cogitatio.</strong></span> <span class='ocrx_word' id='word_1_205' title='bbox 1541 2221 1583 2284; x_wconf 80' lang='lat' dir='ltr'><strong>&#39;le</strong></span> <span class='ocrx_word' id='word_1_206' title='bbox 1600 2221 1706 2302; x_wconf 92' lang='lat' dir='ltr'><strong>ipsum</strong></span> <span class='ocrx_word' id='word_1_207' title='bbox 1722 2221 1818 2304; x_wconf 88' lang='lat' dir='ltr'><strong>palpa</strong></span> <span class='ocrx_word' id='word_1_208' title='bbox 1832 2223 1907 2284; x_wconf 88' lang='lat' dir='ltr'><strong>circa</strong></span> <span class='ocrx_word' id='word_1_209' title='bbox 1920 2223 1966 2304; x_wconf 88' lang='lat' dir='ltr'><strong>pri-</strong></span> 
     </span>
     <span class='ocr_line' id='line_1_19' title="bbox 444 2318 1965 2405; baseline -0.002 -20"><span class='ocrx_word' id='word_1_210' title='bbox 444 2341 481 2385; x_wconf 91' lang='lat' dir='ltr'><strong>eo</strong></span> <span class='ocrx_word' id='word_1_211' title='bbox 512 2322 584 2405; x_wconf 91' lang='lat' dir='ltr'><strong>plus</strong></span> <span class='ocrx_word' id='word_1_212' title='bbox 615 2321 699 2383; x_wconf 92' lang='lat' dir='ltr'><strong>lauta</strong></span> <span class='ocrx_word' id='word_1_213' title='bbox 725 2328 759 2383; x_wconf 90' lang='lat' dir='ltr'><strong>et</strong></span> <span class='ocrx_word' id='word_1_214' title='bbox 782 2321 946 2404; x_wconf 83' lang='lat' dir='ltr'><strong>superflua</strong></span> <span class='ocrx_word' id='word_1_215' title='bbox 973 2323 1096 2405; x_wconf 90' lang='lat' dir='ltr'><strong>appetit</strong></span> <span class='ocrx_word' id='word_1_216' title='bbox 1124 2324 1189 2386; x_wconf 89' lang='lat' dir='ltr'><strong>adi·</strong></span> <span class='ocrx_word' id='word_1_217' title='bbox 1247 2318 1965 2394; x_wconf 82' lang='lat' dir='ltr'><strong>mamhoramdiei‚etcircamediam,etcirca</strong></span> 
     </span>
     <span class='ocr_line' id='line_1_20' title="bbox 444 2416 1966 2502; baseline -0.001 -21"><span class='ocrx_word' id='word_1_218' title='bbox 444 2420 535 2502; x_wconf 92' lang='lat' dir='ltr'><strong>pisci.</strong></span> <span class='ocrx_word' id='word_1_219' title='bbox 1245 2424 1420 2480; x_wconf 82' lang='lat' dir='ltr'><strong>extremam</strong></span> <span class='ocrx_word' id='word_1_220' title='bbox 1449 2425 1521 2480; x_wconf 90' lang='lat' dir='ltr'><strong>ante</strong></span> <span class='ocrx_word' id='word_1_221' title='bbox 1546 2416 1655 2479; x_wconf 92' lang='lat' dir='ltr'><strong>cibum</strong></span> <span class='ocrx_word' id='word_1_222' title='bbox 1681 2437 1689 2482; x_wconf 90' lang='lat'><strong>:</strong></span> <span class='ocrx_word' id='word_1_223' title='bbox 1715 2426 1747 2480; x_wconf 91' lang='lat' dir='ltr'><strong>et</strong></span> <span class='ocrx_word' id='word_1_224' title='bbox 1771 2437 1811 2481; x_wconf 83' lang='lat' dir='ltr'><strong>ex</strong></span> <span class='ocrx_word' id='word_1_225' title='bbox 1836 2417 1891 2482; x_wconf 93' lang='lat' dir='ltr'><strong>hoc</strong></span> <span class='ocrx_word' id='word_1_226' title='bbox 1909 2427 1966 2480; x_wconf 85' lang='lat' dir='ltr'><strong>ata</strong></span> 
     </span>
     <span class='ocr_line' id='line_1_21' title="bbox 494 2515 1967 2600; baseline -0.002 -20"><span class='ocrx_word' id='word_1_227' title='bbox 494 2518 648 2600; x_wconf 87' lang='lat' dir='ltr'><strong>Denique,</strong></span> <span class='ocrx_word' id='word_1_228' title='bbox 679 2536 776 2600; x_wconf 90' lang='lat' dir='ltr'><strong>quam</strong></span> <span class='ocrx_word' id='word_1_229' title='bbox 805 2517 933 2580; x_wconf 89' lang='lat' dir='ltr'><strong>vitanda</strong></span> <span class='ocrx_word' id='word_1_230' title='bbox 964 2517 1005 2580; x_wconf 91' lang='lat' dir='ltr'><strong>sit</strong></span> <span class='ocrx_word' id='word_1_231' title='bbox 1032 2519 1189 2600; x_wconf 90' lang='lat' dir='ltr'><strong>religiosis</strong></span> <span class='ocrx_word' id='word_1_232' title='bbox 1245 2515 1315 2597; x_wconf 92' lang='lat' dir='ltr'><strong>ipso</strong></span> <span class='ocrx_word' id='word_1_233' title='bbox 1329 2515 1433 2577; x_wconf 86' lang='lat' dir='ltr'><strong>disces</strong></span> <span class='ocrx_word' id='word_1_234' title='bbox 1448 2515 1617 2577; x_wconf 91' lang='lat' dir='ltr'><strong>utilitatem</strong></span> <span class='ocrx_word' id='word_1_235' title='bbox 1632 2515 1967 2598; x_wconf 84' lang='lat' dir='ltr'><strong>jejuniillxsultatqui·</strong></span> 
     </span>
     <span class='ocr_line' id='line_1_22' title="bbox 443 2613 1966 2698; baseline -0.001 -20"><span class='ocrx_word' id='word_1_236' title='bbox 443 2615 703 2698; x_wconf 88' lang='lat' dir='ltr'><strong>concupiscentia</strong></span> <span class='ocrx_word' id='word_1_237' title='bbox 721 2615 825 2678; x_wconf 93' lang='lat' dir='ltr'><strong>omnis</strong></span> <span class='ocrx_word' id='word_1_238' title='bbox 846 2615 992 2690; x_wconf 90' lang='lat' dir='ltr'><strong>carnalis,</strong></span> <span class='ocrx_word' id='word_1_239' title='bbox 1009 2625 1131 2679; x_wconf 90' lang='lat' dir='ltr'><strong>constat</strong></span> <span class='ocrx_word' id='word_1_240' title='bbox 1150 2637 1189 2681; x_wconf 83' lang='lat' dir='ltr'><strong>ex</strong></span> <span class='ocrx_word' id='word_1_241' title='bbox 1245 2613 1319 2676; x_wconf 92' lang='lat' dir='ltr'><strong>dem</strong></span> <span class='ocrx_word' id='word_1_242' title='bbox 1338 2631 1431 2676; x_wconf 87' lang='lat' dir='ltr'><strong>mane</strong></span> <span class='ocrx_word' id='word_1_243' title='bbox 1447 2614 1596 2694; x_wconf 85' lang='lat' dir='ltr'><strong>cogitatio</strong></span> <span class='ocrx_word' id='word_1_244' title='bbox 1615 2613 1736 2694; x_wconf 89' lang='lat' dir='ltr'><strong>carnis;</strong></span> <span class='ocrx_word' id='word_1_245' title='bbox 1751 2615 1966 2698; x_wconf 88' lang='lat' dir='ltr'><strong>apprehenden-</strong></span> 
     </span>
     <span class='ocr_line' id='line_1_23' title="bbox 443 2711 1967 2794; baseline -0.003 -18"><span class='ocrx_word' id='word_1_246' title='bbox 443 2713 550 2776; x_wconf 92' lang='lat' dir='ltr'><strong>verhis</strong></span> <span class='ocrx_word' id='word_1_247' title='bbox 567 2713 596 2776; x_wconf 88' lang='lat' dir='ltr'><strong>S.</strong></span> <span class='ocrx_word' id='word_1_248' title='bbox 614 2713 733 2786; x_wconf 87' lang='lat' dir='ltr'><strong>Basilii,</strong></span> <span class='ocrx_word' id='word_1_249' title='bbox 750 2714 781 2775; x_wconf 94' lang='lat' dir='ltr'><strong>in</strong></span> <span class='ocrx_word' id='word_1_250' title='bbox 799 2713 891 2794; x_wconf 87' lang='lat' dir='ltr'><strong>cujus</strong></span> <span class='ocrx_word' id='word_1_251' title='bbox 907 2713 1025 2794; x_wconf 86' lang='lat' dir='ltr'><strong>llegula</strong></span> <span class='ocrx_word' id='word_1_252' title='bbox 1045 2723 1190 2777; x_wconf 86' lang='lat' dir='ltr'><strong>movetur</strong></span> <span class='ocrx_word' id='word_1_253' title='bbox 1245 2717 1276 2773; x_wconf 90' lang='lat' dir='ltr'><strong>te</strong></span> <span class='ocrx_word' id='word_1_254' title='bbox 1301 2718 1398 2784; x_wconf 86' lang='lat' dir='ltr'><strong>sexta,</strong></span> <span class='ocrx_word' id='word_1_255' title='bbox 1422 2711 1570 2774; x_wconf 90' lang='lat' dir='ltr'><strong>deorsum</strong></span> <span class='ocrx_word' id='word_1_256' title='bbox 1594 2711 1718 2774; x_wconf 93' lang='lat' dir='ltr'><strong>modice</strong></span> <span class='ocrx_word' id='word_1_257' title='bbox 1744 2712 1921 2786; x_wconf 66' lang='lat' dir='ltr'><strong>inclinatum</strong></span> <span class='ocrx_word' id='word_1_258' title='bbox 1940 2729 1967 2774; x_wconf 86' lang='lat' dir='ltr'><strong>ac</strong></span> 
     </span>
     <span class='ocr_line' id='line_1_24' title="bbox 444 2808 1966 2894; baseline -0.004 -20"><span class='ocrx_word' id='word_1_259' title='bbox 444 2812 510 2876; x_wconf 80' lang='lat' dir='ltr'><strong>haec</strong></span> <span class='ocrx_word' id='word_1_260' title='bbox 526 2810 660 2894; x_wconf 73' lang='lat' dir='ltr'><strong>quaestio</strong></span> <span class='ocrx_word' id='word_1_261' title='bbox 677 2828 684 2872; x_wconf 89' lang='lat'>:</span> <span class='ocrx_word' id='word_1_262' title='bbox 702 2811 732 2874; x_wconf 90' lang='lat' dir='ltr'><strong>Si</strong></span> <span class='ocrx_word' id='word_1_263' title='bbox 750 2811 821 2893; x_wconf 87' lang='lat' dir='ltr'><strong>quis</strong></span> <span class='ocrx_word' id='word_1_264' title='bbox 842 2811 875 2872; x_wconf 94' lang='lat' dir='ltr'><strong>in</strong></span> <span class='ocrx_word' id='word_1_265' title='bbox 891 2811 986 2873; x_wconf 86' lang='lat' dir='ltr'><strong>corde</strong></span> <span class='ocrx_word' id='word_1_266' title='bbox 1002 2830 1059 2874; x_wconf 92' lang='lat' dir='ltr'><strong>suo</strong></span> <span class='ocrx_word' id='word_1_267' title='bbox 1075 2813 1190 2893; x_wconf 86' lang='lat' dir='ltr'><strong>cogitet</strong></span> <span class='ocrx_word' id='word_1_268' title='bbox 1245 2808 1331 2870; x_wconf 90' lang='lat' dir='ltr'><strong>circa</strong></span> <span class='ocrx_word' id='word_1_269' title='bbox 1350 2808 1426 2870; x_wconf 92' lang='lat' dir='ltr'><strong>solis</strong></span> <span class='ocrx_word' id='word_1_270' title='bbox 1450 2826 1598 2872; x_wconf 89' lang='lat' dir='ltr'><strong>occasum</strong></span> <span class='ocrx_word' id='word_1_271' title='bbox 1617 2809 1810 2872; x_wconf 90' lang='lat' dir='ltr'><strong>humiliatur</strong></span> <span class='ocrx_word' id='word_1_272' title='bbox 1828 2811 1859 2872; x_wconf 93' lang='lat' dir='ltr'><strong>in</strong></span> <span class='ocrx_word' id='word_1_273' title='bbox 1876 2810 1966 2872; x_wconf 87' lang='lat' dir='ltr'><strong>finem.</strong></span> 
     </span>
     <span class='ocr_line' id='line_1_25' title="bbox 443 2905 1967 2998; baseline -0.003 -25"><span class='ocrx_word' id='word_1_274' title='bbox 443 2911 482 2973; x_wconf 90' lang='lat' dir='ltr'><strong>de</strong></span> <span class='ocrx_word' id='word_1_275' title='bbox 503 2909 595 2998; x_wconf 84' lang='lat' dir='ltr'><strong>cibis,</strong></span> <span class='ocrx_word' id='word_1_276' title='bbox 611 2916 718 2971; x_wconf 89' lang='lat' dir='ltr'><strong>tamen</strong></span> <span class='ocrx_word' id='word_1_277' title='bbox 738 2909 853 2971; x_wconf 91' lang='lat' dir='ltr'><strong>deinde</strong></span> <span class='ocrx_word' id='word_1_278' title='bbox 873 2917 961 2971; x_wconf 90' lang='lat' dir='ltr'><strong>notet</strong></span> <span class='ocrx_word' id='word_1_279' title='bbox 977 2928 1011 2971; x_wconf 92' lang='lat' dir='ltr'><strong>se</strong></span> <span class='ocrx_word' id='word_1_280' title='bbox 1031 2909 1136 2992; x_wconf 93' lang='lat' dir='ltr'><strong>ipsum</strong></span> <span class='ocrx_word' id='word_1_281' title='bbox 1158 2919 1190 2973; x_wconf 89' lang='lat' dir='ltr'><strong>et</strong></span> <span class='ocrx_word' id='word_1_282' title='bbox 1244 2905 1362 2986; x_wconf 81' lang='lat' dir='ltr'><strong>Afilige</strong></span> <span class='ocrx_word' id='word_1_283' title='bbox 1384 2915 1539 2981; x_wconf 89' lang='lat' dir='ltr'><strong>ventrem,</strong></span> <span class='ocrx_word' id='word_1_284' title='bbox 1557 2915 1588 2970; x_wconf 93' lang='lat' dir='ltr'><strong>et</strong></span> <span class='ocrx_word' id='word_1_285' title='bbox 1607 2925 1642 2970; x_wconf 91' lang='lat' dir='ltr'><strong>os</strong></span> <span class='ocrx_word' id='word_1_286' title='bbox 1662 2914 1755 2971; x_wconf 92' lang='lat' dir='ltr'><strong>tuum</strong></span> <span class='ocrx_word' id='word_1_287' title='bbox 1776 2908 1899 2971; x_wconf 91' lang='lat' dir='ltr'><strong>claudes</strong></span> <span class='ocrx_word' id='word_1_288' title='bbox 1916 2926 1967 2970; x_wconf 93' lang='lat' dir='ltr'><strong>om·</strong></span> 
     </span>
     <span class='ocr_line' id='line_1_26' title="bbox 442 3004 1968 3089; baseline -0.002 -18"><span class='ocrx_word' id='word_1_289' title='bbox 442 3017 563 3089; x_wconf 89' lang='lat' dir='ltr'><strong>arguat,</strong></span> <span class='ocrx_word' id='word_1_290' title='bbox 581 3008 607 3070; x_wconf 88' lang='lat' dir='ltr'><strong>si</strong></span> <span class='ocrx_word' id='word_1_291' title='bbox 628 3015 660 3070; x_wconf 91' lang='lat' dir='ltr'><strong>et</strong></span> <span class='ocrx_word' id='word_1_292' title='bbox 674 3007 726 3070; x_wconf 94' lang='lat' dir='ltr'><strong>hic</strong></span> <span class='ocrx_word' id='word_1_293' title='bbox 746 3007 836 3089; x_wconf 87' lang='lat' dir='ltr'><strong>quasi</strong></span> <span class='ocrx_word' id='word_1_294' title='bbox 857 3007 998 3088; x_wconf 88' lang='lat' dir='ltr'><strong>cogitans</strong></span> <span class='ocrx_word' id='word_1_295' title='bbox 1018 3008 1056 3069; x_wconf 94' lang='lat' dir='ltr'><strong>de</strong></span> <span class='ocrx_word' id='word_1_296' title='bbox 1072 3008 1188 3071; x_wconf 89' lang='lat' dir='ltr'><strong>talibus</strong></span> <span class='ocrx_word' id='word_1_297' title='bbox 1205 3009 1227 3073; x_wconf 80' lang='lat' dir='ltr'><strong>(l</strong></span> <span class='ocrx_word' id='word_1_298' title='bbox 1246 3004 1323 3066; x_wconf 85' lang='lat' dir='ltr'><strong>uiuo</strong></span> <span class='ocrx_word' id='word_1_299' title='bbox 1341 3024 1347 3068; x_wconf 92' lang='lat'>:</span> <span class='ocrx_word' id='word_1_300' title='bbox 1365 3024 1382 3067; x_wconf 85' lang='lat' dir='ltr'><strong>a</strong></span> <span class='ocrx_word' id='word_1_301' title='bbox 1397 3005 1603 3068; x_wconf 89' lang='lat' dir='ltr'><strong>multitudine</strong></span> <span class='ocrx_word' id='word_1_302' title='bbox 1618 3025 1758 3089; x_wconf 89' lang='lat' dir='ltr'><strong>namque</strong></span> <span class='ocrx_word' id='word_1_303' title='bbox 1773 3007 1912 3070; x_wconf 88' lang='lat' dir='ltr'><strong>cihomm</strong></span> <span class='ocrx_word' id='word_1_304' title='bbox 1925 3007 1968 3069; x_wconf 89' lang='lat' dir='ltr'><strong>lin-</strong></span> 
     </span>
     <span class='ocr_line' id='line_1_27' title="bbox 441 3105 1966 3188; baseline -0.003 -19"><span class='ocrx_word' id='word_1_305' title='bbox 441 3106 634 3188; x_wconf 87' lang='lat' dir='ltr'><strong>judicandus</strong></span> <span class='ocrx_word' id='word_1_306' title='bbox 654 3109 724 3168; x_wconf 83' lang='lat' dir='ltr'><strong>estl</strong></span> <span class='ocrx_word' id='word_1_307' title='bbox 739 3105 786 3166; x_wconf 82' lang='lat' dir='ltr'><strong>Ad</strong></span> <span class='ocrx_word' id='word_1_308' title='bbox 808 3105 892 3186; x_wconf 89' lang='lat' dir='ltr'><strong>quod</strong></span> <span class='ocrx_word' id='word_1_309' title='bbox 916 3105 1087 3186; x_wconf 90' lang='lat' dir='ltr'><strong>respondet</strong></span> <span class='ocrx_word' id='word_1_310' title='bbox 1107 3106 1190 3168; x_wconf 82' lang='lat' dir='ltr'><strong>ltasi-</strong></span> <span class='ocrx_word' id='word_1_311' title='bbox 1245 3121 1307 3183; x_wconf 89' lang='lat' dir='ltr'><strong>gua</strong></span> <span class='ocrx_word' id='word_1_312' title='bbox 1321 3111 1490 3166; x_wconf 89' lang='lat' dir='ltr'><strong>enervatur</strong></span> <span class='ocrx_word' id='word_1_313' title='bbox 1505 3111 1536 3167; x_wconf 92' lang='lat' dir='ltr'><strong>et</strong></span> <span class='ocrx_word' id='word_1_314' title='bbox 1551 3105 1718 3167; x_wconf 85' lang='lat' dir='ltr'><strong>relaxatur.</strong></span> <span class='ocrx_word' id='word_1_315' title='bbox 1735 3105 1810 3170; x_wconf 74' lang='lat' dir='ltr'><strong>llaec</strong></span> <span class='ocrx_word' id='word_1_316' title='bbox 1824 3106 1966 3169; x_wconf 86' lang='lat' dir='ltr'><strong>Climacus.</strong></span> 
     </span>
     <span class='ocr_line' id='line_1_28' title="bbox 443 3201 1969 3284; baseline -0.002 -17"><span class='ocrx_word' id='word_1_317' title='bbox 443 3205 505 3267; x_wconf 93' lang='lat' dir='ltr'><strong>lius</strong></span> <span class='ocrx_word' id='word_1_318' title='bbox 523 3221 530 3265; x_wconf 77' lang='grc' dir='ltr'><em>τ</em></span> <span class='ocrx_word' id='word_1_319' title='bbox 548 3203 580 3266; x_wconf 92' lang='lat' dir='ltr'><strong>Si</strong></span> <span class='ocrx_word' id='word_1_320' title='bbox 602 3221 665 3266; x_wconf 92' lang='lat' dir='ltr'><strong>non</strong></span> <span class='ocrx_word' id='word_1_321' title='bbox 689 3203 719 3265; x_wconf 92' lang='lat' dir='ltr'><strong>id</strong></span> <span class='ocrx_word' id='word_1_322' title='bbox 740 3202 893 3284; x_wconf 87' lang='lat' dir='ltr'><strong>temporis</strong></span> <span class='ocrx_word' id='word_1_323' title='bbox 915 3209 1046 3284; x_wconf 87' lang='lat' dir='ltr'><strong>estque</strong></span> <span class='ocrx_word' id='word_1_324' title='bbox 1067 3211 1191 3266; x_wconf 90' lang='lat' dir='ltr'><strong>natura·</strong></span> <span class='ocrx_word' id='word_1_325' title='bbox 1285 3202 1448 3275; x_wconf 77' lang='lat' dir='ltr'><strong>Praeterea,</strong></span> <span class='ocrx_word' id='word_1_326' title='bbox 1469 3218 1533 3264; x_wconf 91' lang='lat' dir='ltr'><strong>non</strong></span> <span class='ocrx_word' id='word_1_327' title='bbox 1558 3201 1661 3265; x_wconf 92' lang='lat' dir='ltr'><strong>solum</strong></span> <span class='ocrx_word' id='word_1_328' title='bbox 1688 3203 1894 3267; x_wconf 89' lang='lat' dir='ltr'><strong>inordinatam</strong></span> <span class='ocrx_word' id='word_1_329' title='bbox 1914 3221 1969 3266; x_wconf 91' lang='lat' dir='ltr'><strong>con·</strong></span> 
     </span>
     <span class='ocr_line' id='line_1_29' title="bbox 443 3297 1968 3384; baseline -0.001 -20"><span class='ocrx_word' id='word_1_330' title='bbox 443 3302 515 3364; x_wconf 91' lang='lat' dir='ltr'><strong>liter</strong></span> <span class='ocrx_word' id='word_1_331' title='bbox 531 3301 617 3364; x_wconf 88' lang='lat' dir='ltr'><strong>cibos</strong></span> <span class='ocrx_word' id='word_1_332' title='bbox 632 3301 793 3383; x_wconf 89' lang='lat' dir='ltr'><strong>requirere</strong></span> <span class='ocrx_word' id='word_1_333' title='bbox 807 3297 900 3362; x_wconf 91' lang='lat' dir='ltr'><strong>famis</strong></span> <span class='ocrx_word' id='word_1_334' title='bbox 915 3301 1100 3364; x_wconf 87' lang='lat' dir='ltr'><strong>necessitate</strong></span> <span class='ocrx_word' id='word_1_335' title='bbox 1113 3320 1193 3365; x_wconf 93' lang='lat' dir='ltr'><strong>com·</strong></span> <span class='ocrx_word' id='word_1_336' title='bbox 1246 3299 1473 3380; x_wconf 90' lang='lat' dir='ltr'><strong>cupiscentiam</strong></span> <span class='ocrx_word' id='word_1_337' title='bbox 1488 3301 1572 3362; x_wconf 90' lang='lat' dir='ltr'><strong>circa</strong></span> <span class='ocrx_word' id='word_1_338' title='bbox 1586 3300 1968 3384; x_wconf 89' lang='lat' dir='ltr'><strong>cibum,potum,somoum,</strong></span> 
     </span>
     <span class='ocr_line' id='line_1_30' title="bbox 442 3397 1971 3490; baseline -0.001 -28"><span class='ocrx_word' id='word_1_339' title='bbox 442 3417 754 3490; x_wconf 85' lang='lat' dir='ltr'><strong>monemur‚necesse</strong></span> <span class='ocrx_word' id='word_1_340' title='bbox 769 3399 860 3461; x_wconf 92' lang='lat' dir='ltr'><strong>estid</strong></span> <span class='ocrx_word' id='word_1_341' title='bbox 877 3417 947 3460; x_wconf 92' lang='lat' dir='ltr'><strong>esse</strong></span> <span class='ocrx_word' id='word_1_342' title='bbox 960 3417 1065 3462; x_wconf 76' lang='lat' dir='ltr'><strong>vacua</strong></span> <span class='ocrx_word' id='word_1_343' title='bbox 1077 3401 1191 3463; x_wconf 92' lang='lat' dir='ltr'><strong>mentis</strong></span> <span class='ocrx_word' id='word_1_344' title='bbox 1246 3397 1408 3471; x_wconf 89' lang='lat' dir='ltr'><strong>vestitum,</strong></span> <span class='ocrx_word' id='word_1_345' title='bbox 1418 3398 1473 3460; x_wconf 91' lang='lat' dir='ltr'><strong>sed</strong></span> <span class='ocrx_word' id='word_1_346' title='bbox 1489 3405 1521 3460; x_wconf 89' lang='lat' dir='ltr'><strong>et</strong></span> <span class='ocrx_word' id='word_1_347' title='bbox 1534 3399 1618 3461; x_wconf 93' lang='lat' dir='ltr'><strong>circa</strong></span> <span class='ocrx_word' id='word_1_348' title='bbox 1633 3399 1695 3462; x_wconf 88' lang='lat' dir='ltr'><strong>alia</strong></span> <span class='ocrx_word' id='word_1_349' title='bbox 1709 3419 1846 3483; x_wconf 77' lang='lat' dir='ltr'><strong>quaeque</strong></span> <span class='ocrx_word' id='word_1_350' title='bbox 1859 3400 1971 3463; x_wconf 87' lang='lat' dir='ltr'><strong>sensibi-</strong></span> 
     </span>
     <span class='ocr_line' id='line_1_31' title="bbox 444 3494 1968 3582; baseline -0.002 -22"><span class='ocrx_word' id='word_1_351' title='bbox 444 3499 612 3572; x_wconf 90' lang='lat' dir='ltr'><strong>indicium,</strong></span> <span class='ocrx_word' id='word_1_352' title='bbox 630 3505 661 3560; x_wconf 91' lang='lat' dir='ltr'><strong>et</strong></span> <span class='ocrx_word' id='word_1_353' title='bbox 675 3497 790 3560; x_wconf 85' lang='lat' dir='ltr'><strong>animae</strong></span> <span class='ocrx_word' id='word_1_354' title='bbox 804 3497 958 3560; x_wconf 92' lang='lat' dir='ltr'><strong>affectum</strong></span> <span class='ocrx_word' id='word_1_355' title='bbox 978 3498 1118 3578; x_wconf 88' lang='lat' dir='ltr'><strong>gerentis</strong></span> <span class='ocrx_word' id='word_1_356' title='bbox 1133 3499 1192 3561; x_wconf 87' lang='lat' dir='ltr'><strong>cir·</strong></span> <span class='ocrx_word' id='word_1_357' title='bbox 1247 3495 1298 3570; x_wconf 95' lang='lat' dir='ltr'><strong>lia,</strong></span> <span class='ocrx_word' id='word_1_358' title='bbox 1315 3494 1476 3560; x_wconf 88' lang='lat' dir='ltr'><strong>refrenare</strong></span> <span class='ocrx_word' id='word_1_359' title='bbox 1496 3515 1532 3558; x_wconf 88' lang='lat' dir='ltr'><strong>ac</strong></span> <span class='ocrx_word' id='word_1_360' title='bbox 1553 3497 1707 3580; x_wconf 91' lang='lat' dir='ltr'><strong>repellere</strong></span> <span class='ocrx_word' id='word_1_361' title='bbox 1727 3516 1786 3561; x_wconf 91' lang='lat' dir='ltr'><strong>nos</strong></span> <span class='ocrx_word' id='word_1_362' title='bbox 1809 3507 1930 3582; x_wconf 88' lang='lat' dir='ltr'><strong>oportet,</strong></span> <span class='ocrx_word' id='word_1_363' title='bbox 1944 3505 1968 3558; x_wconf 90' lang='lat' dir='ltr'><strong>nl</strong></span> 
     </span>
     <span class='ocr_line' id='line_1_32' title="bbox 445 3593 1968 3678; baseline -0.003 -18"><span class='ocrx_word' id='word_1_364' title='bbox 445 3616 482 3660; x_wconf 89' lang='lat' dir='ltr'><strong>ca</strong></span> <span class='ocrx_word' id='word_1_365' title='bbox 502 3597 562 3659; x_wconf 90' lang='lat' dir='ltr'><strong>ista</strong></span> <span class='ocrx_word' id='word_1_366' title='bbox 581 3597 759 3678; x_wconf 81' lang='lat' dir='ltr'><strong>praesentia,</strong></span> <span class='ocrx_word' id='word_1_367' title='bbox 776 3603 808 3658; x_wconf 91' lang='lat' dir='ltr'><strong>et</strong></span> <span class='ocrx_word' id='word_1_368' title='bbox 822 3596 906 3658; x_wconf 89' lang='lat' dir='ltr'><strong>circa</strong></span> <span class='ocrx_word' id='word_1_369' title='bbox 923 3596 978 3659; x_wconf 87' lang='lat' dir='ltr'><strong>Dei</strong></span> <span class='ocrx_word' id='word_1_370' title='bbox 994 3596 1190 3660; x_wconf 89' lang='lat' dir='ltr'><strong>voluntatem</strong></span> <span class='ocrx_word' id='word_1_371' title='bbox 1247 3593 1327 3656; x_wconf 92' lang='lat' dir='ltr'><strong>nihil</strong></span> <span class='ocrx_word' id='word_1_372' title='bbox 1352 3601 1494 3656; x_wconf 89' lang='lat' dir='ltr'><strong>creatum</strong></span> <span class='ocrx_word' id='word_1_373' title='bbox 1523 3595 1585 3658; x_wconf 90' lang='lat' dir='ltr'><strong>nisi</strong></span> <span class='ocrx_word' id='word_1_374' title='bbox 1615 3596 1648 3658; x_wconf 93' lang='lat' dir='ltr'><strong>in</strong></span> <span class='ocrx_word' id='word_1_375' title='bbox 1671 3596 1736 3658; x_wconf 84' lang='lat' dir='ltr'><strong>Deo</strong></span> <span class='ocrx_word' id='word_1_376' title='bbox 1760 3604 1795 3659; x_wconf 89' lang='lat' dir='ltr'><strong>et</strong></span> <span class='ocrx_word' id='word_1_377' title='bbox 1817 3598 1968 3660; x_wconf 90' lang='lat' dir='ltr'><strong>secundun</strong></span> 
     </span>
     <span class='ocr_line' id='line_1_33' title="bbox 445 3693 1525 3774; baseline -0.001 -17"><span class='ocrx_word' id='word_1_378' title='bbox 445 3694 564 3758; x_wconf 90' lang='lat' dir='ltr'><strong>desidis</strong></span> <span class='ocrx_word' id='word_1_379' title='bbox 584 3713 620 3756; x_wconf 89' lang='lat' dir='ltr'><strong>ac</strong></span> <span class='ocrx_word' id='word_1_380' title='bbox 642 3693 792 3757; x_wconf 78' lang='lat' dir='ltr'><strong>remissae.</strong></span> <span class='ocrx_word' id='word_1_381' title='bbox 810 3695 988 3757; x_wconf 85' lang='lat' dir='ltr'><strong>Proximam</strong></span> <span class='ocrx_word' id='word_1_382' title='bbox 1010 3701 1117 3758; x_wconf 77' lang='lat' dir='ltr'><strong>mmen</strong></span> <span class='ocrx_word' id='word_1_383' title='bbox 1140 3697 1192 3758; x_wconf 89' lang='lat' dir='ltr'><strong>ha·</strong></span> <span class='ocrx_word' id='word_1_384' title='bbox 1246 3693 1346 3755; x_wconf 88' lang='lat' dir='ltr'><strong>Deum</strong></span> <span class='ocrx_word' id='word_1_385' title='bbox 1367 3699 1525 3774; x_wconf 90' lang='lat' dir='ltr'><strong>optemus.</strong></span> 
     </span>
     <span class='ocr_line' id='line_1_34' title="bbox 446 3791 2049 3876; baseline -0.008 -22"><span class='ocrx_word' id='word_1_386' title='bbox 446 3792 580 3855; x_wconf 85' lang='lat' dir='ltr'><strong>hethei</strong></span> <span class='ocrx_word' id='word_1_387' title='bbox 611 3791 873 3868; x_wconf 90' lang='lat' dir='ltr'><strong>misericordiam,</strong></span> <span class='ocrx_word' id='word_1_388' title='bbox 899 3799 930 3855; x_wconf 89' lang='lat' dir='ltr'><strong>et</strong></span> <span class='ocrx_word' id='word_1_389' title='bbox 955 3811 1012 3874; x_wconf 93' lang='lat' dir='ltr'><strong>pro</strong></span> <span class='ocrx_word' id='word_1_390' title='bbox 1037 3793 1097 3856; x_wconf 92' lang='lat' dir='ltr'><strong>hoc</strong></span> <span class='ocrx_word' id='word_1_391' title='bbox 1122 3794 1191 3876; x_wconf 93' lang='lat' dir='ltr'><strong>ipso</strong></span> <span class='ocrx_word' id='word_1_392' title='bbox 1285 3792 1419 3872; x_wconf 90' lang='lat' dir='ltr'><strong>Insuper</strong></span> <span class='ocrx_word' id='word_1_393' title='bbox 1446 3793 1539 3856; x_wconf 91' lang='lat' dir='ltr'><strong>docet</strong></span> <span class='ocrx_word' id='word_1_394' title='bbox 1568 3810 1625 3855; x_wconf 91' lang='lat' dir='ltr'><strong>nos</strong></span> <span class='ocrx_word' id='word_1_395' title='bbox 1653 3793 1836 3876; x_wconf 83' lang='lat' dir='ltr'><strong>Apostolus,</strong></span> <span class='ocrx_word' id='word_1_396' title='bbox 1864 3801 1897 3856; x_wconf 89' lang='lat' dir='ltr'><strong>ot</strong></span> <span class='ocrx_word' id='word_1_397' title='bbox 1921 3810 1969 3855; x_wconf 89' lang='lat' dir='ltr'><strong>non</strong></span> <span class='ocrx_word' id='word_1_398' title='bbox 1984 3799 2049 3846; x_wconf 64' lang='lat' dir='ltr'><strong>acac</strong></span> 
     </span>
     <span class='ocr_line' id='line_1_35' title="bbox 446 3889 1971 3973; baseline 0.001 -21"><span class='ocrx_word' id='word_1_399' title='bbox 446 3890 531 3973; x_wconf 89' lang='lat' dir='ltr'><strong>quod</strong></span> <span class='ocrx_word' id='word_1_400' title='bbox 551 3909 586 3952; x_wconf 91' lang='lat' dir='ltr'><strong>se</strong></span> <span class='ocrx_word' id='word_1_401' title='bbox 608 3889 710 3971; x_wconf 91' lang='lat' dir='ltr'><strong>ipsam</strong></span> <span class='ocrx_word' id='word_1_402' title='bbox 731 3890 845 3971; x_wconf 89' lang='lat' dir='ltr'><strong>arguit,</strong></span> <span class='ocrx_word' id='word_1_403' title='bbox 867 3909 884 3952; x_wconf 96' lang='lat' dir='ltr'><strong>a</strong></span> <span class='ocrx_word' id='word_1_404' title='bbox 906 3890 1041 3953; x_wconf 91' lang='lat' dir='ltr'><strong>crimine</strong></span> <span class='ocrx_word' id='word_1_405' title='bbox 1062 3910 1191 3954; x_wconf 85' lang='lat' dir='ltr'><strong>excusa·</strong></span> <span class='ocrx_word' id='word_1_406' title='bbox 1246 3889 1429 3952; x_wconf 79' lang='lat' dir='ltr'><strong>efficiamur</strong></span> <span class='ocrx_word' id='word_1_407' title='bbox 1445 3890 1625 3955; x_wconf 74' lang='lat' dir='ltr'><strong>idololatras.</strong></span> <span class='ocrx_word' id='word_1_408' title='bbox 1644 3891 1704 3955; x_wconf 91' lang='lat' dir='ltr'><strong>Sed</strong></span> <span class='ocrx_word' id='word_1_409' title='bbox 1719 3893 1853 3956; x_wconf 82' lang='lat' dir='ltr'><strong>forsitan</strong></span> <span class='ocrx_word' id='word_1_410' title='bbox 1868 3910 1971 3957; x_wconf 84' lang='lat' dir='ltr'><strong>nonar·</strong></span> 
     </span>
     <span class='ocr_line' id='line_1_36' title="bbox 446 3987 1969 4069; baseline -0.001 -18"><span class='ocrx_word' id='word_1_411' title='bbox 446 3997 509 4064; x_wconf 91' lang='lat' dir='ltr'><strong>tur,</strong></span> <span class='ocrx_word' id='word_1_412' title='bbox 526 3988 551 4051; x_wconf 91' lang='lat' dir='ltr'><strong>si</strong></span> <span class='ocrx_word' id='word_1_413' title='bbox 568 3995 674 4051; x_wconf 68' lang='lat' dir='ltr'><strong>umen</strong></span> <span class='ocrx_word' id='word_1_414' title='bbox 690 3989 729 4051; x_wconf 91' lang='lat' dir='ltr'><strong>de</strong></span> <span class='ocrx_word' id='word_1_415' title='bbox 745 3995 850 4051; x_wconf 86' lang='lat' dir='ltr'><strong>cetero</strong></span> <span class='ocrx_word' id='word_1_416' title='bbox 865 3988 944 4052; x_wconf 91' lang='lat' dir='ltr'><strong>vitet</strong></span> <span class='ocrx_word' id='word_1_417' title='bbox 963 3989 1191 4069; x_wconf 85' lang='lat' dir='ltr'><strong>cogitationum</strong></span> <span class='ocrx_word' id='word_1_418' title='bbox 1246 3987 1404 4051; x_wconf 89' lang='lat' dir='ltr'><strong>bitramur</strong></span> <span class='ocrx_word' id='word_1_419' title='bbox 1435 3989 1528 4052; x_wconf 92' lang='lat' dir='ltr'><strong>nohis</strong></span> <span class='ocrx_word' id='word_1_420' title='bbox 1558 3991 1768 4054; x_wconf 89' lang='lat' dir='ltr'><strong>necessariam</strong></span> <span class='ocrx_word' id='word_1_421' title='bbox 1802 3991 1969 4056; x_wconf 81' lang='lat' dir='ltr'><strong>admonitio</strong></span> 
     </span>
     <span class='ocr_line' id='line_1_37' title="bbox 327 4087 1969 4174; baseline 0.004 -29"><span class='ocrx_word' id='word_1_422' title='bbox 327 4116 339 4145; x_wconf 79' lang='grc' dir='ltr'><strong>ο</strong></span> <span class='ocrx_word' id='word_1_423' title='bbox 389 4119 430 4158; x_wconf 77' lang='lat' dir='ltr'><strong>.v‚</strong></span> <span class='ocrx_word' id='word_1_424' title='bbox 446 4088 564 4162; x_wconf 90' lang='lat' dir='ltr'><strong>ruinas,</strong></span> <span class='ocrx_word' id='word_1_425' title='bbox 582 4105 706 4150; x_wconf 94' lang='lat' dir='ltr'><strong>memor</strong></span> <span class='ocrx_word' id='word_1_426' title='bbox 720 4087 836 4150; x_wconf 87' lang='lat' dir='ltr'><strong>Christi</strong></span> <span class='ocrx_word' id='word_1_427' title='bbox 852 4087 942 4150; x_wconf 89' lang='lat' dir='ltr'><strong>verbi</strong></span> <span class='ocrx_word' id='word_1_428' title='bbox 957 4089 1092 4151; x_wconf 89' lang='lat' dir='ltr'><strong>dicentis</strong></span> <span class='ocrx_word' id='word_1_429' title='bbox 1110 4108 1116 4153; x_wconf 93' lang='lat'><strong>:</strong></span> <span class='ocrx_word' id='word_1_430' title='bbox 1134 4090 1190 4152; x_wconf 88' lang='lat' dir='ltr'><strong>Ec·</strong></span> <span class='ocrx_word' id='word_1_431' title='bbox 1247 4106 1320 4150; x_wconf 91' lang='lat' dir='ltr'><strong>nem</strong></span> <span class='ocrx_word' id='word_1_432' title='bbox 1337 4088 1456 4150; x_wconf 88' lang='lat' dir='ltr'><strong>vitandi</strong></span> <span class='ocrx_word' id='word_1_433' title='bbox 1473 4096 1537 4151; x_wconf 93' lang='lat' dir='ltr'><strong>tam</strong></span> <span class='ocrx_word' id='word_1_434' title='bbox 1553 4106 1684 4152; x_wconf 92' lang='lat' dir='ltr'><strong>enorme</strong></span> <span class='ocrx_word' id='word_1_435' title='bbox 1698 4109 1735 4152; x_wconf 88' lang='lat' dir='ltr'><strong>ac</strong></span> <span class='ocrx_word' id='word_1_436' title='bbox 1752 4091 1969 4174; x_wconf 90' lang='lat' dir='ltr'><strong>apertissimum</strong></span> 
     </span>
     <span class='ocr_line' id='line_1_38' title="bbox 327 4184 1970 4270; baseline 0.002 -23"><span class='ocrx_word' id='word_1_437' title='bbox 327 4195 333 4208; x_wconf 89' lang='lat'><strong>·</strong></span> <span class='ocrx_word' id='word_1_438' title='bbox 445 4203 482 4247; x_wconf 88' lang='lat' dir='ltr'><strong>ce</strong></span> <span class='ocrx_word' id='word_1_439' title='bbox 502 4185 608 4248; x_wconf 85' lang='lat' dir='ltr'><strong>salvus</strong></span> <span class='ocrx_word' id='word_1_440' title='bbox 628 4185 731 4247; x_wconf 91' lang='lat' dir='ltr'><strong>factus</strong></span> <span class='ocrx_word' id='word_1_441' title='bbox 752 4201 805 4262; x_wconf 90' lang='lat' dir='ltr'><strong>cs;</strong></span> <span class='ocrx_word' id='word_1_442' title='bbox 819 4184 885 4264; x_wconf 85' lang='lat' dir='ltr'><strong>jam</strong></span> <span class='ocrx_word' id='word_1_443' title='bbox 905 4185 970 4247; x_wconf 93' lang='lat' dir='ltr'><strong>noli</strong></span> <span class='ocrx_word' id='word_1_444' title='bbox 991 4204 1133 4267; x_wconf 88' lang='lat' dir='ltr'><strong>peccare,</strong></span> <span class='ocrx_word' id='word_1_445' title='bbox 1151 4207 1191 4251; x_wconf 92' lang='lat' dir='ltr'><strong>ne</strong></span> <span class='ocrx_word' id='word_1_446' title='bbox 1206 4191 1232 4253; x_wconf 88' lang='lat' dir='ltr'>D</span> <span class='ocrx_word' id='word_1_447' title='bbox 1246 4185 1360 4249; x_wconf 90' lang='lat' dir='ltr'><strong>scelus.</strong></span> <span class='ocrx_word' id='word_1_448' title='bbox 1381 4187 1607 4251; x_wconf 88' lang='lat' dir='ltr'><strong>Verumtamen</strong></span> <span class='ocrx_word' id='word_1_449' title='bbox 1626 4207 1837 4270; x_wconf 88' lang='lat' dir='ltr'><strong>agnoscamus</strong></span> <span class='ocrx_word' id='word_1_450' title='bbox 1861 4209 1917 4254; x_wconf 92' lang='lat' dir='ltr'><strong>non</strong></span> <span class='ocrx_word' id='word_1_451' title='bbox 1934 4207 1970 4251; x_wconf 83' lang='lat' dir='ltr'><strong>so</strong></span> 
     </span>
     <span class='ocr_line' id='line_1_39' title="bbox 444 4282 1972 4372; baseline 0.004 -28"><span class='ocrx_word' id='word_1_452' title='bbox 444 4282 504 4345; x_wconf 91' lang='lat' dir='ltr'><strong>tibi</strong></span> <span class='ocrx_word' id='word_1_453' title='bbox 525 4283 665 4346; x_wconf 86' lang='lat' dir='ltr'><strong>deterius</strong></span> <span class='ocrx_word' id='word_1_454' title='bbox 687 4282 859 4363; x_wconf 89' lang='lat' dir='ltr'><strong>contingat.</strong></span> <span class='ocrx_word' id='word_1_455' title='bbox 877 4282 910 4344; x_wconf 90' lang='lat' dir='ltr'><strong>Si</strong></span> <span class='ocrx_word' id='word_1_456' title='bbox 930 4291 1035 4346; x_wconf 92' lang='lat' dir='ltr'><strong>autem</strong></span> <span class='ocrx_word' id='word_1_457' title='bbox 1059 4285 1090 4346; x_wconf 96' lang='lat' dir='ltr'><strong>id</strong></span> <span class='ocrx_word' id='word_1_458' title='bbox 1113 4292 1191 4348; x_wconf 90' lang='lat' dir='ltr'><strong>tem·</strong></span> <span class='ocrx_word' id='word_1_459' title='bbox 1246 4285 1313 4348; x_wconf 90' lang='lat' dir='ltr'><strong>lum</strong></span> <span class='ocrx_word' id='word_1_460' title='bbox 1330 4285 1508 4349; x_wconf 89' lang='lat' dir='ltr'><strong>idololatras</strong></span> <span class='ocrx_word' id='word_1_461' title='bbox 1523 4287 1677 4369; x_wconf 90' lang='lat' dir='ltr'><strong>appellari</strong></span> <span class='ocrx_word' id='word_1_462' title='bbox 1692 4290 1746 4371; x_wconf 89' lang='lat' dir='ltr'><strong>qui</strong></span> <span class='ocrx_word' id='word_1_463' title='bbox 1762 4290 1972 4372; x_wconf 81' lang='lat' dir='ltr'><strong>gentilinmde</strong></span> 
     </span>
     <span class='ocr_line' id='line_1_40' title="bbox 444 4381 1971 4471; baseline 0.003 -27"><span class='ocrx_word' id='word_1_464' title='bbox 444 4382 530 4464; x_wconf 87' lang='lat' dir='ltr'><strong>poris</strong></span> <span class='ocrx_word' id='word_1_465' title='bbox 546 4390 594 4445; x_wconf 92' lang='lat' dir='ltr'><strong>est</strong></span> <span class='ocrx_word' id='word_1_466' title='bbox 609 4399 673 4464; x_wconf 91' lang='lat' dir='ltr'><strong>quo</strong></span> <span class='ocrx_word' id='word_1_467' title='bbox 688 4381 875 4445; x_wconf 89' lang='lat' dir='ltr'><strong>naturaliter</strong></span> <span class='ocrx_word' id='word_1_468' title='bbox 889 4382 928 4444; x_wconf 90' lang='lat' dir='ltr'><strong>de</strong></span> <span class='ocrx_word' id='word_1_469' title='bbox 944 4381 1024 4444; x_wconf 91' lang='lat' dir='ltr'><strong>cibis</strong></span> <span class='ocrx_word' id='word_1_470' title='bbox 1040 4392 1190 4465; x_wconf 91' lang='lat' dir='ltr'><strong>appeten·</strong></span> <span class='ocrx_word' id='word_1_471' title='bbox 1246 4403 1280 4447; x_wconf 93' lang='lat' dir='ltr'><strong>os</strong></span> <span class='ocrx_word' id='word_1_472' title='bbox 1296 4402 1352 4448; x_wconf 89' lang='lat' dir='ltr'><strong>seu</strong></span> <span class='ocrx_word' id='word_1_473' title='bbox 1368 4383 1452 4448; x_wconf 89' lang='lat' dir='ltr'><strong>idola</strong></span> <span class='ocrx_word' id='word_1_474' title='bbox 1466 4385 1585 4460; x_wconf 89' lang='lat' dir='ltr'><strong>colunt,</strong></span> <span class='ocrx_word' id='word_1_475' title='bbox 1593 4386 1648 4449; x_wconf 88' lang='lat' dir='ltr'><strong>scd</strong></span> <span class='ocrx_word' id='word_1_476' title='bbox 1663 4395 1695 4450; x_wconf 89' lang='lat' dir='ltr'><strong>et</strong></span> <span class='ocrx_word' id='word_1_477' title='bbox 1709 4405 1823 4452; x_wconf 88' lang='lat' dir='ltr'><strong>omnes</strong></span> <span class='ocrx_word' id='word_1_478' title='bbox 1837 4389 1889 4471; x_wconf 85' lang='lat' dir='ltr'><strong>qui</strong></span> <span class='ocrx_word' id='word_1_479' title='bbox 1903 4406 1971 4451; x_wconf 87' lang='lat' dir='ltr'><strong>crea·</strong></span> 
     </span>
     <span class='ocr_line' id='line_1_41' title="bbox 443 4481 1970 4567; baseline 0.002 -25"><span class='ocrx_word' id='word_1_480' title='bbox 443 4481 493 4542; x_wconf 89' lang='lat' dir='ltr'><strong>dis</strong></span> <span class='ocrx_word' id='word_1_481' title='bbox 508 4497 759 4555; x_wconf 87' lang='lat' dir='ltr'><strong>commonemur,</strong></span> <span class='ocrx_word' id='word_1_482' title='bbox 777 4498 867 4542; x_wconf 92' lang='lat' dir='ltr'><strong>mens</strong></span> <span class='ocrx_word' id='word_1_483' title='bbox 881 4487 988 4543; x_wconf 88' lang='lat' dir='ltr'><strong>autem</strong></span> <span class='ocrx_word' id='word_1_484' title='bbox 1005 4482 1190 4546; x_wconf 90' lang='lat' dir='ltr'><strong>melioribus</strong></span> <span class='ocrx_word' id='word_1_485' title='bbox 1245 4484 1326 4546; x_wconf 92' lang='lat' dir='ltr'><strong>turis</strong></span> <span class='ocrx_word' id='word_1_486' title='bbox 1348 4483 1448 4565; x_wconf 89' lang='lat' dir='ltr'><strong>magis</strong></span> <span class='ocrx_word' id='word_1_487' title='bbox 1469 4503 1566 4566; x_wconf 90' lang='lat' dir='ltr'><strong>quam</strong></span> <span class='ocrx_word' id='word_1_488' title='bbox 1587 4484 1725 4549; x_wconf 77' lang='lat' dir='ltr'><strong>Creatori</strong></span> <span class='ocrx_word' id='word_1_489' title='bbox 1747 4487 1914 4560; x_wconf 74' lang='lat' dir='ltr'><strong>adherent,</strong></span> <span class='ocrx_word' id='word_1_490' title='bbox 1928 4485 1970 4567; x_wconf 82' lang='lat' dir='ltr'><strong>qui</strong></span> 
     </span>
     <span class='ocr_line' id='line_1_42' title="bbox 443 4577 1971 4668; baseline 0.002 -27"><span class='ocrx_word' id='word_1_491' title='bbox 443 4577 769 4659; x_wconf 89' lang='lat' dir='ltr'><strong>occupata,inferiora</strong></span> <span class='ocrx_word' id='word_1_492' title='bbox 784 4578 907 4659; x_wconf 88' lang='lat' dir='ltr'><strong>spernit</strong></span> <span class='ocrx_word' id='word_1_493' title='bbox 921 4597 957 4641; x_wconf 91' lang='lat' dir='ltr'><strong>ac</strong></span> <span class='ocrx_word' id='word_1_494' title='bbox 972 4580 1118 4661; x_wconf 90' lang='lat' dir='ltr'><strong>despicit,</strong></span> <span class='ocrx_word' id='word_1_495' title='bbox 1127 4598 1189 4644; x_wconf 93' lang='lat' dir='ltr'><strong>non</strong></span> <span class='ocrx_word' id='word_1_496' title='bbox 1246 4589 1355 4644; x_wconf 89' lang='lat' dir='ltr'><strong>contra</strong></span> <span class='ocrx_word' id='word_1_497' title='bbox 1370 4582 1424 4644; x_wconf 82' lang='lat' dir='ltr'><strong>llei</strong></span> <span class='ocrx_word' id='word_1_498' title='bbox 1441 4590 1636 4664; x_wconf 84' lang='lat' dir='ltr'><strong>praeceptum</strong></span> <span class='ocrx_word' id='word_1_499' title='bbox 1652 4585 1692 4646; x_wconf 93' lang='lat' dir='ltr'><strong>ad</strong></span> <span class='ocrx_word' id='word_1_500' title='bbox 1705 4584 1829 4668; x_wconf 89' lang='lat' dir='ltr'><strong>aliquid</strong></span> <span class='ocrx_word' id='word_1_501' title='bbox 1843 4585 1971 4649; x_wconf 88' lang='lat' dir='ltr'><strong>afficiun-</strong></span> 
     </span>
     <span class='ocr_line' id='line_1_43' title="bbox 443 4674 2042 4766; baseline 0.008 -29"><span class='ocrx_word' id='word_1_502' title='bbox 443 4676 524 4738; x_wconf 90' lang='lat' dir='ltr'><strong>ratio</strong></span> <span class='ocrx_word' id='word_1_503' title='bbox 547 4674 692 4738; x_wconf 92' lang='lat' dir='ltr'><strong>ciborum</strong></span> <span class='ocrx_word' id='word_1_504' title='bbox 720 4676 882 4751; x_wconf 85' lang='lat' dir='ltr'><strong>notabilis,</strong></span> <span class='ocrx_word' id='word_1_505' title='bbox 908 4678 963 4740; x_wconf 91' lang='lat' dir='ltr'><strong>sed</strong></span> <span class='ocrx_word' id='word_1_506' title='bbox 989 4685 1190 4760; x_wconf 90' lang='lat' dir='ltr'><strong>contemptus</strong></span> <span class='ocrx_word' id='word_1_507' title='bbox 1245 4688 1306 4743; x_wconf 89' lang='lat' dir='ltr'><strong>tur.</strong></span> <span class='ocrx_word' id='word_1_508' title='bbox 1329 4680 1407 4743; x_wconf 87' lang='lat' dir='ltr'><strong>Nam</strong></span> <span class='ocrx_word' id='word_1_509' title='bbox 1432 4681 1471 4744; x_wconf 91' lang='lat' dir='ltr'><strong>de</strong></span> <span class='ocrx_word' id='word_1_510' title='bbox 1494 4681 1614 4762; x_wconf 92' lang='lat' dir='ltr'><strong>gulosis</strong></span> <span class='ocrx_word' id='word_1_511' title='bbox 1637 4683 1681 4746; x_wconf 89' lang='lat' dir='ltr'><strong>ait</strong></span> <span class='ocrx_word' id='word_1_512' title='bbox 1702 4684 1872 4766; x_wconf 80' lang='lat' dir='ltr'><strong>Apostolus</strong></span> <span class='ocrx_word' id='word_1_513' title='bbox 1888 4684 2042 4758; x_wconf 61' lang='lat' dir='ltr'><strong>:Onche-</strong></span> 
     </span>
     <span class='ocr_line' id='line_1_44' title="bbox 442 4766 2002 4866; baseline 0.003 -30"><span class='ocrx_word' id='word_1_514' title='bbox 442 4773 612 4836; x_wconf 90' lang='lat' dir='ltr'><strong>laudabilis</strong></span> <span class='ocrx_word' id='word_1_515' title='bbox 627 4773 941 4848; x_wconf 85' lang='lat' dir='ltr'><strong>invenitur.0uorum</strong></span> <span class='ocrx_word' id='word_1_516' title='bbox 956 4775 1127 4839; x_wconf 89' lang='lat' dir='ltr'><strong>verborum</strong></span> <span class='ocrx_word' id='word_1_517' title='bbox 1143 4786 1191 4841; x_wconf 89' lang='lat' dir='ltr'><strong>est</strong></span> <span class='ocrx_word' id='word_1_518' title='bbox 1245 4798 1317 4842; x_wconf 91' lang='lat' dir='ltr'><strong>rum</strong></span> <span class='ocrx_word' id='word_1_519' title='bbox 1347 4779 1425 4842; x_wconf 90' lang='lat' dir='ltr'><strong>deus</strong></span> <span class='ocrx_word' id='word_1_520' title='bbox 1453 4788 1565 4843; x_wconf 89' lang='lat' dir='ltr'><strong>venter</strong></span> <span class='ocrx_word' id='word_1_521' title='bbox 1587 4789 1644 4844; x_wconf 90' lang='lat' dir='ltr'><strong>est.</strong></span> <span class='ocrx_word' id='word_1_522' title='bbox 1668 4782 1743 4845; x_wconf 92' lang='lat' dir='ltr'><strong>ldeo</strong></span> <span class='ocrx_word' id='word_1_523' title='bbox 1766 4792 1916 4866; x_wconf 87' lang='lat' dir='ltr'><strong>quantum</strong></span> <span class='ocrx_word' id='word_1_524' title='bbox 1940 4766 2002 4842; x_wconf 76' lang='lat' dir='ltr'><strong>ad¹⁹&#39;</strong></span> 
     </span>
     <span class='ocr_line' id='line_1_45' title="bbox 442 4872 1970 4956; baseline 0.003 -22"><span class='ocrx_word' id='word_1_525' title='bbox 442 4873 502 4934; x_wconf 92' lang='lat' dir='ltr'><strong>iste</strong></span> <span class='ocrx_word' id='word_1_526' title='bbox 523 4890 635 4935; x_wconf 90' lang='lat' dir='ltr'><strong>sensus</strong></span> <span class='ocrx_word' id='word_1_527' title='bbox 652 4892 659 4937; x_wconf 91' lang='lat'><strong>:</strong></span> <span class='ocrx_word' id='word_1_528' title='bbox 677 4872 709 4936; x_wconf 90' lang='lat' dir='ltr'><strong>Si</strong></span> <span class='ocrx_word' id='word_1_529' title='bbox 727 4873 800 4956; x_wconf 88' lang='lat' dir='ltr'><strong>quis</strong></span> <span class='ocrx_word' id='word_1_530' title='bbox 815 4875 854 4936; x_wconf 90' lang='lat' dir='ltr'><strong>de</strong></span> <span class='ocrx_word' id='word_1_531' title='bbox 869 4874 942 4938; x_wconf 91' lang='lat' dir='ltr'><strong>cibo</strong></span> <span class='ocrx_word' id='word_1_532' title='bbox 961 4875 1087 4956; x_wconf 89' lang='lat' dir='ltr'><strong>cogitet,</strong></span> <span class='ocrx_word' id='word_1_533' title='bbox 1105 4875 1189 4940; x_wconf 85' lang='lat' dir='ltr'><strong>tame</strong></span> <span class='ocrx_word' id='word_1_534' title='bbox 1245 4876 1469 4940; x_wconf 90' lang='lat' dir='ltr'><strong>immoderatas</strong></span> <span class='ocrx_word' id='word_1_535' title='bbox 1486 4887 1703 4941; x_wconf 87' lang='lat' dir='ltr'><strong>creaturarum</strong></span> <span class='ocrx_word' id='word_1_536' title='bbox 1719 4881 1913 4944; x_wconf 83' lang='lat' dir='ltr'><strong>adhaesiones</strong></span> <span class='ocrx_word' id='word_1_537' title='bbox 1927 4897 1970 4941; x_wconf 92' lang='lat' dir='ltr'><strong>seu</strong></span> 
     </span>
     <span class='ocr_line' id='line_1_46' title="bbox 442 4969 1970 5060; baseline 0.003 -30"><span class='ocrx_word' id='word_1_538' title='bbox 442 4987 518 5031; x_wconf 89' lang='lat' dir='ltr'><strong>eum</strong></span> <span class='ocrx_word' id='word_1_539' title='bbox 541 4969 579 5031; x_wconf 93' lang='lat' dir='ltr'><strong>ad</strong></span> <span class='ocrx_word' id='word_1_540' title='bbox 601 4969 661 5032; x_wconf 90' lang='lat' dir='ltr'><strong>hoo</strong></span> <span class='ocrx_word' id='word_1_541' title='bbox 685 4969 881 5052; x_wconf 87' lang='lat' dir='ltr'><strong>impellente,</strong></span> <span class='ocrx_word' id='word_1_542' title='bbox 902 4978 934 5034; x_wconf 91' lang='lat' dir='ltr'><strong>et</strong></span> <span class='ocrx_word' id='word_1_543' title='bbox 955 4971 1057 5034; x_wconf 90' lang='lat' dir='ltr'><strong>nihilo</strong></span> <span class='ocrx_word' id='word_1_544' title='bbox 1082 4972 1189 5036; x_wconf 93' lang='lat' dir='ltr'><strong>minus</strong></span> <span class='ocrx_word' id='word_1_545' title='bbox 1244 4975 1432 5038; x_wconf 90' lang='lat' dir='ltr'><strong>affectiones</strong></span> <span class='ocrx_word' id='word_1_546' title='bbox 1451 4977 1758 5060; x_wconf 89' lang='lat' dir='ltr'><strong>appropinquamus,</strong></span> <span class='ocrx_word' id='word_1_547' title='bbox 1774 4986 1897 5041; x_wconf 88' lang='lat' dir='ltr'><strong>tantum</strong></span> <span class='ocrx_word' id='word_1_548' title='bbox 1910 4975 1970 5038; x_wconf 89' lang='lat' dir='ltr'><strong>huic</strong></span> 
     </span>
     <span class='ocr_line' id='line_1_47' title="bbox 443 5067 1969 5158; baseline 0.002 -29"><span class='ocrx_word' id='word_1_549' title='bbox 443 5085 533 5130; x_wconf 87' lang='lat' dir='ltr'><strong>mens</strong></span> <span class='ocrx_word' id='word_1_550' title='bbox 563 5076 716 5150; x_wconf 87' lang='lat' dir='ltr'><strong>occupata</strong></span> <span class='ocrx_word' id='word_1_551' title='bbox 744 5067 861 5130; x_wconf 93' lang='lat' dir='ltr'><strong>divinis</strong></span> <span class='ocrx_word' id='word_1_552' title='bbox 889 5076 944 5131; x_wconf 93' lang='lat' dir='ltr'><strong>aut</strong></span> <span class='ocrx_word' id='word_1_553' title='bbox 968 5070 1188 5152; x_wconf 88' lang='lat' dir='ltr'><strong>spiritualibus</strong></span> <span class='ocrx_word' id='word_1_554' title='bbox 1244 5073 1402 5156; x_wconf 93' lang='lat' dir='ltr'><strong>spirituali</strong></span> <span class='ocrx_word' id='word_1_555' title='bbox 1422 5073 1607 5138; x_wconf 78' lang='lat' dir='ltr'><strong>idololatria</strong></span> <span class='ocrx_word' id='word_1_556' title='bbox 1624 5075 1797 5158; x_wconf 87' lang='lat' dir='ltr'><strong>pmpinqui</strong></span> <span class='ocrx_word' id='word_1_557' title='bbox 1816 5075 1969 5140; x_wconf 85' lang='lat' dir='ltr'><strong>efficimur.</strong></span> 
     </span>
    </p>
   </div>
   <div class='ocr_carea' id='block_1_3' title="bbox 441 5165 1971 5355">
    <p class='ocr_par' dir='ltr' id='par_1_3' title="bbox 441 5165 1971 5355">
     <span class='ocr_line' id='line_1_48' title="bbox 442 5165 1971 5258; baseline 0.003 -30"><span class='ocrx_word' id='word_1_558' title='bbox 442 5166 578 5240; x_wconf 89' lang='lat' dir='ltr'><strong>actibus,</strong></span> <span class='ocrx_word' id='word_1_559' title='bbox 595 5165 820 5248; x_wconf 90' lang='lat' dir='ltr'><strong>cogitationem</strong></span> <span class='ocrx_word' id='word_1_560' title='bbox 843 5166 931 5229; x_wconf 91' lang='lat' dir='ltr'><strong>illam</strong></span> <span class='ocrx_word' id='word_1_561' title='bbox 953 5168 1094 5250; x_wconf 85' lang='lat' dir='ltr'><strong>abjiciat,</strong></span> <span class='ocrx_word' id='word_1_562' title='bbox 1111 5178 1187 5234; x_wconf 89' lang='lat' dir='ltr'><strong>tunc</strong></span> <span class='ocrx_word' id='word_1_563' title='bbox 1243 5173 1311 5236; x_wconf 95' lang='lat' dir='ltr'><strong>lmo</strong></span> <span class='ocrx_word' id='word_1_564' title='bbox 1326 5172 1353 5236; x_wconf 92' lang='lat' dir='ltr'><strong>si</strong></span> <span class='ocrx_word' id='word_1_565' title='bbox 1368 5173 1440 5255; x_wconf 89' lang='lat' dir='ltr'><strong>quis</strong></span> <span class='ocrx_word' id='word_1_566' title='bbox 1455 5173 1556 5236; x_wconf 87' lang='lat' dir='ltr'><strong>Deum</strong></span> <span class='ocrx_word' id='word_1_567' title='bbox 1576 5180 1707 5248; x_wconf 89' lang='lat' dir='ltr'><strong>amaret,</strong></span> <span class='ocrx_word' id='word_1_568' title='bbox 1724 5192 1789 5237; x_wconf 91' lang='lat' dir='ltr'><strong>non</strong></span> <span class='ocrx_word' id='word_1_569' title='bbox 1807 5171 1971 5258; x_wconf 87' lang='lat' dir='ltr'><strong>principali·</strong></span> 
     </span>
     <span class='ocr_line' id='line_1_49' title="bbox 441 5263 1970 5355; baseline 0.003 -28"><span class='ocrx_word' id='word_1_570' title='bbox 441 5265 520 5328; x_wconf 90' lang='lat' dir='ltr'><strong>ratio</strong></span> <span class='ocrx_word' id='word_1_571' title='bbox 544 5282 600 5328; x_wconf 93' lang='lat' dir='ltr'><strong>seu</strong></span> <span class='ocrx_word' id='word_1_572' title='bbox 626 5263 774 5347; x_wconf 89' lang='lat' dir='ltr'><strong>cogitatio</strong></span> <span class='ocrx_word' id='word_1_573' title='bbox 799 5265 853 5328; x_wconf 96' lang='lat' dir='ltr'><strong>illa</strong></span> <span class='ocrx_word' id='word_1_574' title='bbox 877 5265 1023 5330; x_wconf 92' lang='lat' dir='ltr'><strong>ciborum</strong></span> <span class='ocrx_word' id='word_1_575' title='bbox 1049 5285 1113 5332; x_wconf 92' lang='lat' dir='ltr'><strong>non</strong></span> <span class='ocrx_word' id='word_1_576' title='bbox 1139 5279 1187 5332; x_wconf 91' lang='lat' dir='ltr'><strong>est</strong></span> <span class='ocrx_word' id='word_1_577' title='bbox 1242 5279 1291 5334; x_wconf 82' lang='lat' dir='ltr'><strong>tar</strong></span> <span class='ocrx_word' id='word_1_578' title='bbox 1314 5271 1390 5353; x_wconf 89' lang='lat' dir='ltr'><strong>quia</strong></span> <span class='ocrx_word' id='word_1_579' title='bbox 1415 5270 1448 5333; x_wconf 92' lang='lat' dir='ltr'><strong>in</strong></span> <span class='ocrx_word' id='word_1_580' title='bbox 1473 5291 1506 5335; x_wconf 93' lang='lat' dir='ltr'><strong>se</strong></span> <span class='ocrx_word' id='word_1_581' title='bbox 1530 5271 1601 5355; x_wconf 92' lang='lat' dir='ltr'><strong>ipso</strong></span> <span class='ocrx_word' id='word_1_582' title='bbox 1624 5272 1728 5336; x_wconf 90' lang='lat' dir='ltr'><strong>bonus</strong></span> <span class='ocrx_word' id='word_1_583' title='bbox 1753 5273 1908 5348; x_wconf 90' lang='lat' dir='ltr'><strong>consistit,</strong></span> <span class='ocrx_word' id='word_1_584' title='bbox 1927 5269 1970 5335; x_wconf 88' lang='lat' dir='ltr'><strong>sed</strong></span> 
     </span>
    </p>
   </div>
   <div class='ocr_carea' id='block_1_4' title="bbox 0 0 2074 6258">
    <p class='ocr_par' dir='ltr' id='par_1_4' title="bbox 0 0 2074 6258">
     <span class='ocr_line' id='line_1_50' title="bbox 0 0 2074 6258; baseline 0 0"><span class='ocrx_word' id='word_1_585' title='bbox 0 0 2074 6258; x_wconf 95' lang='lat' dir='ltr'><strong> </strong></span> 
     </span>
    </p>
   </div>
  </div>
 </body>
</html>
