4214 6254
447 504 596 554 uoxmrcx
619 505 662 552 ss.
683 503 867 552 mxxrrxrrs.
886 522 926 533 -
946 501 1123 550 enxnmrro
1143 503 1175 550 xx
1195 503 1392 552 rvxxesarnx
1634 483 1693 550 tut

145 694 228 748 mus,
244 675 335 757 quasi
352 676 449 740 verba
465 676 580 741 Christi
600 675 892 758 impossibilitatem
906 673 932 738 Α
946 673 1043 755 hujus
1069 674 1168 749 vocis,
1195 675 1281 757 quod
1304 682 1352 738 est
1381 671 1519 756 Spiritus
1547 672 1692 747 Sanetus,

145 773 356 838 includerent.
377 775 481 838 Potest
504 782 610 838 tamen
635 775 674 838 de
698 773 813 837 Christi
839 773 892 836 do·
946 791 1043 856 quam
1058 773 1216 836 terminus
1231 773 1312 853 ejus,
1327 771 1383 854 qui
1399 779 1447 836 est
1461 779 1579 834 aeterna
1593 770 1693 833 leliei-

145 871 248 934 ctrina
262 871 373 935 baberi
390 873 516 935 miratio
530 873 685 946 ordinata,
693 891 792 954 quum
808 871 892 933 dieat
945 877 1004 944 tas,
1021 873 1053 934 in
1073 891 1168 954 quam
1186 872 1287 934 tendit
1302 871 1465 954 Scriptura
1480 870 1694 952 allocutioque

42 1003 58 1031 ι.
91 1002 103 1029 v
144 969 497 1051 Propheta:llirabilia
511 970 692 1034 testimonia
707 977 771 1044 tua,
788 969 892 1032 Domi·
946 968 1080 1044 intema‚
1099 969 1204 1051 ignota
1224 976 1299 1032 sunt
1317 968 1388 1044 tibi,
1405 968 1555 1051 quoniam
1573 967 1640 1030 sola
1657 967 1694 1029 li-

27 1083 53 1094 ··
145 1087 185 1130 ne
202 1086 210 1130 ι
229 1069 301 1131 ideo
320 1076 459 1132 scrutata
480 1077 528 1132 est
549 1089 587 1132 ea
607 1069 714 1132 anima
736 1087 816 1132 mea.
833 1069 890 1129 lta-
945 1068 984 1130 de
1003 1075 1162 1142 tenentur,
1184 1087 1242 1130 uec
1267 1075 1400 1150 possunt
1423 1067 1456 1130 in
1479 1068 1538 1130 hae
1560 1067 1626 1131 vita
1647 1087 1695 1130 se·

143 1185 207 1248 que
231 1185 272 1229 ne
296 1167 421 1230 mireris
446 1170 524 1246 quic
548 1169 626 1228 dini
649 1169 711 1228 tibi
729 1188 740 1226 .·
760 1171 890 1244 Oportet
945 1166 1087 1229 eundum
1104 1166 1275 1230 essentiam
1291 1164 1378 1240 seiri,
1394 1165 1541 1248 quamvis
1557 1182 1618 1228 vox
1635 1164 1695 1228 ista

144 1285 211 1335 eos,
222 1265 411 1328 necessitate
426 1283 489 1328 uon
504 1264 659 1338 absoluta,
667 1265 722 1327 sed
738 1263 890 1327 conditio·
946 1264 1150 1347 percipiatur.

143 1371 228 1437 nata,
251 1363 411 1437 videlicet,
435 1363 462 1426 si
487 1363 629 1426 debeatis
653 1361 779 1437 salvari,
800 1363 892 1422 nasci
985 1365 1042 1426 Sic
1055 1373 1100 1423 ost
1115 1365 1222 1424 omnis
1237 1366 1296 1443 qui
1310 1373 1408 1422 natus
1423 1371 1468 1422 est
1484 1383 1525 1422 ess
1544 1365 1668 1439 spiritu
1684 1383 1696 1424 :

143 1463 252 1521 denuo
267 1461 382 1542 :juxta
402 1480 532 1524 sensum
548 1460 769 1544 prehabitum.
946 1461 977 1523 id
998 1469 1056 1534 est,
1078 1462 1111 1524 in
1132 1461 1262 1524 homine
1279 1459 1489 1544 spiritualiter
1512 1467 1696 1541 regenerato

183 1559 304 1621 Deinde
319 1559 463 1622 Christus
482 1559 621 1622 ostendit
639 1559 784 1622 ordinem
800 1557 892 1640 spiri·
946 1567 996 1622 est
1015 1559 1138 1642 aliquid
1160 1559 1276 1622 scitum
1297 1566 1329 1620 et
1351 1557 1568 1633 manifestum,
1587 1566 1696 1641 utpote

142 1657 240 1719 tualis
256 1657 504 1739 regenerationis
525 1676 581 1740 per
596 1657 712 1720 simile.
729 1658 891 1734 Spiritus,
948 1658 1015 1740 ipsa
1031 1675 1166 1740 persona
1180 1659 1354 1720 secundum
1370 1675 1403 1720 se
1414 1675 1421 1736 ;
1433 1657 1553 1739 aliquid
1569 1675 1697 1738 quoque

142 1763 221 1836 puta
241 1755 378 1838 Spiritus
398 1756 705 1828 &accusativae
725 1755 890 1832 spirat,id
949 1775 1012 1820 non
1041 1756 1169 1830 scitum,
1194 1757 1344 1839 quoniam
1375 1755 1461 1819 intus
1492 1756 1698 1819 invisibiliter

142 1860 202 1926 est,
220 1853 409 1934 potestative
430 1871 467 1915 ac
488 1853 587 1916 libere
609 1853 741 1934 gratiam
764 1858 891 1934 praestat
910 1853 933 1915 B
951 1854 1151 1928 reformatur,
1168 1863 1199 1917 et
1215 1856 1253 1918 de
1269 1855 1387 1917 carnali
1402 1873 1438 1917 ac
1455 1855 1589 1936 perdito,
1607 1855 1698 1937 spiri·

51 1963 56 1970 '
143 1950 194 2012 cui
212 1949 362 2024 voluerit,
379 1951 461 2013 sieut
478 1950 596 2014 latetur
610 1950 779 2032 Apostolus
796 1966 803 2012 :
819 1949 891 2012 lieo
950 1953 1045 2016 tualis
1065 1961 1096 2016 et
1118 1952 1206 2015 lilius
1227 1953 1396 2035 adoptivus
1417 1952 1560 2015 eflicitur
1580 1953 1696 2034 imper·

34 2055 38 2064 ’
142 2048 253 2110 omnia
284 2048 472 2130 (inquiens)
499 2057 649 2131 oporatur
683 2067 765 2110 unus
798 2055 893 2130 atque
950 2051 1094 2133 ceptibili
1115 2049 1516 2131 gratieinlusione.0uod
1537 2051 1625 2113 enim
1645 2050 1698 2112 ho·

144 2147 230 2210 idem
266 2147 415 2229 Spiritus,
451 2147 598 2210 dividens
632 2146 767 2228 singulis
801 2153 894 2230 prout
952 2149 1132 2212 metaliter
1159 2148 1191 2210 in
1220 2149 1382 2231 Baptismo
1412 2148 1606 2224 melioratur,
1633 2149 1698 2212 sola

144 2245 223 2307 vult.
243 2245 325 2307 Deus
349 2265 486 2327 namque
507 2253 657 2328 operatur
676 2245 708 2308 in
728 2245 893 2318 creaturis,
950 2249 1015 2312 lide
1031 2249 1264 2329 cognoscimus.
1281 2248 1336 2310 Vel
1353 2248 1398 2309 sio
1411 2265 1448 2310 :u
1464 2248 1515 2311 Sic
1530 2256 1579 2310 est
1593 2249 1697 2310 omnis

144 2362 209 2407 non
230 2343 419 2408 necessitate
439 2352 570 2418 nature,
587 2346 642 2408 sed
663 2343 826 2407 liberrima
842 2361 895 2406 vo
949 2347 1005 2429 qui
1021 2355 1113 2408 natus
1128 2353 1176 2409 est
1190 2365 1228 2409 ex
1244 2345 1443 2427 spiritu»:id
1460 2346 1557 2419 estin
1574 2365 1699 2427 regene

7 2442 473 2516 erto.1.s.tunuta,socundum
490 2442 568 2504 illud
583 2443 622 2504 ad
640 2441 792 2525 Ephesios
805 2461 812 2504 :
825 2441 895 2506 Om·
950 2445 1071 2507 ratione
1087 2444 1226 2507 bominis
1246 2442 1329 2517 talis,
1346 2451 1395 2506 est
1413 2443 1535 2526 aliquid
1554 2444 1696 2516 evidens,

143 2540 197 2602 uia
213 2548 364 2622 operatur
377 2542 554 2603 seeundum
570 2541 768 2622 propositum
785 2541 895 2603 volun·
949 2542 1073 2604 seilicet
1095 2560 1178 2623 aqua
1199 2547 1231 2604 et
1252 2540 1356 2602 lorma
1381 2540 1571 2620 verborum3
1586 2550 1620 2604 et
1642 2542 1697 2604 ali-

142 2639 217 2701 tatis
247 2658 321 2702 suae.
350 2642 392 2700 St
418 2659 521 2700 evocem
551 2641 623 2716 ejus
650 2642 760 2709 cudis,
786 2639 818 2701 id
846 2646 895 2702 est
949 2641 1026 2722 quid
1054 2632 1211 2712 abditum,
1241 2638 1364 2702 scilicet
1393 2639 1589 2721 principium
1622 2638 1699 2702 elle

142 2737 243 2799 verba
268 2755 365 2800 sacre
394 2737 565 2819 Scripturas
588 2757 607 2799 a
630 2736 750 2820 Spiritu
781 2738 895 2801 Sancto
949 2739 1070 2800 clivum
1095 2737 1353 2818 regenerationis,
1377 2738 1463 2819 quod
1487 2746 1536 2800 est
1559 2739 1696 2821 Spiritus

141 2835 300 2898 revelatae.
318 2835 386 2910 Vel,
404 2857 421 2894 n
436 2853 548 2898 vocem
564 2835 635 2917 ejus
651 2858 680 2910 u,
700 2835 732 2898 id
752 2844 800 2898 est
819 2837 894 2899 allo·
949 2837 1102 2916 Sanctus3
1122 2845 1154 2900 et
1178 2837 1254 2900 linis
1285 2836 1543 2918 regenerationis
1569 2837 1624 2920 qui
1650 2846 1696 2901 est

142 2934 307 2996 cutionem
324 2933 615 3007 internam,«audis
626 2933 752 3014 »,juxta
768 2934 798 2996 id
815 2935 895 2996 Psal-
950 2935 1112 2998 beatitudo
1133 2944 1260 2998 aeterna.

27 3065 71 3092 ..u
142 3030 405 3094 mistae:hudiam
422 3031 499 3114 quid
515 3031 663 3113 loquatur
678 3032 710 3093 in
728 3051 778 3094 me
795 3033 933 3100 Domi-C
990 3033 1058 3096 lstae
1080 3033 1295 3115 expositiones
1317 3033 1494 3116 procedunt
1519 3033 1695 3096 secundum

18 3145 23 3156 ·
142 3149 204 3192 nus
225 3129 318 3191 Deus.
338 3129 392 3191 Est
413 3130 499 3192 enim
522 3129 649 3192 auditus
672 3129 814 3204 interior,
830 3149 894 3212 quo
950 3132 1158 3195 intentionem
1174 3132 1353 3212 Augustini.
1366 3131 1607 3214 Chrysostomus
1621 3148 1698 3194 vero

142 3228 274 3290 divinus
301 3227 470 3290 instinctus
493 3227 681 3310 percipitur,
697 3229 773 3290 dum
798 3230 895 3291 sentit
949 3230 1081 3312 exponit
1095 3230 1134 3292 de
1150 3229 1304 3303 vento,ita
1318 3229 1402 3311 quod
1419 3229 1595 3292 seeundum
1612 3248 1695 3302 eum,

143 3345 176 3388 se
201 3327 301 3388 bomo
325 3326 458 3388 interius
484 3327 580 3407 tangi,
607 3327 725 3402 doceri,
749 3327 892 3400 accendi,
949 3328 1092 3391 Christus
1118 3327 1242 3389 inducit
1270 3327 1452 3409 exemplum
1482 3326 1633 3390 sensibile
1656 3328 1695 3390 ad

141 3424 272 3499 resolvi,
290 3425 358 3506 rapi
379 3430 410 3487 et
430 3424 604 3487 absorberi.
628 3425 715 3488 [lude
739 3445 796 3508 per
815 3425 893 3490 Osee
950 3425 1192 3508 intelligentiam
1223 3425 1471 3509 praedictorum3
1495 3433 1530 3487 ut
1556 3425 1597 3488 sit
1624 3445 1694 3488 sen·

10 3539 126 3593 neentis.
141 3522 298 3586 Dominus
320 3529 512 3604 protestatur
529 3539 536 3583 :
553 3522 672 3586 Ducam
697 3542 767 3586 eam
791 3525 823 3586 iu
847 3542 894 3586 so
948 3541 1027 3586 sus:
1050 3523 1265 3606 «Spiritus»,
1287 3524 1318 3586 id
1342 3533 1389 3586 est
1414 3531 1529 3587 ventus
1552 3524 1606 3604 (de
1631 3542 1695 3606 quo

141 3621 325 3694 titudinem,
342 3628 373 3682 et
393 3620 505 3703 loquar
524 3620 564 3682 ad
587 3639 641 3683 eor
662 3620 744 3702 ejus.
761 3621 893 3685 Nicode-
949 3621 1050 3683 lertur
1070 3621 1102 3682 in
1126 3620 1273 3684 Psalmo:
1290 3620 1392 3682 Flebit
1413 3621 1544 3702 spiritus
1566 3620 1647 3703 ejus,
1663 3631 1693 3684 et
1720 3644 1842 3694 runnu..

142 3739 215 3781 mus
239 3736 367 3801 quoque
389 3737 452 3781 nou
475 3719 615 3781 venisset
636 3720 674 3782 ad
693 3720 813 3793 lesum,
830 3720 892 3783 nisi
948 3719 1180 3800 fluentaque),
1198 3741 1214 3778 u
1232 3718 1286 3780 ubi
1307 3719 1376 3780 vult
1393 3741 1421 3792 n,
1439 3719 1470 3780 id
1489 3727 1547 3792 est,
1564 3737 1628 3801 quo
1648 3720 1694 3782 in·
1711 3711 1743 3749 ¹⁸·

139 3819 225 3880 hane
242 3835 354 3880 vocem
376 3817 513 3899 Spiritus
533 3817 638 3880 Sancti
661 3818 818 3881 internam
838 3838 893 3880 au·
949 3817 1096 3890 clinatur,
1114 3839 1130 3876 u
1146 3817 1245 3898 spirat
1261 3839 1290 3890 u,
1315 3816 1344 3878 id
1370 3826 1429 3891 est,
1452 3817 1529 3897 llat3
1554 3839 1570 3877 <r
1587 3825 1618 3880 et
1642 3837 1695 3880 vo-

140 3915 252 3978 disset.
269 3917 336 3976 Sed
355 3935 421 3976 non
440 3917 503 3976 scis
522 3918 610 3976 unde
629 3919 738 3976 veniat
756 3916 893 3998 Spiritus
948 3934 1018 3976 cem
1035 3937 1063 3989 n,
1081 3914 1111 3976 id
1128 3923 1176 3977 est
1190 3932 1316 3988 sonum,
1329 3915 1428 3995 «ejus
1445 3915 1548 3988 audis,
1561 3915 1615 3978 sed
1632 3934 1694 3979 non

140 4015 289 4087 Sanctus,
307 4013 338 4074 id
363 4021 421 4086 est,
441 4014 602 4095 quomodo
626 4023 767 4077 mentem
792 4015 893 4096 ingre·
948 4015 1009 4075 scis
1030 4014 1114 4075 unde
1134 4013 1251 4086 veniat,
1269 4021 1323 4074 aut
1344 4031 1408 4095 quo
1425 4014 1519 4076 vadat
1538 4036 1566 4087 n,
1585 4014 1616 4076 id
1636 4022 1694 4086 est,

138 4112 248 4174 diatur
262 4127 326 4174 non
341 4111 492 4193 percipis,
509 4121 567 4172 aut
581 4132 644 4191 quo
661 4116 771 4182 vadat,
787 4113 818 4174 id
834 4120 889 4186 est,
948 4111 1004 4173 ubi
1019 4112 1098 4174 llare
1119 4111 1262 4193 incipiat,
1279 4119 1333 4174 aut
1353 4111 1493 4175 desistat.
1512 4112 1572 4174 Sed
1594 4113 1696 4194 prima

140 4210 282 4293 qualiter
311 4210 438 4272 recedat
467 4209 602 4291 ignoras,
632 4209 716 4272 sicut
747 4210 779 4273 in
809 4211 892 4273 libro
907 4208 932 4270 D
948 4211 1104 4294 expositio
1125 4211 1229 4292 aptior
1253 4217 1427 4292 reputatur.
1453 4211 1558 4274 Primo
1578 4218 1609 4274 et
1633 4230 1695 4272 ma·

12 4327 124 4378 aaran.
136 4309 197 4372 lob
212 4309 350 4371 babetur
362 4325 368 4370 :
382 4308 413 4371 Si
430 4308 552 4370 venerit
567 4309 607 4370 ad
623 4327 685 4381 me,
698 4327 761 4371 non
777 4310 892 4372 videbo
948 4310 1043 4382 xime,
1060 4311 1211 4392 quoniam
1229 4309 1372 4372 Christus
1388 4309 1448 4372 hoc
1465 4309 1534 4370 loco
1549 4309 1696 4390 trequen-

139 4427 215 4470 eum
228 4425 237 4487 ;
262 4414 294 4469 et
318 4407 344 4469 si
371 4407 537 4469 recesserit
560 4427 578 4470 a
601 4426 662 4480 mc,
687 4426 750 4470 uon
775 4408 891 4470 intelli·
946 4416 995 4470 ter
1015 4427 1071 4490 per
1092 4408 1252 4490 spiritum,
1271 4407 1428 4468 intellexit
1447 4407 1601 4490 Spiritum
1619 4408 1694 4471 San·

137 4507 297 4588 gamlmo
312 4505 421 4568 nullus
436 4505 537 4568 viator
552 4505 612 4568 scit
627 4507 892 4570 certitudiualiter
947 4516 1045 4581 ctum,
1062 4508 1112 4569 vel
1129 4505 1326 4588 spiritualem
1342 4507 1523 4568 essentiam.
1541 4505 1613 4569 ideo
1631 4525 1693 4570 uon

138 4605 264 4687 absque
280 4604 483 4677 revelatione,
493 4623 532 4666 an
550 4603 687 4687 Spiritus
702 4605 835 4668 Sanctus
850 4608 891 4668 sit
945 4613 1078 4688 apparet
1091 4605 1176 4686 quod
1193 4605 1323 4666 nuncin
1340 4605 1451 4667 eodem
1469 4605 1548 4679 loco,
1560 4623 1618 4687 per
1632 4607 1694 4687 spi-

139 4705 172 4766 in
204 4705 276 4786 ipso
306 4722 363 4785 per
390 4703 523 4784 gratiam
552 4710 676 4784 gratum
708 4703 890 4779 facientem,
922 4705 1057 4781 ¹ritum,
1076 4703 1231 4784 intelligat
1251 4711 1392 4765 ventum.
1410 4703 1566 4778 Secundo,
1583 4705 1694 4786 quoui-

137 4802 258 4885 quiesi
275 4801 371 4864 sciret
386 4801 560 4876 boc‚sciret
574 4821 608 4864 se
623 4803 754 4883 dignum
770 4822 888 4867 amore.
945 4821 996 4864 am
1018 4809 1113 4865 vento
1134 4819 1196 4864 non
1217 4801 1371 4882 competit
1392 4801 1521 4884 proprie
1536 4801 1691 4864 voluntas.

137 4902 224 4976 ideo,
243 4907 399 4984 quantum
421 4901 461 4962 ad
483 4900 578 4974 istud,
600 4901 737 4983 Spiritus
758 4902 889 4965 Sandus
945 4901 1060 4973 Tertio,
1077 4899 1152 4982 quia
1173 4918 1231 4962 nec
1253 4917 1312 4962 vox
1334 4899 1463 4981 proprie
1479 4907 1574 4962 vento
1591 4907 1694 4982 potest

138 4998 441 5083 imperceptibiliter
463 4999 561 5072 venit,
578 4999 889 5081 imperceptibiliter·
945 5008 1138 5082 competere,
1155 5018 1254 5081 quum
1275 5007 1389 5061 ventus
1408 4999 1450 5060 sit
1470 5019 1520 5062 res
1539 4998 1693 5062 inanima·

139 5118 203 5181 que
224 5098 353 5160 recedit.
371 5097 428 5160 Vel
447 5097 493 5160 sie
510 5115 517 5159 :
536 5119 552 5157 u
568 5097 684 5160 Vocem
700 5099 771 5179 ejus
785 5099 887 5172 audis,
945 5107 984 5162 ta.
1002 5099 1128 5172 Quart0,
1147 5097 1298 5180 quoniam
1324 5097 1443 5159 scimus
1470 5098 1554 5179 quod
1579 5106 1693 5160 ventus

138 5197 195 5261 sed
211 5215 276 5260 uon
297 5195 361 5258 scis
380 5196 465 5258 unde
481 5195 589 5258 veniat
603 5219 620 5255 u
637 5214 697 5259 vox
715 5197 784 5270 ista,
802 5219 819 5257 «
835 5205 889 5260 aut
944 5197 1032 5260 venit
1046 5195 1087 5258 ab
1102 5195 1263 5277 aquilone,
1276 5196 1324 5258 vel
1342 5204 1459 5268 austro,
1477 5204 1508 5257 et
1522 5203 1607 5258 recte
1624 5215 1693 5277 pro·

138 5314 205 5378 quo
226 5295 352 5358 vadat»
376 5293 455 5378 ipsa,
473 5293 504 5357 id
527 5303 584 5368 est,
603 5303 666 5358 tam
693 5295 887 5379 principium
944 5297 1037 5358 cedit.
1068 5297 1293 5357 Verumtamen
1323 5293 1383 5354 tria
1412 5301 1597 5374 argumenta
1625 5293 1691 5356 haec
