4206 6258
374 505 522 554 namurci
543 507 620 554 nuru
641 507 713 555 rosn
732 509 926 556 ruminarunt.
948 525 987 538 -—
1008 508 1182 556 ιιιιιιιιιιιο
1203 511 1234 556 ιιι
1254 511 1448 559 nvauunnuu
1623 496 1684 561 609

134 676 209 751 bus,
233 694 400 761 quousque
423 678 545 762 placuit
568 679 631 742 Deo
654 680 724 762 ejus
748 681 884 744 lidelita·
898 681 923 744 Α
938 682 980 744 cti
1004 681 1065 744 viri
1091 683 1249 766 exemplo,
1275 683 1434 746 discamus
1459 685 1523 748 lleo
1547 684 1684 749 tirmiter

133 783 213 850 tem,
235 775 434 858 patientiam,
455 778 643 852 castitatem,
664 779 826 843 caritatem
852 790 884 844 et
937 782 1109 857 adhaerere,
1139 801 1243 865 neque
1277 782 1396 866 iniquis
1430 783 1469 846 ad
1501 784 1579 847 vitia
1608 802 1683 848 con·

130 873 291 954 justitiam
326 892 540 939 remunerare.
571 875 672 957 Hujus
706 895 782 959 ergo
810 897 883 942 san·
937 881 1065 944 sentire.

526 1308 831 1396 budunello
863 1309 919 1397 IN
952 1309 1292 1398 avuncunlum

345 1573 502 1620 masuras
523 1574 686 1632 nuanrsnr,
707 1573 868 1622 cousinium
888 1574 1043 1634 rurnnnnr,
1064 1575 1128 1623 nnc.
1150 1559 1350 1637 ldatth.xx11,
1368 1560 1470 1626 15-22.

209 1852 385 1917 lSTOllld
404 1852 561 1935 evangelii
580 1853 727 1917 hodierni
749 1853 881 1935 contigit
897 1854 921 1917 B
936 1855 1152 1938 conjungitur,
1171 1858 1207 1918 ia
1222 1860 1360 1920 veritate
1374 1862 1477 1931 doces,
1492 1859 1613 1943 absque
1628 1861 1681 1924 ad·

222 1951 256 2014 in
271 1949 470 2014 hebdomada
484 1951 641 2034 passionis
657 1952 784 2026 Christi,
796 1952 881 2016 vide
935 1956 1089 2020 mixtione
1108 1957 1233 2020 erroris.
1250 1962 1295 2022 Et
1312 1979 1377 2020 non
1396 1971 1443 2021 est
1463 1963 1525 2021 tibi
1542 1982 1625 2023 cura
1643 1965 1683 2022 de

130 2047 208 2112 licet
227 2050 279 2112 die
298 2056 452 2133 sequente
471 2056 543 2132 post
561 2050 756 2114 dominicam
774 2051 880 2114 llamis
935 2055 1058 2134 atiquo,
1084 2055 1116 2118 id
1143 2064 1201 2132 est,
1227 2057 1266 2120 de
1295 2057 1384 2122 nullo
1411 2059 1510 2122 habes
1533 2060 1684 2124 timorem

129 2147 322 2230 palmarum.
339 2148 443 2222 Quum
465 2149 552 2210 enim
575 2149 627 2212 die
650 2149 705 2213 illo
727 2157 880 2232 sequente
935 2149 1151 2214 inordinatum
1175 2159 1230 2214 aut
1252 2153 1502 2218 sollicitudinem
1527 2155 1684 2239 superflu-

129 2246 276 2310 Christus
291 2246 512 2328 multipliciter
526 2248 656 2311 vicisset
669 2267 705 2310 ac
721 2247 881 2310 conludis-
935 2267 1005 2328 am3
1031 2270 1096 2312 aon
1117 2251 1204 2310 anim
1230 2254 1364 2330 respicis
1383 2272 1558 2330 personam
1582 2257 1684 2316 homi-

129 2351 181 2408 set
199 2345 361 2427 principes
382 2345 593 2420 sacerdotum,
610 2345 757 2408 Pharisaei
775 2345 880 2409 conati
935 2367 1028 2418 nam,
1053 2366 1113 2410 nec
1142 2367 1286 2430 persone
1316 2349 1445 2426 intuitu,
1471 2371 1530 2415 nec
1554 2361 1685 2435 propter

129 2451 207 2506 sunt
222 2442 383 2506 Christum
405 2462 463 2506 sua
481 2443 653 2507 calliditate
669 2443 879 2507 circumveni·
936 2443 1006 2526 ejus
1031 2445 1204 2508 humanam
1230 2446 1448 2523 allectionem,
1475 2449 1602 2512 laudem
1628 2468 1685 2512 seu

130 2561 167 2604 re
181 2559 218 2604 ac
232 2541 354 2606 fallere.
366 2542 454 2606 Unde
468 2561 555 2605 nunc
570 2542 881 2606 diciturzitheuntee
936 2545 1193 2609 commoditatem
1215 2545 1399 2622 humanam,
1421 2549 1544 2612 recedis
1565 2569 1584 2612 a
1604 2548 1685 2612 veri·

128 2642 311 2712 Pharisaei,
327 2640 359 2704 id
378 2647 437 2717 est,
452 2660 471 2704 a
489 2640 645 2724 corporali
665 2640 781 2704 Christi
801 2661 880 2724 prae·
936 2649 1008 2705 tete.
1035 2643 1089 2705 llis
1118 2644 1285 2726 praeconiis
1314 2644 1471 2710 simulatis
1500 2647 1685 2710 nitebantur

128 2739 235 2802 sentia
263 2755 296 2802 se
325 2739 548 2802 subtrahentes
576 2747 608 2802 et
631 2756 776 2802 seorsum
804 2759 881 2803 eun·
935 2740 1079 2803 animum
1095 2742 1211 2806 Christi
1232 2742 1422 2806 mollificare
1441 2751 1474 2807 et
1493 2744 1555 2807 sibi
1576 2745 1685 2808 allice-

127 2844 188 2900 tes.
206 2837 338 2900 Stabant
358 2837 508 2921 equidem
529 2855 635 2902 eoram
657 2836 782 2902 Christo
806 2857 881 2902 curn
936 2857 981 2914 re,
1004 2846 1038 2902 ut
1056 2841 1262 2923 responderet
1279 2842 1318 2904 ad
1337 2840 1534 2906 voluntatem
1559 2861 1681 2906 eorum.

127 2935 333 3020 principibus
347 2936 618 3012 sacerdotumsed
633 2936 698 2999 illis
713 2936 879 3013 convictis,
975 2941 1037 3003 Dic
1055 2959 1130 3019 erpo
1149 2940 1241 3001 nobis
1259 2941 1342 3020 quid
1357 2942 1419 3001 tibi
1432 2943 1576 3004 videtur.
1592 2944 1684 3005 Licet

127 3035 246 3098 callide
269 3035 428 3110 abierunt,
454 3043 486 3099 et
510 3035 593 3098 inter
618 3053 652 3099 se
677 3036 881 3100 contulerunt
898 3037 1077 3108 Coactum,
1093 3036 1125 3099 id
1145 3043 1194 3100 est
1210 3036 1378 3113 tributum,
1394 3041 1476 3099 clare
1491 3041 1625 3112 Caesari,
1639 3061 1685 3101 an

127 3133 292 3216 quomodo
306 3141 438 3216 possent
452 3133 601 3217 decipere
618 3133 789 3198 Christum.
807 3135 881 3199 ldoo
936 3135 1032 3194 non?
1053 3133 1223 3217 Pompeius
1247 3135 1359 3198 consul
1385 3136 1558 3210 Romanus,
1581 3138 1683 3202 lude·

127 3231 281 3295 subditur
308 3249 315 3296 :
341 3235 515 3294 consilium
539 3234 703 3304 inierunt,
729 3243 767 3295 ut
791 3253 880 3312 cape·
934 3251 986 3294 am
1010 3231 1195 3315 subjugavit
1217 3234 1375 3298 Romanis.
1399 3234 1467 3308 Quo
1492 3235 1587 3312 facto,
1611 3254 1683 3320 pro·

129 3340 208 3392 rent
221 3332 332 3392 Iesum
351 3333 387 3392 ia
407 3351 564 3402 nemone,
581 3331 614 3393 id
633 3337 691 3406 est,
709 3331 741 3396 in
761 3351 819 3398 sua
833 3352 881 3396 re·
935 3330 1093 3394 miserunt
1115 3331 1216 3396 lndaei
1240 3331 1397 3396 tributum
1423 3333 1547 3398 solvere
1569 3335 1682 3399 Roma·

128 3427 306 3510 sponsione
326 3428 597 3513 reprehenderent
617 3447 701 3492 eum.
933 3429 995 3505 nis,
1013 3437 1164 3514 tanquam
1184 3430 1406 3496 defensoribus
1427 3433 1473 3496 rei
1494 3431 1631 3516 publica
1651 3442 1683 3498 et

172 3529 218 3589 Et
232 3529 370 3588 mittunt
384 3529 428 3599 ei,
443 3527 475 3590 id
491 3535 539 3590 est
553 3527 690 3604 adeum,
703 3531 880 3606 discipulos
933 3529 1210 3593 conservatoribus
1239 3530 1325 3613 pacis
1354 3532 1547 3594 communis.
1573 3533 1683 3597 Postea

126 3644 205 3686 suns
218 3645 292 3686 eum
306 3625 519 3696 Herodiaais,
536 3625 568 3689 id
584 3634 632 3690 est
647 3625 805 3690 militibus
821 3627 879 3690 lle·
934 3643 1009 3690 vero
1023 3646 1042 3689 a
1057 3628 1194 3710 quodam
1212 3627 1292 3691 luda
1310 3627 1439 3692 Calilaeo
1459 3629 1582 3692 inducti
1608 3637 1682 3692 sunt

126 3723 219 3787 rodis
243 3741 279 3786 ac
307 3723 524 3806 stipendiariis
553 3723 634 3805 ejus.
658 3724 792 3798 Quidam
822 3743 879 3808 per
933 3724 1033 3807 aliqui
1049 3726 1230 3789 ludaeorum
1250 3727 1290 3789 ad
1311 3727 1517 3791 asserendum
1537 3729 1624 3811 quod
1644 3728 1682 3791 li-

124 3807 325 3885 llerodianos
346 3822 532 3904 intelligunt
551 3822 675 3887 Judaeos
699 3823 755 3905 qui
779 3823 880 3886 solve
934 3822 1003 3884 beri
1031 3831 1138 3887 essent
1164 3844 1184 3887 a
1212 3824 1336 3906 legibus
1365 3826 1592 3902 Romanorum,
1622 3844 1682 3890 nec

125 3920 209 3983 bant
225 3919 345 3982 tribute
363 3927 459 4003 prout
474 3919 612 3985 Herodes
627 3939 667 3984 ex
681 3921 879 3985 commissio
934 3919 1058 4002 legibus
1074 3921 1278 4003 subjacerent
1298 3923 1458 4000 humanis,
1475 3943 1513 3989 eo
1533 3925 1617 4007 quod
1638 3925 1681 3989 le·

125 4037 170 4082 ne
191 4019 392 4101 imperatoris
415 4019 530 4100 exegit,
551 4037 631 4102 quos
653 4019 800 4083 Pharisaei
822 4020 879 4083 lle·
933 4038 1005 4100 gem
1025 4019 1180 4084 haberent
1200 4020 1353 4098 divinam,
1373 4022 1502 4106 [leoque
1522 4023 1682 4087 solverent

125 4117 279 4182 rodianos
294 4117 476 4200 despective
491 4115 725 4181 vocabantlste
740 4118 878 4182 Herodes
934 4117 1073 4180 decimas
1095 4126 1190 4200 atque
1214 4118 1381 4201 primitias.
1398 4119 1462 4182 Alii
1484 4138 1559 4183 vero
1582 4121 1682 4185 Judaei

124 4216 195 4282 tuit
214 4215 303 4280 lilius
324 4214 457 4279 Herodis
477 4215 532 4297 qui
553 4215 671 4278 oceidit
692 4215 875 4280 infantulos.
893 4217 918 4280 b
934 4223 1103 4278 senserunt
1116 4216 1311 4298 oppositum.
1329 4215 1367 4278 Et
1382 4216 1442 4279 ista
1461 4218 1617 4282 dissensio
1635 4220 1681 4283 iu·

125 4313 276 4396 Denique
290 4312 438 4377 Pharisaei
459 4313 492 4376 in
511 4314 640 4395 propria
660 4330 796 4397 persona
814 4333 877 4379 non
934 4320 983 4377 ter
997 4331 1051 4377 eos
1067 4313 1271 4383 diuduravit.
1284 4313 1357 4378 ldeo
1372 4314 1519 4379 Pharisaei
1535 4317 1683 4398 quaestio-

125 4413 261 4478 iverunt
279 4413 319 4476 ad
343 4412 517 4486 Christum,
538 4431 578 4476 ne
601 4413 647 4476 eis
669 4413 746 4477 visis
768 4431 802 4477 se
823 4414 878 4478 ob·
934 4432 1007 4476 nem
1029 4413 1111 4476 hanc
1130 4411 1255 4476 Christo
1276 4421 1521 4496 proposuerunt,
1539 4422 1574 4477 ut
1592 4415 1682 4498 quid-

125 4520 291 4592 scrvaret;
315 4511 370 4576 sed
400 4510 570 4575 mittebant
594 4512 767 4595 discipulos
792 4531 876 4590 suos,
934 4510 1010 4594 quid
1025 4511 1241 4593 responderet,
1253 4511 1549 4594 reprehenderetur.
1559 4513 1637 4576 Nam
1653 4514 1681 4578 si

124 4631 213 4697 quos
227 4611 350 4676 Christo
364 4611 519 4694 putabant
534 4611 668 4694 ignotos,
685 4619 721 4673 ut
735 4611 877 4676 Christus
932 4610 1064 4673 dixisset
1083 4629 1214 4672 censum
1237 4627 1301 4674 non
1320 4628 1390 4674 esse
1413 4611 1601 4675 solvendum
1621 4613 1679 4677 im·

123 4711 277 4777 malinii
300 4710 467 4795 suspicans
489 4712 673 4794 loqueretur
693 4709 835 4774 liberius.
932 4709 1081 4792 peratori,
1107 4726 1182 4773 mox
1205 4716 1357 4792 tanquam
1380 4710 1522 4774 Romano
1551 4710 1679 4776 rebellis

168 4813 330 4875 Dicentes.
346 4809 450 4873 Verba
474 4809 640 4893 sequentia
663 4810 812 4873 dixerunt
833 4810 879 4874 di·
933 4810 1126 4894 imperi0,ah
1140 4810 1326 4873 llerodianis
1340 4811 1390 4874 his
1406 4819 1582 4896 caperetur.
1590 4813 1678 4877 Unde

122 4909 250 4994 scipuli
268 4909 509 4984 Pharisaecrum,
530 4916 625 4990 prout
648 4909 796 4974 Pharisaei
817 4909 878 4974 ior·
932 4911 1017 4993 apud
1038 4909 1156 4972 Lucam
1177 4909 1293 4991 legitur
1314 4929 1321 4974 :
1342 4910 1495 4974 ldiserunt
1515 4911 1823 4986 insidiatenaaxaae.

123 5029 219 5076 mam
247 5009 294 5072 eis
322 5008 534 5092 praefixerant.
559 5009 732 5086 Mapister,
759 5011 878 5071 ecimus
932 5029 994 5084 res,
1011 5009 1067 5093 qui
1086 5027 1120 5072 se
1138 5009 1240 5089 justos
1259 5007 1457 5085 simularent,
1474 5018 1510 5073 ut
1528 5019 1678 5094 caperent

123 5111 213 5194 quia
228 5127 331 5170 carae
345 5128 377 5170 aa
390 5108 523 5172 veritate
538 5107 714 5182 vitaa,recte
729 5109 876 5184 vivendo,
933 5128 1007 5172 eum
1027 5109 1060 5170 in
1080 5124 1237 5183 sermone,
1253 5113 1288 5186 et
1299 5109 1459 5172 traderent
1478 5108 1571 5172 illurn
1589 5110 1678 5192 prin·

123 5219 159 5272 et
177 5209 269 5270 ciam
280 5207 356 5279 Dei,
373 5205 404 5270 id
418 5214 467 5270 est
481 5206 590 5270 divina
604 5214 763 5291 precepta
776 5227 814 5272 ac
829 5227 878 5272 ce·
933 5207 1052 5290 cipetui
1078 5214 1109 5270 et
1131 5205 1278 5290 potestati
1301 5207 1455 5290 presidis.
1479 5207 1512 5271 Si
1534 5226 1609 5273 vero
1632 5209 1678 5272 di·

122 5317 202 5376 tera
223 5309 344 5392 quibus
372 5308 467 5373 homo
495 5305 674 5390 complacet
697 5305 760 5371 Deo
783 5316 879 5392 atque
934 5315 1020 5372 aeret
1047 5325 1117 5370 esse
1147 5306 1347 5382 solvendum,
1377 5306 1539 5371 videretur
1567 5308 1678 5373 divino

258 5444 291 5496 T.
309 5445 349 5496 ³0.
1522 5442 1553 5493 39
