4164 6258
409 442 469 508 282
615 461 764 510 bortthlch
784 462 828 508 rlr
849 462 923 508 POST
943 460 1138 507 rltrttrrhrlttt.
1159 479 1199 489 -
1219 461 1261 506 Ab
1282 457 1478 522 antrorosos;
1500 457 1599 505 sanilo
1620 456 1758 514 QUARTUS

408 653 520 695 sumus
543 634 583 697 ad
607 633 782 717 proximos,
801 633 832 697 in
855 639 1010 716 quantum
1037 635 1075 696 ad
1100 632 1157 694 Uei
1171 631 1197 695 Α
1212 631 1361 696 ellective
1384 630 1568 694 immediata
1589 647 1647 713 per
1666 647 1701 692 se
1726 628 1847 710 ipsum,
1863 644 1930 706 quu-

409 731 583 812 imaginem
599 740 630 795 et
645 732 888 795 similitudinem
905 739 981 795 sunt
996 732 1156 815 plasmati,
1212 739 1280 793 tum
1295 732 1334 794 ad
1350 729 1478 792 habitus
1493 728 1617 792 inlusos
1632 725 1931 807 creatos,dispositivc

410 830 520 912 sicque
550 830 672 893 eisdem
702 848 760 912 pro
783 830 906 893 viribus
936 830 1154 892 subvenimus.
1213 838 1330 903 tamen,
1347 836 1378 890 et
1403 826 1656 890 ministerialiter
1676 845 1713 888 ac
1738 825 1932 887 instrumenta-

261 949 397 998 rrrmnva.
410 929 454 992 Ue
470 948 532 1010 qua
547 929 591 990 ait
605 929 775 1011 Apostolus
793 946 800 990 :
818 929 936 991 Exerec
951 937 982 991 tc
998 929 1104 1011 ipsum
1119 929 1158 990 ad
1213 928 1286 990 liter
1300 928 1388 990 dedit
1402 945 1456 990 eos
1477 924 1663 990 hominibus
1683 943 1741 1007 per
1756 922 1868 984 beatos
1879 921 1931 1002 lpo-

411 1027 571 1109 pietatem.
1213 1026 1321 1100 stolos,
1348 1026 1424 1108 quia
1452 1043 1510 1107 per
1539 1023 1778 1106 impositionem
1808 1039 2008 1084 manumitto,

451 1125 613 1208 Septimus
633 1125 736 1209 panis,
754 1133 802 1188 est
822 1126 917 1188 timor
932 1126 1058 1189 Domini
1078 1126 1159 1187 lilia·
1213 1142 1324 1187 eorum
1346 1123 1481 1186 dabatur
1503 1123 1639 1204 Spiritus
1661 1121 1796 1184 Sanctus
1819 1119 1853 1181 in
1872 1105 1980 1200 signorm

411 1223 461 1298 lis,
475 1232 580 1287 castus
596 1232 628 1287 et
643 1231 782 1298 sanctus,
795 1225 915 1307 optime
932 1233 1069 1287 mentem
1088 1242 1159 1286 con·
1214 1223 1371 1296 sensibili,
1383 1231 1414 1286 et
1430 1241 1486 1304 per
1500 1221 1758 1304 praedicationem
1773 1236 1881 1282 eorum
1891 1218 1931 1279 dis·

412 1321 532 1384 iortans
557 1341 598 1385 nc
624 1323 762 1404 peccatis
786 1323 975 1386 succumbat
1001 1340 1007 1384 :
1033 1323 1072 1386 de
1096 1339 1160 1404 quo
1214 1321 1415 1404 ponebantur
1437 1321 1531 1383 corda
1552 1319 1720 1382 bominum
1742 1318 1782 1380 ad
1802 1316 1932 1379 illumina·

413 1439 495 1502 pane
517 1419 639 1482 dictum
662 1427 711 1482 est
732 1439 825 1503 saepe.
842 1421 930 1483 Unde
951 1421 983 1481 in
1006 1420 1160 1482 Ecclesia·
1215 1421 1334 1482 tionem
1356 1419 1509 1482 divinam.

265 1518 494 1584 accvr.1xv,stico
513 1518 669 1601 scriptum
689 1525 737 1581 est
754 1536 760 1581 :
777 1519 890 1582 Beatus
911 1518 962 1580 oui
985 1519 1093 1580 datum
1113 1525 1161 1580 est
1255 1520 1427 1592 Postremo,
1444 1519 1471 1580 si
1489 1519 1532 1580 ita
1550 1516 1709 1580 aChristo
1728 1513 1821 1578 refici
1836 1512 1933 1576 allech-

268 1600 300 1640 ¹⁵·
413 1616 531 1704 habere
552 1617 701 1680 timorem
723 1617 789 1680 Dei.
1215 1635 1471 1698 mus,sequamur
1485 1616 1553 1696 ejus
1565 1615 1746 1695 vestigiaet
1761 1613 1791 1676 ei
1808 1611 1934 1674 stabiliter

446 1715 599 1777 Praeterea
614 1733 671 1796 per
686 1715 857 1797 pisciculos
873 1714 1010 1797 panibus
1023 1714 1159 1794 junctos
1215 1716 1444 1788 adhaereamus,
1460 1714 1599 1776 carnalia
1621 1712 1733 1776 solatia
1753 1710 1932 1793 aspernando,

415 1821 548 1895 possunt
569 1813 704 1895 intelligi
724 1815 806 1876 dona
829 1814 936 1895 gratiae
955 1813 1052 1894 gratis
1070 1813 1159 1874 datae.
1178 1812 1201 1874 B
1217 1814 1328 1876 mundi
1344 1813 1479 1875 honores
1494 1831 1530 1875 ac
1546 1812 1701 1874 vanitates
1716 1810 1934 1882 vitando,locun

414 1910 488 1984 Quae
510 1925 607 1993 parva
629 1920 704 1974 sunt
723 1912 814 1975 valdc
837 1919 982 1994 respectu
1005 1911 1161 1973 donorum
1217 1911 1585 1997 poenitentimseeretum
1602 1909 1934 1982 orationisarccmcon·

415 2009 552 2090 Spiritus
578 2009 696 2084 Sancti,
716 2010 868 2091 quoniam
892 2009 984 2071 bonis
1008 2027 1044 2071 ae
1070 2007 1162 2070 malis
1217 2010 1435 2092 templationis
1458 2009 1659 2084 introeundo,
1683 2015 1717 2069 ut
1739 2006 1799 2069 soli
1822 2006 1879 2068 [teo
1896 2004 1935 2066 sal-

415 2107 600 2170 communia
628 2115 713 2182 sunt,
740 2127 844 2190 neque
869 2127 927 2190 per
952 2126 985 2170 se
1014 2106 1163 2169 eiiieiunt
1218 2118 1283 2172 tem
1299 2109 1459 2171 interdum
1475 2107 1563 2170 omni
1579 2107 1631 2169 die
1647 2124 1808 2169 vacemus.
1825 2103 1934 2167 Undcdc

417 2205 580 2268 bominem
597 2206 661 2270 Deo
680 2213 864 2288 aceeptum3
880 2215 911 2269 et
930 2214 1037 2268 tamen
1056 2204 1132 2267 conl
1152 2241 1162 2250 -
1219 2215 1327 2270 sancto
1343 2206 1456 2268 abbate
1471 2206 1605 2268 Arsenio
1621 2205 1748 2285 legitur,
1765 2203 1850 2285 quod
1863 2221 1933 2284 quun

418 2310 533 2364 runtur
548 2321 565 2364 a
580 2303 700 2385 Spiritu
715 2304 840 2378 Sancto,
857 2304 982 2366 dicente
997 2303 1161 2385 Apostolo:
1218 2306 1322 2368 adhuc
1348 2305 1380 2368 in
1403 2305 1520 2387 palatio
1544 2312 1628 2366 esset
1649 2302 1861 2386 imperatoris,
1874 2300 1935 2362 venit

284 2411 402 2464 leonia
418 2400 480 2462 Alii
502 2419 559 2482 per
579 2401 732 2483 Spiritum
754 2402 845 2463 datur
865 2419 969 2463 sermo
989 2401 1163 2483 sapientiae,
1219 2407 1258 2468 ad
1281 2424 1355 2467 eum
1380 2421 1441 2466 vox
1467 2403 1509 2465 de
1530 2403 1622 2476 coelo,
1638 2402 1750 2464 dicens
1770 2419 1777 2462 ε
1796 2399 1902 2472 Arsaci,
1917 2397 1934 2458 si

271 2478 325 2518 ⁸⁴⁰·
417 2498 473 2560 alii
493 2517 598 2561 sermo
618 2500 768 2574 scientiae,
785 2500 840 2561 alii
861 2500 961 2580 gratia
981 2500 1163 2572 sanitatum,
1220 2505 1267 2565 vis
1283 2503 1409 2577 salvari,
1421 2501 1495 2583 iuge
1510 2501 1668 2564 homines.
1678 2500 1750 2563 Post
1763 2499 1878 2580 aliquot
1888 2497 1935 2559 dies

418 2596 473 2659 alii
493 2598 635 2679 operatio
654 2597 819 2671 virtutum,
836 2597 890 2659 alii
910 2616 1026 2678 genera
1046 2597 1165 2677 lingua·
1220 2602 1371 2664 Arsenius
1396 2599 1477 2662 dixit
1499 2599 1539 2662 ad
1563 2599 1664 2662 Deum
1692 2615 1699 2659 :
1724 2597 1866 2671 Uominc,
1886 2594 1936 2657 volo

419 2715 503 2768 rum,
519 2695 573 2757 alii
589 2696 739 2760 discretio
755 2696 938 2777 spirituum,
955 2702 1013 2758 cto.
1026 2696 1084 2759 Per
1098 2696 1165 2757 baec
1220 2698 1326 2761 salvus
1348 2698 1430 2772 lieri,
1447 2705 1478 2760 et
1498 2697 1606 2760 nescio
1625 2697 1796 2778 quomodo.
1812 2694 1935 2774 Venitquo

419 2795 501 2857 dona
515 2795 623 2875 gratiae
637 2794 735 2875 gratis
756 2795 846 2868 datae,
862 2793 1050 2856 efficiuntur
1065 2793 1166 2855 homi·
1222 2798 1337 2858 iterum
1364 2814 1424 2858 vox
1449 2797 1488 2857 de
1512 2795 1604 2882 coelo,
1623 2802 1655 2856 ct
1679 2794 1761 2856 dixit
1777 2811 1784 2855 :
1801 2791 1905 2864 Arseni,
1917 2789 1934 2850 si

419 2893 514 2954 nibus
540 2893 683 2955 dulciora
712 2893 863 2975 exercitia
887 2893 1042 2955 virtutum
1072 2900 1166 2973 atque
1221 2895 1270 2957 vis
1293 2895 1420 2968 salvari,
1442 2893 1518 2974 iuge
1542 2893 1701 2968 homines,
1724 2900 1803 2968 tace,
1827 2890 1934 2973 quiesce.

420 2991 585 3054 donorum.
604 2992 738 3054 Possunt
758 3009 885 3072 quoque
904 3009 962 3073 per
977 2990 1053 3052 istos
1074 2989 1167 3072 pisci·
1185 2997 1206 3060 G
1222 2993 1341 3067 Quibus
1361 2992 1491 3066 auditis,
1512 2993 1542 3054 S.
1559 2991 1711 3054 Arsenius
1732 2991 1936 3069 universaque

420 3090 509 3152 culos
526 3089 661 3169 intelligi
677 3089 817 3153 scientiae
836 3097 867 3151 et
882 3090 1016 3151 virtutes
1031 3088 1167 3170 acquisi-
1223 3091 1334 3152 mundi
1350 3097 1424 3152 sunt
1438 3090 1837 3171 dereliquit‚eremumque
1851 3089 1936 3167 ingres·

422 3194 460 3250 tae
481 3206 518 3250 ac
538 3188 708 3262 naturales
726 3208 796 3270 quae
816 3188 898 3250 benc
918 3187 1081 3249 utentibus
1100 3204 1169 3249 coo·
1223 3210 1276 3252 sus
1292 3197 1348 3251 est.
1367 3189 1400 3250 ln
1421 3207 1484 3270 qua
1503 3187 1736 3270 qninquaginta
1755 3187 1886 3268 quinquo
1900 3203 1937 3244 an-

420 3293 569 3366 perantur
583 3285 622 3346 ad
638 3285 719 3348 bene
735 3286 959 3358 vivendumad
974 3285 1169 3367 spiritualem
1223 3289 1273 3350 nis
1294 3288 1358 3350 Deo
1379 3288 1410 3348 in
1428 3287 1515 3349 omni
1536 3285 1714 3361 sanctitate,
1731 3282 1904 3347 abstinentia
1916 3287 1936 3341 el

419 3383 653 3465 proiectumad
669 3386 966 3467 contemplationem
983 3385 1166 3448 coelestium.
1224 3387 1328 3467 rigore
1343 3385 1486 3458 servivit,
1502 3392 1598 3467 atque
1613 3383 1762 3468 posthoc
1777 3384 1809 3444 in
1824 3383 1879 3444 lieo
1890 3379 1938 3441 leli·

463 3483 617 3564 Denique,
643 3485 790 3566 quamvis
814 3484 872 3547 bos
897 3484 985 3546 cibos
1011 3484 1093 3546 Deus
1117 3484 1169 3546 det
1225 3484 1354 3547 cissime
1374 3483 1578 3546 obdormivit.

871 3855 985 3936 AD
1033 3849 1533 3933 RELIGIOSOS

970 4279 1144 4364 SERMU
1179 4273 1423 4378 QUARTUS

579 4523 620 4569 DE
641 4523 793 4568 vrarorott
815 4519 1001 4574 SPLENUOEE,
1023 4517 1201 4570 GRATlAllUM
1221 4513 1474 4570 rbtcrrarrourrta,
1495 4514 1532 4558 ΕΤ
1553 4513 1719 4568 rtbflrsoba
1741 4513 1817 4558 Attis

977 4615 1199 4663 natrdrosortotr
1219 4613 1424 4660 oahauanrts

503 4875 602 4936 UEM
610 4874 759 4949 fructum
775 4869 935 4930 notuistis
951 4876 1040 4936 tanc,
1057 4869 1092 4926 in
1106 4867 1175 4944 qui·
1189 4864 1214 4925 b
1230 4883 1301 4926 rum
1326 4861 1519 4936 deformitas
1547 4859 1813 4942 eoncupiscentia
1837 4849 1947 4952 turpiluj

429 4871 494 5070 Ο
514 4974 572 5032 bus
587 4990 675 5031 nunc
692 4967 1006 5030 crubesct'tislllom.
1025 4985 1066 5038 vr,
1083 4963 1132 5026 tl.
1230 4964 1279 5036 d0,
1305 4962 1487 5024 inhonestas
1511 4978 1548 5021 ac
1577 4957 1703 5022 loeditas
1728 4956 1826 5021 omnis
1849 4951 1946 5032 pacem

468 5063 609 5146 Qriantus
634 5069 676 5131 sit
696 5066 847 5149 splendor
869 5065 1035 5137 virtutum,
1057 5072 1175 5145 quanta
1231 5060 1384 5134 mortalis,
1411 5059 1520 5121 nullus
1550 5055 1735 5120 mortalium
1764 5055 1795 5117 in
1821 5051 1873 5112 bae
1897 5043 1947 5104 vila

426 5169 535 5253 gratiae
551 5166 766 5250 pulchritudo,
783 5171 901 5248 quanta
916 5170 1065 5226 venustas
1081 5162 1176 5224 dono
1232 5158 1502 5241 comprehendere
1527 5154 1611 5218 valet
1634 5161 1689 5216 aut
1710 5151 1822 5235 eloqui,
1837 5163 1887 5208 nec
1906 5157 1946 5248 po·

428 5287 499 5331 rum
515 5265 653 5350 Spiritus
668 5263 786 5338 Sancti,
803 5269 923 5345 quanta
939 5261 1014 5323 itcm
1030 5260 1071 5322 sit
1086 5259 1176 5323 vitio
1231 5265 1293 5321 test
1306 5275 1364 5340 per
1379 5255 1580 5320 doctissimos
1594 5271 1740 5336 quosque
1756 5251 1840 5334 plene
1853 5244 1948 5306 desen-
