4140 6258
420 451 481 518 308
628 466 778 516 nouimus
798 466 854 512 viu
874 464 947 511 rosa
967 461 1160 510 ramirnrau.
1180 479 1221 492 -
1240 459 1283 508 nu
1302 460 1476 508 aanrcmsos
1487 460 1497 525 ;
1519 461 1617 508 sanuo
1637 459 1766 517 ausurus

420 659 544 716 cavere,
566 659 666 724 quum
690 657 745 703 eos
769 656 881 702 cavere
905 654 968 700 uon
992 634 1166 709 valeamus,
1182 633 1208 697 Α
1222 651 1305 698 verae
1324 641 1355 696 et
1375 633 1512 716 propriae
1531 639 1635 696 vestes
1650 631 1813 714 luporum.
1830 629 1967 704 Quorum

422 735 484 799 nisi
504 754 559 800 eos
580 754 650 799 esse
669 753 794 818 pravos,
811 733 941 797 fallaces
960 751 997 795 ac
1012 730 1169 813 periculo·
1224 731 1367 815 quaedam
1387 731 1557 814 Apostolus
1576 730 1739 812 exprimit,
1759 728 1870 792 dicens
1887 745 1894 789 :
1911 726 2048 793 lla-cium

421 851 473 897 sos
487 834 693 914 judicemusl
709 834 769 897 Sed
789 833 828 896 ad
848 832 908 895 hoc
928 850 966 893 ex
987 827 1169 911 praehabitis
1223 829 1340 893 nifesta
1360 837 1436 893 sunt
1459 848 1557 912 opera
1580 828 1695 902 carnis,
1716 846 1789 910 quac
1813 834 1886 889 sunt
1910 815 1997 888 for-²¹·

422 939 509 1014 patet
522 933 698 1016 responsio.
715 932 783 996 Non
800 931 887 993 enim
903 948 997 992 omne
1010 928 1170 1010 judicium
1225 929 1353 1002 nicatio,
1375 927 1564 1001 inimicitia,
1589 926 1821 998 contentiones,
1845 923 1968 990 amula-

422 1031 570 1113 prohibet
592 1031 748 1105 Christus,
770 1031 825 1092 sed
847 1033 1048 1110 usurpatum,
1071 1033 1170 1088 terne-
1225 1027 1339 1101 tiones,
1370 1026 1457 1100 rixae,
1488 1025 1628 1100 invidiae,
1657 1023 1886 1098 animositates,
1910 1030 1966 1085 etc.

421 1130 540 1193 carium
566 1137 598 1192 et
623 1148 820 1213 perversum.
846 1129 889 1191 lle
914 1125 1091 1189 manifestis
1116 1144 1171 1186 au·
1225 1127 1451 1189 Verumtamen
1473 1124 1545 1186 falsi
1570 1122 1734 1207 prophetae
1757 1131 1854 1204 atque
1877 1122 1967 1204 hypo-

421 1236 487 1291 tem
502 1228 647 1309 judicare
667 1227 894 1310 permittimur.
911 1223 1076 1307 hlultiplcx
1096 1241 1172 1305 quo
1227 1225 1325 1298 crite,
1350 1241 1487 1306 quorum
1513 1222 1655 1285 studium
1680 1229 1712 1284 et
1736 1221 1873 1284 intentio
1900 1229 1967 1282 sunt

422 1345 485 1409 que
504 1333 607 1390 exstat
625 1326 796 1408 judicium,
813 1331 922 1407 utpote
941 1322 1124 1386 assertionis
1140 1329 1172 1383 et
1223 1323 1375 1404 'decipere
1393 1321 1472 1385 alios
1492 1320 1553 1384 sub
1573 1320 1679 1403 specie
1699 1318 1788 1392 boni,
1805 1326 1837 1380 et
1857 1317 1967 1380 faniam

423 1424 555 1488 cautela
570 1423 755 1506 probabilis.
771 1424 998 1485 Verumtamen
1013 1428 1090 1481 tunc
1105 1438 1172 1480 rur·
1227 1421 1394 1494 virtutum,
1420 1420 1556 1483 honores
1586 1437 1623 1481 ac
1651 1418 1782 1501 propria
1810 1416 1968 1480 commoda

423 1541 478 1584 sus
502 1521 604 1583 oritur
628 1520 804 1584 difficultas
834 1519 994 1602 quomodo
1023 1517 1076 1580 isti
1100 1516 1172 1579 falsi
1227 1519 1372 1601 adipisci,
1390 1535 1453 1582 non
1475 1517 1579 1581 solent
1601 1536 1635 1580 se
1657 1517 1762 1599 prima
1782 1515 1886 1580 fronte
1905 1514 1967 1576 tali·

424 1619 598 1701 prophetae,
621 1618 795 1701 hypocrite
819 1624 851 1679 et
871 1615 947 1679 ficte
970 1615 1076 1678 devoti
1098 1633 1172 1697 quo·
1227 1617 1288 1681 bus
1312 1616 1454 1680 vestibus
1475 1616 1612 1699 operire,
1635 1633 1691 1678 seu
1714 1615 1791 1677 talia
1813 1614 1895 1677 mala
1916 1633 1965 1696 pu·

424 1725 479 1780 ant
501 1717 640 1799 agnosci,
664 1736 764 1799 quum
789 1716 979 1798 plerumque
1004 1713 1173 1777 manifesta
1228 1716 1312 1779 blice
1333 1733 1493 1790 exercere,
1517 1734 1557 1778 ne
1583 1715 1693 1797 quales
1717 1714 1783 1776 sint
1804 1731 1966 1794 agnoscan-

424 1823 558 1878 caveant
580 1814 674 1888 mala,
700 1822 733 1877 et
756 1833 793 1877 ea
817 1833 888 1896 quae
911 1832 950 1875 ex
974 1830 1089 1894 genere
1114 1829 1172 1874 suo
1190 1814 1213 1877 B
1230 1823 1298 1894 tur;
1312 1816 1367 1878 sed
1382 1813 1569 1897 apparentia
1584 1812 1689 1895 prima
1703 1811 1826 1874 faciunt
1840 1810 1966 1886 banael

425 1913 507 1977 bona
530 1920 605 1976 sunt
626 1919 800 1995 operentur
822 1930 828 1974 :
851 1911 916 1974 irno
938 1910 1040 1992 longis
1062 1909 1174 1973 oratio·
1228 1914 1357 1978 tandem
1381 1914 1420 1976 ad
1445 1932 1543 1996 prava
1565 1930 1603 1976 ac
1627 1911 1778 1994 pessima,
1800 1910 1865 1973 imo
1884 1910 1965 1971 etad

424 2009 531 2086 nibus,
547 2011 672 2092 magnis
687 2009 890 2073 abstinentiis
906 2016 979 2072 sunt
999 2009 1125 2081 intenti,
1142 2014 1175 2070 et
1228 2012 1431 2095 apertissima
1445 2011 1596 2093 deceptos
1615 2029 1634 2072 a
1653 2028 1687 2072 se
1707 2009 1895 2092 pertrahunt
1909 2027 1964 2070 ma.

424 2110 538 2172 ceteris
564 2108 777 2191 religiosiores
802 2107 961 2170 videntur.
984 2106 1090 2169 Nihilo
1115 2105 1173 2167 rni-
1230 2111 1269 2184 la,
1294 2111 1444 2173 videlicet
1470 2108 1509 2172 ad
1534 2126 1658 2172 errores
1682 2114 1713 2170 ct
1742 2107 1821 2170 vitia
1850 2124 1963 2186 magna,

424 2227 485 2270 nus
509 2207 549 2271 ad
572 2207 657 2270 istud
679 2206 849 2290 respondet
873 2206 907 2268 in
928 2204 1093 2286 evangelio
1113 2203 1174 2266 isto
1229 2209 1267 2271 ad
1292 2197 1427 2272 haereses
1447 2215 1479 2270 et
1498 2207 1680 2281 schismata,
1701 2206 1741 2268 ad
1763 2205 1963 2276 carnalitates,

425 2305 594 2369 Christus:
612 2327 629 2365 a
644 2305 670 2368 A
685 2305 843 2368 fructibus
859 2327 888 2379 a,
906 2305 1067 2387 inquiens,
1090 2325 1107 2362 a
1122 2321 1172 2366 eo·
1229 2307 1391 2382 mollities,
1422 2305 1623 2380 rebelliones,
1650 2304 1852 2387 pertinacius,
1875 2302 1964 2366 anibi

424 2423 497 2466 rum
518 2403 713 2484 cognoscetis
733 2421 787 2466 eos
802 2425 830 2464 n.
1229 2408 1341 2471 tiones.
1358 2407 1467 2488 ltaque
1483 2405 1552 2486 lupi
1568 2404 1620 2468 isti
1636 2412 1669 2467 et
1683 2403 1763 2467 false
1776 2402 1855 2486 justi
1873 2421 1908 2465 ac
1921 2403 1964 2464 de·

464 2501 523 2576 Qui
549 2519 623 2582 ergo
647 2508 721 2564 sunt
742 2500 865 2563 fructus
885 2519 942 2582 per
961 2517 1041 2582 quos
1062 2517 1174 2581 cogno·
1229 2513 1450 2588 ceptores‚per
1463 2503 1587 2567 fructus
1603 2503 1674 2566 illos
1689 2501 1746 2585 qui
1761 2510 1836 2565 sunt
1850 2501 1964 2584 propria

426 2606 556 2662 scantur
565 2601 578 2660 i
595 2599 633 2660 Ei
653 2598 922 2680 respondendum,
940 2598 1024 2680 quod
1040 2597 1173 2679 questio
1229 2603 1420 2666 vestimenta
1435 2609 1675 2684 eorum,utpote
1690 2619 1748 2682 per
1763 2597 1924 2662 manifesta
1936 2606 1963 2660 at

426 2697 486 2760 ista
506 2697 650 2780 inquirit,
668 2697 722 2779 qui
743 2697 807 2758 sint
826 2697 894 2759 veri
913 2715 949 2758 ac
970 2695 1091 2778 proprii
1107 2695 1173 2757 iru-
1229 2701 1462 2765 inexcusabilis
1476 2700 1569 2774 maia,
1581 2699 1849 2762 certitudinaiiter
1862 2715 1961 2778 cogis

425 2802 495 2859 clus
511 2796 631 2870 Ovium,
645 2796 706 2858 l¹⁰0
721 2802 769 2858 Osi
784 2794 951 2857 bominum
967 2813 1040 2856 vere
1057 2793 1174 2857 virtuti
1229 2807 1372 2873 scuntur,
1392 2798 1620 2880 dijudicantur,
1642 2804 1674 2861 et
1695 2814 1808 2858 secure
1825 2795 1959 2858 vitantur.

424 2913 554 2974 sorum;
571 2894 626 2976 qui
643 2894 719 2956 item
735 2893 800 2956 sint
814 2892 937 2956 fructus
954 2893 1115 2974 luporum,
1127 2893 1172 2957 vi·
1269 2897 1325 2960 Per
1347 2895 1471 2959 fructus
1493 2912 1570 2959 vero
1590 2895 1645 2977 qui
1669 2893 1755 2957 bono
1775 2894 1881 2956 animo
1899 2891 1960 2955 fieri

423 2993 541 3056 delicet
555 2993 794 3076 hypocritarum
808 3010 845 3054 ac
860 2992 1074 3074 deceptorum.
1083 2991 1174 3054 Nem·
1191 2997 1212 3062 Ο
1228 3001 1408 3078 possunt,et
1421 2993 1535 3057 ovibus
1550 3010 1678 3075 quoque
1693 3009 1875 3054 communes
1888 2998 1958 3064 sunt

422 3111 463 3174 pe
484 3111 555 3174 qua
578 3091 722 3172 utrisque
743 3089 927 3154 communia
945 3097 1020 3152 sunt
1034 3097 1088 3152 aut
1103 3108 1172 3153 esse
1227 3111 1291 3157 non
1314 3099 1448 3177 possunt
1467 3092 1510 3154 ita
1533 3091 1693 3172 cognosci,
1715 3091 1780 3153 nisi
1803 3109 1842 3152 ex
1862 3089 1958 3170 aliqui·

423 3199 567 3271 possunt,
590 3207 653 3252 non
674 3195 749 3251 sunt
768 3188 835 3250 veri
856 3195 888 3250 ot
907 3187 1029 3269 proprii
1048 3186 1172 3251 fructus
1226 3191 1287 3254 bus
1313 3190 1536 3254 additamentis
1564 3207 1571 3250 :
1597 3196 1633 3250 ut
1656 3207 1758 3271 quum
1782 3187 1856 3250 talia
1876 3195 1958 3267 agunt

422 3287 559 3369 alicujus
576 3287 801 3369 ipsorum3nec
818 3305 875 3368 per
888 3285 962 3348 talia
976 3285 1017 3347 ab
1032 3285 1171 3349 invicem
1227 3309 1300 3352 curn
1315 3288 1532 3370 singularitate
1547 3295 1579 3350 et
1594 3285 1751 3369 probabili
1767 3285 1898 3348 vanitate
1910 3303 1956 3345 seu

425 3393 565 3468 possunt,
574 3385 723 3448 discerni.
737 3384 792 3446 Est
806 3384 913 3466 itaque
929 3385 1169 3459 advertendum,
1226 3387 1448 3462 ostentatione,
1459 3385 1510 3448 vel
1526 3385 1634 3447 animo
1650 3384 1819 3466 pertinaci,
1831 3401 1882 3446 seu
1896 3399 1955 3444 con-

425 3483 510 3565 quod
533 3484 677 3565 quaedam
701 3491 776 3546 sunt
797 3482 881 3545 bona
900 3501 938 3544 ex
957 3501 1083 3563 genere,
1101 3503 1172 3566 quai
1225 3493 1273 3549 tra
1289 3504 1419 3549 suorum
1435 3484 1636 3567 superiorum
1651 3483 1895 3546 exhortationem
1909 3489 1952 3543 ant

425 3589 532 3644 tamen
548 3599 697 3663 perversa
711 3588 834 3663 queunt
849 3580 921 3643 fieri
938 3580 1124 3656 intentione,
1137 3588 1172 3643 ut
1224 3585 1412 3666 jussionem.
1436 3582 1590 3664 Denique,
1614 3581 1767 3664 quoniam
1791 3581 1869 3643 sicut
1891 3596 2046 3642 saaraim.

422 3680 580 3761 jejunare,
592 3679 826 3763 eleemosynam
842 3680 928 3754 dare,
945 3678 1113 3742 ecclesiam
1128 3681 1173 3741 vi·
1226 3681 1319 3763 figuli
1343 3680 1456 3764 probat
1480 3679 1602 3754 fornax,
1628 3679 1675 3742 sic
1700 3678 1845 3742 homines
1864 3666 1977 3759 jnsrosl

425 3779 531 3862 sitare,
547 3778 806 3861 pradicationem
821 3778 941 3841 audire.
960 3778 997 3840 iit
1017 3778 1076 3840 ista
1095 3779 1171 3840 dum
1225 3779 1358 3842 tentatio
1373 3778 1599 3852 tribulationis,
1617 3777 1669 3840 isti
1685 3775 1841 3840 fallaciter
1853 3775 1949 3838 virtue

426 3875 509 3940 bona
527 3876 613 3940 fiunt
632 3877 818 3952 intentione,
836 3885 939 3940 vestes
955 3885 1029 3939 sunt
1043 3878 1171 3956 ovium3
1227 3879 1265 3953 si,
1281 3878 1360 3941 false
1374 3877 1464 3960 justi,
1481 3876 1557 3939 ficte
1572 3876 1678 3942 devoti
1693 3893 1751 3958 pcr
1767 3873 1948 3938 adversitates

308 3991 314 4004 ’
427 3976 505 4039 dum
520 3994 601 4038 vana
620 3975 797 4038 intentione
815 3983 963 4056 aguntur,
979 3983 1083 4038 vestes
1099 3982 1174 4037 sunt
1227 3975 1413 4060 probantur,
1424 3983 1455 4038 et
1471 3994 1528 4058 per
1542 3975 1786 4037 exercitationes
1801 3973 1949 4056 prudentes

426 4073 586 4155 luporum.
604 4073 699 4135 Porro
718 4072 780 4134 alia
798 4079 873 4135 sunt
892 4072 976 4135 bona
992 4091 1031 4136 ex
1046 4093 1104 4135 sua
1118 4092 1172 4136 na·
1227 4081 1412 4138 noscuntur.
1430 4074 1534 4149 Quum
1553 4073 1640 4136 enim
1660 4088 1726 4135 uon
1741 4073 1805 4134 sint
1818 4069 1950 4133 veraciter

426 4179 497 4234 tura
518 4180 549 4235 et
570 4171 688 4254 specie,
711 4191 783 4254 quae
804 4189 901 4254 prava
923 4171 1099 4235 intentione
1120 4191 1173 4234 ne·
1187 4171 1212 4233 D
1228 4173 1376 4248 humiles,
1394 4173 1487 4235 mites
1509 4181 1542 4234 et
1560 4171 1729 4253 patientes,
1752 4170 1849 4233 solent
1868 4168 1895 4229 in
1912 4175 1948 4226 ta·

426 4277 549 4352 queunt
563 4269 647 4344 fieri,
665 4277 700 4332 ut
719 4275 794 4332 sunt
812 4269 990 4333 immediati
1008 4276 1103 4353 atque
1118 4271 1173 4333 eli·
1227 4271 1312 4334 libus
1327 4270 1496 4353 indignari,
1513 4269 1608 4332 irasci
1624 4276 1655 4331 et
1669 4287 1727 4351 per
1743 4264 1946 4350 impatientiam

426 4369 480 4430 citi
500 4377 589 4431 actus
609 4368 765 4431 virtutum
789 4385 796 4430 :
819 4376 851 4430 et
872 4369 931 4430 ista
953 4377 1027 4431 sunt
1046 4388 1120 4432 vera
1141 4377 1173 4431 et
1228 4389 1317 4432 suam
1347 4369 1485 4452 agnosci.
1510 4367 1617 4432 Nihilo
1645 4367 1754 4430 minus
1778 4363 1902 4430 haretici
1921 4367 1946 4422 et

425 4466 555 4548 propria
576 4467 684 4530 ovium
707 4467 906 4529 vestimenta.
929 4466 1068 4541 Quorum
1088 4488 1172 4550 quae-
1227 4467 1282 4530 alii
1304 4468 1434 4550 quidam
1456 4467 1605 4530 insensu
1628 4465 1759 4549 proprio
1778 4457 1943 4530 immansiri,

426 4565 499 4626 dam
529 4583 721 4627 enumerans
750 4564 919 4646 Apostolus
947 4567 986 4628 ad
1013 4566 1137 4630 Galatas
1163 4585 1170 4630 :
1227 4567 1404 4647 sepissime
1428 4565 1584 4648 patientes
1605 4563 1766 4638 videntur,
1788 4563 1858 4645 quia
1876 4565 1944 4620 antc-

278 4689 412 4743 aaa2„‚22‚
427 4663 560 4724 Fructus
579 4663 712 4745 (inquit)
731 4663 869 4746 Spiritus
890 4671 939 4725 est
958 4664 1083 4739 caritas,
1099 4685 1173 4747 gau·
1227 4684 1323 4747 quarn
1354 4682 1428 4727 suos
1459 4663 1641 4745 relinquant
1668 4680 1802 4737 errores,
1829 4660 1943 4722 diversas

277 4757 312 4798 ²³.

426 4760 528 4835 diurn,
557 4779 629 4842 pax,
660 4759 824 4842 patientia,
855 4760 1088 4842 longanimitas,
1120 4762 1173 4826 bo·
1227 4764 1319 4846 quasi
1340 4761 1573 4845 patientissime
1594 4761 1755 4824 sustinent
1777 4777 1885 4842 paenas.
1903 4755 1942 4816 ilt-

426 4858 520 4933 nitas,
541 4865 601 4921 etc.
627 4859 660 4922 In
687 4858 805 4941 quibus
830 4858 937 4921 verbis
964 4859 1095 4922 nomina
1118 4861 1173 4922 illa
1227 4868 1333 4923 tamen
1358 4878 1469 4924 eorum
1491 4859 1645 4942 patientia
1666 4877 1731 4922 uon
1753 4866 1800 4921 est
1818 4851 1941 4939 patientia

424 4957 591 5032 virtutum,
608 4974 672 5021 non
685 4957 825 5031 habitus,
842 4957 896 5020 sed
912 4964 1001 5020 actus
1016 4959 1171 5021 virtutum
1227 4978 1312 5034 vera,
1329 4960 1384 5022 sed
1400 4959 1517 5022 duritia
1532 4977 1657 5040 magua,
1674 4965 1706 5020 et
1720 4955 1881 5040 pertinacia
1892 4968 1940 5012 na-

425 5055 600 5136 designant.
612 5055 792 5118 Virtutibus
807 5063 913 5117 autem
928 5055 1037 5118 nullus
1052 5057 1172 5120 directe
1228 5057 1363 5136 ledicta;
1388 5063 1484 5139 atque
1508 5075 1547 5120 ex
1572 5056 1632 5120 hoc
1656 5055 1787 5137 superbi
1809 5061 1838 5117 et
1857 5045 1938 5114 vitiosi

426 5153 527 5216 utitur
541 5154 633 5217 male.
650 5155 721 5217 Alia
736 5153 866 5215 demum
883 5159 958 5215 sunt
972 5173 1011 5216 er
1027 5174 1061 5217 se
1078 5157 1170 5231 mala,
1227 5175 1263 5218 ac
1278 5155 1456 5238 pertinaces
1472 5162 1701 5229 monstrantur,
1717 5155 1791 5237 quia
1803 5147 1935 5214 indocile,

425 5271 495 5336 que
507 5250 591 5316 bono
603 5270 665 5315 non
680 5250 789 5315 valent
801 5249 874 5313 fieri
886 5252 1084 5335 animmque
1097 5263 1171 5317 sunt
1228 5252 1441 5336 indirigibiles
1460 5261 1492 5316 et
1513 5253 1734 5317 inobedientes
1755 5249 1913 5316 consistunt.
