<?xml version="1.0" encoding="UTF-8"?>
<!DOCTYPE html PUBLIC "-//W3C//DTD XHTML 1.0 Transitional//EN"
    "http://www.w3.org/TR/xhtml1/DTD/xhtml1-transitional.dtd">
<html xmlns="http://www.w3.org/1999/xhtml" xml:lang="en" lang="en">
 <head>
  <title>
</title>
<meta http-equiv="Content-Type" content="text/html;charset=utf-8" />
  <meta name='ocr-system' content='tesseract 3.04.00' />
  <meta name='ocr-capabilities' content='ocr_page ocr_carea ocr_par ocr_line ocrx_word'/>
</head>
<body>
  <div class='ocr_page' id='page_1' title='image "./doctorisecstati01unkngoog_0419.png"; bbox 0 0 4140 6258; ppageno 0'>
   <div class='ocr_carea' id='block_1_1' title="bbox 438 506 1782 588">
    <p class='ocr_par' dir='ltr' id='par_1_1' title="bbox 438 506 1782 588">
     <span class='ocr_line' id='line_1_1' title="bbox 438 506 1782 588; baseline -0.001 -17"><span class='ocrx_word' id='word_1_1' title='bbox 438 506 499 571; x_wconf 87' lang='lat'><strong>388</strong></span> <span class='ocrx_word' id='word_1_2' title='bbox 648 525 796 574; x_wconf 77' lang='lat' dir='ltr'><strong>noumrca</strong></span> <span class='ocrx_word' id='word_1_3' title='bbox 816 527 860 573; x_wconf 81' lang='lat' dir='ltr'><strong>ru</strong></span> <span class='ocrx_word' id='word_1_4' title='bbox 879 525 952 573; x_wconf 85' lang='lat' dir='ltr'><strong>rosr</strong></span> <span class='ocrx_word' id='word_1_5' title='bbox 972 523 1166 572; x_wconf 76' lang='lat' dir='ltr'><strong>rnmrrnrnn.</strong></span> <span class='ocrx_word' id='word_1_6' title='bbox 1188 541 1225 554; x_wconf 89' lang='lat'>-</span> <span class='ocrx_word' id='word_1_7' title='bbox 1246 523 1289 570; x_wconf 76' lang='lat' dir='ltr'><strong>An</strong></span> <span class='ocrx_word' id='word_1_8' title='bbox 1308 522 1504 588; x_wconf 79' lang='lat' dir='ltr'><strong>anurcrosos3</strong></span> <span class='ocrx_word' id='word_1_9' title='bbox 1526 523 1625 571; x_wconf 83' lang='lat' dir='ltr'><strong>sanuo</strong></span> <span class='ocrx_word' id='word_1_10' title='bbox 1644 521 1782 580; x_wconf 74' lang='lat' dir='ltr'><strong>casurus</strong></span> 
     </span>
    </p>
   </div>
   <div class='ocr_carea' id='block_1_2' title="bbox 882 901 1545 1008">
    <p class='ocr_par' dir='ltr' id='par_1_2' title="bbox 882 901 1545 1008">
     <span class='ocr_line' id='line_1_2' title="bbox 882 901 1545 1008; baseline 0 -23"><span class='ocrx_word' id='word_1_11' title='bbox 882 903 997 1008; x_wconf 76' lang='lat' dir='ltr'><strong>An</strong></span> <span class='ocrx_word' id='word_1_12' title='bbox 1044 901 1545 985; x_wconf 77' lang='lat' dir='ltr'><strong>REL1e1osos</strong></span> 
     </span>
    </p>
   </div>
   <div class='ocr_carea' id='block_1_3' title="bbox 989 1360 1444 1461">
    <p class='ocr_par' dir='ltr' id='par_1_3' title="bbox 989 1360 1444 1461">
     <span class='ocr_line' id='line_1_3' title="bbox 989 1360 1444 1461; baseline 0 -15"><span class='ocrx_word' id='word_1_13' title='bbox 989 1360 1163 1448; x_wconf 78' lang='lat' dir='ltr'><strong>sunno</strong></span> <span class='ocrx_word' id='word_1_14' title='bbox 1201 1360 1444 1461; x_wconf 81' lang='lat' dir='ltr'><strong>QUARTUS</strong></span> 
     </span>
    </p>
   </div>
   <div class='ocr_carea' id='block_1_4' title="bbox 706 1607 1719 1764">
    <p class='ocr_par' dir='ltr' id='par_1_4' title="bbox 706 1607 1719 1764">
     <span class='ocr_line' id='line_1_4' title="bbox 706 1607 1719 1666; baseline 0 -10"><span class='ocrx_word' id='word_1_15' title='bbox 706 1610 746 1656; x_wconf 76' lang='lat' dir='ltr'><strong>DE</strong></span> <span class='ocrx_word' id='word_1_16' title='bbox 768 1608 981 1655; x_wconf 70' lang='lat' dir='ltr'><strong>excaecemus</strong></span> <span class='ocrx_word' id='word_1_17' title='bbox 1002 1608 1088 1654; x_wconf 75' lang='lat' dir='ltr'><strong>tedis</strong></span> <span class='ocrx_word' id='word_1_18' title='bbox 1110 1607 1308 1654; x_wconf 75' lang='lat' dir='ltr'><strong>MVANGELIGAE</strong></span> <span class='ocrx_word' id='word_1_19' title='bbox 1329 1608 1427 1654; x_wconf 83' lang='lat' dir='ltr'><strong>SUPllA</strong></span> <span class='ocrx_word' id='word_1_20' title='bbox 1447 1607 1547 1654; x_wconf 70' lang='lat' dir='ltr'><strong>tndem</strong></span> <span class='ocrx_word' id='word_1_21' title='bbox 1567 1609 1719 1666; x_wconf 67' lang='lat' dir='ltr'><strong>VMTERH,</strong></span> 
     </span>
     <span class='ocr_line' id='line_1_5' title="bbox 893 1705 1530 1764; baseline -0.002 -11"><span class='ocrx_word' id='word_1_22' title='bbox 893 1709 930 1753; x_wconf 78' lang='grc' dir='ltr'><strong>ΕΤ</strong></span> <span class='ocrx_word' id='word_1_23' title='bbox 952 1708 1012 1764; x_wconf 78' lang='lat' dir='ltr'><strong>QUA</strong></span> <span class='ocrx_word' id='word_1_24' title='bbox 1034 1705 1242 1753; x_wconf 75' lang='lat' dir='ltr'><strong>sancrrttortln</strong></span> <span class='ocrx_word' id='word_1_25' title='bbox 1262 1705 1343 1752; x_wconf 84' lang='lat' dir='ltr'>NUNC</span> <span class='ocrx_word' id='word_1_26' title='bbox 1363 1706 1530 1754; x_wconf 78' lang='lat' dir='ltr'><strong>VlVEMDUM.</strong></span> 
     </span>
    </p>
   </div>
   <div class='ocr_carea' id='block_1_5' title="bbox 290 1966 2033 4909">
    <p class='ocr_par' dir='ltr' id='par_1_5' title="bbox 290 1966 1964 3432">
     <span class='ocr_line' id='line_1_6' title="bbox 499 1966 1957 2051; baseline -0.002 -17"><span class='ocrx_word' id='word_1_27' title='bbox 499 1973 664 2034; x_wconf 79' lang='lat' dir='ltr'><em>ITTERA</em></span> <span class='ocrx_word' id='word_1_28' title='bbox 681 1971 810 2039; x_wconf 83' lang='lat' dir='ltr'><strong>occidit,</strong></span> <span class='ocrx_word' id='word_1_29' title='bbox 827 1969 967 2045; x_wconf 80' lang='lat' dir='ltr'><strong>spiritus</strong></span> <span class='ocrx_word' id='word_1_30' title='bbox 981 1976 1089 2028; x_wconf 83' lang='lat' dir='ltr'><strong>cutem</strong></span> <span class='ocrx_word' id='word_1_31' title='bbox 1106 1967 1187 2025; x_wconf 85' lang='lat' dir='ltr'><strong>vivi·</strong></span> <span class='ocrx_word' id='word_1_32' title='bbox 1201 1966 1227 2028; x_wconf 89' lang='lat' dir='ltr'><strong>A</strong></span> <span class='ocrx_word' id='word_1_33' title='bbox 1241 1966 1351 2040; x_wconf 89' lang='lat' dir='ltr'><strong>menti,</strong></span> <span class='ocrx_word' id='word_1_34' title='bbox 1361 1973 1471 2048; x_wconf 78' lang='lat' dir='ltr'><strong>utpote</strong></span> <span class='ocrx_word' id='word_1_35' title='bbox 1486 1967 1600 2050; x_wconf 84' lang='lat' dir='ltr'><strong>Moyse.</strong></span> <span class='ocrx_word' id='word_1_36' title='bbox 1610 1967 1726 2044; x_wconf 83' lang='lat' dir='ltr'><strong>Tertia,</strong></span> <span class='ocrx_word' id='word_1_37' title='bbox 1736 1968 1811 2051; x_wconf 89' lang='lat' dir='ltr'><strong>quia</strong></span> <span class='ocrx_word' id='word_1_38' title='bbox 1824 1969 1870 2031; x_wconf 84' lang='lat' dir='ltr'><strong>lex</strong></span> <span class='ocrx_word' id='word_1_39' title='bbox 1883 1987 1957 2032; x_wconf 87' lang='lat' dir='ltr'><strong>evan-</strong></span> 
     </span>
     <span class='ocr_line' id='line_1_7' title="bbox 512 2064 1959 2149; baseline 0 -19"><span class='ocrx_word' id='word_1_40' title='bbox 512 2075 599 2148; x_wconf 82' lang='lat' dir='ltr'><strong>ficct.</strong></span> <span class='ocrx_word' id='word_1_41' title='bbox 617 2070 643 2132; x_wconf 98' lang='lat' dir='ltr'><strong>ll</strong></span> <span class='ocrx_word' id='word_1_42' title='bbox 659 2069 727 2133; x_wconf 84' lang='lat' dir='ltr'><strong>Gor.</strong></span> <span class='ocrx_word' id='word_1_43' title='bbox 747 2086 791 2144; x_wconf 90' lang='lat'><strong>111,</strong></span> <span class='ocrx_word' id='word_1_44' title='bbox 808 2067 837 2130; x_wconf 88' lang='grc'><strong>6.</strong></span> <span class='ocrx_word' id='word_1_45' title='bbox 1239 2065 1341 2145; x_wconf 89' lang='lat' dir='ltr'><strong>gelica</strong></span> <span class='ocrx_word' id='word_1_46' title='bbox 1370 2064 1553 2129; x_wconf 88' lang='lat' dir='ltr'><strong>immediate</strong></span> <span class='ocrx_word' id='word_1_47' title='bbox 1576 2073 1608 2128; x_wconf 87' lang='lat' dir='ltr'><strong>et</strong></span> <span class='ocrx_word' id='word_1_48' title='bbox 1636 2066 1801 2130; x_wconf 87' lang='lat' dir='ltr'><strong>evidenter</strong></span> <span class='ocrx_word' id='word_1_49' title='bbox 1828 2068 1959 2149; x_wconf 88' lang='lat' dir='ltr'><strong>promittit</strong></span> 
     </span>
     <span class='ocr_line' id='line_1_8' title="bbox 479 2161 1958 2249; baseline -0.003 -17"><span class='ocrx_word' id='word_1_50' title='bbox 479 2170 514 2232; x_wconf 93' lang='lat' dir='ltr'><strong>ln</strong></span> <span class='ocrx_word' id='word_1_51' title='bbox 530 2168 660 2232; x_wconf 87' lang='lat' dir='ltr'><strong>exordio</strong></span> <span class='ocrx_word' id='word_1_52' title='bbox 675 2167 772 2248; x_wconf 87' lang='lat' dir='ltr'><strong>hujus</strong></span> <span class='ocrx_word' id='word_1_53' title='bbox 791 2165 933 2249; x_wconf 83' lang='lat' dir='ltr'><strong>epistolae</strong></span> <span class='ocrx_word' id='word_1_54' title='bbox 948 2165 1040 2227; x_wconf 91' lang='lat' dir='ltr'><strong>docet</strong></span> <span class='ocrx_word' id='word_1_55' title='bbox 1059 2169 1187 2226; x_wconf 86' lang='lat' dir='ltr'><strong>sanctus</strong></span> <span class='ocrx_word' id='word_1_56' title='bbox 1240 2161 1323 2225; x_wconf 92' lang='lat' dir='ltr'><strong>hona</strong></span> <span class='ocrx_word' id='word_1_57' title='bbox 1342 2163 1484 2226; x_wconf 87' lang='lat' dir='ltr'><strong>coelestia</strong></span> <span class='ocrx_word' id='word_1_58' title='bbox 1506 2171 1537 2226; x_wconf 89' lang='lat' dir='ltr'><strong>et</strong></span> <span class='ocrx_word' id='word_1_59' title='bbox 1557 2171 1686 2239; x_wconf 76' lang='lat' dir='ltr'><strong>aterna,</strong></span> <span class='ocrx_word' id='word_1_60' title='bbox 1702 2166 1759 2228; x_wconf 92' lang='lat' dir='ltr'><strong>sed</strong></span> <span class='ocrx_word' id='word_1_61' title='bbox 1779 2165 1829 2228; x_wconf 85' lang='lat' dir='ltr'><strong>lex</strong></span> <span class='ocrx_word' id='word_1_62' title='bbox 1850 2165 1958 2228; x_wconf 86' lang='lat' dir='ltr'><strong>Mosaica</strong></span> 
     </span>
     <span class='ocr_line' id='line_1_9' title="bbox 438 2259 1959 2349; baseline -0.002 -22"><span class='ocrx_word' id='word_1_63' title='bbox 438 2265 619 2349; x_wconf 79' lang='lat' dir='ltr'><strong>Apostolus,</strong></span> <span class='ocrx_word' id='word_1_64' title='bbox 636 2271 755 2348; x_wconf 84' lang='lat' dir='ltr'><strong>quanta</strong></span> <span class='ocrx_word' id='word_1_65' title='bbox 774 2265 815 2326; x_wconf 91' lang='lat' dir='ltr'><strong>sit</strong></span> <span class='ocrx_word' id='word_1_66' title='bbox 834 2263 1035 2336; x_wconf 88' lang='lat' dir='ltr'><strong>inidoneitas,</strong></span> <span class='ocrx_word' id='word_1_67' title='bbox 1052 2259 1187 2323; x_wconf 93' lang='lat' dir='ltr'><strong>infirmi·</strong></span> <span class='ocrx_word' id='word_1_68' title='bbox 1241 2279 1304 2324; x_wconf 91' lang='lat' dir='ltr'><strong>non</strong></span> <span class='ocrx_word' id='word_1_69' title='bbox 1320 2262 1468 2343; x_wconf 82' lang='lat' dir='ltr'><strong>promisit</strong></span> <span class='ocrx_word' id='word_1_70' title='bbox 1482 2262 1651 2326; x_wconf 88' lang='lat' dir='ltr'><strong>manifeste</strong></span> <span class='ocrx_word' id='word_1_71' title='bbox 1670 2271 1702 2326; x_wconf 88' lang='lat' dir='ltr'><strong>et</strong></span> <span class='ocrx_word' id='word_1_72' title='bbox 1722 2263 1895 2327; x_wconf 80' lang='lat' dir='ltr'><strong>immediate</strong></span> <span class='ocrx_word' id='word_1_73' title='bbox 1911 2265 1959 2327; x_wconf 89' lang='lat' dir='ltr'><strong>nisi</strong></span> 
     </span>
     <span class='ocr_line' id='line_1_10' title="bbox 438 2358 1960 2447; baseline -0.003 -19"><span class='ocrx_word' id='word_1_74' title='bbox 438 2374 498 2440; x_wconf 85' lang='lat' dir='ltr'><strong>tas,</strong></span> <span class='ocrx_word' id='word_1_75' title='bbox 516 2365 704 2447; x_wconf 80' lang='lat' dir='ltr'><strong>impotentia</strong></span> <span class='ocrx_word' id='word_1_76' title='bbox 719 2382 775 2426; x_wconf 90' lang='lat' dir='ltr'><strong>seu</strong></span> <span class='ocrx_word' id='word_1_77' title='bbox 796 2360 1028 2424; x_wconf 77' lang='lat' dir='ltr'><strong>insufficientia</strong></span> <span class='ocrx_word' id='word_1_78' title='bbox 1047 2358 1186 2422; x_wconf 89' lang='lat' dir='ltr'><strong>hominis</strong></span> <span class='ocrx_word' id='word_1_79' title='bbox 1240 2360 1323 2423; x_wconf 89' lang='lat' dir='ltr'><strong>bona</strong></span> <span class='ocrx_word' id='word_1_80' title='bbox 1338 2368 1472 2424; x_wconf 87' lang='lat' dir='ltr'><strong>terrena.</strong></span> <span class='ocrx_word' id='word_1_81' title='bbox 1490 2362 1614 2438; x_wconf 85' lang='lat' dir='ltr'><strong>Quarta,</strong></span> <span class='ocrx_word' id='word_1_82' title='bbox 1631 2363 1707 2445; x_wconf 88' lang='lat' dir='ltr'><strong>quia</strong></span> <span class='ocrx_word' id='word_1_83' title='bbox 1724 2363 1775 2426; x_wconf 86' lang='lat' dir='ltr'><strong>lex</strong></span> <span class='ocrx_word' id='word_1_84' title='bbox 1790 2381 1867 2426; x_wconf 88' lang='lat' dir='ltr'><strong>nova</strong></span> <span class='ocrx_word' id='word_1_85' title='bbox 1880 2364 1960 2427; x_wconf 87' lang='lat' dir='ltr'><strong>mullo</strong></span> 
     </span>
     <span class='ocr_line' id='line_1_11' title="bbox 438 2457 1960 2546; baseline -0.001 -20"><span class='ocrx_word' id='word_1_86' title='bbox 438 2464 478 2526; x_wconf 88' lang='lat' dir='ltr'><strong>ad</strong></span> <span class='ocrx_word' id='word_1_87' title='bbox 494 2462 743 2546; x_wconf 89' lang='lat' dir='ltr'><strong>promerendum</strong></span> <span class='ocrx_word' id='word_1_88' title='bbox 757 2461 855 2525; x_wconf 86' lang='lat' dir='ltr'><strong>vitam</strong></span> <span class='ocrx_word' id='word_1_89' title='bbox 870 2467 1030 2533; x_wconf 84' lang='lat' dir='ltr'><strong>aetemam,</strong></span> <span class='ocrx_word' id='word_1_90' title='bbox 1047 2457 1110 2520; x_wconf 90' lang='lat' dir='ltr'><strong>nisi</strong></span> <span class='ocrx_word' id='word_1_91' title='bbox 1129 2475 1187 2539; x_wconf 91' lang='lat' dir='ltr'><strong>per</strong></span> <span class='ocrx_word' id='word_1_92' title='bbox 1241 2459 1498 2541; x_wconf 89' lang='lat' dir='ltr'><strong>compendiosius</strong></span> <span class='ocrx_word' id='word_1_93' title='bbox 1524 2462 1595 2524; x_wconf 84' lang='lat' dir='ltr'><strong>data</strong></span> <span class='ocrx_word' id='word_1_94' title='bbox 1618 2468 1651 2523; x_wconf 92' lang='lat' dir='ltr'><strong>et</strong></span> <span class='ocrx_word' id='word_1_95' title='bbox 1676 2461 1795 2544; x_wconf 90' lang='lat' dir='ltr'><strong>scripta</strong></span> <span class='ocrx_word' id='word_1_96' title='bbox 1818 2471 1864 2526; x_wconf 89' lang='lat' dir='ltr'><strong>est</strong></span> <span class='ocrx_word' id='word_1_97' title='bbox 1884 2481 1960 2544; x_wconf 89' lang='lat' dir='ltr'><strong>quan</strong></span> 
     </span>
     <span class='ocr_line' id='line_1_12' title="bbox 440 2556 1960 2648; baseline 0 -24"><span class='ocrx_word' id='word_1_98' title='bbox 440 2563 523 2626; x_wconf 93' lang='lat' dir='ltr'><strong>dona</strong></span> <span class='ocrx_word' id='word_1_99' title='bbox 537 2561 646 2643; x_wconf 75' lang='lat' dir='ltr'><strong>gratim</strong></span> <span class='ocrx_word' id='word_1_100' title='bbox 666 2561 804 2642; x_wconf 85' lang='lat' dir='ltr'><strong>desuper</strong></span> <span class='ocrx_word' id='word_1_101' title='bbox 822 2558 1000 2639; x_wconf 87' lang='lat' dir='ltr'><strong>adjuvetur.</strong></span> <span class='ocrx_word' id='word_1_102' title='bbox 1018 2557 1055 2619; x_wconf 81' lang='lat' dir='ltr'><strong>lit</strong></span> <span class='ocrx_word' id='word_1_103' title='bbox 1071 2557 1110 2620; x_wconf 91' lang='lat' dir='ltr'><strong>de</strong></span> <span class='ocrx_word' id='word_1_104' title='bbox 1126 2556 1185 2619; x_wconf 90' lang='lat' dir='ltr'><strong>hoe</strong></span> <span class='ocrx_word' id='word_1_105' title='bbox 1240 2557 1291 2620; x_wconf 86' lang='lat' dir='ltr'><strong>lex</strong></span> <span class='ocrx_word' id='word_1_106' title='bbox 1313 2567 1416 2634; x_wconf 89' lang='lat' dir='ltr'><strong>vetus,</strong></span> <span class='ocrx_word' id='word_1_107' title='bbox 1433 2559 1466 2621; x_wconf 89' lang='lat' dir='ltr'><strong>in</strong></span> <span class='ocrx_word' id='word_1_108' title='bbox 1488 2579 1561 2648; x_wconf 23' lang='lat' dir='ltr'><strong>qua·</strong></span> <span class='ocrx_word' id='word_1_109' title='bbox 1572 2561 1684 2624; x_wconf 90' lang='lat' dir='ltr'><strong>eadem</strong></span> <span class='ocrx_word' id='word_1_110' title='bbox 1703 2561 1875 2644; x_wconf 72' lang='lat' dir='ltr'><strong>sepissime</strong></span> <span class='ocrx_word' id='word_1_111' title='bbox 1891 2578 1960 2644; x_wconf 87' lang='lat' dir='ltr'><strong>repe</strong></span> 
     </span>
     <span class='ocr_line' id='line_1_13' title="bbox 437 2655 1961 2743; baseline -0.001 -20"><span class='ocrx_word' id='word_1_112' title='bbox 437 2660 505 2743; x_wconf 88' lang='lat' dir='ltr'><strong>jam</strong></span> <span class='ocrx_word' id='word_1_113' title='bbox 524 2661 558 2723; x_wconf 91' lang='lat' dir='ltr'><strong>in</strong></span> <span class='ocrx_word' id='word_1_114' title='bbox 579 2659 688 2722; x_wconf 89' lang='lat' dir='ltr'><strong>multis</strong></span> <span class='ocrx_word' id='word_1_115' title='bbox 707 2657 909 2722; x_wconf 86' lang='lat' dir='ltr'><strong>sermonibus</strong></span> <span class='ocrx_word' id='word_1_116' title='bbox 932 2657 1024 2740; x_wconf 92' lang='lat' dir='ltr'><strong>plura</strong></span> <span class='ocrx_word' id='word_1_117' title='bbox 1045 2662 1121 2718; x_wconf 86' lang='lat' dir='ltr'><strong>sunt</strong></span> <span class='ocrx_word' id='word_1_118' title='bbox 1141 2655 1187 2717; x_wconf 91' lang='lat' dir='ltr'><strong>in·</strong></span> <span class='ocrx_word' id='word_1_119' title='bbox 1240 2665 1361 2719; x_wconf 88' lang='lat' dir='ltr'><strong>tuntur.</strong></span> <span class='ocrx_word' id='word_1_120' title='bbox 1389 2657 1514 2734; x_wconf 84' lang='lat' dir='ltr'><strong>Quinta,</strong></span> <span class='ocrx_word' id='word_1_121' title='bbox 1544 2659 1696 2741; x_wconf 89' lang='lat' dir='ltr'><strong>quoniam</strong></span> <span class='ocrx_word' id='word_1_122' title='bbox 1724 2661 1899 2743; x_wconf 87' lang='lat' dir='ltr'><strong>evangelica</strong></span> <span class='ocrx_word' id='word_1_123' title='bbox 1923 2661 1961 2722; x_wconf 88' lang='lat' dir='ltr'><strong>lar</strong></span> 
     </span>
     <span class='ocr_line' id='line_1_14' title="bbox 439 2755 1960 2838; baseline 0.001 -19"><span class='ocrx_word' id='word_1_124' title='bbox 439 2759 594 2822; x_wconf 88' lang='lat' dir='ltr'><strong>troducta.</strong></span> <span class='ocrx_word' id='word_1_125' title='bbox 611 2758 685 2820; x_wconf 90' lang='lat' dir='ltr'><strong>ldeo</strong></span> <span class='ocrx_word' id='word_1_126' title='bbox 706 2757 812 2820; x_wconf 92' lang='lat' dir='ltr'><strong>omnis</strong></span> <span class='ocrx_word' id='word_1_127' title='bbox 835 2755 1052 2838; x_wconf 72' lang='lat' dir='ltr'><strong>presumptio,</strong></span> <span class='ocrx_word' id='word_1_128' title='bbox 1067 2755 1186 2835; x_wconf 76' lang='lat' dir='ltr'><strong>iactan-</strong></span> <span class='ocrx_word' id='word_1_129' title='bbox 1241 2755 1342 2818; x_wconf 92' lang='lat' dir='ltr'><strong>multo</strong></span> <span class='ocrx_word' id='word_1_130' title='bbox 1356 2755 1587 2820; x_wconf 90' lang='lat' dir='ltr'><strong>evidentiorem</strong></span> <span class='ocrx_word' id='word_1_131' title='bbox 1602 2764 1634 2820; x_wconf 89' lang='lat' dir='ltr'><strong>et</strong></span> <span class='ocrx_word' id='word_1_132' title='bbox 1653 2758 1904 2822; x_wconf 81' lang='lat' dir='ltr'><strong>excellentiorem</strong></span> <span class='ocrx_word' id='word_1_133' title='bbox 1920 2759 1960 2820; x_wconf 85' lang='lat' dir='ltr'><strong>do</strong></span> 
     </span>
     <span class='ocr_line' id='line_1_15' title="bbox 439 2852 1962 2938; baseline -0.001 -18"><span class='ocrx_word' id='word_1_134' title='bbox 439 2857 493 2932; x_wconf 91' lang='lat' dir='ltr'><strong>tia,</strong></span> <span class='ocrx_word' id='word_1_135' title='bbox 510 2877 591 2921; x_wconf 87' lang='lat' dir='ltr'><strong>vana</strong></span> <span class='ocrx_word' id='word_1_136' title='bbox 613 2856 724 2938; x_wconf 90' lang='lat' dir='ltr'><strong>gloria,</strong></span> <span class='ocrx_word' id='word_1_137' title='bbox 741 2855 845 2919; x_wconf 91' lang='lat' dir='ltr'><strong>omnis</strong></span> <span class='ocrx_word' id='word_1_138' title='bbox 869 2855 974 2928; x_wconf 88' lang='lat' dir='ltr'><strong>elatio,</strong></span> <span class='ocrx_word' id='word_1_139' title='bbox 991 2853 1103 2936; x_wconf 88' lang='lat' dir='ltr'><strong>procul</strong></span> <span class='ocrx_word' id='word_1_140' title='bbox 1126 2852 1187 2914; x_wconf 90' lang='lat' dir='ltr'><strong>dif-</strong></span> <span class='ocrx_word' id='word_1_141' title='bbox 1241 2853 1375 2916; x_wconf 88' lang='lat' dir='ltr'><strong>ctrinam</strong></span> <span class='ocrx_word' id='word_1_142' title='bbox 1395 2854 1490 2917; x_wconf 88' lang='lat' dir='ltr'><strong>tradit</strong></span> <span class='ocrx_word' id='word_1_143' title='bbox 1509 2855 1548 2918; x_wconf 91' lang='lat' dir='ltr'><strong>de</strong></span> <span class='ocrx_word' id='word_1_144' title='bbox 1567 2856 1642 2931; x_wconf 90' lang='lat' dir='ltr'><strong>Deo,</strong></span> <span class='ocrx_word' id='word_1_145' title='bbox 1660 2875 1756 2938; x_wconf 88' lang='lat' dir='ltr'><strong>quarn</strong></span> <span class='ocrx_word' id='word_1_146' title='bbox 1781 2858 1832 2920; x_wconf 84' lang='lat' dir='ltr'><strong>lex</strong></span> <span class='ocrx_word' id='word_1_147' title='bbox 1850 2857 1898 2920; x_wconf 94' lang='lat' dir='ltr'><strong>illa</strong></span> <span class='ocrx_word' id='word_1_148' title='bbox 1915 2857 1962 2919; x_wconf 83' lang='lat' dir='ltr'><strong>llo</strong></span> 
     </span>
     <span class='ocr_line' id='line_1_16' title="bbox 290 2951 1962 3039; baseline -0.006 -13"><span class='ocrx_word' id='word_1_149' title='bbox 290 2981 425 3034; x_wconf 62' lang='lat' dir='ltr'><strong>renunc,</strong></span> <span class='ocrx_word' id='word_1_150' title='bbox 439 2956 575 3038; x_wconf 87' lang='lat' dir='ltr'><strong>fugiant,</strong></span> <span class='ocrx_word' id='word_1_151' title='bbox 591 2953 882 3038; x_wconf 88' lang='lat' dir='ltr'><strong>imperfectumque</strong></span> <span class='ocrx_word' id='word_1_152' title='bbox 899 2960 1044 3017; x_wconf 89' lang='lat' dir='ltr'><strong>nostrum</strong></span> <span class='ocrx_word' id='word_1_153' title='bbox 1058 2951 1188 3016; x_wconf 86' lang='lat' dir='ltr'><strong>videant</strong></span> <span class='ocrx_word' id='word_1_154' title='bbox 1240 2952 1334 3015; x_wconf 87' lang='lat' dir='ltr'><strong>saica.</strong></span> <span class='ocrx_word' id='word_1_155' title='bbox 1350 2953 1384 3016; x_wconf 92' lang='lat' dir='ltr'><strong>ln</strong></span> <span class='ocrx_word' id='word_1_156' title='bbox 1408 2973 1471 3036; x_wconf 90' lang='lat' dir='ltr'><strong>qua</strong></span> <span class='ocrx_word' id='word_1_157' title='bbox 1492 2954 1675 3036; x_wconf 88' lang='lat' dir='ltr'><strong>evangelica</strong></span> <span class='ocrx_word' id='word_1_158' title='bbox 1698 2955 1779 3038; x_wconf 91' lang='lat' dir='ltr'><strong>lcge,</strong></span> <span class='ocrx_word' id='word_1_159' title='bbox 1795 2975 1832 3020; x_wconf 85' lang='lat' dir='ltr'><strong>ea</strong></span> <span class='ocrx_word' id='word_1_160' title='bbox 1852 2975 1913 3039; x_wconf 80' lang='lat' dir='ltr'><strong>qua</strong></span> <span class='ocrx_word' id='word_1_161' title='bbox 1932 2954 1962 3016; x_wconf 91' lang='lat' dir='ltr'><strong>ad</strong></span> 
     </span>
     <span class='ocr_line' id='line_1_17' title="bbox 292 3046 1962 3139; baseline -0.001 -21"><span class='ocrx_word' id='word_1_162' title='bbox 292 3046 325 3089; x_wconf 83' lang='lat'><strong>¹⁶·</strong></span> <span class='ocrx_word' id='word_1_163' title='bbox 439 3055 526 3118; x_wconf 88' lang='lat' dir='ltr'><strong>oculi</strong></span> <span class='ocrx_word' id='word_1_164' title='bbox 539 3054 651 3129; x_wconf 92' lang='lat' dir='ltr'><strong>nostri,</strong></span> <span class='ocrx_word' id='word_1_165' title='bbox 667 3061 699 3117; x_wconf 91' lang='lat' dir='ltr'><strong>et</strong></span> <span class='ocrx_word' id='word_1_166' title='bbox 714 3053 746 3116; x_wconf 94' lang='lat' dir='ltr'><strong>in</strong></span> <span class='ocrx_word' id='word_1_167' title='bbox 762 3053 827 3116; x_wconf 89' lang='lat' dir='ltr'><strong>Deo</strong></span> <span class='ocrx_word' id='word_1_168' title='bbox 842 3053 883 3115; x_wconf 89' lang='lat' dir='ltr'><strong>sit</strong></span> <span class='ocrx_word' id='word_1_169' title='bbox 897 3058 962 3115; x_wconf 86' lang='lat' dir='ltr'><strong>tota</strong></span> <span class='ocrx_word' id='word_1_170' title='bbox 979 3070 1051 3134; x_wconf 92' lang='lat' dir='ltr'><strong>spes</strong></span> <span class='ocrx_word' id='word_1_171' title='bbox 1067 3057 1184 3125; x_wconf 89' lang='lat' dir='ltr'><strong>nostra,</strong></span> <span class='ocrx_word' id='word_1_172' title='bbox 1241 3051 1575 3134; x_wconf 80' lang='lat' dir='ltr'><strong>supergloriosissimae</strong></span> <span class='ocrx_word' id='word_1_173' title='bbox 1589 3053 1750 3118; x_wconf 83' lang='lat' dir='ltr'><strong>Trinitatis</strong></span> <span class='ocrx_word' id='word_1_174' title='bbox 1770 3063 1907 3139; x_wconf 86' lang='lat' dir='ltr'><strong>spectant</strong></span> <span class='ocrx_word' id='word_1_175' title='bbox 1921 3071 1962 3117; x_wconf 85' lang='lat' dir='ltr'><strong>nc</strong></span> 
     </span>
     <span class='ocr_line' id='line_1_18' title="bbox 439 3147 1963 3236; baseline -0.002 -19"><span class='ocrx_word' id='word_1_176' title='bbox 439 3154 509 3236; x_wconf 88' lang='lat' dir='ltr'><strong>ejus</strong></span> <span class='ocrx_word' id='word_1_177' title='bbox 525 3153 683 3234; x_wconf 89' lang='lat' dir='ltr'><strong>adjutorio</strong></span> <span class='ocrx_word' id='word_1_178' title='bbox 698 3170 826 3234; x_wconf 88' lang='lat' dir='ltr'><strong>semper</strong></span> <span class='ocrx_word' id='word_1_179' title='bbox 840 3150 1062 3224; x_wconf 74' lang='lat' dir='ltr'><strong>inhereamus,</strong></span> <span class='ocrx_word' id='word_1_180' title='bbox 1079 3149 1185 3232; x_wconf 93' lang='lat' dir='ltr'><strong>ipsum</strong></span> <span class='ocrx_word' id='word_1_181' title='bbox 1204 3147 1227 3210; x_wconf 91' lang='lat' dir='ltr'>B</span> <span class='ocrx_word' id='word_1_182' title='bbox 1240 3149 1356 3226; x_wconf 88' lang='lat' dir='ltr'><strong>titiam,</strong></span> <span class='ocrx_word' id='word_1_183' title='bbox 1371 3157 1466 3234; x_wconf 88' lang='lat' dir='ltr'><strong>atque</strong></span> <span class='ocrx_word' id='word_1_184' title='bbox 1480 3151 1520 3213; x_wconf 91' lang='lat' dir='ltr'><strong>ad</strong></span> <span class='ocrx_word' id='word_1_185' title='bbox 1535 3151 1652 3215; x_wconf 84' lang='lat' dir='ltr'><strong>Christi</strong></span> <span class='ocrx_word' id='word_1_186' title='bbox 1672 3155 1825 3236; x_wconf 86' lang='lat' dir='ltr'><strong>mysteria</strong></span> <span class='ocrx_word' id='word_1_187' title='bbox 1837 3161 1868 3216; x_wconf 89' lang='lat' dir='ltr'><strong>ct</strong></span> <span class='ocrx_word' id='word_1_188' title='bbox 1884 3153 1917 3216; x_wconf 88' lang='lat' dir='ltr'><strong>ad</strong></span> <span class='ocrx_word' id='word_1_189' title='bbox 1928 3170 1963 3214; x_wconf 89' lang='lat' dir='ltr'><strong>sa·</strong></span> 
     </span>
     <span class='ocr_line' id='line_1_19' title="bbox 436 3247 1964 3334; baseline -0.003 -19"><span class='ocrx_word' id='word_1_190' title='bbox 436 3252 556 3334; x_wconf 86' lang='lat' dir='ltr'><strong>jugiter</strong></span> <span class='ocrx_word' id='word_1_191' title='bbox 571 3253 768 3326; x_wconf 89' lang='lat' dir='ltr'><strong>invocemus,</strong></span> <span class='ocrx_word' id='word_1_192' title='bbox 778 3267 873 3313; x_wconf 93' lang='lat' dir='ltr'><strong>omne</strong></span> <span class='ocrx_word' id='word_1_193' title='bbox 888 3249 1009 3311; x_wconf 91' lang='lat' dir='ltr'><strong>bonum</strong></span> <span class='ocrx_word' id='word_1_194' title='bbox 1025 3248 1054 3310; x_wconf 90' lang='lat' dir='ltr'><strong>ei</strong></span> <span class='ocrx_word' id='word_1_195' title='bbox 1071 3247 1186 3310; x_wconf 92' lang='lat' dir='ltr'><strong>humil·</strong></span> <span class='ocrx_word' id='word_1_196' title='bbox 1241 3248 1341 3310; x_wconf 90' lang='lat' dir='ltr'><strong>lutcm</strong></span> <span class='ocrx_word' id='word_1_197' title='bbox 1355 3248 1539 3324; x_wconf 88' lang='lat' dir='ltr'><strong>humanam,</strong></span> <span class='ocrx_word' id='word_1_198' title='bbox 1556 3250 1659 3314; x_wconf 88' lang='lat' dir='ltr'><strong>multo</strong></span> <span class='ocrx_word' id='word_1_199' title='bbox 1673 3251 1841 3334; x_wconf 89' lang='lat' dir='ltr'><strong>limpidius</strong></span> <span class='ocrx_word' id='word_1_200' title='bbox 1855 3253 1964 3315; x_wconf 83' lang='lat' dir='ltr'><strong>edocen</strong></span> 
     </span>
     <span class='ocr_line' id='line_1_20' title="bbox 314 3347 1686 3432; baseline -0.003 -18"><span class='ocrx_word' id='word_1_201' title='bbox 314 3353 319 3368; x_wconf 88' lang='lat'><strong><em>¹</em></strong></span> <span class='ocrx_word' id='word_1_202' title='bbox 438 3352 514 3414; x_wconf 93' lang='lat' dir='ltr'><strong>lime</strong></span> <span class='ocrx_word' id='word_1_203' title='bbox 538 3350 767 3426; x_wconf 82' lang='lat' dir='ltr'><strong>adscribamus,</strong></span> <span class='ocrx_word' id='word_1_204' title='bbox 788 3348 819 3412; x_wconf 88' lang='lat' dir='ltr'><strong>ei</strong></span> <span class='ocrx_word' id='word_1_205' title='bbox 842 3347 1058 3411; x_wconf 84' lang='lat' dir='ltr'><strong>indesinenter</strong></span> <span class='ocrx_word' id='word_1_206' title='bbox 1082 3365 1185 3429; x_wconf 88' lang='lat' dir='ltr'><strong>regra·</strong></span> <span class='ocrx_word' id='word_1_207' title='bbox 1240 3355 1293 3409; x_wconf 94' lang='lat' dir='ltr'><strong>tur</strong></span> <span class='ocrx_word' id='word_1_208' title='bbox 1313 3366 1409 3430; x_wconf 88' lang='lat' dir='ltr'><strong>quam</strong></span> <span class='ocrx_word' id='word_1_209' title='bbox 1431 3347 1463 3410; x_wconf 89' lang='lat' dir='ltr'><strong>in</strong></span> <span class='ocrx_word' id='word_1_210' title='bbox 1485 3349 1586 3412; x_wconf 90' lang='lat' dir='ltr'><strong>veteri</strong></span> <span class='ocrx_word' id='word_1_211' title='bbox 1607 3348 1686 3432; x_wconf 89' lang='lat' dir='ltr'><strong>lege.</strong></span> 
     </span>
    </p>

    <p class='ocr_par' dir='ltr' id='par_1_6' title="bbox 436 3445 1968 4815">
     <span class='ocr_line' id='line_1_21' title="bbox 437 3445 1963 3533; baseline -0.003 -20"><span class='ocrx_word' id='word_1_212' title='bbox 437 3450 562 3526; x_wconf 88' lang='lat' dir='ltr'><strong>tiantes,</strong></span> <span class='ocrx_word' id='word_1_213' title='bbox 589 3449 696 3533; x_wconf 91' lang='lat' dir='ltr'><strong>ipsum</strong></span> <span class='ocrx_word' id='word_1_214' title='bbox 725 3449 758 3511; x_wconf 94' lang='lat' dir='ltr'><strong>in</strong></span> <span class='ocrx_word' id='word_1_215' title='bbox 784 3445 935 3510; x_wconf 91' lang='lat' dir='ltr'><strong>omnibus</strong></span> <span class='ocrx_word' id='word_1_216' title='bbox 962 3446 1125 3509; x_wconf 90' lang='lat' dir='ltr'><strong>laudantes</strong></span> <span class='ocrx_word' id='word_1_217' title='bbox 1154 3452 1186 3508; x_wconf 90' lang='lat' dir='ltr'><strong>et</strong></span> <span class='ocrx_word' id='word_1_218' title='bbox 1281 3445 1384 3521; x_wconf 86' lang='lat' dir='ltr'><strong>Sexta,</strong></span> <span class='ocrx_word' id='word_1_219' title='bbox 1401 3447 1553 3528; x_wconf 90' lang='lat' dir='ltr'><strong>quoniam</strong></span> <span class='ocrx_word' id='word_1_220' title='bbox 1575 3447 1626 3510; x_wconf 88' lang='lat' dir='ltr'><strong>lex</strong></span> <span class='ocrx_word' id='word_1_221' title='bbox 1647 3448 1832 3531; x_wconf 88' lang='lat' dir='ltr'><strong>evangelica</strong></span> <span class='ocrx_word' id='word_1_222' title='bbox 1852 3449 1963 3530; x_wconf 87' lang='lat' dir='ltr'><strong>gratian</strong></span> 
     </span>
     <span class='ocr_line' id='line_1_22' title="bbox 437 3544 1964 3628; baseline -0.003 -16"><span class='ocrx_word' id='word_1_223' title='bbox 437 3555 635 3612; x_wconf 88' lang='lat' dir='ltr'><strong>venerantes.</strong></span> <span class='ocrx_word' id='word_1_224' title='bbox 1240 3560 1304 3606; x_wconf 91' lang='lat' dir='ltr'><strong>non</strong></span> <span class='ocrx_word' id='word_1_225' title='bbox 1326 3544 1430 3607; x_wconf 90' lang='lat' dir='ltr'><strong>solum</strong></span> <span class='ocrx_word' id='word_1_226' title='bbox 1452 3545 1621 3628; x_wconf 87' lang='lat' dir='ltr'><strong>promittit,</strong></span> <span class='ocrx_word' id='word_1_227' title='bbox 1642 3547 1698 3610; x_wconf 90' lang='lat' dir='ltr'><strong>sed</strong></span> <span class='ocrx_word' id='word_1_228' title='bbox 1719 3547 1819 3611; x_wconf 89' lang='lat' dir='ltr'><strong>etiam</strong></span> <span class='ocrx_word' id='word_1_229' title='bbox 1843 3545 1964 3622; x_wconf 81' lang='lat' dir='ltr'><strong>confert3</strong></span> 
     </span>
     <span class='ocr_line' id='line_1_23' title="bbox 480 3641 1964 3729; baseline -0.003 -21"><span class='ocrx_word' id='word_1_230' title='bbox 480 3647 615 3729; x_wconf 92' lang='lat' dir='ltr'><strong>Insuper</strong></span> <span class='ocrx_word' id='word_1_231' title='bbox 644 3646 746 3720; x_wconf 91' lang='lat' dir='ltr'><strong>docet,</strong></span> <span class='ocrx_word' id='word_1_232' title='bbox 777 3651 896 3727; x_wconf 89' lang='lat' dir='ltr'><strong>quanta</strong></span> <span class='ocrx_word' id='word_1_233' title='bbox 925 3643 966 3706; x_wconf 91' lang='lat' dir='ltr'><strong>sit</strong></span> <span class='ocrx_word' id='word_1_234' title='bbox 995 3641 1186 3706; x_wconf 84' lang='lat' dir='ltr'><strong>excellentia</strong></span> <span class='ocrx_word' id='word_1_235' title='bbox 1240 3660 1299 3704; x_wconf 90' lang='lat' dir='ltr'><strong>nec</strong></span> <span class='ocrx_word' id='word_1_236' title='bbox 1323 3643 1427 3706; x_wconf 89' lang='lat' dir='ltr'><strong>solu&#39;m</strong></span> <span class='ocrx_word' id='word_1_237' title='bbox 1451 3643 1597 3726; x_wconf 79' lang='lat' dir='ltr'><strong>praecipit</strong></span> <span class='ocrx_word' id='word_1_238' title='bbox 1623 3652 1714 3707; x_wconf 84' lang='lat' dir='ltr'><strong>actus</strong></span> <span class='ocrx_word' id='word_1_239' title='bbox 1737 3646 1900 3720; x_wconf 87' lang='lat' dir='ltr'><strong>virtutum,</strong></span> <span class='ocrx_word' id='word_1_240' title='bbox 1921 3643 1964 3705; x_wconf 89' lang='lat' dir='ltr'><strong>sed</strong></span> 
     </span>
     <span class='ocr_line' id='line_1_24' title="bbox 438 3741 1964 3828; baseline -0.005 -18"><span class='ocrx_word' id='word_1_241' title='bbox 438 3745 629 3827; x_wconf 81' lang='lat' dir='ltr'><strong>evangelicae</strong></span> <span class='ocrx_word' id='word_1_242' title='bbox 654 3744 733 3824; x_wconf 89' lang='lat' dir='ltr'><strong>legis</strong></span> <span class='ocrx_word' id='word_1_243' title='bbox 757 3762 853 3825; x_wconf 91' lang='lat' dir='ltr'><strong>supra</strong></span> <span class='ocrx_word' id='word_1_244' title='bbox 877 3742 979 3824; x_wconf 90' lang='lat' dir='ltr'><strong>legem</strong></span> <span class='ocrx_word' id='word_1_245' title='bbox 1003 3742 1184 3818; x_wconf 89' lang='lat' dir='ltr'><strong>Mosaicam,</strong></span> <span class='ocrx_word' id='word_1_246' title='bbox 1240 3741 1337 3803; x_wconf 87' lang='lat' dir='ltr'><strong>etiam</strong></span> <span class='ocrx_word' id='word_1_247' title='bbox 1356 3749 1484 3824; x_wconf 65' lang='lat' dir='ltr'><strong>praestat</strong></span> <span class='ocrx_word' id='word_1_248' title='bbox 1502 3743 1653 3806; x_wconf 86' lang='lat' dir='ltr'><strong>virtutem</strong></span> <span class='ocrx_word' id='word_1_249' title='bbox 1676 3763 1715 3806; x_wconf 87' lang='lat' dir='ltr'><strong>ea</strong></span> <span class='ocrx_word' id='word_1_250' title='bbox 1737 3745 1905 3828; x_wconf 70' lang='lat' dir='ltr'><strong>implendi,</strong></span> <span class='ocrx_word' id='word_1_251' title='bbox 1919 3759 1964 3804; x_wconf 86' lang='lat' dir='ltr'><strong>nec</strong></span> 
     </span>
     <span class='ocr_line' id='line_1_25' title="bbox 438 3838 1964 3923; baseline -0.002 -18"><span class='ocrx_word' id='word_1_252' title='bbox 438 3841 643 3905; x_wconf 89' lang='lat' dir='ltr'><strong>utinformet</strong></span> <span class='ocrx_word' id='word_1_253' title='bbox 665 3840 778 3903; x_wconf 92' lang='lat' dir='ltr'><strong>fideles</strong></span> <span class='ocrx_word' id='word_1_254' title='bbox 803 3841 962 3923; x_wconf 89' lang='lat' dir='ltr'><strong>quomodo</strong></span> <span class='ocrx_word' id='word_1_255' title='bbox 986 3840 1185 3923; x_wconf 88' lang='lat' dir='ltr'><strong>spiritualius</strong></span> <span class='ocrx_word' id='word_1_256' title='bbox 1240 3838 1344 3902; x_wconf 93' lang='lat' dir='ltr'><strong>solum</strong></span> <span class='ocrx_word' id='word_1_257' title='bbox 1366 3840 1508 3904; x_wconf 89' lang='lat' dir='ltr'><strong>futuram</strong></span> <span class='ocrx_word' id='word_1_258' title='bbox 1529 3840 1718 3905; x_wconf 87' lang='lat' dir='ltr'><strong>felicitatem</strong></span> <span class='ocrx_word' id='word_1_259' title='bbox 1740 3841 1964 3915; x_wconf 85' lang='lat' dir='ltr'><strong>denuntiat,sed</strong></span> 
     </span>
     <span class='ocr_line' id='line_1_26' title="bbox 438 3937 1965 4024; baseline -0.003 -20"><span class='ocrx_word' id='word_1_260' title='bbox 438 3949 534 4024; x_wconf 89' lang='lat' dir='ltr'><strong>atque</strong></span> <span class='ocrx_word' id='word_1_261' title='bbox 550 3939 723 4022; x_wconf 91' lang='lat' dir='ltr'><strong>perfectius</strong></span> <span class='ocrx_word' id='word_1_262' title='bbox 739 3939 875 4002; x_wconf 88' lang='lat' dir='ltr'><strong>debeant</strong></span> <span class='ocrx_word' id='word_1_263' title='bbox 894 3937 1076 4002; x_wconf 85' lang='lat' dir='ltr'><strong>conversari</strong></span> <span class='ocrx_word' id='word_1_264' title='bbox 1091 3939 1186 4002; x_wconf 92' lang='lat' dir='ltr'><strong>modo</strong></span> <span class='ocrx_word' id='word_1_265' title='bbox 1241 3938 1279 3999; x_wconf 89' lang='lat' dir='ltr'><strong>ad</strong></span> <span class='ocrx_word' id='word_1_266' title='bbox 1295 3957 1365 4001; x_wconf 90' lang='lat' dir='ltr'><strong>eam</strong></span> <span class='ocrx_word' id='word_1_267' title='bbox 1381 3956 1508 4021; x_wconf 88' lang='lat' dir='ltr'><strong>quoque</strong></span> <span class='ocrx_word' id='word_1_268' title='bbox 1528 3940 1748 4005; x_wconf 89' lang='lat' dir='ltr'><strong>observatores</strong></span> <span class='ocrx_word' id='word_1_269' title='bbox 1763 3961 1839 4007; x_wconf 89' lang='lat' dir='ltr'><strong>suos</strong></span> <span class='ocrx_word' id='word_1_270' title='bbox 1853 3939 1965 4006; x_wconf 87' lang='lat' dir='ltr'><strong>inducit.</strong></span> 
     </span>
     <span class='ocr_line' id='line_1_27' title="bbox 439 4036 1966 4122; baseline -0.002 -19"><span class='ocrx_word' id='word_1_271' title='bbox 439 4041 472 4103; x_wconf 91' lang='lat' dir='ltr'><strong>in</strong></span> <span class='ocrx_word' id='word_1_272' title='bbox 494 4057 577 4103; x_wconf 88' lang='lat' dir='ltr'><strong>novo</strong></span> <span class='ocrx_word' id='word_1_273' title='bbox 596 4039 807 4112; x_wconf 84' lang='lat' dir='ltr'><strong>Testamento,</strong></span> <span class='ocrx_word' id='word_1_274' title='bbox 823 4057 919 4119; x_wconf 88' lang='lat' dir='ltr'><strong>quam</strong></span> <span class='ocrx_word' id='word_1_275' title='bbox 943 4037 1020 4101; x_wconf 93' lang='lat' dir='ltr'><strong>olim</strong></span> <span class='ocrx_word' id='word_1_276' title='bbox 1039 4037 1187 4100; x_wconf 90' lang='lat' dir='ltr'><strong>lsraeliti-</strong></span> <span class='ocrx_word' id='word_1_277' title='bbox 1241 4036 1280 4098; x_wconf 86' lang='lat' dir='ltr'><strong>Et</strong></span> <span class='ocrx_word' id='word_1_278' title='bbox 1294 4037 1378 4099; x_wconf 90' lang='lat' dir='ltr'><strong>istud</strong></span> <span class='ocrx_word' id='word_1_279' title='bbox 1394 4045 1496 4100; x_wconf 88' lang='lat' dir='ltr'><strong>toturn</strong></span> <span class='ocrx_word' id='word_1_280' title='bbox 1512 4038 1756 4121; x_wconf 86' lang='lat' dir='ltr'><strong>intelligendum</strong></span> <span class='ocrx_word' id='word_1_281' title='bbox 1773 4049 1832 4116; x_wconf 84' lang='lat' dir='ltr'><strong>est,</strong></span> <span class='ocrx_word' id='word_1_282' title='bbox 1843 4041 1875 4102; x_wconf 92' lang='lat' dir='ltr'><strong>in</strong></span> <span class='ocrx_word' id='word_1_283' title='bbox 1888 4057 1966 4122; x_wconf 82' lang='lat' dir='ltr'><strong>quan·</strong></span> 
     </span>
     <span class='ocr_line' id='line_1_28' title="bbox 439 4135 1967 4222; baseline -0.003 -20"><span class='ocrx_word' id='word_1_284' title='bbox 439 4159 495 4202; x_wconf 92' lang='lat' dir='ltr'><strong>cus</strong></span> <span class='ocrx_word' id='word_1_285' title='bbox 517 4138 656 4222; x_wconf 87' lang='lat' dir='ltr'><strong>populus</strong></span> <span class='ocrx_word' id='word_1_286' title='bbox 680 4137 759 4200; x_wconf 86' lang='lat' dir='ltr'><strong>vixit</strong></span> <span class='ocrx_word' id='word_1_287' title='bbox 784 4137 817 4198; x_wconf 93' lang='lat' dir='ltr'><strong>in</strong></span> <span class='ocrx_word' id='word_1_288' title='bbox 840 4136 951 4200; x_wconf 86' lang='lat' dir='ltr'><strong>veteri.</strong></span> <span class='ocrx_word' id='word_1_289' title='bbox 977 4136 1185 4210; x_wconf 84' lang='lat' dir='ltr'><strong>Quemadmo-</strong></span> <span class='ocrx_word' id='word_1_290' title='bbox 1239 4141 1309 4197; x_wconf 91' lang='lat' dir='ltr'><strong>tum</strong></span> <span class='ocrx_word' id='word_1_291' title='bbox 1324 4135 1481 4218; x_wconf 87' lang='lat' dir='ltr'><strong>accipitur</strong></span> <span class='ocrx_word' id='word_1_292' title='bbox 1495 4135 1546 4199; x_wconf 80' lang='lat' dir='ltr'><strong>lex</strong></span> <span class='ocrx_word' id='word_1_293' title='bbox 1566 4139 1751 4220; x_wconf 88' lang='lat' dir='ltr'><strong>evangelica</strong></span> <span class='ocrx_word' id='word_1_294' title='bbox 1768 4159 1843 4203; x_wconf 90' lang='lat' dir='ltr'><strong>eum</strong></span> <span class='ocrx_word' id='word_1_295' title='bbox 1858 4155 1967 4202; x_wconf 88' lang='lat' dir='ltr'><strong>suorum</strong></span> 
     </span>
     <span class='ocr_line' id='line_1_29' title="bbox 438 4233 1968 4321; baseline -0.003 -20"><span class='ocrx_word' id='word_1_296' title='bbox 438 4239 515 4301; x_wconf 92' lang='lat' dir='ltr'><strong>dum</strong></span> <span class='ocrx_word' id='word_1_297' title='bbox 538 4245 645 4300; x_wconf 87' lang='lat' dir='ltr'><strong>autem</strong></span> <span class='ocrx_word' id='word_1_298' title='bbox 667 4237 788 4319; x_wconf 84' lang='lat' dir='ltr'><strong>Moyses</strong></span> <span class='ocrx_word' id='word_1_299' title='bbox 812 4234 875 4297; x_wconf 89' lang='lat' dir='ltr'><strong>fuit</strong></span> <span class='ocrx_word' id='word_1_300' title='bbox 895 4235 929 4297; x_wconf 93' lang='lat' dir='ltr'><strong>in</strong></span> <span class='ocrx_word' id='word_1_301' title='bbox 951 4234 1060 4296; x_wconf 87' lang='lat' dir='ltr'><strong>multis</strong></span> <span class='ocrx_word' id='word_1_302' title='bbox 1081 4233 1186 4316; x_wconf 84' lang='lat' dir='ltr'><strong>figura</strong></span> <span class='ocrx_word' id='word_1_303' title='bbox 1240 4233 1419 4297; x_wconf 87' lang='lat' dir='ltr'><strong>inclusione</strong></span> <span class='ocrx_word' id='word_1_304' title='bbox 1447 4243 1730 4314; x_wconf 87' lang='lat' dir='ltr'><strong>sacramentorum,</strong></span> <span class='ocrx_word' id='word_1_305' title='bbox 1754 4258 1828 4321; x_wconf 81' lang='lat' dir='ltr'><strong>quae</strong></span> <span class='ocrx_word' id='word_1_306' title='bbox 1854 4238 1968 4320; x_wconf 86' lang='lat' dir='ltr'><strong>gratiam</strong></span> 
     </span>
     <span class='ocr_line' id='line_1_30' title="bbox 438 4329 1968 4417; baseline -0.002 -17"><span class='ocrx_word' id='word_1_307' title='bbox 438 4337 623 4411; x_wconf 83' lang='lat' dir='ltr'><strong>Christi,sic</strong></span> <span class='ocrx_word' id='word_1_308' title='bbox 639 4336 689 4398; x_wconf 83' lang='lat' dir='ltr'><strong>lex</strong></span> <span class='ocrx_word' id='word_1_309' title='bbox 704 4335 777 4397; x_wconf 88' lang='lat' dir='ltr'><strong>data</strong></span> <span class='ocrx_word' id='word_1_310' title='bbox 792 4353 849 4416; x_wconf 90' lang='lat' dir='ltr'><strong>per</strong></span> <span class='ocrx_word' id='word_1_311' title='bbox 863 4333 1001 4416; x_wconf 82' lang='lat' dir='ltr'><strong>Moysen,</strong></span> <span class='ocrx_word' id='word_1_312' title='bbox 1019 4333 1185 4415; x_wconf 91' lang='lat' dir='ltr'><strong>dispositio</strong></span> <span class='ocrx_word' id='word_1_313' title='bbox 1204 4329 1404 4396; x_wconf 87' lang='lat' dir='ltr'><strong>Gcontinent</strong></span> <span class='ocrx_word' id='word_1_314' title='bbox 1433 4341 1464 4396; x_wconf 89' lang='lat' dir='ltr'><strong>et</strong></span> <span class='ocrx_word' id='word_1_315' title='bbox 1488 4333 1585 4396; x_wconf 92' lang='lat' dir='ltr'><strong>etiam</strong></span> <span class='ocrx_word' id='word_1_316' title='bbox 1610 4344 1770 4417; x_wconf 72' lang='lat' dir='ltr'><strong>prestant.</strong></span> <span class='ocrx_word' id='word_1_317' title='bbox 1799 4337 1884 4402; x_wconf 78' lang='lat' dir='ltr'><strong>&#39;l&#39;alia</strong></span> <span class='ocrx_word' id='word_1_318' title='bbox 1909 4352 1968 4398; x_wconf 86' lang='lat' dir='ltr'><strong>vem</strong></span> 
     </span>
     <span class='ocr_line' id='line_1_31' title="bbox 438 4431 1968 4516; baseline -0.001 -20"><span class='ocrx_word' id='word_1_319' title='bbox 438 4434 501 4497; x_wconf 92' lang='lat' dir='ltr'><strong>fuit</strong></span> <span class='ocrx_word' id='word_1_320' title='bbox 515 4436 554 4497; x_wconf 89' lang='lat' dir='ltr'><strong>ad</strong></span> <span class='ocrx_word' id='word_1_321' title='bbox 570 4435 671 4516; x_wconf 90' lang='lat' dir='ltr'><strong>legem</strong></span> <span class='ocrx_word' id='word_1_322' title='bbox 687 4452 705 4494; x_wconf 90' lang='lat' dir='ltr'><strong>a</strong></span> <span class='ocrx_word' id='word_1_323' title='bbox 720 4433 846 4496; x_wconf 81' lang='lat' dir='ltr'><strong>Christo</strong></span> <span class='ocrx_word' id='word_1_324' title='bbox 860 4431 1019 4495; x_wconf 88' lang='lat' dir='ltr'><strong>collatam.</strong></span> <span class='ocrx_word' id='word_1_325' title='bbox 1036 4433 1109 4494; x_wconf 90' lang='lat' dir='ltr'><strong>ldeo</strong></span> <span class='ocrx_word' id='word_1_326' title='bbox 1125 4431 1184 4494; x_wconf 87' lang='lat' dir='ltr'><strong>sic·</strong></span> <span class='ocrx_word' id='word_1_327' title='bbox 1240 4450 1303 4495; x_wconf 90' lang='lat' dir='ltr'><strong>non</strong></span> <span class='ocrx_word' id='word_1_328' title='bbox 1326 4440 1416 4495; x_wconf 85' lang='lat' dir='ltr'><strong>erant</strong></span> <span class='ocrx_word' id='word_1_329' title='bbox 1440 4433 1517 4513; x_wconf 91' lang='lat' dir='ltr'><strong>legis</strong></span> <span class='ocrx_word' id='word_1_330' title='bbox 1540 4434 1657 4496; x_wconf 90' lang='lat' dir='ltr'><strong>veteris</strong></span> <span class='ocrx_word' id='word_1_331' title='bbox 1677 4445 1875 4499; x_wconf 87' lang='lat' dir='ltr'><strong>sacramenta</strong></span> <span class='ocrx_word' id='word_1_332' title='bbox 1890 4453 1897 4496; x_wconf 92' lang='lat'>:</span> <span class='ocrx_word' id='word_1_333' title='bbox 1912 4435 1968 4496; x_wconf 88' lang='lat' dir='ltr'><strong>idco</strong></span> 
     </span>
     <span class='ocr_line' id='line_1_32' title="bbox 438 4529 1968 4615; baseline -0.002 -20"><span class='ocrx_word' id='word_1_334' title='bbox 438 4540 473 4595; x_wconf 88' lang='lat' dir='ltr'><strong>ut</strong></span> <span class='ocrx_word' id='word_1_335' title='bbox 488 4551 521 4594; x_wconf 87' lang='lat' dir='ltr'><strong>se</strong></span> <span class='ocrx_word' id='word_1_336' title='bbox 536 4532 632 4594; x_wconf 84' lang='lat' dir='ltr'><strong>babet</strong></span> <span class='ocrx_word' id='word_1_337' title='bbox 651 4531 819 4614; x_wconf 91' lang='lat' dir='ltr'><strong>dispositio</strong></span> <span class='ocrx_word' id='word_1_338' title='bbox 838 4530 878 4592; x_wconf 88' lang='lat' dir='ltr'><strong>ad</strong></span> <span class='ocrx_word' id='word_1_339' title='bbox 894 4529 1051 4605; x_wconf 89' lang='lat' dir='ltr'><strong>habitum,</strong></span> <span class='ocrx_word' id='word_1_340' title='bbox 1069 4531 1185 4612; x_wconf 89' lang='lat' dir='ltr'><strong>imper·</strong></span> <span class='ocrx_word' id='word_1_341' title='bbox 1239 4531 1356 4594; x_wconf 93' lang='lat' dir='ltr'><strong>dicitur</strong></span> <span class='ocrx_word' id='word_1_342' title='bbox 1370 4531 1457 4614; x_wconf 88' lang='lat' dir='ltr'><strong>quod</strong></span> <span class='ocrx_word' id='word_1_343' title='bbox 1472 4531 1522 4594; x_wconf 88' lang='lat' dir='ltr'><strong>lex</strong></span> <span class='ocrx_word' id='word_1_344' title='bbox 1538 4532 1653 4615; x_wconf 90' lang='lat' dir='ltr'><strong>Moysis</strong></span> <span class='ocrx_word' id='word_1_345' title='bbox 1672 4551 1737 4596; x_wconf 92' lang='lat' dir='ltr'><strong>non</strong></span> <span class='ocrx_word' id='word_1_346' title='bbox 1754 4536 1910 4598; x_wconf 83' lang='lat' dir='ltr'><strong>continuit</strong></span> <span class='ocrx_word' id='word_1_347' title='bbox 1923 4550 1968 4595; x_wconf 84' lang='lat' dir='ltr'><strong>nec</strong></span> 
     </span>
     <span class='ocr_line' id='line_1_33' title="bbox 437 4628 1967 4716; baseline -0.001 -24"><span class='ocrx_word' id='word_1_348' title='bbox 437 4630 558 4692; x_wconf 91' lang='lat' dir='ltr'><strong>fectum</strong></span> <span class='ocrx_word' id='word_1_349' title='bbox 579 4630 619 4691; x_wconf 94' lang='lat' dir='ltr'><strong>ad</strong></span> <span class='ocrx_word' id='word_1_350' title='bbox 641 4628 831 4711; x_wconf 90' lang='lat' dir='ltr'><strong>perfectum,</strong></span> <span class='ocrx_word' id='word_1_351' title='bbox 848 4628 992 4690; x_wconf 90' lang='lat' dir='ltr'><strong>medium</strong></span> <span class='ocrx_word' id='word_1_352' title='bbox 1011 4628 1050 4690; x_wconf 87' lang='lat' dir='ltr'><strong>ad</strong></span> <span class='ocrx_word' id='word_1_353' title='bbox 1069 4628 1182 4703; x_wconf 88' lang='lat' dir='ltr'><strong>finem,</strong></span> <span class='ocrx_word' id='word_1_354' title='bbox 1239 4629 1374 4692; x_wconf 88' lang='lat' dir='ltr'><strong>contulit</strong></span> <span class='ocrx_word' id='word_1_355' title='bbox 1396 4629 1542 4711; x_wconf 79' lang='lat' dir='ltr'><strong>gratiam,</strong></span> <span class='ocrx_word' id='word_1_356' title='bbox 1568 4647 1628 4692; x_wconf 91' lang='lat' dir='ltr'><strong>nec</strong></span> <span class='ocrx_word' id='word_1_357' title='bbox 1652 4631 1807 4696; x_wconf 88' lang='lat' dir='ltr'><strong>virtutem</strong></span> <span class='ocrx_word' id='word_1_358' title='bbox 1833 4629 1967 4716; x_wconf 83' lang='lat' dir='ltr'><strong>implendi</strong></span> 
     </span>
     <span class='ocr_line' id='line_1_34' title="bbox 436 4725 1966 4815; baseline 0 -25"><span class='ocrx_word' id='word_1_359' title='bbox 436 4727 552 4790; x_wconf 91' lang='lat' dir='ltr'><strong>umbra</strong></span> <span class='ocrx_word' id='word_1_360' title='bbox 572 4727 611 4789; x_wconf 89' lang='lat' dir='ltr'><strong>ad</strong></span> <span class='ocrx_word' id='word_1_361' title='bbox 631 4727 747 4802; x_wconf 89' lang='lat' dir='ltr'><strong>lucem,</strong></span> <span class='ocrx_word' id='word_1_362' title='bbox 767 4735 863 4810; x_wconf 85' lang='lat' dir='ltr'><strong>typus</strong></span> <span class='ocrx_word' id='word_1_363' title='bbox 885 4726 924 4789; x_wconf 89' lang='lat' dir='ltr'><strong>ad</strong></span> <span class='ocrx_word' id='word_1_364' title='bbox 943 4725 1120 4800; x_wconf 89' lang='lat' dir='ltr'><strong>veritatem,</strong></span> <span class='ocrx_word' id='word_1_365' title='bbox 1137 4727 1183 4788; x_wconf 92' lang='lat' dir='ltr'><strong>sic</strong></span> <span class='ocrx_word' id='word_1_366' title='bbox 1238 4747 1295 4790; x_wconf 89' lang='lat' dir='ltr'><strong>sua</strong></span> <span class='ocrx_word' id='word_1_367' title='bbox 1324 4735 1483 4811; x_wconf 69' lang='lat' dir='ltr'><strong>praecepta</strong></span> <span class='ocrx_word' id='word_1_368' title='bbox 1511 4729 1649 4792; x_wconf 90' lang='lat' dir='ltr'><strong>donavit.</strong></span> <span class='ocrx_word' id='word_1_369' title='bbox 1676 4730 1810 4814; x_wconf 87' lang='lat' dir='ltr'><strong>Propter</strong></span> <span class='ocrx_word' id='word_1_370' title='bbox 1833 4732 1913 4815; x_wconf 89' lang='lat' dir='ltr'><strong>quod</strong></span> <span class='ocrx_word' id='word_1_371' title='bbox 1936 4728 1966 4790; x_wconf 85' lang='lat' dir='ltr'><strong>ab</strong></span> 
     </span>
    </p>

    <p class='ocr_par' dir='ltr' id='par_1_7' title="bbox 437 4824 2033 4909">
     <span class='ocr_line' id='line_1_35' title="bbox 437 4824 2033 4909; baseline -0.004 -20"><span class='ocrx_word' id='word_1_372' title='bbox 437 4846 471 4889; x_wconf 89' lang='lat' dir='ltr'><strong>se</strong></span> <span class='ocrx_word' id='word_1_373' title='bbox 486 4825 582 4888; x_wconf 88' lang='lat' dir='ltr'><strong>hahet</strong></span> <span class='ocrx_word' id='word_1_374' title='bbox 597 4826 647 4888; x_wconf 89' lang='lat' dir='ltr'><strong>lex</strong></span> <span class='ocrx_word' id='word_1_375' title='bbox 662 4825 776 4908; x_wconf 90' lang='lat' dir='ltr'><strong>Moysis</strong></span> <span class='ocrx_word' id='word_1_376' title='bbox 791 4825 830 4886; x_wconf 91' lang='lat' dir='ltr'><strong>ad</strong></span> <span class='ocrx_word' id='word_1_377' title='bbox 847 4825 950 4906; x_wconf 89' lang='lat' dir='ltr'><strong>legem</strong></span> <span class='ocrx_word' id='word_1_378' title='bbox 967 4824 1093 4887; x_wconf 84' lang='lat' dir='ltr'><strong>Christi.</strong></span> <span class='ocrx_word' id='word_1_379' title='bbox 1111 4825 1183 4888; x_wconf 88' lang='lat' dir='ltr'><strong>llaec</strong></span> <span class='ocrx_word' id='word_1_380' title='bbox 1237 4827 1387 4909; x_wconf 92' lang='lat' dir='ltr'><strong>Apostolo</strong></span> <span class='ocrx_word' id='word_1_381' title='bbox 1408 4827 1587 4909; x_wconf 88' lang='lat' dir='ltr'><strong>appellatur</strong></span> <span class='ocrx_word' id='word_1_382' title='bbox 1609 4829 1803 4893; x_wconf 89' lang='lat' dir='ltr'><strong>ministratio</strong></span> <span class='ocrx_word' id='word_1_383' title='bbox 1823 4831 1925 4894; x_wconf 84' lang='lat' dir='ltr'><strong>mortis</strong></span> <span class='ocrx_word' id='word_1_384' title='bbox 1942 4832 1966 4888; x_wconf 84' lang='lat' dir='ltr'><strong>ct</strong></span> <span class='ocrx_word' id='word_1_385' title='bbox 1985 4845 2033 4888; x_wconf 49' lang='lat' dir='ltr'><strong>rus.</strong></span> 
     </span>
    </p>
   </div>
   <div class='ocr_carea' id='block_1_6' title="bbox 436 4911 2049 5408">
    <p class='ocr_par' dir='ltr' id='par_1_8' title="bbox 436 4911 2049 5408">
     <span class='ocr_line' id='line_1_36' title="bbox 436 4911 2049 5018; baseline -0.001 -30"><span class='ocrx_word' id='word_1_386' title='bbox 436 4942 511 5007; x_wconf 89' lang='lat' dir='ltr'><strong>ergo</strong></span> <span class='ocrx_word' id='word_1_387' title='bbox 531 4932 580 4986; x_wconf 88' lang='lat' dir='ltr'><strong>est</strong></span> <span class='ocrx_word' id='word_1_388' title='bbox 598 4942 662 4985; x_wconf 94' lang='lat' dir='ltr'><strong>una</strong></span> <span class='ocrx_word' id='word_1_389' title='bbox 680 4923 868 4986; x_wconf 85' lang='lat' dir='ltr'><strong>excellentia</strong></span> <span class='ocrx_word' id='word_1_390' title='bbox 892 4922 970 5003; x_wconf 90' lang='lat' dir='ltr'><strong>legis</strong></span> <span class='ocrx_word' id='word_1_391' title='bbox 991 4923 1182 5004; x_wconf 72' lang='lat' dir='ltr'><strong>evangelicas</strong></span> <span class='ocrx_word' id='word_1_392' title='bbox 1237 4925 1461 5000; x_wconf 86' lang='lat' dir='ltr'><strong>damnationis,</strong></span> <span class='ocrx_word' id='word_1_393' title='bbox 1482 4932 1514 4987; x_wconf 90' lang='lat' dir='ltr'><strong>et</strong></span> <span class='ocrx_word' id='word_1_394' title='bbox 1538 4925 1638 4988; x_wconf 89' lang='lat' dir='ltr'><strong>virtus</strong></span> <span class='ocrx_word' id='word_1_395' title='bbox 1663 4929 1799 5008; x_wconf 87' lang='lat' dir='ltr'><strong>peccati,</strong></span> <span class='ocrx_word' id='word_1_396' title='bbox 1817 4949 1880 4992; x_wconf 93' lang='lat' dir='ltr'><strong>non</strong></span> <span class='ocrx_word' id='word_1_397' title='bbox 1902 4929 1967 4990; x_wconf 78' lang='lat' dir='ltr'><strong>dire</strong></span> <span class='ocrx_word' id='word_1_398' title='bbox 1975 4911 2049 5018; x_wconf 41' lang='lat'><strong>„²2</strong></span> 
     </span>
     <span class='ocr_line' id='line_1_37' title="bbox 437 5021 1965 5111; baseline -0.001 -25"><span class='ocrx_word' id='word_1_399' title='bbox 437 5042 534 5106; x_wconf 91' lang='lat' dir='ltr'><strong>supra</strong></span> <span class='ocrx_word' id='word_1_400' title='bbox 557 5029 698 5086; x_wconf 86' lang='lat' dir='ltr'><strong>veterem</strong></span> <span class='ocrx_word' id='word_1_401' title='bbox 722 5022 834 5103; x_wconf 88' lang='lat' dir='ltr'><strong>legem.</strong></span> <span class='ocrx_word' id='word_1_402' title='bbox 852 5021 997 5084; x_wconf 89' lang='lat' dir='ltr'><strong>Secunda</strong></span> <span class='ocrx_word' id='word_1_403' title='bbox 1020 5029 1078 5096; x_wconf 88' lang='lat' dir='ltr'><strong>est,</strong></span> <span class='ocrx_word' id='word_1_404' title='bbox 1098 5021 1182 5103; x_wconf 93' lang='lat' dir='ltr'><strong>quod</strong></span> <span class='ocrx_word' id='word_1_405' title='bbox 1237 5032 1297 5097; x_wconf 90' lang='lat' dir='ltr'><strong>cte,</strong></span> <span class='ocrx_word' id='word_1_406' title='bbox 1315 5023 1369 5086; x_wconf 87' lang='lat' dir='ltr'><strong>sed</strong></span> <span class='ocrx_word' id='word_1_407' title='bbox 1394 5022 1643 5086; x_wconf 90' lang='lat' dir='ltr'><strong>occasionaliter.</strong></span> <span class='ocrx_word' id='word_1_408' title='bbox 1666 5025 1822 5108; x_wconf 85' lang='lat' dir='ltr'><strong>Septima,</strong></span> <span class='ocrx_word' id='word_1_409' title='bbox 1838 5027 1908 5111; x_wconf 85' lang='lat' dir='ltr'><strong>quia</strong></span> <span class='ocrx_word' id='word_1_410' title='bbox 1926 5025 1965 5086; x_wconf 83' lang='lat' dir='ltr'><strong>lex</strong></span> 
     </span>
     <span class='ocr_line' id='line_1_38' title="bbox 437 5119 1968 5207; baseline -0.002 -20"><span class='ocrx_word' id='word_1_411' title='bbox 437 5123 506 5207; x_wconf 90' lang='lat' dir='ltr'><strong>ipse</strong></span> <span class='ocrx_word' id='word_1_412' title='bbox 533 5121 693 5204; x_wconf 84' lang='lat' dir='ltr'><strong>legislator</strong></span> <span class='ocrx_word' id='word_1_413' title='bbox 714 5120 904 5202; x_wconf 74' lang='lat' dir='ltr'><strong>evangelicae</strong></span> <span class='ocrx_word' id='word_1_414' title='bbox 928 5119 1017 5201; x_wconf 89' lang='lat' dir='ltr'><strong>legis,</strong></span> <span class='ocrx_word' id='word_1_415' title='bbox 1033 5120 1182 5183; x_wconf 88' lang='lat' dir='ltr'><strong>videlicet</strong></span> <span class='ocrx_word' id='word_1_416' title='bbox 1237 5140 1328 5196; x_wconf 90' lang='lat' dir='ltr'><strong>nova,</strong></span> <span class='ocrx_word' id='word_1_417' title='bbox 1346 5121 1512 5184; x_wconf 85' lang='lat' dir='ltr'><strong>interiores</strong></span> <span class='ocrx_word' id='word_1_418' title='bbox 1529 5129 1643 5198; x_wconf 90' lang='lat' dir='ltr'><strong>motus,</strong></span> <span class='ocrx_word' id='word_1_419' title='bbox 1659 5123 1813 5188; x_wconf 89' lang='lat' dir='ltr'><strong>videlicet</strong></span> <span class='ocrx_word' id='word_1_420' title='bbox 1829 5126 1968 5207; x_wconf 82' lang='lat' dir='ltr'><strong>cogitatio</strong></span> 
     </span>
     <span class='ocr_line' id='line_1_39' title="bbox 437 5219 1968 5304; baseline -0.003 -17"><span class='ocrx_word' id='word_1_421' title='bbox 437 5222 592 5298; x_wconf 85' lang='lat' dir='ltr'><strong>Christus,</strong></span> <span class='ocrx_word' id='word_1_422' title='bbox 609 5219 901 5303; x_wconf 88' lang='lat' dir='ltr'><strong>incomparabiliter</strong></span> <span class='ocrx_word' id='word_1_423' title='bbox 915 5227 964 5282; x_wconf 89' lang='lat' dir='ltr'><strong>est</strong></span> <span class='ocrx_word' id='word_1_424' title='bbox 978 5221 1125 5295; x_wconf 89' lang='lat' dir='ltr'><strong>sanctior,</strong></span> <span class='ocrx_word' id='word_1_425' title='bbox 1138 5221 1183 5283; x_wconf 92' lang='lat' dir='ltr'><strong>di·</strong></span> <span class='ocrx_word' id='word_1_426' title='bbox 1236 5241 1292 5284; x_wconf 90' lang='lat' dir='ltr'><strong>nes</strong></span> <span class='ocrx_word' id='word_1_427' title='bbox 1317 5228 1349 5284; x_wconf 87' lang='lat' dir='ltr'><strong>et</strong></span> <span class='ocrx_word' id='word_1_428' title='bbox 1374 5219 1573 5295; x_wconf 77' lang='lat' dir='ltr'><strong>affectiones,</strong></span> <span class='ocrx_word' id='word_1_429' title='bbox 1599 5221 1774 5304; x_wconf 90' lang='lat' dir='ltr'><strong>perfectius</strong></span> <span class='ocrx_word' id='word_1_430' title='bbox 1800 5226 1921 5288; x_wconf 88' lang='lat' dir='ltr'><strong>ordinat</strong></span> <span class='ocrx_word' id='word_1_431' title='bbox 1944 5229 1968 5284; x_wconf 87' lang='lat' dir='ltr'><strong>ct</strong></span> 
     </span>
     <span class='ocr_line' id='line_1_40' title="bbox 437 5318 1969 5408; baseline 0 -22"><span class='ocrx_word' id='word_1_432' title='bbox 437 5323 539 5406; x_wconf 90' lang='lat' dir='ltr'><strong>gnior,</strong></span> <span class='ocrx_word' id='word_1_433' title='bbox 554 5320 729 5405; x_wconf 87' lang='lat' dir='ltr'><strong>sapientior</strong></span> <span class='ocrx_word' id='word_1_434' title='bbox 748 5318 927 5400; x_wconf 83' lang='lat' dir='ltr'><strong>legislatore</strong></span> <span class='ocrx_word' id='word_1_435' title='bbox 947 5319 1064 5382; x_wconf 82' lang='lat' dir='ltr'><strong>veteris</strong></span> <span class='ocrx_word' id='word_1_436' title='bbox 1078 5320 1182 5384; x_wconf 84' lang='lat' dir='ltr'><strong>&#39;lesta-</strong></span> <span class='ocrx_word' id='word_1_437' title='bbox 1237 5321 1388 5384; x_wconf 90' lang='lat' dir='ltr'><strong>reformat</strong></span> <span class='ocrx_word' id='word_1_438' title='bbox 1417 5340 1513 5404; x_wconf 89' lang='lat' dir='ltr'><strong>quam</strong></span> <span class='ocrx_word' id='word_1_439' title='bbox 1542 5327 1643 5384; x_wconf 91' lang='lat' dir='ltr'><strong>vetus.</strong></span> <span class='ocrx_word' id='word_1_440' title='bbox 1675 5320 1802 5400; x_wconf 90' lang='lat' dir='ltr'><strong>Octava,</strong></span> <span class='ocrx_word' id='word_1_441' title='bbox 1834 5325 1969 5408; x_wconf 88' lang='lat' dir='ltr'><strong>quonian</strong></span> 
     </span>
    </p>
   </div>
   <div class='ocr_carea' id='block_1_7' title="bbox 0 0 2078 6258">
    <p class='ocr_par' dir='ltr' id='par_1_9' title="bbox 0 0 2078 6258">
     <span class='ocr_line' id='line_1_41' title="bbox 0 0 2078 6258; baseline 0 0"><span class='ocrx_word' id='word_1_442' title='bbox 0 0 2078 6258; x_wconf 95' lang='lat' dir='ltr'><strong> </strong></span> 
     </span>
    </p>
   </div>
  </div>
 </body>
</html>
