4214 6254
428 448 488 516 {68
646 467 794 518 nouimus
816 471 838 518 u
859 470 933 518 rosr
952 469 1147 517 mmmmm.
1167 489 1208 500 -
1228 469 1271 517 nn
1291 469 1465 518 nnarmosos
1476 469 1485 533 ;
1509 469 1608 518 smne
1627 468 1764 526 ouxnrns

428 638 467 702 ad
492 639 601 716 vitam,
623 641 700 724 quia
722 642 886 724 diligimus
910 641 1044 722 fratres3
1061 642 1093 704 id
1117 649 1176 716 cst,
1192 639 1217 704 l
1233 649 1364 716 nature,
1381 649 1416 704 ut
1437 642 1573 704 alterum
1594 641 1694 704 altero
1715 640 1855 721 indigere
1874 647 1903 703 et
1921 661 1957 706 re-

429 737 470 800 de
495 747 597 803 morte
621 741 723 822 culpae
744 741 783 803 ad
807 740 906 804 vitam
926 741 1035 822 gratiae
1057 740 1177 804 seimus
1232 739 1360 822 quirere
1380 740 1530 814 invicem,
1550 740 1589 802 ad
1611 739 1696 822 quod
1719 737 1888 820 requiritur
1902 739 1959 802 dili·

430 855 488 900 nos
510 857 591 914 esse,
609 841 673 902 Deo
698 840 868 904 miserante
892 859 928 902 ac
953 849 1115 923 operante,
1133 860 1180 903 re·
1231 856 1315 919 gere.
1342 838 1496 912 Quoniam
1526 856 1602 919 ergo
1625 837 1779 901 Dominus
1807 836 1913 900 barum
1933 837 1958 900 in

429 936 553 1012 ductos,
569 939 644 1020 quia
659 938 869 1021 spiritualiter
885 939 1047 1022 proximos
1066 957 1177 1003 omnes
1232 935 1325 998 nobis
1339 935 1495 997 virtutum
1510 936 1634 998 semina
1648 935 1828 1008 seminavit,
1837 934 1902 996 sine
1914 936 1960 997 du·

430 1054 584 1098 amamus.
602 1037 675 1100 Ideo
690 1036 817 1100 subdit:
830 1038 888 1111 Qui
903 1056 967 1100 non
982 1038 1097 1119 diligit,
1114 1058 1178 1100 ma·
1233 1034 1287 1096 bio
1310 1032 1433 1096 fruetus
1457 1035 1553 1096 etiam
1578 1034 1692 1097 borum
1716 1032 1859 1116 requirit,
1878 1040 1906 1094 et
1925 1041 1960 1096 te·

312 1139 318 1153 ’
430 1141 485 1196 net
501 1134 533 1196 in
550 1143 661 1210 morte,
678 1135 710 1198 id
733 1144 791 1210 est,
809 1136 934 1199 mortali
950 1145 1081 1219 peccato
1095 1136 1179 1217 jacet
1233 1132 1421 1195 stimonium
1455 1150 1511 1194 seu
1545 1139 1769 1215 argumentum
1799 1131 1960 1194 dilectionis

431 1239 617 1313 prostratus.
644 1234 797 1308 Quocirca
826 1234 981 1298 sciscitari
1006 1235 1078 1317 quis
1108 1252 1178 1317 pos·
1234 1238 1348 1294 nostre
1367 1230 1406 1293 ad
1427 1231 1538 1305 Deum,
1555 1230 1759 1294 dilectionem
1779 1229 1960 1312 accipitpro-

430 1337 488 1404 set,
514 1332 675 1413 quomodo
699 1333 759 1395 boc
783 1333 935 1407 sciamus,
959 1352 1059 1415 quum
1081 1333 1179 1413 (Salo-
1234 1329 1412 1408 ximorum;
1429 1337 1461 1392 et
1480 1329 1523 1391 ita
1538 1330 1571 1392 in
1591 1329 1742 1392 omnibus
1761 1329 1825 1392 duo
1841 1329 1961 1390 caritatis

283 1455 416 1508 pam
431 1447 526 1492 mone
541 1431 691 1511 testante)
706 1431 826 1493 nesciat
845 1431 940 1495 bomo
956 1451 996 1494 an
1012 1449 1119 1494 amore
1139 1431 1180 1493 sit
1234 1437 1392 1510 praecepta
1407 1428 1582 1509 conjungit,
1591 1436 1628 1490 ut
1641 1428 1738 1491 etiam
1756 1426 1962 1490 misericordia

430 1527 546 1609 dignus
566 1547 606 1590 an
625 1528 708 1592 odio.
726 1529 772 1591 Ad
792 1530 877 1611 quod
897 1528 992 1592 facile
1012 1530 1180 1610 responde·
1234 1544 1331 1608 opera
1345 1546 1416 1608 quae
1432 1527 1465 1587 in
1480 1525 1635 1608 proximis
1651 1525 1748 1599 fiunt,
1764 1524 1961 1587 transferatin

429 1632 493 1699 tur,
515 1627 600 1708 quod
620 1626 754 1689 verbum
778 1627 862 1690 istud
886 1626 919 1689 in
940 1645 1077 1709 persona
1098 1627 1178 1708 Apo·
1234 1644 1268 1687 se
1289 1625 1404 1707 ipsum.
1422 1625 1544 1687 ldcirco
1563 1643 1621 1707 per
1640 1625 1781 1707 primum
1804 1624 1964 1705 completur

430 1723 584 1786 stolorum
600 1725 887 1806 prolatum,verum
903 1733 952 1788 est
966 1726 1004 1788 de
1021 1726 1180 1787 certitudi-
1235 1723 1423 1798 secundum,
1439 1730 1471 1785 et
1486 1741 1543 1804 per
1558 1723 1733 1784 secundum
1750 1721 1924 1784 ascenditur
1935 1739 1964 1782 ae

429 1821 494 1884 nali
510 1822 739 1904 scientia,quia
754 1843 793 1886 ex
808 1823 1001 1886 revelatione
1016 1824 1179 1886 sciverunt
1197 1824 1220 1886 Β
1236 1821 1357 1883 reditur
1379 1822 1418 1883 ad
1440 1821 1600 1904 primum3
1615 1828 1647 1883 et
1667 1821 1723 1902 qui
1745 1819 1850 1901 diligit
1868 1820 1963 1890 Deum,

429 1938 464 1982 se
484 1939 554 1982 esse
574 1920 607 1982 iu
626 1922 737 2001 gratia,
755 1922 819 1984 imo
840 1922 871 1982 in
891 1923 992 2003 gratia
1011 1922 1177 1996 eminenti,
1235 1919 1347 2000 diliget
1369 1919 1561 2000 proximum.
1582 1919 1635 1981 Ait
1658 1918 1778 1980 etenim
1804 1917 1963 1981 Dominus:

296 2035 361 2079 nom.
373 2049 415 2087 rrrrr
429 2017 525 2080 Paulo
545 2018 868 2092 dicentetfiuisnos
888 2019 1178 2102 separabitacari-
1234 2018 1292 2092 Oui
1308 2017 1412 2098 diligit
1431 2035 1493 2091 me,
1510 2017 1658 2080 mandata
1677 2035 1748 2078 mea
1767 2016 2050 2094 custodit3et,rcan

284 2103 401 2206 ³5⁶5„ss
430 2123 492 2180 tate
517 2115 596 2179 Deif
618 2125 660 2190 et,
688 2118 751 2181 Nos
776 2118 836 2200 ipsi
860 2118 1017 2200 primitias
1042 2118 1178 2201 Spiritus
1234 2116 1298 2178 Hoc
1313 2123 1360 2176 est
1374 2115 1507 2196 (inquit)
1523 2115 1706 2177 mandatum
1724 2133 1846 2189 meum,
1863 2122 1895 2176 ut
1908 2114 1965 2175 dili·
1975 2112 2046 2214 {2}de

283 2231 300 2276 ιι
309 2233 414 2285 rimus.
430 2213 583 2277 babentes
596 2233 604 2294 ;
618 2223 660 2288 et,
679 2216 831 2298 Superest
852 2216 931 2278 mibi
953 2234 1069 2280 corona
1086 2217 1179 2298 justi·
1234 2213 1314 2294 gatis
1340 2213 1488 2284 invicem.
1507 2213 1551 2274 lta
1572 2231 1647 2294 ergo
1669 2213 1723 2294 qui
1747 2212 1854 2294 diligit
1877 2213 1965 2294 proxi·

429 2312 491 2374 tiae.
504 2312 599 2375 Porro
615 2313 648 2374 in
663 2331 799 2395 persona
817 2313 952 2376 aliorum
970 2314 1013 2376 ita
1027 2314 1066 2376 de
1079 2315 1179 2396 gratia
1236 2330 1335 2384 mum,
1352 2310 1466 2392 implet
1480 2311 1643 2373 caritatem
1659 2311 1691 2373 in
1708 2311 1822 2386 Deum,
1832 2310 1965 2393 quoniam

429 2410 486 2472 Dei
510 2409 543 2471 in
563 2429 596 2472 se
621 2428 685 2472 non
706 2411 966 2486 certificatorum,
992 2420 1099 2474 tamen
1118 2413 1179 2474 vir·
1234 2409 1317 2471 Deus
1340 2409 1372 2470 in
1395 2428 1428 2471 se
1451 2409 1566 2490 recipit
1586 2408 1743 2490 quidquid
1764 2407 1966 2471 conferturin
1995 2429 2038 2470 rer

430 2515 608 2582 tuosorum,
633 2508 803 2590 exponitur
827 2509 962 2572 verbum
991 2518 1178 2592 praetactum
1235 2507 1426 2589 proximum.
1454 2507 1548 2570 Porro
1573 2505 1805 2588 incipientibus
1829 2505 1965 2579 converti,
1976 2493 2033 2538 ”li

430 2605 473 2668 de
491 2607 685 2670 conscientia
707 2607 914 2688 coniecturali
933 2608 1100 2689 probabili.
1119 2609 1179 2672 lln-
1235 2605 1338 2686 prima
1360 2604 1517 2666 institutio
1539 2605 1766 2686 pertimerem
1793 2603 1900 2668 utilior
1918 2611 1965 2675 est,

282 2725 415 2778 rotiana,
430 2704 469 2766 de
485 2711 516 2766 et
532 2704 675 2768 Christus
693 2723 700 2768 :
717 2706 751 2768 ln
773 2706 833 2768 boc
847 2706 981 2789 (inquit)
996 2707 1098 2769 scient
1113 2725 1180 2769 om·
1232 2702 1323 2782 juxta
1344 2702 1520 2764 doctrinam
1543 2701 1721 2765 Salmonis
1743 2701 1880 2764 dicentis
1895 2720 1902 2763 :
1917 2703 1966 2764 issi·
1983 2733 2050 2775 rar.

283 2789 316 2832 ³⁵·
430 2820 487 2864 nes
503 2802 578 2885 quia
593 2802 743 2885 discipuli
761 2803 823 2866 mei
839 2804 960 2877 estis,si
976 2804 1179 2867 dilectionem
1233 2802 1313 2864 tium
1334 2802 1507 2884 sapientiae,
1520 2803 1615 2864 timor
1634 2802 1770 2864 Domini.
1783 2803 1847 2866 Vos
1862 2811 1964 2876 autem,
1976 2799 2041 2849 ¹¹³⁰st

429 2899 606 2963 habueritis
635 2900 674 2963 ad
704 2901 854 2964 invicem.
883 2901 919 2962 Et
944 2903 1091 2984 quamvis
1115 2903 1180 2966 vita
1233 2899 1391 2974 ofratres,
1408 2900 1462 2982 qui
1482 2900 1548 2981 iam
1569 2900 1601 2962 in
1621 2900 1746 2964 Christo
1766 2901 1892 2983 parvuli
1909 2869 2051 2971 esse¹1'i,i..,··¹

429 2999 537 3079 gratim
565 3006 662 3081 atque
686 2999 842 3081 perfectio
867 2999 901 3061 in
929 3000 1045 3063 actuali
1071 3018 1179 3063 amore
1196 3001 1218 3064 C
1233 2999 1397 3072 desistitis,
1423 3017 1482 3061 nec
1506 2999 1588 3061 ultra
1618 2999 1698 3062 lacte
1726 2999 1793 3080 jam
1821 2999 1966 3082 indigetis,
1978 2995 2000 3034 ¹⁸·

430 3096 486 3159 Dei
502 3097 717 3160 essentialiter
731 3097 774 3160 sit
790 3097 978 3172 consistens,
996 3097 1180 3180 frequenter
1234 3096 1352 3159 solidos
1376 3095 1465 3159 cibos
1494 3116 1533 3159 ex
1562 3097 1745 3178 dogmatum
1774 3097 1923 3161 firmitate
1944 3107 1969 3160 et

429 3201 537 3257 tamen
559 3195 722 3277 Scriptura
737 3196 836 3276 (sicut
854 3204 886 3258 et
905 3196 1065 3277 hocloco)
1085 3197 1180 3259 indi·
1234 3195 1450 3256 doctrinarum
1466 3194 1663 3276 perfectione
1678 3197 1857 3278 perquirite
1870 3197 1906 3258 ad
1924 3216 1970 3257 nu·

430 3291 567 3356 lectione
596 3294 734 3375 proximi
762 3294 860 3357 vitam
893 3295 1002 3375 gratiae
1034 3295 1181 3377 perfecti·
1234 3292 1393 3355 triendum
1409 3293 1592 3356 interiorem
1609 3294 1826 3369 bominem,ut
1843 3313 1897 3378 per
1910 3293 1970 3357 emi·

430 3408 591 3474 onemque
621 3393 742 3466 statuit,
768 3392 920 3474 quoniam
949 3411 1040 3456 amor
1064 3393 1119 3456 Dei
1150 3402 1182 3457 et
1236 3391 1381 3454 nentiora
1402 3399 1433 3454 et
1456 3391 1646 3474 perfectiora
1668 3394 1818 3456 mandata
1839 3393 1970 3457 deveniat

430 3505 520 3550 amor
540 3488 678 3570 proximi
697 3507 731 3552 se
752 3489 891 3551 invicem
912 3491 1179 3572 complectuntur,
1235 3489 1274 3551 ad
1291 3488 1481 3571 perfectum,
1499 3497 1594 3572 atque
1609 3491 1642 3551 in
1661 3491 1750 3554 omni
1766 3493 1970 3574 veritateque

431 3586 888 3662 concomitantur,includunt,
901 3588 1037 3669 gignunt
1052 3608 1107 3651 seu
1123 3610 1181 3651 nu·
1236 3595 1285 3650 est
1308 3588 1340 3650 in
1366 3587 1501 3662 Christo,
1517 3588 1674 3652 firmetur.
1697 3589 1736 3651 Et
1756 3589 1919 3654 observate
1939 3609 1970 3651 ne

431 3684 544 3758 triunt,
562 3682 688 3747 dicente
704 3684 855 3765 Gregorio
871 3702 879 3746 ε
895 3686 953 3748 Per
968 3704 1109 3749 amorem
1126 3688 1180 3751 Dei
1236 3686 1477 3748 abundantioris
1494 3687 1603 3768 gratim
1622 3687 1713 3750 vobis
1735 3689 1887 3752 exhibitae
1907 3707 1971 3770 pon·

432 3799 523 3844 amor
548 3780 687 3864 proximi
715 3782 868 3863 gignitur,
894 3791 925 3845 et
954 3802 1013 3865 per
1040 3803 1181 3849 amorem
1237 3785 1307 3858 dus,
1338 3802 1433 3847 causa
1462 3784 1617 3866 gravioris
1649 3785 1864 3850 damnationis
1894 3787 1970 3850 vobis

433 3879 573 3964 proximi
588 3881 678 3942 ainor
691 3881 747 3944 Dei
768 3882 916 3944 nutritur.
934 3882 1013 3945 Nam
1028 3884 1084 3966 qui
1099 3903 1182 3948 ama·
1238 3882 1305 3945 fiat.

433 3998 468 4041 re
487 3978 669 4062 proximum
691 3979 834 4060 negligit,
852 3979 995 4063 profecto
1015 3982 1115 4044 Deum
1135 3984 1182 4046 di·
1276 3981 1358 4043 lllud
1387 3998 1516 4063 quoque
1545 3989 1618 4045 ante
1646 3983 1755 4046 omnia
1783 3984 1970 4048 consideran·

433 4077 532 4158 ligere
551 4075 663 4140 nescit.
1238 4079 1325 4153 dum,
1351 4077 1427 4160 quia
1451 4097 1511 4142 uec
1539 4080 1599 4143 boc
1628 4081 1734 4163 ipsum
1764 4100 1870 4166 neque
1896 4081 1970 4145 aliud

472 4176 626 4239 Praeterea
654 4176 693 4239 de
718 4176 848 4240 caritate
877 4176 1017 4240 fraterna
1041 4179 1183 4261 loquitur
1198 4177 1222 4241 D
1237 4177 1463 4259 quodcumque
1483 4179 1666 4241 mandatum
1689 4179 1824 4262 implere
1839 4181 1909 4264 quis
1926 4197 1971 4262 po·

431 4273 524 4338 valde
547 4273 680 4357 pulchre
706 4274 735 4336 S.
753 4274 890 4337 Basilius
913 4275 946 4337 in
970 4275 1089 4357 Regula
1113 4296 1181 4352 sua,
1236 4276 1321 4350 terit,
1329 4277 1355 4338 si
1371 4295 1428 4358 per
1441 4276 1545 4340 varias
1559 4285 1592 4340 et
1606 4278 1747 4342 diversas
1761 4281 1971 4363 occupationes

431 4372 488 4434 ubi
515 4382 547 4436 et
572 4373 679 4456 aliqua
708 4372 845 4436 multum
876 4372 1030 4437 notabilia
1058 4374 1179 4449 inserit,
1238 4393 1291 4437 eor
1320 4374 1390 4455 ejus
1418 4375 1553 4438 oberret.
1585 4376 1648 4439 Nec
1676 4377 1779 4440 ullum
1811 4377 1971 4442 artificium

430 4489 570 4554 quorum
585 4471 766 4553 allegationi
783 4479 814 4534 et
828 4471 960 4554 aliquali
975 4472 1181 4536 declarationi
1236 4479 1291 4533 aut
1314 4471 1451 4553 alicujus
1475 4473 1638 4538 industriae
1659 4475 1864 4559 disciplinam
1885 4475 1971 4557 adipi-

431 4587 517 4632 nunc
548 4569 711 4642 modicum
735 4569 939 4632 immorabor.
965 4570 1074 4652 ltaque
1099 4572 1182 4635 inter
1237 4571 1282 4632 sci
1299 4571 1371 4653 quis
1387 4572 1513 4652 poterit,
1530 4573 1586 4654 qui
1601 4572 1786 4655 frequenter
1801 4593 1840 4637 ex
1854 4575 1921 4637 aliis
1937 4573 1969 4634 ad

284 4676 537 4737 nnit.1a,cetera
551 4667 596 4730 ait
613 4684 618 4728 :
636 4667 714 4741 Quia
733 4667 940 4749 precipimur
959 4667 1092 4750 diligere
1112 4689 1182 4752 pro·
1236 4669 1297 4731 alia
1312 4669 1421 4731 fertur.
1431 4671 1523 4734 Omni
1539 4689 1613 4752 ergo
1629 4672 1773 4735 custodia
1787 4680 1910 4756 oportet
1922 4689 1969 4734 nos
1979 4681 2054 4728 nana

285 4751 318 4792 ¹⁹·
431 4767 535 4830 ximus
557 4765 641 4828 sicut
662 4783 719 4828 nos
742 4765 840 4847 ipsos,
856 4765 1022 4829 videamus
1044 4787 1083 4829 an
1106 4769 1181 4832 insit
1237 4786 1424 4831 consecrare
1440 4787 1494 4832 cor
1509 4778 1665 4844 nostrum,
1683 4790 1723 4833 ne
1740 4772 1929 4836 desiderium
1943 4777 1968 4833 et

431 4864 524 4928 nobis
542 4862 676 4926 facultas
696 4869 728 4926 et
745 4863 847 4926 virtus
869 4865 908 4926 ad
932 4864 1029 4946 hujus
1053 4884 1180 4950 quoque
1235 4883 1377 4928 amorem
1393 4867 1460 4941 Dei,
1477 4887 1575 4949 prava
1589 4868 1746 4932 desideria
1762 4871 1968 4952 cogitationes-

430 4963 645 5045 expletionem
660 4962 858 5025 mandatillt
872 4963 945 5045 quis
961 4965 1081 5026 nesciat
1095 4967 1180 5047 quod
1235 4984 1298 5047 que
1318 4964 1451 5029 sordidae
1473 4966 1513 5028 ab
1535 4966 1651 5030 animis
1673 4969 1790 5032 nostris
1815 4969 1969 5033 detrudent

288 5079 414 5128 aecana
430 5063 526 5125 bomo
553 5061 672 5124 animal
696 5059 738 5123 sit
764 5061 1043 5137 communicabile,
1070 5070 1179 5146 utpote
1234 5083 1270 5126 ac
1286 5063 1421 5146 pellant;
1433 5065 1488 5128 sed
1503 5065 1629 5128 assidua
1644 5068 1862 5131 recordatione
1875 5077 1905 5132 et
1918 5084 1967 5129 me-

283 5147 316 5188 ¹⁹·
429 5160 546 5224 sociale
571 5167 666 5241 atque
689 5159 878 5233 humanum,
905 5179 970 5223 non
995 5168 1117 5241 agreste
1142 5180 1178 5224 ae
1234 5164 1335 5226 moria
1354 5164 1421 5238 Dei,
1441 5165 1576 5226 formam
1596 5166 1666 5247 ejus
1691 5168 1922 5249 quodammodo
1943 5172 1969 5228 et

426 5260 553 5324 feruml
568 5259 618 5323 Nil
634 5258 720 5322 enim
737 5265 800 5322 tam
816 5259 983 5342 proprium
999 5267 1177 5325 estnostrae
1232 5260 1371 5343 figuram
1400 5263 1578 5326 animarum
1604 5271 1784 5328 nostrarum
1808 5263 1968 5348 signaculis
