<?xml version="1.0" encoding="UTF-8"?>
<!DOCTYPE html PUBLIC "-//W3C//DTD XHTML 1.0 Transitional//EN"
    "http://www.w3.org/TR/xhtml1/DTD/xhtml1-transitional.dtd">
<html xmlns="http://www.w3.org/1999/xhtml" xml:lang="en" lang="en">
 <head>
  <title>
</title>
<meta http-equiv="Content-Type" content="text/html;charset=utf-8" />
  <meta name='ocr-system' content='tesseract 3.04.00' />
  <meta name='ocr-capabilities' content='ocr_page ocr_carea ocr_par ocr_line ocrx_word'/>
</head>
<body>
  <div class='ocr_page' id='page_1' title='image "./doctorisecstati01unkngoog/doctorisecstati01unkngoog_0413.png"; bbox 0 0 4140 6258; ppageno 0'>
   <div class='ocr_carea' id='block_1_1' title="bbox 412 443 1627 510">
    <p class='ocr_par' dir='ltr' id='par_1_1' title="bbox 412 443 1627 510">
     <span class='ocr_line' id='line_1_1' title="bbox 412 443 1627 510; baseline -0.003 -2"><span class='ocrx_word' id='word_1_1' title='bbox 412 443 474 508; x_wconf 78' lang='lat'><strong>382</strong></span> <span class='ocrx_word' id='word_1_2' title='bbox 754 461 902 510; x_wconf 81' lang='lat' dir='ltr'><strong>commea</strong></span> <span class='ocrx_word' id='word_1_3' title='bbox 922 461 967 507; x_wconf 88' lang='lat' dir='ltr'><strong>xu</strong></span> <span class='ocrx_word' id='word_1_4' title='bbox 986 459 1060 508; x_wconf 87' lang='lat' dir='ltr'><strong>rosr</strong></span> <span class='ocrx_word' id='word_1_5' title='bbox 1080 455 1274 506; x_wconf 77' lang='lat' dir='ltr'><strong>rnrmrtrnu.</strong></span> <span class='ocrx_word' id='word_1_6' title='bbox 1294 475 1334 488; x_wconf 90' lang='lat'><strong>-—</strong></span> <span class='ocrx_word' id='word_1_7' title='bbox 1355 457 1453 505; x_wconf 80' lang='lat' dir='ltr'><strong>sanxo</strong></span> <span class='ocrx_word' id='word_1_8' title='bbox 1473 455 1627 505; x_wconf 78' lang='lat' dir='ltr'><strong>sumanus</strong></span> 
     </span>
    </p>
   </div>
   <div class='ocr_carea' id='block_1_2' title="bbox 267 626 2041 3365">
    <p class='ocr_par' dir='ltr' id='par_1_2' title="bbox 267 626 2041 3365">
     <span class='ocr_line' id='line_1_2' title="bbox 415 626 1935 714; baseline -0.003 -20"><span class='ocrx_word' id='word_1_9' title='bbox 415 651 478 714; x_wconf 90' lang='lat' dir='ltr'><strong>que</strong></span> <span class='ocrx_word' id='word_1_10' title='bbox 507 631 652 696; x_wconf 92' lang='lat' dir='ltr'><strong>Christus</strong></span> <span class='ocrx_word' id='word_1_11' title='bbox 680 633 719 696; x_wconf 94' lang='lat' dir='ltr'><strong>ad</strong></span> <span class='ocrx_word' id='word_1_12' title='bbox 750 631 867 696; x_wconf 90' lang='lat' dir='ltr'><strong>coelum</strong></span> <span class='ocrx_word' id='word_1_13' title='bbox 896 629 1042 714; x_wconf 83' lang='lat' dir='ltr'>adspexit</span> <span class='ocrx_word' id='word_1_14' title='bbox 1069 637 1164 712; x_wconf 88' lang='lat' dir='ltr'><strong>atque</strong></span> <span class='ocrx_word' id='word_1_15' title='bbox 1179 628 1203 692; x_wconf 85' lang='grc' dir='ltr'>Α</span> <span class='ocrx_word' id='word_1_16' title='bbox 1219 647 1295 692; x_wconf 92' lang='lat' dir='ltr'><strong>vero</strong></span> <span class='ocrx_word' id='word_1_17' title='bbox 1309 629 1452 692; x_wconf 90' lang='lat' dir='ltr'><strong>Christus</strong></span> <span class='ocrx_word' id='word_1_18' title='bbox 1466 629 1568 692; x_wconf 91' lang='lat' dir='ltr'><strong>voluit</strong></span> <span class='ocrx_word' id='word_1_19' title='bbox 1585 626 1737 690; x_wconf 89' lang='lat' dir='ltr'><strong>miracula</strong></span> <span class='ocrx_word' id='word_1_20' title='bbox 1755 645 1810 690; x_wconf 88' lang='lat' dir='ltr'><strong>sua</strong></span> <span class='ocrx_word' id='word_1_21' title='bbox 1826 626 1888 690; x_wconf 90' lang='lat' dir='ltr'><strong>aliis</strong></span> <span class='ocrx_word' id='word_1_22' title='bbox 1901 645 1935 690; x_wconf 82' lang='lat' dir='ltr'><strong>ro</strong></span> 
     </span>
     <span class='ocr_line' id='line_1_3' title="bbox 416 724 1935 813; baseline -0.003 -21"><span class='ocrx_word' id='word_1_23' title='bbox 416 731 583 813; x_wconf 79' lang='lat' dir='ltr'>ingemuit,</span> <span class='ocrx_word' id='word_1_24' title='bbox 601 737 636 793; x_wconf 93' lang='lat' dir='ltr'><strong>ut</strong></span> <span class='ocrx_word' id='word_1_25' title='bbox 655 732 784 794; x_wconf 90' lang='lat' dir='ltr'><strong>doceret</strong></span> <span class='ocrx_word' id='word_1_26' title='bbox 803 748 860 794; x_wconf 92' lang='lat' dir='ltr'><strong>nos</strong></span> <span class='ocrx_word' id='word_1_27' title='bbox 883 748 942 792; x_wconf 92' lang='lat' dir='ltr'><strong>suo</strong></span> <span class='ocrx_word' id='word_1_28' title='bbox 963 729 1111 810; x_wconf 88' lang='lat' dir='ltr'><strong>exemplo</strong></span> <span class='ocrx_word' id='word_1_29' title='bbox 1131 727 1164 790; x_wconf 91' lang='lat' dir='ltr'><strong>in</strong></span> <span class='ocrx_word' id='word_1_30' title='bbox 1219 728 1320 800; x_wconf 88' lang='lat' dir='ltr'><strong>citari,</strong></span> <span class='ocrx_word' id='word_1_31' title='bbox 1346 728 1386 790; x_wconf 92' lang='lat' dir='ltr'><strong>ad</strong></span> <span class='ocrx_word' id='word_1_32' title='bbox 1414 727 1548 809; x_wconf 81' lang='lat' dir='ltr'><strong>gloriam</strong></span> <span class='ocrx_word' id='word_1_33' title='bbox 1572 726 1627 788; x_wconf 88' lang='lat' dir='ltr'><strong>Dei</strong></span> <span class='ocrx_word' id='word_1_34' title='bbox 1655 724 1935 807; x_wconf 82' lang='lat' dir='ltr'><strong>aedilicationemque</strong></span> 
     </span>
     <span class='ocr_line' id='line_1_4' title="bbox 415 825 1936 908; baseline -0.005 -16"><span class='ocrx_word' id='word_1_35' title='bbox 415 829 613 893; x_wconf 90' lang='lat' dir='ltr'><strong>orationihus</strong></span> <span class='ocrx_word' id='word_1_36' title='bbox 629 829 745 892; x_wconf 92' lang='lat' dir='ltr'><strong>nostris</strong></span> <span class='ocrx_word' id='word_1_37' title='bbox 761 829 795 890; x_wconf 93' lang='lat' dir='ltr'><strong>in</strong></span> <span class='ocrx_word' id='word_1_38' title='bbox 810 828 927 892; x_wconf 89' lang='lat' dir='ltr'><strong>coelum</strong></span> <span class='ocrx_word' id='word_1_39' title='bbox 943 827 1117 908; x_wconf 80' lang='lat' dir='ltr'><strong>adspicere,</strong></span> <span class='ocrx_word' id='word_1_40' title='bbox 1133 832 1165 888; x_wconf 91' lang='lat' dir='ltr'><strong>et</strong></span> <span class='ocrx_word' id='word_1_41' title='bbox 1219 825 1340 908; x_wconf 93' lang='lat' dir='ltr'><strong>populi.</strong></span> <span class='ocrx_word' id='word_1_42' title='bbox 1360 828 1487 894; x_wconf 84' lang='lat' dir='ltr'><strong>Quanto</strong></span> <span class='ocrx_word' id='word_1_43' title='bbox 1502 834 1612 886; x_wconf 83' lang='lat' dir='ltr'><strong>autem</strong></span> <span class='ocrx_word' id='word_1_44' title='bbox 1631 825 1677 883; x_wconf 84' lang='lat' dir='ltr'><strong>eis</strong></span> <span class='ocrx_word' id='word_1_45' title='bbox 1692 825 1889 899; x_wconf 70' lang='lat' dir='ltr'><strong>precipiebat</strong></span> <span class='ocrx_word' id='word_1_46' title='bbox 1905 831 1936 885; x_wconf 84' lang='lat' dir='ltr'><strong>ta·</strong></span> 
     </span>
     <span class='ocr_line' id='line_1_5' title="bbox 415 923 1936 1009; baseline -0.005 -21"><span class='ocrx_word' id='word_1_47' title='bbox 415 928 454 989; x_wconf 93' lang='lat' dir='ltr'><strong>ad</strong></span> <span class='ocrx_word' id='word_1_48' title='bbox 480 929 580 990; x_wconf 87' lang='lat' dir='ltr'><strong>Deum</strong></span> <span class='ocrx_word' id='word_1_49' title='bbox 606 927 767 1009; x_wconf 90' lang='lat' dir='ltr'><strong>suspirare</strong></span> <span class='ocrx_word' id='word_1_50' title='bbox 792 945 828 989; x_wconf 95' lang='lat' dir='ltr'><strong>ac</strong></span> <span class='ocrx_word' id='word_1_51' title='bbox 852 943 992 1006; x_wconf 90' lang='lat' dir='ltr'><strong>gemere,</strong></span> <span class='ocrx_word' id='word_1_52' title='bbox 1015 925 1106 1004; x_wconf 90' lang='lat' dir='ltr'><strong>juxta</strong></span> <span class='ocrx_word' id='word_1_53' title='bbox 1130 923 1165 985; x_wconf 94' lang='lat' dir='ltr'><strong>il·</strong></span> <span class='ocrx_word' id='word_1_54' title='bbox 1220 941 1292 985; x_wconf 88' lang='lat' dir='ltr'><strong>cere</strong></span> <span class='ocrx_word' id='word_1_55' title='bbox 1322 924 1382 986; x_wconf 90' lang='lat' dir='ltr'><strong>hoc</strong></span> <span class='ocrx_word' id='word_1_56' title='bbox 1410 941 1501 1006; x_wconf 91' lang='lat' dir='ltr'><strong>opus,</strong></span> <span class='ocrx_word' id='word_1_57' title='bbox 1529 931 1619 984; x_wconf 81' lang='lat' dir='ltr'><strong>tanto</strong></span> <span class='ocrx_word' id='word_1_58' title='bbox 1639 925 1718 998; x_wconf 80' lang='lat' dir='ltr'><strong>ptus</strong></span> <span class='ocrx_word' id='word_1_59' title='bbox 1740 923 1936 997; x_wconf 67' lang='lat' dir='ltr'><strong>praedicabant</strong></span> 
     </span>
     <span class='ocr_line' id='line_1_6' title="bbox 267 1019 1936 1106; baseline -0.003 -17"><span class='ocrx_word' id='word_1_60' title='bbox 267 1025 595 1096; x_wconf 71' lang='lat' dir='ltr'><strong>r·.a111,r.lud:hdte</strong></span> <span class='ocrx_word' id='word_1_61' title='bbox 611 1026 713 1088; x_wconf 83' lang='lat' dir='ltr'><strong>levavi</strong></span> <span class='ocrx_word' id='word_1_62' title='bbox 729 1026 838 1089; x_wconf 90' lang='lat' dir='ltr'><strong>oculos</strong></span> <span class='ocrx_word' id='word_1_63' title='bbox 854 1042 953 1098; x_wconf 92' lang='lat' dir='ltr'><strong>meos,</strong></span> <span class='ocrx_word' id='word_1_64' title='bbox 970 1023 1025 1106; x_wconf 89' lang='lat' dir='ltr'><strong>qui</strong></span> <span class='ocrx_word' id='word_1_65' title='bbox 1042 1022 1164 1084; x_wconf 90' lang='lat' dir='ltr'><strong>habitas</strong></span> <span class='ocrx_word' id='word_1_66' title='bbox 1220 1021 1299 1084; x_wconf 95' lang='lat' dir='ltr'><strong>illud</strong></span> <span class='ocrx_word' id='word_1_67' title='bbox 1322 1041 1329 1086; x_wconf 91' lang='lat'><strong>:</strong></span> <span class='ocrx_word' id='word_1_68' title='bbox 1350 1040 1415 1085; x_wconf 92' lang='lat' dir='ltr'><strong>non</strong></span> <span class='ocrx_word' id='word_1_69' title='bbox 1439 1041 1478 1084; x_wconf 89' lang='lat' dir='ltr'><strong>ex</strong></span> <span class='ocrx_word' id='word_1_70' title='bbox 1503 1027 1700 1103; x_wconf 90' lang='lat' dir='ltr'><strong>contemptu,</strong></span> <span class='ocrx_word' id='word_1_71' title='bbox 1721 1019 1777 1081; x_wconf 90' lang='lat' dir='ltr'><strong>sed</strong></span> <span class='ocrx_word' id='word_1_72' title='bbox 1797 1019 1936 1084; x_wconf 87' lang='lat' dir='ltr'><strong>dovotione</strong></span> 
     </span>
     <span class='ocr_line' id='line_1_7' title="bbox 416 1117 1936 1202; baseline -0.003 -16"><span class='ocrx_word' id='word_1_73' title='bbox 416 1124 449 1186; x_wconf 92' lang='lat' dir='ltr'><strong>iu</strong></span> <span class='ocrx_word' id='word_1_74' title='bbox 465 1124 565 1187; x_wconf 78' lang='lat' dir='ltr'><strong>coeliS.</strong></span> <span class='ocrx_word' id='word_1_75' title='bbox 583 1127 627 1186; x_wconf 83' lang='lat' dir='ltr'><strong>Et</strong></span> <span class='ocrx_word' id='word_1_76' title='bbox 645 1127 694 1184; x_wconf 83' lang='lat' dir='ltr'><strong>ait</strong></span> <span class='ocrx_word' id='word_1_77' title='bbox 707 1125 798 1186; x_wconf 88' lang='lat' dir='ltr'><strong>Jesus</strong></span> <span class='ocrx_word' id='word_1_78' title='bbox 814 1125 869 1184; x_wconf 82' lang='lat' dir='ltr'><strong>itti</strong></span> <span class='ocrx_word' id='word_1_79' title='bbox 883 1123 980 1185; x_wconf 91' lang='lat' dir='ltr'><strong>surdo</strong></span> <span class='ocrx_word' id='word_1_80' title='bbox 1000 1139 1037 1183; x_wconf 88' lang='lat' dir='ltr'><strong>ac</strong></span> <span class='ocrx_word' id='word_1_81' title='bbox 1056 1128 1162 1183; x_wconf 90' lang='lat' dir='ltr'><strong>muto:</strong></span> <span class='ocrx_word' id='word_1_82' title='bbox 1219 1127 1251 1182; x_wconf 89' lang='lat' dir='ltr'><strong>et</strong></span> <span class='ocrx_word' id='word_1_83' title='bbox 1272 1121 1482 1183; x_wconf 74' lang='lat' dir='ltr'><strong>admiratione</strong></span> <span class='ocrx_word' id='word_1_84' title='bbox 1508 1119 1673 1202; x_wconf 89' lang='lat' dir='ltr'><strong>potestatis</strong></span> <span class='ocrx_word' id='word_1_85' title='bbox 1697 1117 1821 1180; x_wconf 83' lang='lat' dir='ltr'><strong>divinae.</strong></span> <span class='ocrx_word' id='word_1_86' title='bbox 1840 1118 1936 1181; x_wconf 88' lang='lat' dir='ltr'><strong>idcirco</strong></span> 
     </span>
     <span class='ocr_line' id='line_1_8' title="bbox 415 1215 1936 1301; baseline -0.004 -17"><span class='ocrx_word' id='word_1_87' title='bbox 415 1224 622 1298; x_wconf 81' lang='lat' dir='ltr'><strong>Ephpdetha,</strong></span> <span class='ocrx_word' id='word_1_88' title='bbox 634 1225 721 1301; x_wconf 83' lang='lat' dir='ltr'><strong>quod</strong></span> <span class='ocrx_word' id='word_1_89' title='bbox 735 1231 793 1293; x_wconf 86' lang='lat' dir='ltr'><strong>est,</strong></span> <span class='ocrx_word' id='word_1_90' title='bbox 810 1221 840 1283; x_wconf 92' lang='lat' dir='ltr'><strong>id</strong></span> <span class='ocrx_word' id='word_1_91' title='bbox 856 1228 905 1283; x_wconf 91' lang='lat' dir='ltr'><strong>est</strong></span> <span class='ocrx_word' id='word_1_92' title='bbox 920 1219 1093 1301; x_wconf 80' lang='lat' dir='ltr'><strong>significat,</strong></span> <span class='ocrx_word' id='word_1_93' title='bbox 1110 1222 1165 1278; x_wconf 86' lang='lat' dir='ltr'><strong>ad·</strong></span> <span class='ocrx_word' id='word_1_94' title='bbox 1219 1235 1283 1281; x_wconf 92' lang='lat' dir='ltr'><strong>non</strong></span> <span class='ocrx_word' id='word_1_95' title='bbox 1314 1218 1445 1280; x_wconf 88' lang='lat' dir='ltr'><strong>luerunt</strong></span> <span class='ocrx_word' id='word_1_96' title='bbox 1473 1219 1602 1300; x_wconf 93' lang='lat' dir='ltr'><strong>proprie</strong></span> <span class='ocrx_word' id='word_1_97' title='bbox 1631 1215 1855 1289; x_wconf 72' lang='lat' dir='ltr'><strong>inobedientes,</strong></span> <span class='ocrx_word' id='word_1_98' title='bbox 1879 1217 1936 1298; x_wconf 91' lang='lat' dir='ltr'><strong>quia</strong></span> 
     </span>
     <span class='ocr_line' id='line_1_9' title="bbox 415 1313 1936 1400; baseline -0.001 -21"><span class='ocrx_word' id='word_1_99' title='bbox 415 1322 559 1396; x_wconf 82' lang='lat' dir='ltr'><strong>operire,</strong></span> <span class='ocrx_word' id='word_1_100' title='bbox 577 1319 682 1392; x_wconf 89' lang='lat' dir='ltr'><strong>idest,</strong></span> <span class='ocrx_word' id='word_1_101' title='bbox 698 1319 796 1400; x_wconf 87' lang='lat' dir='ltr'><strong>jubeo</strong></span> <span class='ocrx_word' id='word_1_102' title='bbox 811 1326 847 1380; x_wconf 91' lang='lat' dir='ltr'><strong>ut</strong></span> <span class='ocrx_word' id='word_1_103' title='bbox 861 1318 1014 1400; x_wconf 90' lang='lat' dir='ltr'><strong>aperiaris</strong></span> <span class='ocrx_word' id='word_1_104' title='bbox 1029 1325 1064 1379; x_wconf 91' lang='lat' dir='ltr'><strong>tu</strong></span> <span class='ocrx_word' id='word_1_105' title='bbox 1079 1317 1165 1378; x_wconf 92' lang='lat' dir='ltr'><strong>auris</strong></span> <span class='ocrx_word' id='word_1_106' title='bbox 1219 1324 1415 1398; x_wconf 71' lang='lat' dir='ltr'><strong>pracceptum</strong></span> <span class='ocrx_word' id='word_1_107' title='bbox 1436 1315 1552 1379; x_wconf 77' lang='lat' dir='ltr'><strong>Christi</strong></span> <span class='ocrx_word' id='word_1_108' title='bbox 1573 1314 1634 1376; x_wconf 92' lang='lat' dir='ltr'><strong>luit</strong></span> <span class='ocrx_word' id='word_1_109' title='bbox 1655 1313 1893 1394; x_wconf 87' lang='lat' dir='ltr'><strong>intelligendum,</strong></span> <span class='ocrx_word' id='word_1_110' title='bbox 1906 1335 1936 1377; x_wconf 88' lang='lat' dir='ltr'><strong>ne</strong></span> 
     </span>
     <span class='ocr_line' id='line_1_10' title="bbox 414 1413 1936 1499; baseline -0.003 -19"><span class='ocrx_word' id='word_1_111' title='bbox 414 1425 446 1480; x_wconf 89' lang='lat' dir='ltr'><strong>et</strong></span> <span class='ocrx_word' id='word_1_112' title='bbox 461 1418 570 1499; x_wconf 88' lang='lat' dir='ltr'><strong>lingua</strong></span> <span class='ocrx_word' id='word_1_113' title='bbox 590 1418 687 1498; x_wconf 74' lang='lat' dir='ltr'><strong>huius</strong></span> <span class='ocrx_word' id='word_1_114' title='bbox 709 1417 841 1479; x_wconf 81' lang='lat' dir='ltr'><strong>infirmi.</strong></span> <span class='ocrx_word' id='word_1_115' title='bbox 858 1419 902 1479; x_wconf 77' lang='lat' dir='ltr'><strong>Et</strong></span> <span class='ocrx_word' id='word_1_116' title='bbox 917 1418 1029 1477; x_wconf 83' lang='lat' dir='ltr'><strong>statim</strong></span> <span class='ocrx_word' id='word_1_117' title='bbox 1044 1425 1166 1491; x_wconf 73' lang='lat' dir='ltr'><strong>aperte</strong></span> <span class='ocrx_word' id='word_1_118' title='bbox 1219 1416 1258 1476; x_wconf 91' lang='lat' dir='ltr'><strong>ad</strong></span> <span class='ocrx_word' id='word_1_119' title='bbox 1272 1414 1457 1495; x_wconf 89' lang='lat' dir='ltr'><strong>jactantiam</strong></span> <span class='ocrx_word' id='word_1_120' title='bbox 1472 1414 1641 1477; x_wconf 90' lang='lat' dir='ltr'><strong>diceretur.</strong></span> <span class='ocrx_word' id='word_1_121' title='bbox 1650 1413 1841 1495; x_wconf 67' lang='lat' dir='ltr'><strong>Praeceptum</strong></span> <span class='ocrx_word' id='word_1_122' title='bbox 1853 1421 1936 1476; x_wconf 77' lang='lat' dir='ltr'><strong>umen</strong></span> 
     </span>
     <span class='ocr_line' id='line_1_11' title="bbox 416 1511 1935 1594; baseline -0.001 -18"><span class='ocrx_word' id='word_1_123' title='bbox 416 1515 753 1594; x_wconf 76' lang='lat' dir='ltr'><strong>auctocrecejus,id</strong></span> <span class='ocrx_word' id='word_1_124' title='bbox 774 1516 878 1578; x_wconf 86' lang='lat' dir='ltr'><strong>estad</strong></span> <span class='ocrx_word' id='word_1_125' title='bbox 898 1514 1092 1577; x_wconf 92' lang='lat' dir='ltr'><strong>audiendum</strong></span> <span class='ocrx_word' id='word_1_126' title='bbox 1112 1531 1166 1594; x_wconf 90' lang='lat' dir='ltr'><strong>ap·</strong></span> <span class='ocrx_word' id='word_1_127' title='bbox 1220 1513 1334 1575; x_wconf 87' lang='lat' dir='ltr'><strong>Christi</strong></span> <span class='ocrx_word' id='word_1_128' title='bbox 1366 1511 1554 1576; x_wconf 80' lang='lat' dir='ltr'><strong>rationabile</strong></span> <span class='ocrx_word' id='word_1_129' title='bbox 1584 1511 1656 1587; x_wconf 89' lang='lat' dir='ltr'><strong>luit,</strong></span> <span class='ocrx_word' id='word_1_130' title='bbox 1686 1519 1718 1574; x_wconf 90' lang='lat' dir='ltr'><strong>et</strong></span> <span class='ocrx_word' id='word_1_131' title='bbox 1749 1511 1838 1574; x_wconf 87' lang='lat' dir='ltr'><strong>turha</strong></span> <span class='ocrx_word' id='word_1_132' title='bbox 1861 1513 1935 1574; x_wconf 89' lang='lat' dir='ltr'><strong>etiam</strong></span> 
     </span>
     <span class='ocr_line' id='line_1_12' title="bbox 416 1611 1936 1693; baseline -0.002 -18"><span class='ocrx_word' id='word_1_133' title='bbox 416 1621 499 1686; x_wconf 72' lang='lat' dir='ltr'><strong>tata,</strong></span> <span class='ocrx_word' id='word_1_134' title='bbox 516 1621 548 1676; x_wconf 93' lang='lat' dir='ltr'><strong>et</strong></span> <span class='ocrx_word' id='word_1_135' title='bbox 567 1613 704 1675; x_wconf 89' lang='lat' dir='ltr'><strong>naturali</strong></span> <span class='ocrx_word' id='word_1_136' title='bbox 725 1613 798 1676; x_wconf 91' lang='lat' dir='ltr'><strong>usui</strong></span> <span class='ocrx_word' id='word_1_137' title='bbox 818 1613 960 1685; x_wconf 68' lang='lat' dir='ltr'><strong>redditas,</strong></span> <span class='ocrx_word' id='word_1_138' title='bbox 977 1621 1007 1671; x_wconf 86' lang='lat' dir='ltr'><strong>et</strong></span> <span class='ocrx_word' id='word_1_139' title='bbox 1023 1615 1165 1671; x_wconf 82' lang='lat' dir='ltr'><strong>solutum</strong></span> <span class='ocrx_word' id='word_1_140' title='bbox 1220 1611 1272 1692; x_wconf 91' lang='lat' dir='ltr'><strong>pie</strong></span> <span class='ocrx_word' id='word_1_141' title='bbox 1288 1611 1475 1674; x_wconf 89' lang='lat' dir='ltr'><strong>movebatur</strong></span> <span class='ocrx_word' id='word_1_142' title='bbox 1489 1611 1528 1673; x_wconf 89' lang='lat' dir='ltr'><strong>ad</strong></span> <span class='ocrx_word' id='word_1_143' title='bbox 1544 1611 1739 1693; x_wconf 91' lang='lat' dir='ltr'><strong>oppositum,</strong></span> <span class='ocrx_word' id='word_1_144' title='bbox 1756 1611 1829 1692; x_wconf 88' lang='lat' dir='ltr'><strong>quia</strong></span> <span class='ocrx_word' id='word_1_145' title='bbox 1841 1618 1936 1673; x_wconf 89' lang='lat' dir='ltr'><strong>utrum-</strong></span> 
     </span>
     <span class='ocr_line' id='line_1_13' title="bbox 414 1708 1936 1793; baseline -0.001 -21"><span class='ocrx_word' id='word_1_146' title='bbox 414 1722 460 1772; x_wconf 85' lang='lat' dir='ltr'><strong>est</strong></span> <span class='ocrx_word' id='word_1_147' title='bbox 481 1714 663 1783; x_wconf 78' lang='lat' dir='ltr'><strong>vincutum,</strong></span> <span class='ocrx_word' id='word_1_148' title='bbox 681 1712 712 1773; x_wconf 93' lang='lat' dir='ltr'><strong>id</strong></span> <span class='ocrx_word' id='word_1_149' title='bbox 734 1718 783 1774; x_wconf 90' lang='lat' dir='ltr'><strong>est</strong></span> <span class='ocrx_word' id='word_1_150' title='bbox 808 1710 1086 1793; x_wconf 90' lang='lat' dir='ltr'><strong>impedimentum,</strong></span> <span class='ocrx_word' id='word_1_151' title='bbox 1104 1710 1166 1768; x_wconf 84' lang='lat' dir='ltr'><strong>tio·</strong></span> <span class='ocrx_word' id='word_1_152' title='bbox 1219 1728 1282 1791; x_wconf 87' lang='lat' dir='ltr'><strong>que</strong></span> <span class='ocrx_word' id='word_1_153' title='bbox 1307 1708 1427 1773; x_wconf 91' lang='lat' dir='ltr'><strong>honum</strong></span> <span class='ocrx_word' id='word_1_154' title='bbox 1454 1708 1516 1771; x_wconf 85' lang='lat' dir='ltr'><strong>luit</strong></span> <span class='ocrx_word' id='word_1_155' title='bbox 1539 1709 1717 1771; x_wconf 91' lang='lat' dir='ltr'><strong>secundum</strong></span> <span class='ocrx_word' id='word_1_156' title='bbox 1743 1708 1936 1772; x_wconf 86' lang='lat' dir='ltr'><strong>consideratio</strong></span> 
     </span>
     <span class='ocr_line' id='line_1_14' title="bbox 410 1807 1936 1888; baseline -0.001 -18"><span class='ocrx_word' id='word_1_157' title='bbox 410 1829 485 1888; x_wconf 61' lang='grc' dir='ltr'><strong>θεῖα</strong></span> <span class='ocrx_word' id='word_1_158' title='bbox 505 1811 588 1888; x_wconf 79' lang='lat' dir='ltr'><strong>ejus,</strong></span> <span class='ocrx_word' id='word_1_159' title='bbox 605 1819 635 1870; x_wconf 86' lang='lat' dir='ltr'><strong>et</strong></span> <span class='ocrx_word' id='word_1_160' title='bbox 652 1811 846 1888; x_wconf 81' lang='lat' dir='ltr'><strong>loquebatur</strong></span> <span class='ocrx_word' id='word_1_161' title='bbox 860 1818 957 1880; x_wconf 85' lang='lat' dir='ltr'><strong>recte,</strong></span> <span class='ocrx_word' id='word_1_162' title='bbox 974 1808 1005 1870; x_wconf 88' lang='lat' dir='ltr'><strong>id</strong></span> <span class='ocrx_word' id='word_1_163' title='bbox 1026 1815 1074 1870; x_wconf 87' lang='lat' dir='ltr'><strong>est</strong></span> <span class='ocrx_word' id='word_1_164' title='bbox 1094 1825 1165 1870; x_wconf 87' lang='lat' dir='ltr'><strong>con·</strong></span> <span class='ocrx_word' id='word_1_165' title='bbox 1180 1810 1203 1872; x_wconf 93' lang='lat' dir='ltr'>B</span> <span class='ocrx_word' id='word_1_166' title='bbox 1220 1825 1276 1869; x_wconf 84' lang='lat' dir='ltr'><strong>nes</strong></span> <span class='ocrx_word' id='word_1_167' title='bbox 1301 1807 1452 1870; x_wconf 80' lang='lat' dir='ltr'><strong>diversas,</strong></span> <span class='ocrx_word' id='word_1_168' title='bbox 1469 1810 1514 1870; x_wconf 75' lang='lat' dir='ltr'><strong>m</strong></span> <span class='ocrx_word' id='word_1_169' title='bbox 1535 1828 1569 1868; x_wconf 85' lang='lat' dir='ltr'><strong>eo</strong></span> <span class='ocrx_word' id='word_1_170' title='bbox 1590 1811 1734 1884; x_wconf 81' lang='lat' dir='ltr'><strong>amplius</strong></span> <span class='ocrx_word' id='word_1_171' title='bbox 1757 1810 1936 1868; x_wconf 81' lang='lat' dir='ltr'><strong>admiraban-</strong></span> 
     </span>
     <span class='ocr_line' id='line_1_15' title="bbox 413 1905 1937 1989; baseline -0.001 -20"><span class='ocrx_word' id='word_1_172' title='bbox 413 1907 579 1970; x_wconf 89' lang='lat' dir='ltr'><strong>venieuter</strong></span> <span class='ocrx_word' id='word_1_173' title='bbox 603 1915 636 1970; x_wconf 89' lang='lat' dir='ltr'><strong>et</strong></span> <span class='ocrx_word' id='word_1_174' title='bbox 661 1914 819 1989; x_wconf 86' lang='lat' dir='ltr'><strong>prompte.</strong></span> <span class='ocrx_word' id='word_1_175' title='bbox 847 1907 962 1988; x_wconf 90' lang='lat' dir='ltr'><strong>Sicque</strong></span> <span class='ocrx_word' id='word_1_176' title='bbox 987 1906 1074 1969; x_wconf 93' lang='lat' dir='ltr'><strong>idem</strong></span> <span class='ocrx_word' id='word_1_177' title='bbox 1104 1905 1165 1967; x_wconf 90' lang='lat' dir='ltr'><strong>luit</strong></span> <span class='ocrx_word' id='word_1_178' title='bbox 1220 1909 1680 1976; x_wconf 80' lang='lat' dir='ltr'><strong>tur,diceotes.·Beneomnia</strong></span> <span class='ocrx_word' id='word_1_179' title='bbox 1694 1907 1937 1988; x_wconf 80' lang='lat' dir='ltr'><strong>secitllequihua</strong></span> 
     </span>
     <span class='ocr_line' id='line_1_16' title="bbox 412 2004 1938 2088; baseline -0.001 -20"><span class='ocrx_word' id='word_1_180' title='bbox 412 2005 585 2069; x_wconf 90' lang='lat' dir='ltr'><strong>verborum</strong></span> <span class='ocrx_word' id='word_1_181' title='bbox 607 2012 640 2068; x_wconf 90' lang='lat' dir='ltr'><strong>et</strong></span> <span class='ocrx_word' id='word_1_182' title='bbox 661 2022 795 2088; x_wconf 91' lang='lat' dir='ltr'><strong>operum</strong></span> <span class='ocrx_word' id='word_1_183' title='bbox 821 2005 936 2068; x_wconf 93' lang='lat' dir='ltr'><strong>horum</strong></span> <span class='ocrx_word' id='word_1_184' title='bbox 962 2004 1165 2066; x_wconf 78' lang='lat' dir='ltr'><strong>miraculoso</strong></span> <span class='ocrx_word' id='word_1_185' title='bbox 1219 2005 1369 2068; x_wconf 89' lang='lat' dir='ltr'><strong>omnihus</strong></span> <span class='ocrx_word' id='word_1_186' title='bbox 1398 2005 1556 2080; x_wconf 87' lang='lat' dir='ltr'><strong>subditur,</strong></span> <span class='ocrx_word' id='word_1_187' title='bbox 1581 2014 1617 2067; x_wconf 93' lang='lat' dir='ltr'><strong>ut</strong></span> <span class='ocrx_word' id='word_1_188' title='bbox 1641 2006 1684 2068; x_wconf 94' lang='lat' dir='ltr'><strong>sit</strong></span> <span class='ocrx_word' id='word_1_189' title='bbox 1707 2005 1880 2070; x_wconf 86' lang='lat' dir='ltr'><strong>distributio</strong></span> <span class='ocrx_word' id='word_1_190' title='bbox 1900 2023 1938 2068; x_wconf 90' lang='lat' dir='ltr'><strong>ac·</strong></span> 
     </span>
     <span class='ocr_line' id='line_1_17' title="bbox 413 2102 1937 2188; baseline 0.001 -24"><span class='ocrx_word' id='word_1_191' title='bbox 413 2122 483 2165; x_wconf 92' lang='lat' dir='ltr'><strong>rum</strong></span> <span class='ocrx_word' id='word_1_192' title='bbox 498 2110 695 2166; x_wconf 89' lang='lat' dir='ltr'><strong>momentum.</strong></span> <span class='ocrx_word' id='word_1_193' title='bbox 704 2104 802 2166; x_wconf 88' lang='lat' dir='ltr'><strong>Tanta</strong></span> <span class='ocrx_word' id='word_1_194' title='bbox 816 2102 877 2166; x_wconf 90' lang='lat' dir='ltr'><strong>fuit</strong></span> <span class='ocrx_word' id='word_1_195' title='bbox 890 2102 1006 2166; x_wconf 82' lang='lat' dir='ltr'><strong>Christi</strong></span> <span class='ocrx_word' id='word_1_196' title='bbox 1023 2109 1163 2184; x_wconf 87' lang='lat' dir='ltr'><strong>potestas,</strong></span> <span class='ocrx_word' id='word_1_197' title='bbox 1219 2104 1396 2188; x_wconf 87' lang='lat' dir='ltr'><strong>commoda.</strong></span> <span class='ocrx_word' id='word_1_198' title='bbox 1412 2103 1524 2167; x_wconf 91' lang='lat' dir='ltr'><strong>Omnia</strong></span> <span class='ocrx_word' id='word_1_199' title='bbox 1544 2122 1671 2188; x_wconf 86' lang='lat' dir='ltr'><strong>quoque</strong></span> <span class='ocrx_word' id='word_1_200' title='bbox 1692 2123 1763 2187; x_wconf 80' lang='lat' dir='ltr'><strong>quae</strong></span> <span class='ocrx_word' id='word_1_201' title='bbox 1781 2105 1861 2178; x_wconf 88' lang='lat' dir='ltr'><strong>lecit,</strong></span> <span class='ocrx_word' id='word_1_202' title='bbox 1875 2105 1937 2166; x_wconf 86' lang='lat' dir='ltr'><strong>bene</strong></span> 
     </span>
     <span class='ocr_line' id='line_1_18' title="bbox 413 2199 1939 2285; baseline 0 -21"><span class='ocrx_word' id='word_1_203' title='bbox 413 2202 498 2284; x_wconf 89' lang='lat' dir='ltr'><strong>quod</strong></span> <span class='ocrx_word' id='word_1_204' title='bbox 514 2201 584 2283; x_wconf 84' lang='lat' dir='ltr'><strong>ejus</strong></span> <span class='ocrx_word' id='word_1_205' title='bbox 599 2201 719 2264; x_wconf 86' lang='lat' dir='ltr'><strong>dixisse</strong></span> <span class='ocrx_word' id='word_1_206' title='bbox 735 2201 797 2264; x_wconf 86' lang='lat' dir='ltr'><strong>luit</strong></span> <span class='ocrx_word' id='word_1_207' title='bbox 811 2201 924 2284; x_wconf 83' lang='lat' dir='ltr'><strong>egisse.</strong></span> <span class='ocrx_word' id='word_1_208' title='bbox 936 2199 1162 2273; x_wconf 91' lang='lat' dir='ltr'><strong>Consimiliter,</strong></span> <span class='ocrx_word' id='word_1_209' title='bbox 1219 2201 1306 2274; x_wconf 87' lang='lat' dir='ltr'><strong>iecit,</strong></span> <span class='ocrx_word' id='word_1_210' title='bbox 1325 2209 1433 2284; x_wconf 89' lang='lat' dir='ltr'><strong>utpote</strong></span> <span class='ocrx_word' id='word_1_211' title='bbox 1448 2203 1617 2285; x_wconf 88' lang='lat' dir='ltr'><strong>sapienter.</strong></span> <span class='ocrx_word' id='word_1_212' title='bbox 1630 2206 1674 2265; x_wconf 83' lang='lat' dir='ltr'><strong>Et</strong></span> <span class='ocrx_word' id='word_1_213' title='bbox 1689 2207 1805 2264; x_wconf 82' lang='lat' dir='ltr'><strong>surdos</strong></span> <span class='ocrx_word' id='word_1_214' title='bbox 1817 2205 1885 2282; x_wconf 74' lang='lat' dir='ltr'><strong>secat</strong></span> <span class='ocrx_word' id='word_1_215' title='bbox 1897 2225 1939 2264; x_wconf 76' lang='lat' dir='ltr'><strong>aa</strong></span> 
     </span>
     <span class='ocr_line' id='line_1_19' title="bbox 414 2299 1937 2382; baseline 0 -20"><span class='ocrx_word' id='word_1_216' title='bbox 414 2300 470 2382; x_wconf 89' lang='lat' dir='ltr'><strong>qui</strong></span> <span class='ocrx_word' id='word_1_217' title='bbox 493 2300 578 2363; x_wconf 92' lang='lat' dir='ltr'><strong>intus</strong></span> <span class='ocrx_word' id='word_1_218' title='bbox 600 2300 802 2363; x_wconf 90' lang='lat' dir='ltr'><strong>illuminatur</strong></span> <span class='ocrx_word' id='word_1_219' title='bbox 823 2319 859 2362; x_wconf 90' lang='lat' dir='ltr'><strong>ac</strong></span> <span class='ocrx_word' id='word_1_220' title='bbox 880 2299 1053 2374; x_wconf 88' lang='lat' dir='ltr'><strong>emollitur,</strong></span> <span class='ocrx_word' id='word_1_221' title='bbox 1069 2305 1164 2380; x_wconf 89' lang='lat' dir='ltr'><strong>atque</strong></span> <span class='ocrx_word' id='word_1_222' title='bbox 1218 2303 1304 2370; x_wconf 81' lang='lat' dir='ltr'><strong>dire,</strong></span> <span class='ocrx_word' id='word_1_223' title='bbox 1319 2310 1349 2360; x_wconf 88' lang='lat' dir='ltr'><strong>et</strong></span> <span class='ocrx_word' id='word_1_224' title='bbox 1369 2310 1475 2361; x_wconf 81' lang='lat' dir='ltr'><strong>matos</strong></span> <span class='ocrx_word' id='word_1_225' title='bbox 1495 2303 1593 2380; x_wconf 84' lang='lat' dir='ltr'><strong>toqui.</strong></span> <span class='ocrx_word' id='word_1_226' title='bbox 1611 2301 1762 2374; x_wconf 81' lang='lat' dir='ltr'><strong>Quamvis</strong></span> <span class='ocrx_word' id='word_1_227' title='bbox 1782 2303 1861 2364; x_wconf 92' lang='lat' dir='ltr'><strong>euim</strong></span> <span class='ocrx_word' id='word_1_228' title='bbox 1881 2302 1937 2364; x_wconf 90' lang='lat' dir='ltr'><strong>llar-</strong></span> 
     </span>
     <span class='ocr_line' id='line_1_20' title="bbox 412 2396 1936 2481; baseline 0.001 -21"><span class='ocrx_word' id='word_1_229' title='bbox 412 2398 598 2460; x_wconf 90' lang='lat' dir='ltr'><strong>accenditur</strong></span> <span class='ocrx_word' id='word_1_230' title='bbox 617 2399 657 2460; x_wconf 92' lang='lat' dir='ltr'><strong>ad</strong></span> <span class='ocrx_word' id='word_1_231' title='bbox 677 2399 873 2462; x_wconf 90' lang='lat' dir='ltr'><strong>audiendum</strong></span> <span class='ocrx_word' id='word_1_232' title='bbox 889 2406 921 2460; x_wconf 92' lang='lat' dir='ltr'><strong>et</strong></span> <span class='ocrx_word' id='word_1_233' title='bbox 935 2396 1163 2480; x_wconf 80' lang='lat' dir='ltr'><strong>proferendum</strong></span> <span class='ocrx_word' id='word_1_234' title='bbox 1219 2418 1275 2462; x_wconf 91' lang='lat' dir='ltr'><strong>cus</strong></span> <span class='ocrx_word' id='word_1_235' title='bbox 1296 2416 1360 2461; x_wconf 91' lang='lat' dir='ltr'><strong>non</strong></span> <span class='ocrx_word' id='word_1_236' title='bbox 1380 2399 1539 2481; x_wconf 87' lang='lat' dir='ltr'><strong>exprimat</strong></span> <span class='ocrx_word' id='word_1_237' title='bbox 1554 2400 1606 2462; x_wconf 90' lang='lat' dir='ltr'><strong>hic</strong></span> <span class='ocrx_word' id='word_1_238' title='bbox 1626 2401 1688 2462; x_wconf 91' lang='lat' dir='ltr'><strong>nisi</strong></span> <span class='ocrx_word' id='word_1_239' title='bbox 1706 2402 1744 2463; x_wconf 90' lang='lat' dir='ltr'><strong>de</strong></span> <span class='ocrx_word' id='word_1_240' title='bbox 1762 2401 1852 2464; x_wconf 88' lang='lat' dir='ltr'><strong>unius</strong></span> <span class='ocrx_word' id='word_1_241' title='bbox 1869 2399 1936 2462; x_wconf 90' lang='lat' dir='ltr'><strong>surdi</strong></span> 
     </span>
     <span class='ocr_line' id='line_1_21' title="bbox 299 2485 1936 2579; baseline 0 -21"><span class='ocrx_word' id='word_1_242' title='bbox 299 2485 303 2494; x_wconf 76' lang='grc'><strong>’</strong></span> <span class='ocrx_word' id='word_1_243' title='bbox 413 2496 512 2559; x_wconf 91' lang='lat' dir='ltr'><strong>verba</strong></span> <span class='ocrx_word' id='word_1_244' title='bbox 527 2497 650 2572; x_wconf 90' lang='lat' dir='ltr'><strong>salutis,</strong></span> <span class='ocrx_word' id='word_1_245' title='bbox 667 2497 808 2579; x_wconf 91' lang='lat' dir='ltr'><strong>loquitur</strong></span> <span class='ocrx_word' id='word_1_246' title='bbox 822 2504 918 2572; x_wconf 90' lang='lat' dir='ltr'><strong>recte,</strong></span> <span class='ocrx_word' id='word_1_247' title='bbox 937 2498 967 2559; x_wconf 94' lang='lat' dir='ltr'><strong>id</strong></span> <span class='ocrx_word' id='word_1_248' title='bbox 983 2504 1031 2560; x_wconf 92' lang='lat' dir='ltr'><strong>est</strong></span> <span class='ocrx_word' id='word_1_249' title='bbox 1046 2496 1162 2558; x_wconf 90' lang='lat' dir='ltr'><strong>discre-</strong></span> <span class='ocrx_word' id='word_1_250' title='bbox 1218 2505 1251 2559; x_wconf 92' lang='lat' dir='ltr'><strong>et</strong></span> <span class='ocrx_word' id='word_1_251' title='bbox 1274 2498 1355 2561; x_wconf 92' lang='lat' dir='ltr'><strong>muti</strong></span> <span class='ocrx_word' id='word_1_252' title='bbox 1384 2497 1559 2573; x_wconf 85' lang='lat' dir='ltr'><strong>curatione,</strong></span> <span class='ocrx_word' id='word_1_253' title='bbox 1585 2506 1691 2562; x_wconf 86' lang='lat' dir='ltr'><strong>tamen</strong></span> <span class='ocrx_word' id='word_1_254' title='bbox 1720 2501 1797 2562; x_wconf 92' lang='lat' dir='ltr'><strong>dum</strong></span> <span class='ocrx_word' id='word_1_255' title='bbox 1819 2499 1936 2563; x_wconf 88' lang='lat' dir='ltr'><strong>Christus</strong></span> 
     </span>
     <span class='ocr_line' id='line_1_22' title="bbox 415 2595 1936 2678; baseline 0.001 -22"><span class='ocrx_word' id='word_1_256' title='bbox 415 2602 445 2656; x_wconf 93' lang='lat' dir='ltr'><strong>te</strong></span> <span class='ocrx_word' id='word_1_257' title='bbox 467 2613 503 2657; x_wconf 89' lang='lat' dir='ltr'><strong>ac</strong></span> <span class='ocrx_word' id='word_1_258' title='bbox 524 2595 694 2677; x_wconf 87' lang='lat' dir='ltr'><strong>sapienter,</strong></span> <span class='ocrx_word' id='word_1_259' title='bbox 709 2595 799 2676; x_wconf 89' lang='lat' dir='ltr'><strong>juxta</strong></span> <span class='ocrx_word' id='word_1_260' title='bbox 818 2595 896 2659; x_wconf 92' lang='lat' dir='ltr'><strong>illud</strong></span> <span class='ocrx_word' id='word_1_261' title='bbox 911 2595 1055 2678; x_wconf 80' lang='lat' dir='ltr'><strong>Apostoli</strong></span> <span class='ocrx_word' id='word_1_262' title='bbox 1072 2614 1079 2658; x_wconf 91' lang='lat'>:</span> <span class='ocrx_word' id='word_1_263' title='bbox 1096 2595 1164 2657; x_wconf 89' lang='lat' dir='ltr'><strong>Ser·</strong></span> <span class='ocrx_word' id='word_1_264' title='bbox 1218 2596 1316 2658; x_wconf 92' lang='lat' dir='ltr'><strong>istum</strong></span> <span class='ocrx_word' id='word_1_265' title='bbox 1336 2597 1470 2670; x_wconf 89' lang='lat' dir='ltr'><strong>curavit,</strong></span> <span class='ocrx_word' id='word_1_266' title='bbox 1488 2604 1653 2660; x_wconf 83' lang='lat' dir='ltr'><strong>curaverat</strong></span> <span class='ocrx_word' id='word_1_267' title='bbox 1667 2597 1764 2660; x_wconf 89' lang='lat' dir='ltr'><strong>etiam</strong></span> <span class='ocrx_word' id='word_1_268' title='bbox 1782 2598 1857 2661; x_wconf 90' lang='lat' dir='ltr'><strong>alios</strong></span> <span class='ocrx_word' id='word_1_269' title='bbox 1874 2596 1936 2660; x_wconf 90' lang='lat' dir='ltr'><strong>mul·</strong></span> 
     </span>
     <span class='ocr_line' id='line_1_23' title="bbox 415 2693 2015 2776; baseline -0.007 -20"><span class='ocrx_word' id='word_1_270' title='bbox 415 2712 468 2756; x_wconf 94' lang='lat' dir='ltr'><strong>mo</strong></span> <span class='ocrx_word' id='word_1_271' title='bbox 488 2701 595 2757; x_wconf 90' lang='lat' dir='ltr'><strong>vester</strong></span> <span class='ocrx_word' id='word_1_272' title='bbox 615 2712 743 2776; x_wconf 90' lang='lat' dir='ltr'><strong>semper</strong></span> <span class='ocrx_word' id='word_1_273' title='bbox 764 2694 797 2756; x_wconf 92' lang='lat' dir='ltr'><strong>in</strong></span> <span class='ocrx_word' id='word_1_274' title='bbox 820 2694 920 2775; x_wconf 90' lang='lat' dir='ltr'><strong>gratia</strong></span> <span class='ocrx_word' id='word_1_275' title='bbox 941 2694 1006 2756; x_wconf 90' lang='lat' dir='ltr'><strong>sale</strong></span> <span class='ocrx_word' id='word_1_276' title='bbox 1028 2693 1070 2755; x_wconf 92' lang='lat' dir='ltr'><strong>sit</strong></span> <span class='ocrx_word' id='word_1_277' title='bbox 1091 2711 1163 2756; x_wconf 92' lang='lat' dir='ltr'><strong>con·</strong></span> <span class='ocrx_word' id='word_1_278' title='bbox 1217 2702 1266 2756; x_wconf 91' lang='lat' dir='ltr'><strong>tos</strong></span> <span class='ocrx_word' id='word_1_279' title='bbox 1285 2694 1397 2757; x_wconf 88' lang='lat' dir='ltr'><strong>surdos</strong></span> <span class='ocrx_word' id='word_1_280' title='bbox 1417 2702 1450 2757; x_wconf 93' lang='lat' dir='ltr'><strong>et</strong></span> <span class='ocrx_word' id='word_1_281' title='bbox 1470 2703 1585 2770; x_wconf 86' lang='lat' dir='ltr'><strong>mutos,</strong></span> <span class='ocrx_word' id='word_1_282' title='bbox 1602 2703 1633 2758; x_wconf 91' lang='lat' dir='ltr'><strong>et</strong></span> <span class='ocrx_word' id='word_1_283' title='bbox 1651 2714 1751 2760; x_wconf 85' lang='lat' dir='ltr'><strong>caecos</strong></span> <span class='ocrx_word' id='word_1_284' title='bbox 1772 2715 1806 2758; x_wconf 92' lang='lat' dir='ltr'><strong>ac</strong></span> <span class='ocrx_word' id='word_1_285' title='bbox 1825 2696 2015 2768; x_wconf 73' lang='lat' dir='ltr'><strong>debilesrm..</strong></span> 
     </span>
     <span class='ocr_line' id='line_1_24' title="bbox 414 2774 2041 2874; baseline -0.001 -20"><span class='ocrx_word' id='word_1_286' title='bbox 414 2793 509 2855; x_wconf 92' lang='lat' dir='ltr'><strong>ditus.</strong></span> <span class='ocrx_word' id='word_1_287' title='bbox 1218 2800 1252 2854; x_wconf 95' lang='lat' dir='ltr'><strong>ut</strong></span> <span class='ocrx_word' id='word_1_288' title='bbox 1272 2793 1305 2854; x_wconf 93' lang='lat' dir='ltr'><strong>in</strong></span> <span class='ocrx_word' id='word_1_289' title='bbox 1326 2793 1470 2856; x_wconf 84' lang='lat' dir='ltr'><strong>hlatthaeo</strong></span> <span class='ocrx_word' id='word_1_290' title='bbox 1490 2793 1615 2874; x_wconf 89' lang='lat' dir='ltr'><strong>legitur.</strong></span> <span class='ocrx_word' id='word_1_291' title='bbox 1633 2795 1694 2856; x_wconf 85' lang='lat' dir='ltr'><strong>Sed</strong></span> <span class='ocrx_word' id='word_1_292' title='bbox 1713 2795 1832 2858; x_wconf 90' lang='lat' dir='ltr'><strong>llarcus</strong></span> <span class='ocrx_word' id='word_1_293' title='bbox 1848 2793 1936 2857; x_wconf 88' lang='lat' dir='ltr'><strong>scribit</strong></span> <span class='ocrx_word' id='word_1_294' title='bbox 1946 2774 1968 2813; x_wconf 48' lang='grc' dir='ltr'><strong>Ψ·</strong></span> <span class='ocrx_word' id='word_1_295' title='bbox 2040 2807 2041 2812; x_wconf 51' lang='lat'>¹</span> 
     </span>
     <span class='ocr_line' id='line_1_25' title="bbox 454 2890 1935 2974; baseline -0.001 -21"><span class='ocrx_word' id='word_1_296' title='bbox 454 2895 498 2954; x_wconf 81' lang='lat' dir='ltr'><strong>Et</strong></span> <span class='ocrx_word' id='word_1_297' title='bbox 520 2892 679 2967; x_wconf 75' lang='lat' dir='ltr'><strong>precepit</strong></span> <span class='ocrx_word' id='word_1_298' title='bbox 703 2893 785 2961; x_wconf 80' lang='lat' dir='ltr'><strong>iltis,</strong></span> <span class='ocrx_word' id='word_1_299' title='bbox 811 2890 961 2953; x_wconf 88' lang='lat' dir='ltr'><strong>videlieet</strong></span> <span class='ocrx_word' id='word_1_300' title='bbox 983 2890 1095 2964; x_wconf 80' lang='lat' dir='ltr'><strong>turba,</strong></span> <span class='ocrx_word' id='word_1_301' title='bbox 1122 2909 1162 2950; x_wconf 82' lang='lat' dir='ltr'><strong>ne</strong></span> <span class='ocrx_word' id='word_1_302' title='bbox 1217 2890 1400 2971; x_wconf 87' lang='lat' dir='ltr'><strong>specialiter</strong></span> <span class='ocrx_word' id='word_1_303' title='bbox 1419 2891 1457 2953; x_wconf 93' lang='lat' dir='ltr'><strong>de</strong></span> <span class='ocrx_word' id='word_1_304' title='bbox 1480 2891 1539 2954; x_wconf 90' lang='lat' dir='ltr'><strong>hoc</strong></span> <span class='ocrx_word' id='word_1_305' title='bbox 1562 2909 1637 2966; x_wconf 93' lang='lat' dir='ltr'><strong>uno,</strong></span> <span class='ocrx_word' id='word_1_306' title='bbox 1655 2893 1731 2974; x_wconf 89' lang='lat' dir='ltr'><strong>quia</strong></span> <span class='ocrx_word' id='word_1_307' title='bbox 1752 2893 1866 2956; x_wconf 86' lang='lat' dir='ltr'><strong>curatio</strong></span> <span class='ocrx_word' id='word_1_308' title='bbox 1882 2893 1935 2974; x_wconf 84' lang='lat' dir='ltr'><strong>ejus</strong></span> 
     </span>
     <span class='ocr_line' id='line_1_26' title="bbox 412 2988 1935 3075; baseline 0.003 -25"><span class='ocrx_word' id='word_1_309' title='bbox 412 2991 469 3050; x_wconf 83' lang='lat' dir='ltr'><strong>cui</strong></span> <span class='ocrx_word' id='word_1_310' title='bbox 497 2991 657 3059; x_wconf 84' lang='lat' dir='ltr'><strong>dicerent,</strong></span> <span class='ocrx_word' id='word_1_311' title='bbox 688 2990 720 3051; x_wconf 93' lang='lat' dir='ltr'><strong>id</strong></span> <span class='ocrx_word' id='word_1_312' title='bbox 749 2997 807 3062; x_wconf 91' lang='lat' dir='ltr'><strong>est,</strong></span> <span class='ocrx_word' id='word_1_313' title='bbox 838 2989 960 3051; x_wconf 93' lang='lat' dir='ltr'><strong>nemini</strong></span> <span class='ocrx_word' id='word_1_314' title='bbox 991 2988 1381 3056; x_wconf 84' lang='lat' dir='ltr'><strong>recitarentholenniua</strong></span> <span class='ocrx_word' id='word_1_315' title='bbox 1396 2988 1480 3052; x_wconf 87' lang='lat' dir='ltr'><strong>facta</strong></span> <span class='ocrx_word' id='word_1_316' title='bbox 1494 2996 1552 3066; x_wconf 89' lang='lat' dir='ltr'><strong>est,</strong></span> <span class='ocrx_word' id='word_1_317' title='bbox 1569 2997 1601 3052; x_wconf 92' lang='lat' dir='ltr'><strong>et</strong></span> <span class='ocrx_word' id='word_1_318' title='bbox 1617 2991 1718 3054; x_wconf 91' lang='lat' dir='ltr'><strong>multa</strong></span> <span class='ocrx_word' id='word_1_319' title='bbox 1735 2992 1862 3075; x_wconf 80' lang='lat' dir='ltr'><strong>mystica</strong></span> <span class='ocrx_word' id='word_1_320' title='bbox 1876 3011 1935 3074; x_wconf 76' lang='lat' dir='ltr'><strong>pru</strong></span> 
     </span>
     <span class='ocr_line' id='line_1_27' title="bbox 413 3085 1935 3168; baseline 0.002 -20"><span class='ocrx_word' id='word_1_321' title='bbox 413 3086 494 3149; x_wconf 94' lang='lat' dir='ltr'><strong>illud</strong></span> <span class='ocrx_word' id='word_1_322' title='bbox 515 3087 717 3149; x_wconf 88' lang='lat' dir='ltr'><strong>miraculum.</strong></span> <span class='ocrx_word' id='word_1_323' title='bbox 735 3087 824 3162; x_wconf 83' lang='lat' dir='ltr'><strong>Quod</strong></span> <span class='ocrx_word' id='word_1_324' title='bbox 843 3087 915 3149; x_wconf 91' lang='lat' dir='ltr'><strong>ideo</strong></span> <span class='ocrx_word' id='word_1_325' title='bbox 931 3085 1038 3167; x_wconf 83' lang='lat' dir='ltr'><strong>jussit,</strong></span> <span class='ocrx_word' id='word_1_326' title='bbox 1056 3092 1091 3148; x_wconf 91' lang='lat' dir='ltr'><strong>ut</strong></span> <span class='ocrx_word' id='word_1_327' title='bbox 1109 3087 1160 3149; x_wconf 91' lang='lat' dir='ltr'><strong>da·</strong></span> <span class='ocrx_word' id='word_1_328' title='bbox 1213 3086 1375 3168; x_wconf 79' lang='lat' dir='ltr'><strong>figuravit.</strong></span> <span class='ocrx_word' id='word_1_329' title='bbox 1393 3087 1620 3152; x_wconf 87' lang='lat' dir='ltr'><strong>Verumtamen</strong></span> <span class='ocrx_word' id='word_1_330' title='bbox 1636 3097 1743 3154; x_wconf 90' lang='lat' dir='ltr'><strong>certus</strong></span> <span class='ocrx_word' id='word_1_331' title='bbox 1758 3109 1818 3153; x_wconf 92' lang='lat' dir='ltr'><strong>non</strong></span> <span class='ocrx_word' id='word_1_332' title='bbox 1831 3109 1893 3153; x_wconf 90' lang='lat' dir='ltr'><strong>sum</strong></span> <span class='ocrx_word' id='word_1_333' title='bbox 1905 3107 1935 3151; x_wconf 91' lang='lat' dir='ltr'><strong>an</strong></span> 
     </span>
     <span class='ocr_line' id='line_1_28' title="bbox 412 3183 2022 3272; baseline 0.002 -27"><span class='ocrx_word' id='word_1_334' title='bbox 412 3189 461 3247; x_wconf 91' lang='lat' dir='ltr'><strong>ret</strong></span> <span class='ocrx_word' id='word_1_335' title='bbox 475 3183 565 3247; x_wconf 89' lang='lat' dir='ltr'><strong>nobis</strong></span> <span class='ocrx_word' id='word_1_336' title='bbox 581 3183 764 3266; x_wconf 88' lang='lat' dir='ltr'><strong>exemplum</strong></span> <span class='ocrx_word' id='word_1_337' title='bbox 779 3184 898 3246; x_wconf 87' lang='lat' dir='ltr'><strong>vitandi</strong></span> <span class='ocrx_word' id='word_1_338' title='bbox 910 3183 1083 3248; x_wconf 88' lang='lat' dir='ltr'><strong>vanitatem</strong></span> <span class='ocrx_word' id='word_1_339' title='bbox 1099 3184 1162 3246; x_wconf 91' lang='lat' dir='ltr'><strong>lau·</strong></span> <span class='ocrx_word' id='word_1_340' title='bbox 1214 3185 1330 3248; x_wconf 90' lang='lat' dir='ltr'><strong>surdus</strong></span> <span class='ocrx_word' id='word_1_341' title='bbox 1352 3185 1412 3249; x_wconf 93' lang='lat' dir='ltr'><strong>iste</strong></span> <span class='ocrx_word' id='word_1_342' title='bbox 1435 3186 1477 3250; x_wconf 89' lang='lat' dir='ltr'><strong>sit</strong></span> <span class='ocrx_word' id='word_1_343' title='bbox 1501 3187 1586 3250; x_wconf 92' lang='lat' dir='ltr'><strong>idem</strong></span> <span class='ocrx_word' id='word_1_344' title='bbox 1611 3188 1650 3251; x_wconf 91' lang='lat' dir='ltr'><strong>de</strong></span> <span class='ocrx_word' id='word_1_345' title='bbox 1672 3207 1739 3272; x_wconf 88' lang='lat' dir='ltr'><strong>quo</strong></span> <span class='ocrx_word' id='word_1_346' title='bbox 1759 3189 1863 3253; x_wconf 84' lang='lat' dir='ltr'><strong>scribit</strong></span> <span class='ocrx_word' id='word_1_347' title='bbox 1880 3189 2022 3252; x_wconf 69' lang='lat' dir='ltr'><strong>tinterna</strong></span> 
     </span>
     <span class='ocr_line' id='line_1_29' title="bbox 412 3282 1888 3365; baseline 0.003 -20"><span class='ocrx_word' id='word_1_348' title='bbox 412 3282 461 3345; x_wconf 94' lang='lat' dir='ltr'><strong>dis</strong></span> <span class='ocrx_word' id='word_1_349' title='bbox 486 3283 634 3346; x_wconf 83' lang='lat' dir='ltr'><strong>humanas</strong></span> <span class='ocrx_word' id='word_1_350' title='bbox 657 3290 752 3365; x_wconf 86' lang='lat' dir='ltr'><strong>atque</strong></span> <span class='ocrx_word' id='word_1_351' title='bbox 774 3282 969 3365; x_wconf 87' lang='lat' dir='ltr'><strong>jactantiam.</strong></span> <span class='ocrx_word' id='word_1_352' title='bbox 996 3282 1159 3346; x_wconf 87' lang='lat' dir='ltr'><strong>Interdum</strong></span> <span class='ocrx_word' id='word_1_353' title='bbox 1213 3283 1326 3360; x_wconf 77' lang='lat' dir='ltr'><strong>thasus,</strong></span> <span class='ocrx_word' id='word_1_354' title='bbox 1342 3303 1487 3348; x_wconf 88' lang='lat' dir='ltr'><strong>asserens</strong></span> <span class='ocrx_word' id='word_1_355' title='bbox 1507 3304 1582 3348; x_wconf 90' lang='lat' dir='ltr'><strong>eum</strong></span> <span class='ocrx_word' id='word_1_356' title='bbox 1605 3286 1705 3352; x_wconf 86' lang='lat' dir='ltr'><strong>luisse</strong></span> <span class='ocrx_word' id='word_1_357' title='bbox 1726 3287 1888 3352; x_wconf 88' lang='lat' dir='ltr'><strong>obsessum.</strong></span> 
     </span>
    </p>
   </div>
   <div class='ocr_carea' id='block_1_3' title="bbox 921 3711 1452 3803">
    <p class='ocr_par' dir='ltr' id='par_1_3' title="bbox 921 3711 1452 3803">
     <span class='ocr_line' id='line_1_30' title="bbox 921 3711 1452 3803; baseline 0.002 -3"><span class='ocrx_word' id='word_1_358' title='bbox 921 3711 1114 3801; x_wconf 85' lang='lat' dir='ltr'>SERMO</span> <span class='ocrx_word' id='word_1_359' title='bbox 1153 3712 1452 3803; x_wconf 85' lang='lat' dir='ltr'><strong>SECUNDUS</strong></span> 
     </span>
    </p>
   </div>
   <div class='ocr_carea' id='block_1_4' title="bbox 699 3976 1676 4027">
    <p class='ocr_par' dir='ltr' id='par_1_4' title="bbox 699 3976 1676 4027">
     <span class='ocr_line' id='line_1_31' title="bbox 699 3976 1676 4027; baseline 0.001 -4"><span class='ocrx_word' id='word_1_360' title='bbox 699 3979 739 4024; x_wconf 83' lang='lat' dir='ltr'><strong>ult</strong></span> <span class='ocrx_word' id='word_1_361' title='bbox 760 3979 930 4025; x_wconf 77' lang='lat' dir='ltr'><strong>SPlRl&#39;l&#39;lthl</strong></span> <span class='ocrx_word' id='word_1_362' title='bbox 951 3976 1196 4024; x_wconf 75' lang='lat' dir='ltr'><strong>sluulxtcartorth</strong></span> <span class='ocrx_word' id='word_1_363' title='bbox 1217 3977 1399 4024; x_wconf 78' lang='lat' dir='ltr'><strong>cunavlortts</strong></span> <span class='ocrx_word' id='word_1_364' title='bbox 1421 3978 1512 4025; x_wconf 77' lang='lat' dir='ltr'><strong>suant</strong></span> <span class='ocrx_word' id='word_1_365' title='bbox 1532 3978 1572 4026; x_wconf 78' lang='lat' dir='ltr'><strong>AC</strong></span> <span class='ocrx_word' id='word_1_366' title='bbox 1592 3979 1676 4027; x_wconf 70' lang='lat' dir='ltr'><strong>llum.</strong></span> 
     </span>
    </p>
   </div>
   <div class='ocr_carea' id='block_1_5' title="bbox 411 4254 2039 4931">
    <p class='ocr_par' dir='ltr' id='par_1_5' title="bbox 411 4249 2039 4931">
     <span class='ocr_line' id='line_1_32' title="bbox 480 4254 2039 4339; baseline -0.006 -19"><span class='ocrx_word' id='word_1_367' title='bbox 480 4258 561 4320; x_wconf 78' lang='lat' dir='ltr'><strong>CCE</strong></span> <span class='ocrx_word' id='word_1_368' title='bbox 571 4261 659 4320; x_wconf 80' lang='lat' dir='ltr'><strong>Deus</strong></span> <span class='ocrx_word' id='word_1_369' title='bbox 674 4266 778 4317; x_wconf 80' lang='lat' dir='ltr'><strong>vester</strong></span> <span class='ocrx_word' id='word_1_370' title='bbox 793 4258 861 4333; x_wconf 83' lang='lat' dir='ltr'><strong>ipse</strong></span> <span class='ocrx_word' id='word_1_371' title='bbox 875 4258 993 4327; x_wconf 81' lang='lat' dir='ltr'><strong>veniet,</strong></span> <span class='ocrx_word' id='word_1_372' title='bbox 1009 4265 1039 4316; x_wconf 89' lang='lat' dir='ltr'><strong>et</strong></span> <span class='ocrx_word' id='word_1_373' title='bbox 1054 4259 1160 4316; x_wconf 84' lang='lat' dir='ltr'><strong>salva·</strong></span> <span class='ocrx_word' id='word_1_374' title='bbox 1174 4256 1199 4317; x_wconf 82' lang='grc' dir='ltr'><strong>Ι)</strong></span> <span class='ocrx_word' id='word_1_375' title='bbox 1214 4254 1345 4336; x_wconf 89' lang='lat' dir='ltr'><strong>augelus</strong></span> <span class='ocrx_word' id='word_1_376' title='bbox 1367 4255 1448 4318; x_wconf 82' lang='lat' dir='ltr'><strong>dixit</strong></span> <span class='ocrx_word' id='word_1_377' title='bbox 1469 4257 1509 4318; x_wconf 85' lang='lat' dir='ltr'><strong>ad</strong></span> <span class='ocrx_word' id='word_1_378' title='bbox 1529 4256 1646 4339; x_wconf 76' lang='lat' dir='ltr'><strong>loseph</strong></span> <span class='ocrx_word' id='word_1_379' title='bbox 1664 4275 1671 4321; x_wconf 90' lang='lat'>:</span> <span class='ocrx_word' id='word_1_380' title='bbox 1689 4259 1820 4323; x_wconf 86' lang='lat' dir='ltr'><strong>Vocabis</strong></span> <span class='ocrx_word' id='word_1_381' title='bbox 1838 4271 1933 4320; x_wconf 84' lang='lat' dir='ltr'><strong>nomen</strong></span> <span class='ocrx_word' id='word_1_382' title='bbox 1954 4268 2003 4316; x_wconf 75' lang='lat' dir='ltr'><strong>aaa</strong></span> <span class='ocrx_word' id='word_1_383' title='bbox 2015 4279 2023 4306; x_wconf 90' lang='grc'><strong>·.</strong></span> <span class='ocrx_word' id='word_1_384' title='bbox 2038 4267 2039 4330; x_wconf 71' lang='grc'>]</span> 
     </span>
     <span class='ocr_line' id='line_1_33' title="bbox 494 4341 1967 4437; baseline 0 -21"><span class='ocrx_word' id='word_1_385' title='bbox 494 4359 539 4416; x_wconf 83' lang='lat' dir='ltr'><strong>bit</strong></span> <span class='ocrx_word' id='word_1_386' title='bbox 555 4377 608 4416; x_wconf 86' lang='lat' dir='ltr'><strong>vos</strong></span> <span class='ocrx_word' id='word_1_387' title='bbox 622 4377 633 4417; x_wconf 92' lang='lat'><strong>.·</strong></span> <span class='ocrx_word' id='word_1_388' title='bbox 651 4366 729 4417; x_wconf 83' lang='lat' dir='ltr'><strong>tunc</strong></span> <span class='ocrx_word' id='word_1_389' title='bbox 748 4357 943 4431; x_wconf 78' lang='lat' dir='ltr'><strong>aperientur</strong></span> <span class='ocrx_word' id='word_1_390' title='bbox 959 4357 1047 4415; x_wconf 85' lang='lat' dir='ltr'><strong>oculi</strong></span> <span class='ocrx_word' id='word_1_391' title='bbox 1065 4375 1159 4415; x_wconf 82' lang='lat' dir='ltr'><strong>cccco·</strong></span> <span class='ocrx_word' id='word_1_392' title='bbox 1214 4352 1284 4432; x_wconf 84' lang='lat' dir='ltr'><strong>ejus</strong></span> <span class='ocrx_word' id='word_1_393' title='bbox 1302 4354 1429 4433; x_wconf 83' lang='lat' dir='ltr'><strong>Jusum3</strong></span> <span class='ocrx_word' id='word_1_394' title='bbox 1451 4354 1520 4437; x_wconf 87' lang='lat' dir='ltr'><strong>ipse</strong></span> <span class='ocrx_word' id='word_1_395' title='bbox 1539 4357 1627 4418; x_wconf 85' lang='lat' dir='ltr'><strong>enim</strong></span> <span class='ocrx_word' id='word_1_396' title='bbox 1648 4357 1771 4421; x_wconf 85' lang='lat' dir='ltr'><strong>salvum</strong></span> <span class='ocrx_word' id='word_1_397' title='bbox 1791 4357 1874 4420; x_wconf 80' lang='lat' dir='ltr'><strong>faciet</strong></span> <span class='ocrx_word' id='word_1_398' title='bbox 1889 4341 1967 4436; x_wconf 77' lang='lat' dir='ltr'><strong>ptr²¹&#39;</strong></span> 
     </span>
     <span class='ocr_line' id='line_1_34' title="bbox 411 4450 1933 4538; baseline -0.002 -23"><span class='ocrx_word' id='word_1_399' title='bbox 411 4464 667 4525; x_wconf 63' lang='lat' dir='ltr'><strong>rametenses</strong></span> <span class='ocrx_word' id='word_1_400' title='bbox 689 4456 867 4514; x_wconf 81' lang='lat' dir='ltr'><strong>surdorum</strong></span> <span class='ocrx_word' id='word_1_401' title='bbox 885 4455 1062 4528; x_wconf 56' lang='lat' dir='ltr'><strong>patebunt·</strong></span> <span class='ocrx_word' id='word_1_402' title='bbox 1082 4462 1160 4513; x_wconf 77' lang='lat' dir='ltr'><strong>tenc</strong></span> <span class='ocrx_word' id='word_1_403' title='bbox 1214 4450 1327 4532; x_wconf 90' lang='lat' dir='ltr'><strong>pulum</strong></span> <span class='ocrx_word' id='word_1_404' title='bbox 1349 4471 1368 4514; x_wconf 96' lang='lat' dir='ltr'><strong>a</strong></span> <span class='ocrx_word' id='word_1_405' title='bbox 1392 4453 1531 4535; x_wconf 85' lang='lat' dir='ltr'><strong>peccatis</strong></span> <span class='ocrx_word' id='word_1_406' title='bbox 1555 4472 1677 4518; x_wconf 88' lang='lat' dir='ltr'><strong>eorum.</strong></span> <span class='ocrx_word' id='word_1_407' title='bbox 1701 4457 1836 4538; x_wconf 84' lang='lat' dir='ltr'><strong>[leuique</strong></span> <span class='ocrx_word' id='word_1_408' title='bbox 1857 4453 1933 4516; x_wconf 86' lang='lat' dir='ltr'><strong>mira·</strong></span> 
     </span>
     <span class='ocr_line' id='line_1_35' title="bbox 412 4549 1932 4637; baseline -0.001 -25"><span class='ocrx_word' id='word_1_409' title='bbox 412 4555 507 4613; x_wconf 82' lang='lat' dir='ltr'><strong>saliet</strong></span> <span class='ocrx_word' id='word_1_410' title='bbox 523 4555 607 4612; x_wconf 82' lang='lat' dir='ltr'><strong>sicut</strong></span> <span class='ocrx_word' id='word_1_411' title='bbox 621 4572 735 4612; x_wconf 84' lang='lat' dir='ltr'><strong>cervus</strong></span> <span class='ocrx_word' id='word_1_412' title='bbox 753 4554 904 4620; x_wconf 82' lang='lat' dir='ltr'><strong>claudus,</strong></span> <span class='ocrx_word' id='word_1_413' title='bbox 919 4559 950 4609; x_wconf 88' lang='lat' dir='ltr'><strong>et</strong></span> <span class='ocrx_word' id='word_1_414' title='bbox 965 4559 1079 4626; x_wconf 79' lang='lat' dir='ltr'><strong>aperta</strong></span> <span class='ocrx_word' id='word_1_415' title='bbox 1094 4552 1159 4610; x_wconf 85' lang='lat' dir='ltr'><strong>erit</strong></span> <span class='ocrx_word' id='word_1_416' title='bbox 1214 4549 1286 4611; x_wconf 85' lang='lat' dir='ltr'><strong>cula</strong></span> <span class='ocrx_word' id='word_1_417' title='bbox 1308 4549 1342 4612; x_wconf 90' lang='lat' dir='ltr'><strong>in</strong></span> <span class='ocrx_word' id='word_1_418' title='bbox 1362 4551 1469 4614; x_wconf 86' lang='lat' dir='ltr'><strong>verbis</strong></span> <span class='ocrx_word' id='word_1_419' title='bbox 1490 4551 1540 4614; x_wconf 92' lang='lat' dir='ltr'><strong>his</strong></span> <span class='ocrx_word' id='word_1_420' title='bbox 1559 4554 1647 4618; x_wconf 74' lang='lat' dir='ltr'><strong>Isaiae</strong></span> <span class='ocrx_word' id='word_1_421' title='bbox 1665 4563 1820 4637; x_wconf 83' lang='lat' dir='ltr'><strong>praetacta,</strong></span> <span class='ocrx_word' id='word_1_422' title='bbox 1834 4560 1862 4615; x_wconf 86' lang='lat' dir='ltr'><strong>et</strong></span> <span class='ocrx_word' id='word_1_423' title='bbox 1877 4551 1932 4633; x_wconf 89' lang='lat' dir='ltr'><strong>plu·</strong></span> 
     </span>
     <span class='ocr_line' id='line_1_36' title="bbox 414 4648 1932 4731; baseline -0.004 -18"><span class='ocrx_word' id='word_1_424' title='bbox 414 4654 530 4729; x_wconf 77' lang='lat' dir='ltr'><strong>tinpua</strong></span> <span class='ocrx_word' id='word_1_425' title='bbox 550 4661 727 4712; x_wconf 81' lang='lat' dir='ltr'><strong>mutorum.</strong></span> <span class='ocrx_word' id='word_1_426' title='bbox 745 4652 783 4713; x_wconf 91' lang='lat' dir='ltr'><strong>ls.</strong></span> <span class='ocrx_word' id='word_1_427' title='bbox 801 4668 896 4723; x_wconf 85' lang='lat' dir='ltr'><strong>xxxv,</strong></span> <span class='ocrx_word' id='word_1_428' title='bbox 914 4648 976 4710; x_wconf 78' lang='lat'><strong>4-6.</strong></span> <span class='ocrx_word' id='word_1_429' title='bbox 1214 4666 1249 4709; x_wconf 93' lang='lat' dir='ltr'><strong>ra</strong></span> <span class='ocrx_word' id='word_1_430' title='bbox 1265 4648 1326 4710; x_wconf 90' lang='lat' dir='ltr'><strong>alia</strong></span> <span class='ocrx_word' id='word_1_431' title='bbox 1346 4650 1531 4731; x_wconf 70' lang='lat' dir='ltr'><strong>semitiora,</strong></span> <span class='ocrx_word' id='word_1_432' title='bbox 1549 4651 1694 4715; x_wconf 91' lang='lat' dir='ltr'><strong>Christus</strong></span> <span class='ocrx_word' id='word_1_433' title='bbox 1715 4654 1795 4716; x_wconf 89' lang='lat' dir='ltr'><strong>inter</strong></span> <span class='ocrx_word' id='word_1_434' title='bbox 1811 4649 1932 4714; x_wconf 88' lang='lat' dir='ltr'><strong>homines</strong></span> 
     </span>
     <span class='ocr_line' id='line_1_37' title="bbox 453 4745 1934 4833; baseline -0.002 -21"><span class='ocrx_word' id='word_1_435' title='bbox 453 4750 661 4813; x_wconf 89' lang='lat' dir='ltr'><strong>Beatissimus</strong></span> <span class='ocrx_word' id='word_1_436' title='bbox 682 4751 776 4812; x_wconf 90' lang='lat' dir='ltr'><strong>isaias</strong></span> <span class='ocrx_word' id='word_1_437' title='bbox 798 4749 954 4831; x_wconf 87' lang='lat' dir='ltr'><strong>propheta</strong></span> <span class='ocrx_word' id='word_1_438' title='bbox 972 4747 1070 4810; x_wconf 90' lang='lat' dir='ltr'><strong>verba</strong></span> <span class='ocrx_word' id='word_1_439' title='bbox 1091 4747 1159 4812; x_wconf 80' lang='lat' dir='ltr'><strong>haec</strong></span> <span class='ocrx_word' id='word_1_440' title='bbox 1212 4745 1599 4831; x_wconf 90' lang='lat' dir='ltr'><strong>ambulans,corporaliter</strong></span> <span class='ocrx_word' id='word_1_441' title='bbox 1613 4750 1867 4833; x_wconf 85' lang='lat' dir='ltr'><strong>spiritualiterque</strong></span> <span class='ocrx_word' id='word_1_442' title='bbox 1880 4763 1934 4828; x_wconf 79' lang='lat' dir='ltr'><strong>per</strong></span> 
     </span>
     <span class='ocr_line' id='line_1_38' title="bbox 412 4843 2038 4931; baseline -0.006 -18"><span class='ocrx_word' id='word_1_443' title='bbox 412 4851 451 4913; x_wconf 91' lang='lat' dir='ltr'><strong>de</strong></span> <span class='ocrx_word' id='word_1_444' title='bbox 474 4850 589 4914; x_wconf 93' lang='lat' dir='ltr'><strong>Christi</strong></span> <span class='ocrx_word' id='word_1_445' title='bbox 613 4851 752 4913; x_wconf 89' lang='lat' dir='ltr'><strong>adventu</strong></span> <span class='ocrx_word' id='word_1_446' title='bbox 777 4849 933 4931; x_wconf 85' lang='lat' dir='ltr'><strong>praedixit.</strong></span> <span class='ocrx_word' id='word_1_447' title='bbox 951 4847 1094 4911; x_wconf 92' lang='lat' dir='ltr'><strong>Christus</strong></span> <span class='ocrx_word' id='word_1_448' title='bbox 1116 4855 1160 4909; x_wconf 80' lang='lat' dir='ltr'><strong>et-</strong></span> <span class='ocrx_word' id='word_1_449' title='bbox 1214 4845 1287 4925; x_wconf 89' lang='lat' dir='ltr'><strong>egit.</strong></span> <span class='ocrx_word' id='word_1_450' title='bbox 1314 4846 1402 4908; x_wconf 90' lang='lat' dir='ltr'><strong>Unde</strong></span> <span class='ocrx_word' id='word_1_451' title='bbox 1426 4854 1457 4909; x_wconf 93' lang='lat' dir='ltr'><strong>et</strong></span> <span class='ocrx_word' id='word_1_452' title='bbox 1481 4848 1514 4909; x_wconf 91' lang='lat' dir='ltr'><strong>in</strong></span> <span class='ocrx_word' id='word_1_453' title='bbox 1539 4848 1705 4929; x_wconf 87' lang='lat' dir='ltr'><strong>evangelio</strong></span> <span class='ocrx_word' id='word_1_454' title='bbox 1732 4849 1868 4913; x_wconf 89' lang='lat' dir='ltr'><strong>hodierno</strong></span> <span class='ocrx_word' id='word_1_455' title='bbox 1887 4843 1930 4904; x_wconf 87' lang='lat' dir='ltr'><strong>de·</strong></span> <span class='ocrx_word' id='word_1_456' title='bbox 1951 4853 2010 4897; x_wconf 68' lang='lat' dir='ltr'><strong>tor-¹</strong></span> <span class='ocrx_word' id='word_1_457' title='bbox 2037 4865 2038 4876; x_wconf 53' lang='lat'>¹</span> 
     </span>
    </p>
   </div>
   <div class='ocr_carea' id='block_1_6' title="bbox 412 4922 2011 5032">
    <p class='ocr_par' dir='ltr' id='par_1_6' title="bbox 412 4922 2011 5032">
     <span class='ocr_line' id='line_1_39' title="bbox 412 4922 2011 5032; baseline -0.005 -21"><span class='ocrx_word' id='word_1_458' title='bbox 412 4949 498 5011; x_wconf 90' lang='lat' dir='ltr'><strong>enim</strong></span> <span class='ocrx_word' id='word_1_459' title='bbox 514 4949 567 5030; x_wconf 89' lang='lat' dir='ltr'><strong>(de</strong></span> <span class='ocrx_word' id='word_1_460' title='bbox 588 4967 652 5032; x_wconf 89' lang='lat' dir='ltr'><strong>quo</strong></span> <span class='ocrx_word' id='word_1_461' title='bbox 672 4949 704 5010; x_wconf 94' lang='lat' dir='ltr'><strong>in</strong></span> <span class='ocrx_word' id='word_1_462' title='bbox 728 4949 832 5030; x_wconf 90' lang='lat' dir='ltr'><strong>prima</strong></span> <span class='ocrx_word' id='word_1_463' title='bbox 849 4947 979 5009; x_wconf 81' lang='lat' dir='ltr'><strong>loannis</strong></span> <span class='ocrx_word' id='word_1_464' title='bbox 1001 4945 1160 5009; x_wconf 90' lang='lat' dir='ltr'><strong>Canonica</strong></span> <span class='ocrx_word' id='word_1_465' title='bbox 1214 4945 1365 5007; x_wconf 89' lang='lat' dir='ltr'><strong>scribitur</strong></span> <span class='ocrx_word' id='word_1_466' title='bbox 1386 4947 1482 5009; x_wconf 90' lang='lat' dir='ltr'><strong>unius</strong></span> <span class='ocrx_word' id='word_1_467' title='bbox 1503 4947 1592 5010; x_wconf 88' lang='lat' dir='ltr'><strong>surdi</strong></span> <span class='ocrx_word' id='word_1_468' title='bbox 1612 4966 1650 5011; x_wconf 87' lang='lat' dir='ltr'><strong>ac</strong></span> <span class='ocrx_word' id='word_1_469' title='bbox 1673 4949 1751 5012; x_wconf 90' lang='lat' dir='ltr'><strong>muti</strong></span> <span class='ocrx_word' id='word_1_470' title='bbox 1773 4946 1884 5011; x_wconf 91' lang='lat' dir='ltr'><strong>curatio.</strong></span> <span class='ocrx_word' id='word_1_471' title='bbox 1940 4922 2011 4962; x_wconf 47' lang='lat'><strong>¹¹²⁰*</strong></span> 
     </span>
    </p>
   </div>
   <div class='ocr_carea' id='block_1_7' title="bbox 265 5043 1929 5328">
    <p class='ocr_par' dir='ltr' id='par_1_7' title="bbox 265 5043 1929 5328">
     <span class='ocr_line' id='line_1_40' title="bbox 271 5043 1928 5130; baseline -0.001 -25"><span class='ocrx_word' id='word_1_472' title='bbox 271 5061 397 5114; x_wconf 58' lang='lat' dir='ltr'><strong>racanas.</strong></span> <span class='ocrx_word' id='word_1_473' title='bbox 412 5049 568 5130; x_wconf 91' lang='lat' dir='ltr'><strong>scriptum</strong></span> <span class='ocrx_word' id='word_1_474' title='bbox 588 5055 636 5111; x_wconf 92' lang='lat' dir='ltr'><strong>est</strong></span> <span class='ocrx_word' id='word_1_475' title='bbox 652 5063 660 5109; x_wconf 92' lang='lat'><strong>:</strong></span> <span class='ocrx_word' id='word_1_476' title='bbox 676 5047 734 5109; x_wconf 90' lang='lat' dir='ltr'><strong>Hic</strong></span> <span class='ocrx_word' id='word_1_477' title='bbox 754 5053 802 5108; x_wconf 93' lang='lat' dir='ltr'><strong>est</strong></span> <span class='ocrx_word' id='word_1_478' title='bbox 822 5063 917 5106; x_wconf 91' lang='lat' dir='ltr'><strong>verus</strong></span> <span class='ocrx_word' id='word_1_479' title='bbox 939 5045 1022 5106; x_wconf 89' lang='lat' dir='ltr'><strong>Deus</strong></span> <span class='ocrx_word' id='word_1_480' title='bbox 1044 5052 1076 5106; x_wconf 91' lang='lat' dir='ltr'><strong>et</strong></span> <span class='ocrx_word' id='word_1_481' title='bbox 1094 5045 1160 5106; x_wconf 87' lang='lat' dir='ltr'><strong>vita</strong></span> <span class='ocrx_word' id='word_1_482' title='bbox 1254 5043 1344 5107; x_wconf 90' lang='lat' dir='ltr'><strong>Circa</strong></span> <span class='ocrx_word' id='word_1_483' title='bbox 1359 5063 1454 5127; x_wconf 90' lang='lat' dir='ltr'><strong>quam</strong></span> <span class='ocrx_word' id='word_1_484' title='bbox 1470 5046 1573 5108; x_wconf 83' lang='lat' dir='ltr'><strong>multa</strong></span> <span class='ocrx_word' id='word_1_485' title='bbox 1587 5047 1722 5130; x_wconf 80' lang='lat' dir='ltr'><strong>mystice</strong></span> <span class='ocrx_word' id='word_1_486' title='bbox 1737 5055 1806 5112; x_wconf 89' lang='lat' dir='ltr'><strong>sunt</strong></span> <span class='ocrx_word' id='word_1_487' title='bbox 1819 5059 1928 5128; x_wconf 87' lang='lat' dir='ltr'><strong>pensau-</strong></span> 
     </span>
     <span class='ocr_line' id='line_1_41' title="bbox 265 5127 1929 5229; baseline -0.008 -18"><span class='ocrx_word' id='word_1_488' title='bbox 265 5127 299 5169; x_wconf 62' lang='grc' dir='ltr'><strong>’θ’</strong></span> <span class='ocrx_word' id='word_1_489' title='bbox 412 5147 645 5228; x_wconf 77' lang='lat' dir='ltr'><strong>eterna)venit</strong></span> <span class='ocrx_word' id='word_1_490' title='bbox 660 5164 718 5228; x_wconf 90' lang='lat' dir='ltr'><strong>per</strong></span> <span class='ocrx_word' id='word_1_491' title='bbox 738 5143 989 5206; x_wconf 88' lang='lat' dir='ltr'><strong>incarnationem</strong></span> <span class='ocrx_word' id='word_1_492' title='bbox 1009 5162 1100 5206; x_wconf 90' lang='lat' dir='ltr'><strong>suam</strong></span> <span class='ocrx_word' id='word_1_493' title='bbox 1119 5143 1159 5204; x_wconf 92' lang='lat' dir='ltr'><strong>ad</strong></span> <span class='ocrx_word' id='word_1_494' title='bbox 1214 5143 1263 5204; x_wconf 92' lang='lat' dir='ltr'><strong>da.</strong></span> <span class='ocrx_word' id='word_1_495' title='bbox 1289 5143 1328 5205; x_wconf 85' lang='lat' dir='ltr'><strong>Et</strong></span> <span class='ocrx_word' id='word_1_496' title='bbox 1350 5143 1465 5225; x_wconf 93' lang='lat' dir='ltr'><strong>primo,</strong></span> <span class='ocrx_word' id='word_1_497' title='bbox 1489 5145 1544 5227; x_wconf 88' lang='lat' dir='ltr'><strong>qui</strong></span> <span class='ocrx_word' id='word_1_498' title='bbox 1571 5163 1628 5227; x_wconf 87' lang='lat' dir='ltr'><strong>per</strong></span> <span class='ocrx_word' id='word_1_499' title='bbox 1652 5165 1728 5210; x_wconf 92' lang='lat' dir='ltr'><strong>eum</strong></span> <span class='ocrx_word' id='word_1_500' title='bbox 1752 5141 1929 5229; x_wconf 85' lang='lat' dir='ltr'><strong>spiritualiter</strong></span> 
     </span>
     <span class='ocr_line' id='line_1_42' title="bbox 413 5241 1928 5328; baseline -0.005 -19"><span class='ocrx_word' id='word_1_501' title='bbox 413 5245 570 5322; x_wconf 90' lang='lat' dir='ltr'><strong>homines,</strong></span> <span class='ocrx_word' id='word_1_502' title='bbox 591 5253 622 5308; x_wconf 90' lang='lat' dir='ltr'><strong>et</strong></span> <span class='ocrx_word' id='word_1_503' title='bbox 643 5262 698 5308; x_wconf 91' lang='lat' dir='ltr'><strong>eos</strong></span> <span class='ocrx_word' id='word_1_504' title='bbox 722 5241 866 5317; x_wconf 88' lang='lat' dir='ltr'><strong>salvavit,</strong></span> <span class='ocrx_word' id='word_1_505' title='bbox 889 5241 1160 5324; x_wconf 89' lang='lat' dir='ltr'><strong>quemadmodum</strong></span> <span class='ocrx_word' id='word_1_506' title='bbox 1214 5242 1421 5323; x_wconf 89' lang='lat' dir='ltr'><strong>designentur</strong></span> <span class='ocrx_word' id='word_1_507' title='bbox 1443 5260 1449 5305; x_wconf 93' lang='lat'><strong>:</strong></span> <span class='ocrx_word' id='word_1_508' title='bbox 1471 5244 1557 5326; x_wconf 89' lang='lat' dir='ltr'><strong>quod</strong></span> <span class='ocrx_word' id='word_1_509' title='bbox 1582 5244 1616 5307; x_wconf 93' lang='lat' dir='ltr'><strong>in</strong></span> <span class='ocrx_word' id='word_1_510' title='bbox 1637 5246 1826 5328; x_wconf 86' lang='lat' dir='ltr'><strong>expositione</strong></span> <span class='ocrx_word' id='word_1_511' title='bbox 1844 5247 1928 5304; x_wconf 79' lang='lat' dir='ltr'><strong>textu</strong></span> 
     </span>
    </p>
   </div>
   <div class='ocr_carea' id='block_1_8' title="bbox 0 0 2077 6258">
    <p class='ocr_par' dir='ltr' id='par_1_8' title="bbox 0 0 2077 6258">
     <span class='ocr_line' id='line_1_43' title="bbox 0 0 2077 6258; baseline 0 0"><span class='ocrx_word' id='word_1_512' title='bbox 0 0 2077 6258; x_wconf 95' lang='lat' dir='ltr'><strong> </strong></span> 
     </span>
    </p>
   </div>
  </div>
 </body>
</html>
