4288 6264
429 474 469 538 34
813 490 962 538 DOhlelGh
983 493 1002 537 V
1023 492 1096 537 POST
1117 490 1247 538 Pascua.
1268 507 1308 519 -
1330 490 1429 538 subito
1450 489 1604 538 SECUNDUS

432 670 464 725 et
479 661 631 726 confusus
646 669 713 742 est,
725 669 779 724 aut
794 662 865 744 quis
881 661 1040 724 invocavit
1055 670 1183 736 eum,et
1195 660 1222 725 A
1236 660 1396 724 beneficia
1415 661 1582 742 erogando.
1601 659 1679 724 Cum
1700 659 1787 723 omni
1809 677 1885 740 ergo
1904 658 1987 722 fidu-

433 761 580 844 despexit
601 761 715 823 illuml
735 761 769 822 ln
795 760 966 840 Evangelio
988 778 1115 842 quoque
1138 759 1181 823 lo·
1237 760 1287 822 cia
1301 761 1401 822 Deum
1417 759 1529 821 devote
1544 778 1581 821 ac
1594 758 1713 840 jugiter
1729 758 1926 821 invocemus.
1938 757 1985 820 Ad

300 879 376 924 uara.
390 893 418 929 ιι,
433 861 543 942 quitur
559 860 702 923 Christus
719 877 725 921 :
744 858 855 922 Omnia
870 878 1079 940 quaecumque
1096 877 1183 921 oran·
1237 857 1321 938 quod
1343 857 1449 938 primo
1471 857 1622 919 inducere
1647 864 1678 918 ct
1700 875 1830 919 movere
1854 874 1911 918 nos
1933 856 1985 918 de-

286 946 321 987 ²⁴·
434 964 481 1018 tes
499 955 618 1038 petitis,
635 955 754 1018 credite
771 955 846 1037 quia
863 954 1038 1036 accipietis
1056 964 1088 1018 et
1102 953 1182 1017 fient
1236 955 1300 1028 bet,
1327 956 1412 1037 quod
1437 956 1520 1017 Deus
1548 963 1597 1018 est
1627 963 1690 1017 tam
1719 955 1804 1037 pius,
1831 954 1983 1028 liberalis,

285 1075 417 1129 maxtin.
435 1053 543 1132 vobis;
565 1053 716 1135 itemque,
738 1053 770 1115 Si
792 1072 848 1116 vos
873 1071 973 1134 quum
998 1053 1069 1115 sitis
1093 1052 1180 1128 mali,
1236 1052 1420 1116 caritativus
1440 1061 1471 1115 et
1491 1061 1658 1136 promptus
1679 1053 1718 1114 ad
1737 1051 1983 1126 exaudiendum,

432 1152 532 1214 nostis
553 1151 635 1215 bona
650 1152 721 1213 data
737 1151 812 1213 dare
827 1150 906 1212 filiis
922 1151 1046 1226 vestris,
1064 1158 1182 1233 quanto
1238 1157 1272 1210 ut
1286 1151 1406 1212 dictum
1423 1158 1481 1212 est.
1498 1150 1662 1232 Siquidem
1677 1149 1872 1212 abundantia
1888 1149 1985 1230 pieta-

433 1250 534 1331 magis
549 1250 639 1312 Pater
654 1257 758 1313 vester
774 1249 912 1313 coelestis
928 1249 1016 1311 dabit
1032 1250 1180 1332 spiritum
1238 1249 1278 1310 tis
1295 1268 1370 1323 sua,
1388 1266 1499 1330 preces
1515 1249 1697 1331 supplicum
1714 1247 1841 1310 excedit
1856 1256 1887 1309 et
1902 1255 1981 1310 vota.

433 1349 553 1412 bonum
569 1348 751 1431 petentibus
767 1348 1102 1430 settertiqqnoniam
1119 1355 1181 1410 tam
1236 1347 1309 1409 ldeo
1334 1347 1475 1429 loquitur
1494 1347 1714 1428 Augustinus:
1735 1346 1907 1409 Erubescat
1929 1347 1984 1408 hu·

433 1447 534 1510 multa
552 1455 585 1509 et
606 1465 719 1528 magna
741 1445 899 1508 beneficia
921 1445 1056 1508 contulit
1077 1445 1180 1522 nobis,
1237 1464 1331 1506 mana
1349 1444 1487 1526 pigritia,
1504 1445 1576 1528 plus
1592 1445 1662 1507 vult
1681 1446 1764 1508 Deus
1783 1445 1871 1519 dare,
1887 1464 1982 1526 quarn

433 1551 468 1607 ut
482 1543 622 1607 dubitari
637 1562 701 1607 non
716 1551 812 1626 queat
832 1543 911 1626 quin
926 1543 1078 1626 deinceps
1093 1562 1184 1606 exau·
1237 1543 1333 1605 homo
1356 1543 1511 1624 accipere.
1534 1543 1621 1605 Unde
1642 1543 1727 1625 apud
1745 1543 1915 1605 Jeremiam
1943 1543 1984 1605 lo

432 1643 500 1705 dire
520 1650 553 1704 et
571 1643 646 1704 dare
666 1650 793 1726 paratus
814 1643 864 1704 sit.
882 1642 971 1704 Pater
990 1642 1076 1703 enim
1096 1642 1183 1704 dedit
1237 1642 1347 1723 quitur
1366 1642 1449 1703 fieus
1471 1641 1585 1705 animae
1606 1640 1801 1724 peccatrici:
1818 1641 1864 1703 'fu
1889 1640 1985 1705 forni·
2012 1666 2058 1708 ier.
2068 1647 2128 1740 mc]

431 1740 524 1804 nobis
540 1739 742 1823 Unigenitum
758 1760 851 1803 suum
867 1741 900 1803 in
916 1741 1052 1823 pretium
1067 1747 1182 1804 nostra
1237 1746 1306 1801 cata
1333 1757 1367 1802 es
1396 1758 1470 1801 cum
1499 1739 1694 1801 amatoribus
1724 1739 1852 1818 multis;
1877 1746 1983 1802 tamen
2127 1745 2128 1766 ³

320 1877 375 1916 m,
399 1898 404 1908 ,
432 1840 672 1922 redemptionis,
689 1840 773 1902 sicut
795 1839 936 1922 loquitur
956 1840 1079 1902 isaias:
1101 1837 1396 1902 Puerbrevertere
1419 1837 1458 1898 ad
1484 1856 1545 1912 me,
1572 1837 1650 1900 dicit
1675 1837 1838 1900 Dominus.
1867 1838 1982 1901 Secun-

356 1977 417 2018 ,Μ
432 1944 525 1999 uatus
540 1945 589 2000 est
603 1937 706 2013 nobis,
718 1937 806 1999 filius
822 1938 913 2000 datus
930 1944 978 1999 est
992 1937 1182 2011 nobis.Quo
1237 1936 1288 2011 do,
1305 1936 1344 1997 ad
1364 1935 1448 1998 idem
1469 1954 1596 1998 movere
1616 1953 1674 1999 nos
1694 1935 1788 1998 debet
1810 1936 1985 2018 indigentia

313 2057 319 2070 ·
433 2035 639 2098 modoetiam
654 2054 718 2099 non
733 2036 948 2099 omnianobis
964 2055 1038 2098 cum
1056 2035 1112 2099 illo
1127 2036 1181 2099 do·
1237 2042 1354 2108 nostra,
1380 2035 1455 2117 quia
1483 2035 1692 2117 spiritualiter
1715 2054 1755 2097 ex
1783 2034 1984 2118 nobisipsis

432 2133 542 2197 navitl
558 2135 649 2196 Dedit
669 2135 799 2196 demum
819 2134 912 2196 nobis
931 2134 1086 2217 Spiritum
1106 2135 1181 2197 San·
1237 2133 1452 2195 infirmissimi
1476 2141 1571 2215 atque
1595 2133 1791 2216 pauperrimi
1813 2152 1937 2208 sumus,
1953 2141 1985 2195 et

432 2240 520 2296 ctum
556 2233 590 2295 in
624 2233 740 2316 pignus
772 2240 804 2296 et
836 2233 962 2295 arrham
996 2233 1180 2295 hereditatis
1236 2232 1275 2293 ad
1290 2232 1399 2294 omnia
1415 2240 1545 2314 peccata
1560 2232 1729 2314 proclives,
1746 2239 1889 2294 errantes
1904 2239 1935 2294 et
1950 2233 1983 2294 in

432 2350 590 2413 superna,
621 2339 717 2413 atquc
747 2330 990 2394 inhabitatorem
1020 2339 1052 2393 ct
1080 2339 1180 2395 recto·
1235 2348 1376 2393 errorem
1395 2331 1565 2393 trahentes.
1583 2332 1656 2394 ldeo
1675 2330 1909 2394 incessabiliter
1927 2331 1982 2394 Dei

432 2448 499 2492 rem
526 2429 706 2491 animarum
736 2437 926 2503 nostrarum,
952 2429 1077 2492 dicente
1101 2429 1181 2512 Apo·
1234 2428 1402 2509 adjutorio,
1420 2429 1665 2504 illuminatione,
1683 2430 1934 2504 conservatione,
1951 2435 1981 2491 et

296 2553 415 2609 prm,
431 2528 512 2591 stolo
528 2547 534 2592 :
552 2527 670 2591 Caritas
692 2527 748 2590 Dei
769 2525 889 2589 diffusa
907 2534 956 2590 est
976 2527 1008 2589 in
1031 2527 1179 2591 cordibus
1234 2527 1335 2608 gratia
1357 2546 1470 2608 magna
1489 2546 1526 2590 ac
1548 2528 1649 2590 multa
1674 2527 1883 2591 ineffabiliter
1904 2528 1981 2590 iudi·
2127 2595 2128 2616 χ

430 2626 547 2689 nostris
572 2645 630 2708 per
654 2625 808 2708 Spiritum
832 2625 983 2688 Sanctum
1007 2625 1062 2708 qui
1088 2626 1178 2688 datus
1233 2644 1358 2706 gemus.
1379 2627 1511 2709 Nempe,
1533 2635 1568 2688 ut
1588 2627 1632 2690 ait
1653 2628 1834 2710 Apostolus,
1855 2627 1981 2691 lusuffi-
2005 2651 2111 2698 ucoca

430 2733 479 2788 est
493 2725 597 2788 nobis.
608 2725 742 2807 lnsuper
757 2724 921 2807 deputavit
937 2724 1110 2806 unicuique
1126 2724 1179 2786 ho
1235 2725 1355 2787 cientes
1384 2745 1496 2787 sumus
1524 2725 1663 2806 cogitare
1691 2725 1814 2807 aliquid
1842 2746 1863 2789 a
1890 2717 2018 2790 nobis⁵·

430 2824 509 2886 mini
530 2831 676 2886 sanctum
698 2822 848 2904 angelum
870 2839 928 2905 pro
949 2823 1097 2902 custode;
1120 2829 1179 2885 tot·
1234 2824 1324 2904 quasi
1349 2842 1387 2885 ex
1412 2823 1516 2886 nobis.
1537 2824 1611 2887 ldeo
1635 2823 1773 2887 consulit
1796 2824 1882 2888 idern
1901 2826 1981 2907 Apo-

427 2941 490 3005 que
504 2923 678 3003 gratiarum
695 2921 885 2984 charismata
900 2921 1029 2984 donavit
1045 2920 1179 2983 homini·
1234 2921 1333 2983 stolus
1351 2941 1357 2985 :
1374 2921 1448 2984 Sine
1470 2922 1706 2985 intermissione
1725 2931 1821 2986 orate.
2002 2961 2115 3007 mm„

427 3020 499 3096 bus,
518 3029 551 3084 et
570 3021 662 3084 toties
683 3039 720 3082 ac
740 3019 862 3082 tamdiu
884 3018 976 3082 nobis
997 3019 1151 3100 pepercit.
1194 3023 1217 3088 (l
1274 3019 1389 3094 Tertio,
1406 3020 1445 3081 ad
1461 3021 1521 3083 hoc
1537 3038 1665 3084 movere
1681 3039 1738 3085 nos
1753 3022 1848 3084 debet
1863 3023 1980 3105 impor-
1994 3029 2030 3071 ¹⁷·

466 3120 512 3182 Ex
536 3120 654 3202 quibus
679 3119 857 3183 certissime
886 3117 1058 3182 innotescit
1082 3137 1178 3200 quarn
1233 3117 1362 3194 tunicis,
1373 3118 1535 3195 fortitudo,
1549 3119 1730 3196 multitudo,
1743 3120 1913 3184 crudelitas
1928 3121 1981 3184 ho

426 3219 648 3301 paratissimus
667 3217 709 3280 sit
728 3235 838 3298 preces
858 3225 982 3280 nostras
1001 3217 1176 3299 suscipere,
1234 3216 1330 3278 stium
1352 3225 1467 3282 uostrae
1484 3217 1607 3293 salutis,
1624 3218 1774 3282 videlicet
1787 3219 1979 3294 damonum,
2023 3286 2028 3294 ,

427 3317 580 3379 fiduciam
604 3323 745 3379 nostram
768 3315 913 3398 implere,
929 3316 1068 3399 peccatis
1091 3317 1178 3397 igno-
1233 3315 1289 3397 qui
1314 3315 1406 3378 nobis
1432 3317 1634 3398 ultraquam
1660 3336 1773 3400 capere
1798 3336 1980 3400 possumus,
2127 3333 2128 3382 l

428 3433 526 3488 scere,
549 3414 683 3495 gratiam
708 3420 740 3475 et
763 3413 898 3476 salutem
924 3423 1072 3495 praestare
1094 3434 1101 3478 :
1124 3433 1178 3497 po·
1234 3413 1435 3489 insidiantur,
1466 3415 1685 3491 inimicantur,
1709 3423 1742 3479 et
1770 3416 1917 3480 fortiores
1945 3435 1981 3479 ac

429 3512 590 3573 tissimum
607 3531 706 3593 quum
728 3511 864 3593 ipsemet
878 3513 971 3574 toties
989 3513 1022 3575 in
1039 3513 1179 3596 Scriptu-
1233 3511 1412 3575 callidiores
1446 3521 1531 3588 sunt,
1564 3514 1842 3597 crudelissimique
1876 3517 1980 3579 consi·

430 3611 474 3672 ris
494 3610 607 3672 invitet
625 3629 662 3672 ac
683 3617 810 3673 moneat
826 3627 883 3672 nos
904 3611 943 3672 ad
961 3612 1127 3686 orandum,
1145 3619 1180 3674 ut
1233 3611 1421 3685 stunt‚aliud
1437 3629 1568 3694 prorsus
1582 3631 1646 3675 non
1662 3613 1806 3677 sitientes
1821 3614 1884 3676 nisi
1899 3614 1983 3677 dam·

429 3708 632 3772 confidamus
656 3709 689 3771 in
715 3726 763 3784 eo,
788 3715 883 3791 atque
909 3709 1052 3771 inomni
1078 3710 1179 3773 tribu·
1234 3709 1394 3772 nationem
1411 3719 1552 3774 nostram
1567 3719 1728 3775 aeternam.
1741 3714 1829 3776 Unde
1843 3714 1888 3776 ait
1902 3715 1982 3798 Apo

431 3807 547 3870 latione
562 3815 594 3869 et
608 3807 753 3889 angustia
769 3806 992 3889 confugiamus
1007 3809 1046 3870 ad
1062 3809 1176 3890 ipsum.
1234 3808 1333 3870 stolus
1351 3829 1357 3872 :
1374 3809 1443 3871 Non
1458 3818 1507 3872 est
1522 3810 1614 3872 nobis
1632 3811 1814 3874 colluctatio
1830 3812 1981 3876 adversus
2003 3846 2085 3903 ΕΜ,
2095 3861 2116 3896 ἦ

428 3905 531 3986 liujus
550 3924 677 3988 quoque
695 3914 744 3968 est
758 3905 820 3968 alia
840 3905 920 3969 ratio
936 3923 943 3968 :
961 3926 1034 3968 nam
1052 3926 1090 3968 ea
1108 3927 1180 3989 qua
1234 3925 1361 3969 carnem
1386 3916 1418 3970 et
1441 3909 1641 3989 sanguinem,
1665 3909 1720 3971 sed
1744 3911 1895 3974 adversus
1921 3912 1982 3994 spi·
1996 3913 2031 3954 ¹²·
2127 3957 2128 3980 ,

429 4005 513 4066 Deus
538 4004 629 4092 nobis
659 4005 822 4087 pracepit,
849 4013 881 4066 et
903 4024 975 4086 quae
1003 4006 1138 4087 requirit
1161 4025 1180 4068 a
1234 4004 1360 4066 ritualia
1388 4007 1539 4088 nequitia
1568 4007 1601 4069 in
1631 4007 1824 4083 coelestibus,
1851 4009 1911 4072 hoc
1934 4017 1983 4072 est

430 4102 534 4176 nobis,
559 4102 736 4185 adimplere
766 4120 830 4166 non
860 4121 1030 4185 possumus
1059 4103 1179 4186 absque
1234 4103 1403 4167 deamones.
1420 4104 1541 4177 Quibus
1558 4105 1677 4180 verbis,
1693 4107 1784 4187 quasi
1805 4124 1862 4188 pro
1882 4109 1982 4171 cousi·

427 4200 547 4263 auxilio
569 4201 678 4282 gratia
702 4201 783 4281 ejus,
805 4200 916 4263 saltem
939 4218 977 4264 eo
998 4203 1092 4264 modo
1116 4205 1218 4284 quol)
1235 4201 1277 4263 lio
1298 4210 1392 4284 atque
1415 4204 1566 4278 remedio,
1588 4203 1734 4286 protinus
1758 4204 1880 4267 addidit
1899 4206 1981 4289 Apo-

428 4299 498 4362 vult
518 4318 555 4362 ea
577 4299 716 4382 impleri,
733 4306 810 4381 puta
832 4318 871 4360 ex
893 4299 1022 4362 caritate
1047 4308 1079 4362 et
1099 4319 1180 4384 pura
1234 4299 1333 4362 stolus
1362 4320 1368 4362 :
1395 4301 1486 4364 Orate
1514 4302 1603 4364 omni
1626 4310 1770 4384 tempore
1795 4303 1828 4365 in
1853 4305 1979 4387 spiritu,
2007 4329 2067 4376 pp,
2081 4339 2099 4374 ι,

430 4397 606 4460 intentione
624 4397 664 4458 ad
684 4396 817 4478 gloriam
839 4405 870 4459 et
891 4399 1044 4460 honorem
1065 4399 1176 4481 ipsius.
1233 4398 1402 4478 vigilantes
1423 4400 1560 4463 inomni
1580 4401 1730 4463 instantia
1745 4409 1777 4464 et
1791 4402 1980 4467 obsecratio-

430 4497 462 4560 si
484 4514 559 4576 ergo
579 4513 644 4559 non
669 4502 752 4557 esset
774 4504 901 4577 paratus
926 4495 1020 4559 nobis
1044 4498 1178 4579 gratiam
1234 4516 1284 4558 ne.
1300 4497 1421 4578 iugiter
1440 4498 1545 4580 itaque
1564 4518 1638 4562 cum
1656 4501 1744 4564 omui
1762 4503 1935 4565 attentione
1949 4511 1981 4566 et

430 4594 601 4676 impertiri,
617 4594 806 4676 praeciperet
820 4601 851 4656 et
869 4595 1044 4676 requireret
1064 4596 1180 4678 impos·
1234 4595 1358 4657 fervore
1378 4597 1477 4658 Deum
1501 4616 1681 4679 precemur,
1698 4606 1733 4660 ut
1753 4599 1794 4661 ab
1814 4600 1982 4663 invisibili·

430 4693 537 4756 sibilia
552 4693 698 4774 quaedam
711 4711 730 4753 a
744 4692 837 4755 nobis
855 4713 861 4757 :
878 4694 963 4775 quod
979 4694 1115 4776 impium
1132 4702 1180 4757 est
1234 4693 1294 4754 bus
1318 4694 1463 4756 hostibus
1488 4695 1557 4757 istis
1582 4714 1639 4759 nos
1663 4706 1800 4773 tueatur,
1820 4706 1852 4760 et
1873 4707 1982 4763 contra

431 4791 585 4873 suspicari
601 4791 639 4853 de
654 4791 707 4872 pio
720 4798 752 4852 et
766 4792 1093 4873 supersapientissimo
1106 4794 1177 4856 Deo.
1234 4810 1287 4854 eos
1308 4810 1366 4855 nos
1386 4793 1533 4856 roborare
1549 4813 1586 4856 cc
1601 4814 1724 4858 armare
1743 4797 1903 4878 dignetur,
1918 4799 1981 4862 vir-

472 4889 626 4971 Deinceps
641 4888 762 4952 fiducia
778 4890 836 4952 ista
852 4890 883 4951 in
900 4891 1091 4972 Deo,utpote
1106 4909 1178 4973 spes
1233 4898 1317 4954 tutes
1337 4899 1369 4953 et
1388 4893 1470 4954 dona
1492 4893 1629 4975 Spiritus
1651 4895 1757 4957 Sancti
1776 4896 1891 4972 dando,
1908 4917 1980 4962 con·

432 4989 577 5062 formata,
589 4987 805 5051 confidentem
820 5006 883 5050 non
901 4996 1004 5070 potest
1018 4989 1176 5072 decipere,
1233 4991 1389 5052 servando
1407 5009 1443 5052 ac
1464 4991 1662 5073 perficiendo
1682 4993 1714 5055 in
1732 4994 1835 5058 nobis.
1852 4996 1978 5073 Quarto,

431 5087 583 5170 quoniam
603 5087 703 5150 Deum
729 5087 837 5149 nullus
859 5094 963 5168 potest
982 5087 1109 5150 sinistre
1132 5090 1178 5151 in·
1233 5088 1272 5151 ad
1297 5089 1381 5152 idem
1407 5107 1464 5152 nos
1489 5091 1584 5153 debet
1607 5092 1758 5156 iuducere
1782 5095 1980 5160 immensitas

432 5186 580 5261 formare,
610 5204 670 5248 nec
700 5186 768 5269 ipse
799 5185 914 5248 mutari
942 5193 1046 5267 potest
1074 5207 1178 5271 neque
1233 5189 1333 5251 nostri
1350 5189 1495 5271 periculi.
1513 5190 1545 5254 Si
1561 5191 1647 5254 enim
1664 5195 1906 5259 succumbimus
1925 5197 1979 5260 ho-

433 5284 572 5362 mentiri,
599 5303 703 5371 neque
730 5285 895 5368 opulentia
923 5284 994 5367 ejus
1023 5287 1179 5353 minuitur
1234 5288 1336 5351 stibus
1361 5288 1440 5366 istis,
1461 5290 1487 5352 si
1512 5309 1531 5352 a
1554 5291 1618 5355 Deo
1641 5310 1705 5356 nou
1728 5293 1929 5376 adjuvamur,
1952 5299 1979 5361 si
