4192 6258
393 541 542 590 noxmxcx
562 543 604 588 xx
625 542 699 590 rosr
717 540 912 589 rsrmrxrsu.
932 558 973 571 -
993 541 1167 590 autumno
1188 542 1220 589 m
1239 543 1433 592 urinarum
1627 522 1686 590 ott

134 731 220 786 rum,
238 731 303 777 non
322 731 381 796 pro
396 715 531 796 singulis
551 732 715 796 generum.
733 714 794 777 Sed
809 732 885 796 qua·
899 713 925 777 A
940 733 1011 797 quta
1025 714 1140 777 fecisti.
1159 719 1320 785 Quomodo
1335 719 1398 777 huc
1413 719 1561 788 intrasti,
1577 715 1608 779 id
1627 724 1686 792 est,

135 811 210 874 liter
225 813 310 874 inter
323 814 458 893 gentiles
475 814 613 878 inveniri
629 821 772 896 poterant
786 813 885 894 aliqui
940 831 1002 894 qua
1026 814 1274 896 presumptione
1304 815 1337 878 in
1362 815 1504 878 Ecclesia
1526 814 1687 890 exstitisti,

12 931 120 978 »arura
134 910 234 973 bonit
259 911 322 974 nisi
353 913 437 994 quod
465 914 560 994 (teste
584 912 749 995 Apostolo)
776 920 886 993 gentes
940 918 972 973 et
1002 911 1085 972 inter
1117 911 1229 974 fidelos
1261 913 1448 995 apparuisti,
1481 915 1688 977 sacramentis

135 1028 208 1090 quae
229 1009 333 1090 legem
353 1029 417 1074 non
436 1011 566 1086 hahent,
583 1017 615 1074 et
633 1019 737 1073 umen
758 1029 795 1072 ea
815 1029 886 1091 quaa
941 1027 1068 1091 quoque
1084 1011 1339 1086 communicasti,
1356 1032 1420 1072 non
1436 1013 1556 1072 habens
1570 1022 1686 1073 uestem

136 1107 217 1188 legis
232 1115 309 1170 sunt
322 1108 454 1184 faciunt,
465 1109 527 1191 ipsi
543 1108 605 1172 sibi
621 1117 695 1171 sunt
711 1109 761 1171 lex
774 1108 885 1170 :multi
940 1109 1134 1182 nuptialem,
1150 1108 1300 1172 videlicet
1321 1110 1495 1184 caritatem,
1512 1129 1583 1192 quae
1605 1111 1688 1174 inter

136 1223 266 1287 quoque
286 1206 454 1287 gentilium
474 1207 647 1269 virtutibus
670 1206 835 1288 acquisitis
855 1213 887 1268 et
940 1205 1058 1268 electos
1079 1206 1295 1289 roprobcsque
1315 1207 1348 1268 in
1368 1207 1433 1270 line
1452 1208 1628 1270 discernitt
1641 1212 1687 1271 At

137 1304 246 1367 indole
270 1303 353 1367 bona
374 1304 551 1386 lulgobant,
570 1306 625 1387 qui
650 1304 886 1386 comparatione
941 1305 997 1362 ille
1019 1306 1182 1365 obmutuit
1202 1325 1214 1364 .·
1233 1305 1308 1387 quia
1331 1305 1444 1386 injusti
1468 1305 1533 1369 Deo
1555 1307 1687 1370 reddere

136 1401 275 1464 aliorum
304 1401 380 1466 boni
409 1411 572 1466 vocantur.
600 1402 687 1465 Unde
712 1409 744 1464 ot
772 1401 886 1464 Paulus
941 1409 1105 1483 nequeunt
1129 1402 1294 1465 rationem.

136 1501 220 1563 dixit
240 1501 352 1582 gentili
370 1519 377 1563 :
393 1501 461 1564 Non
484 1501 619 1576 insanio,
637 1501 759 1582 optime
784 1502 884 1563 Festa.
982 1504 1072 1561 Tunc
1085 1503 1175 1561 dinis
1196 1521 1256 1560 reu
1275 1503 1440 1563 ministris
1456 1523 1467 1562 :
1482 1521 1546 1565 non
1566 1501 1631 1565 illis
1648 1502 1688 1566 de

137 1599 194 1662 l'el
221 1599 292 1662 idco
320 1599 473 1662 dicuntur
494 1617 701 1681 congregasse
731 1598 831 1662 bonos
855 1608 887 1661 et
940 1598 1058 1680 quibus
1072 1599 1260 1680 praedictum
1275 1607 1333 1674 est,
1350 1608 1427 1682 puta
1440 1601 1615 1684 Apostolis3
1632 1601 1687 1664 sed

136 1699 252 1772 malos,
267 1698 420 1781 quoniam
436 1698 468 1760 in
485 1697 626 1761 Ecclesia
640 1697 716 1760 boni
732 1705 806 1759 sunt
821 1716 885 1759 ma·
940 1697 1061 1778 angelis
1091 1697 1220 1770 sanctis,
1244 1697 1299 1779 qui
1324 1698 1357 1759 in
1381 1699 1433 1760 die
1455 1699 1569 1780 judicii
1593 1707 1688 1762 erunt

136 1796 176 1858 lis
199 1796 342 1858 admixti.
941 1804 1141 1860 exsecutores
1156 1797 1321 1860 sententie
1334 1797 1466 1872 iudicis,
1483 1798 1687 1880 quemadmo

177 1897 221 1956 Et
246 1897 386 1970 impletae
408 1904 484 1955 sunt
509 1896 634 1970 nuptiae
657 1893 923 1956 discumbenti-B
941 1895 1017 1957 dum
1039 1896 1151 1957 asserit
1173 1895 1314 1957 Christus
1332 1913 1338 1958 τ
1355 1897 1391 1958 ln
1414 1897 1686 1960 consummatione
1701 1910 1835 1968 unctum,

136 2013 207 2064 um,
223 1993 254 2054 id
272 2000 331 2066 est,
348 1991 519 2055 multitudo
534 1999 730 2066 vocatorum,
742 1999 837 2074 atque
853 1991 885 2053 in
941 1993 1049 2056 seculi
1064 1993 1198 2056 exibunt
1211 1994 1366 2074 angeli,et
1380 1995 1572 2076 separabunt
1586 1995 1687 2058 malos
1701 1980 1736 2028 *θ’
1747 1980 1780 2022 ⁵⁰·

135 2091 256 2173 nuptiis
272 2091 386 2154 Christi
402 2091 608 2175 spiritualiter
621 2090 885 2164 recumbentium,
942 2092 980 2154 de
1001 2092 1106 2154 medic
1123 2092 1294 2173 justorum,
1312 2100 1343 2154 et
1366 2093 1493 2156 mittent
1512 2111 1566 2157 eos
1586 2093 1620 2156 in
1640 2112 1688 2156 ca-

137 2207 273 2252 numero
288 2209 325 2252 ac
341 2190 455 2253 merito
469 2197 518 2252 est
537 2190 696 2272 completa
714 2206 721 2252 τ
739 2191 823 2272 quod
843 2197 886 2252 ta·
942 2190 1066 2253 minum
1087 2189 1179 2272 ignis.
1196 2192 1325 2267 Lipotis
1343 2193 1494 2252 monibus
1508 2194 1689 2268 etpedibus

136 2305 291 2352 mennon
307 2288 534 2371 critpcrfccte,
552 2290 613 2352 nisi
630 2289 662 2351 in
678 2287 745 2352 line
761 2289 885 2364 mundi,
941 2291 1024 2366 ejus,
1041 2289 1162 2348 mittite
1180 2308 1254 2348 cum
1273 2291 1310 2349 in
1331 2291 1478 2349 tenebras
1499 2291 1688 2360 anteriores,

12 2417 119 2466 mnas,
136 2407 237 2471 quum
263 2388 408 2469 gentium
433 2388 598 2451 intraverit
619 2388 795 2470 plenitudo,
820 2405 886 2450 om·
943 2387 1038 2449 idest
1059 2385 1232 2449 infernales
1252 2404 1288 2448 ac
1305 2387 1496 2469 corporales,
1513 2406 1592 2470 quas
1613 2387 1691 2450 inci-

135 2487 252 2568 nisque
273 2486 369 2549 lsrael
389 2486 480 2568 juxta
500 2486 688 2569 Apostolum
710 2485 808 2548 luerit
827 2486 885 2548 sal·
942 2486 1016 2548 dere
1039 2484 1157 2547 meruit
1179 2484 1321 2548 cadendo
1343 2484 1375 2546 in
1395 2484 1542 2548 tenebras
1562 2485 1691 2548 interio-

134 2605 206 2658 vus,
224 2585 284 2648 hoc
305 2591 353 2648 est
371 2585 512 2647 universi
533 2585 626 2647 electi
646 2603 685 2646 ex
701 2584 886 2665 paganismo
941 2601 1003 2656 res,
1019 2581 1170 2644 videlicet
1192 2581 1309 2644 mentis
1329 2582 1514 2664 iniquitates
1537 2601 1593 2645 seu
1613 2583 1692 2646 vitia

135 2703 173 2746 ac
186 2683 360 2746 ludaismo.
378 2683 468 2745 Nunc
487 2690 594 2746 autem
614 2682 796 2765 aliqualiter
812 2689 886 2744 sunt
941 2689 974 2742 et
993 2698 1214 2761 erroresque
1234 2688 1309 2742 sunt
1325 2680 1504 2742 animarum
1525 2679 1687 2762 caligines.

12 2816 85 2850 xxva..
96 2807 117 2845 s.
134 2783 259 2865 nuptiae
279 2783 346 2844 istae
366 2781 516 2863 impletae,
534 2782 609 2863 quia
629 2781 661 2843 in
680 2799 808 2843 omnem
824 2788 885 2842 ter·
940 2779 1235 2851 Praeterea‚constat
1249 2778 1333 2860 quod
1349 2776 1476 2860 reprobi
1492 2778 1525 2839 in
1540 2779 1591 2840 dio
1604 2779 1689 2859 judi-

134 2899 205 2944 ram
227 2880 327 2943 exivit
348 2898 445 2942 sonus
466 2879 700 2961 predicationis
719 2878 884 2961 Apostolo-
941 2879 983 2941 cii
1003 2877 1208 2938 retrudentur
1230 2875 1262 2937 in
1284 2882 1435 2938 tartarum
1458 2876 1545 2938 nudi.
1567 2876 1689 2938 Idcirco

132 2997 219 3052 rum,
235 2979 279 3040 ita
301 2978 387 3060 quod
407 2985 472 3041 toto
492 2985 649 3040 terrarum
670 2976 746 3040 orbe
766 2976 885 3038 dillun-
941 2995 998 3059 per
1024 2993 1178 3037 manuum
1207 2992 1244 3035 ao
1273 2973 1392 3055 pedum
1421 2973 1616 3054 ligationem,
1641 2974 1688 3036 nil

132 3078 221 3139 ditur
242 3076 313 3159 ipsa
334 3075 484 3138 Ecclesia.
898 3074 920 3138 C
940 3076 1026 3138 aliud
1046 3075 1240 3155 designatur,
1257 3073 1320 3135 nisi
1341 3072 1566 3136 inevitabilitas
1585 3072 1686 3135 divini

172 3175 320 3234 Intravit
336 3182 443 3232 autom
461 3193 533 3242 reu,
544 3172 668 3234 scilicet
683 3173 765 3235 Deus
781 3174 880 3247 Pater,
936 3173 1062 3257 judicii,
1080 3172 1132 3234 cui
1147 3171 1294 3234 resistcre
1310 3179 1341 3233 et
1355 3189 1372 3233 a
1387 3189 1451 3253 quo
1466 3170 1576 3252 fugere
1591 3189 1686 3234 nemo

131 3289 195 3332 non
229 3278 317 3332 motu
349 3269 451 3343 locali,
478 3271 533 3332 sed
562 3289 620 3352 per
647 3271 801 3333 ellectum
832 3272 882 3334 sui
937 3269 1685 3351 valchit,secundumquodDominusperpro-

127 3369 257 3450 judicii,
274 3369 307 3430 in
330 3368 457 3450 nuptias
480 3369 548 3430 sive
574 3368 759 3444 Ecclesiam,
777 3379 814 3429 ut
836 3373 883 3429 oi·
937 3371 1065 3454 phetam
1081 3370 1176 3430 Amos
1192 3366 1488 3448 protestatur-:Ecce
1504 3383 1562 3448 ego
1575 3367 1830 3442 stridonensis,

129 3471 223 3528 deret
238 3467 486 3537 discumbentes,
502 3474 538 3528 ut
552 3466 750 3548 singulorum
770 3468 882 3529 merita
937 3468 978 3531 ho
993 3483 1171 3549 supervos,
1188 3465 1272 3527 sicut
1286 3464 1398 3528 stridet
1414 3465 1591 3545 plaustrum
1607 3482 1684 3528 onu-
1699 3455 1732 3497 ¹⁴·

131 3571 283 3647 pensaret
297 3583 333 3626 ao
347 3563 623 3646 judicarettquod
640 3564 716 3627 facit
732 3565 763 3627 in
781 3573 881 3627 morte
937 3576 1021 3629 stum
1046 3564 1152 3643 loen03
1176 3570 1208 3625 et
1233 3561 1351 3644 peribit
1375 3561 1449 3643 luga
1469 3581 1488 3624 a
1511 3561 1630 3636 veloce,
1651 3569 1684 3625 et

129 3663 345 3744 singulorum,
360 3662 481 3742 judicio
497 3662 679 3744 particulari
689 3681 697 3742 ;
713 3671 745 3726 ct
764 3663 797 3725 in
815 3663 881 3726 line
935 3665 1027 3728 fortis
1042 3681 1106 3725 non
1123 3660 1258 3724 salvabit
1276 3661 1414 3723 animam
1433 3679 1533 3723 suam.
1550 3663 1604 3722 Ibi
1618 3664 1682 3722 erit

129 3761 241 3824 saeculi
263 3766 334 3841 agot
353 3760 413 3823 hoc
432 3760 555 3840 judicio
574 3760 757 3823 universali.
774 3763 818 3821 Et
835 3763 881 3819 oi·
934 3767 1044 3840 fletus,
1061 3779 1125 3823 non
1144 3767 1301 3842 quantum
1320 3759 1357 3820 ad
1379 3758 1582 3821 lacrimarum
1599 3778 1682 3822 reso·

129 3863 182 3921 dit
204 3862 252 3919 ibi
271 3861 433 3920 hominem
452 3879 516 3919 non
537 3861 701 3929 uestitum,
718 3859 748 3921 id
770 3865 818 3921 est
836 3860 883 3921 in·
937 3861 1091 3923 tutionem
1114 3878 1150 3922 ao
1170 3858 1416 3931 emanationem,
1434 3857 1489 3920 sed
1508 3858 1612 3939 quoad
1635 3877 1683 3920 ce-

129 3967 184 4020 tus
205 3975 269 4020 non
292 3958 488 4031 decoratum,
505 3967 588 4017 veste
606 3959 764 4033 nuptiali,
780 3957 812 4019 id
834 3965 882 4020 est
936 3959 1020 4024 rebri
1043 3958 1327 4041 perturbationem,
1343 3957 1506 4038 animique
1527 3957 1680 4030 dolorem,

127 4056 233 4138 gratia
257 4063 382 4136 gratum
407 4053 554 4129 iaciente,
580 4073 637 4117 seu
666 4055 806 4129 caritate,
829 4056 881 4118 vel
935 4069 965 4119 et
987 4060 1112 4118 stridor
1134 4058 1295 4125 dentium,
1310 4063 1441 4136 propter
1466 4056 1566 4137 frigus
1589 4055 1682 4117 vehe-

128 4155 297 4217 meritorio
318 4162 402 4215 actu.
429 4153 466 4215 Et
491 4153 605 4216 merito
626 4154 739 4216 caritas
764 4155 881 4216 dicitur
937 4154 1182 4218 montissimum.
1200 4153 1294 4215 lbunt
1313 4153 1399 4215 enim
1419 4170 1437 4213 a
1457 4153 1560 4214 calore
1581 4153 1681 4215 nimio
1694 4170 1827 4223 oatqun.

126 4253 230 4316 vestis
252 4251 416 4334 nuptialis,
437 4251 587 4333 quoniam
607 4251 768 4314 Christum
792 4253 880 4314 incli-
896 4252 921 4314 D
936 4255 974 4316 ad
996 4273 1094 4335 aquas
1114 4252 1248 4315 nivium.
1267 4254 1370 4313 Multi
1383 4254 1470 4311 enim
1485 4261 1562 4312 sunt
1577 4255 1682 4312 uocati

126 4350 220 4414 navit
242 4358 277 4412 ut
302 4350 473 4412 humanam
497 4357 643 4412 naturam
665 4369 828 4413 assumere
849 4359 881 4413 ct
936 4356 974 4417 ad
991 4353 1118 4434 nuptias
1136 4351 1284 4413 Ecclesia
1301 4350 1477 4424 militantis,
1490 4353 1592 4426 pauci
1606 4372 1681 4411 vcro

126 4450 308 4512 Ecclesiam
331 4447 393 4511 sibi
416 4449 608 4530 desponsare
627 4449 819 4530 dignaretur.
837 4454 880 4512 Et
936 4455 1029 4513 eiecti
1052 4453 1090 4512 ad
1117 4451 1245 4531 nuptias
1270 4448 1419 4511 Ecclesia
1443 4449 1678 4530 triumphantis.

125 4551 179 4609 ait
196 4551 251 4608 itti
266 4569 276 4606 :
291 4549 416 4619 Amice,
432 4565 489 4630 per
509 4548 686 4610 naturalem
707 4548 881 4612 bonitatem
936 4550 1085 4626 Quamvis
1100 4550 1187 4611 enim
1208 4549 1240 4610 in
1261 4567 1294 4610 so
1314 4547 1407 4610 multi
1427 4554 1522 4629 atque
1536 4547 1682 4611 innume-

126 4655 164 4711 et
179 4645 279 4710 iidem
296 4645 479 4721 intormem,
496 4664 560 4709 non
576 4665 633 4729 per
647 4647 792 4729 gratiam,
805 4649 882 4710 cari·
936 4649 1053 4713 rabiles
1079 4649 1153 4722 sint,
1179 4647 1415 4730 comparatione
1444 4654 1550 4710 tamen
1575 4665 1681 4728 repro·

126 4753 229 4809 tatem
249 4765 286 4808 ac
308 4745 507 4808 meritorium
527 4753 643 4808 actum.
662 4746 775 4809 Omnia
795 4747 881 4810 enim
937 4748 1051 4813 horum
1077 4753 1152 4809 sunt
1175 4747 1279 4829 pauci.
1297 4747 1384 4809 Unde
1407 4744 1484 4807 alibi
1508 4746 1553 4808 ait
1575 4745 1681 4809 Salva·

126 4845 239 4924 diligit
253 4843 335 4906 Deus
351 4851 507 4924 quantum
523 4843 561 4906 ad
582 4843 614 4906 id
634 4844 720 4926 quod
736 4853 811 4907 sunt
825 4864 882 4927 per
937 4856 986 4910 tor
1003 4865 1010 4909 ε
1027 4846 1120 4908 hrota
1135 4852 1183 4908 est
1198 4845 1250 4906 via
1269 4863 1340 4927 qua
1359 4845 1447 4906 ducit
1465 4844 1505 4906 ad
1523 4844 1633 4920 vitam,
1650 4851 1682 4907 et
1695 4861 1827 4915 nutam,

128 4952 292 5016 naturam,
320 4942 405 5024 quod
434 4941 475 5004 ab
503 4942 573 5025 ipso
602 4961 659 5026 per
688 4943 881 5006 creationem
938 4945 1031 5028 pauci
1047 4944 1214 5007 inveniunt
1229 4960 1315 5022 eam;
1332 4943 1393 5005 lata
1407 4959 1482 5006 vero
1497 4949 1529 5005 et
1543 4943 1682 5024 spatiosa
1696 4931 1729 4980 ¹³·
1740 4931 1773 4971 ¹⁴·

12 5073 112 5126 „ma
128 5041 245 5106 sortita
260 5047 345 5114 sunt,
360 5039 451 5121 juxta
467 5040 545 5102 illud
562 5040 730 5122 Sapientia
749 5059 755 5104 :
772 5041 883 5124 Diligis
938 5064 1009 5126 quae
1034 5043 1123 5105 ducit
1144 5042 1183 5104 ad
1206 5041 1430 5124 perditionem,
1456 5048 1488 5106 et
1512 5041 1603 5104 multi
1628 5060 1681 5104 va·

128 5140 244 5206 omnia
275 5147 455 5222 quaesunt,
479 5147 511 5202 et
540 5139 620 5202 nihil
649 5139 743 5203 odisti
773 5158 884 5205 eorum
938 5143 1018 5206 dunt
1039 5160 1199 5224 peream.
