4192 6258
373 479 519 528 normias
540 480 594 526 xix
615 478 689 526 rosr
708 477 902 526 ramirarux.
924 493 964 508 -
983 477 1159 527 enarrarre
1179 479 1211 526 ru
1232 479 1426 528 nvauortruu
1615 465 1675 529 527

524 893 827 981 ENARRATIO
860 893 915 979 IN
949 891 1285 981 EVANGELIUM

355 1161 532 1210 recasurus
552 1161 640 1210 tusus
662 1160 694 1208 ru
715 1159 903 1218 uarroutax,
924 1159 1183 1206 rsausrnurarrr.
1201 1143 1307 1206 llatth.
1325 1162 1367 1218 rx,
1384 1143 1446 1207 l-a.

204 1443 391 1507 Al'l'llAEUS
405 1441 598 1523 evangelista
612 1439 837 1512 sanctissimos,
845 1437 876 1500 in
890 1439 915 1500 Α
931 1444 997 1500 stus
1013 1437 1157 1500 cordium
1174 1446 1222 1502 est
1237 1438 1680 1521 inspector3dieitparalyti-

220 1541 386 1623 evangelio
401 1539 556 1602 hodierno
571 1536 726 1602 describit
740 1537 877 1619 qualiter
929 1557 964 1596 co
974 1539 1135 1614 :Confida
1145 1539 1210 1615 fili,
1222 1537 1252 1600 id
1269 1545 1427 1620 est,spera
1442 1545 1473 1602 te
1488 1540 1680 1622 adepturum

125 1641 273 1705 Christus
301 1638 512 1722 paralyticum
541 1636 713 1718 quemdam
741 1634 875 1708 curavit,
931 1635 1073 1717 corporis
1095 1636 1262 1699 sanitatem
1280 1655 1287 1699 ε
1305 1638 1371 1700 imo
1389 1638 1510 1719 majora
1531 1639 1677 1722 recipies,

125 1740 184 1822 qui
214 1758 296 1822 pene
325 1736 471 1802 omnium
502 1735 685 1818 perdiderat
716 1753 810 1797 usum
840 1751 877 1795 ac
930 1731 1009 1796 Nam
1033 1732 1206 1797 subditur:
1224 1736 1444 1797 remittantur
1466 1739 1528 1797 titi
1546 1748 1679 1814 peccata

126 1845 252 1902 motum
278 1836 508 1909 membrorum,
535 1840 567 1897 et
590 1834 635 1896 ait
660 1853 667 1897 :
693 1835 878 1896 Ascendens
932 1839 1001 1902 tua,
1018 1839 1148 1913 propter
1168 1852 1239 1915 quae
1259 1831 1366 1896 forsan
1386 1834 1541 1898 sustinuit
1557 1837 1679 1920 paraly-

124 1941 220 2000 Jesas
235 1939 271 1996 in
284 1938 483 2005 naviculam,
496 1934 728 2010 transfretavit
744 1949 801 2014 per
817 1948 879 1993 ma·
931 1929 1013 1992 tiens
1042 1929 1095 1993 hie
1122 1930 1343 2012 aegritudinem
1373 1931 1475 1996 istam.
1507 1933 1680 1998 Sciendum

127 2056 161 2100 re
186 2034 333 2110 Galilaeae,
355 2043 385 2095 et
407 2035 496 2094 venit
520 2033 557 2093 itt
580 2032 746 2092 civitatem
771 2049 877 2098 suam,
931 2045 1018 2104 vero,
1035 2029 1120 2110 quod
1140 2035 1311 2112 antequam
1327 2030 1471 2094 Christus
1491 2031 1572 2095 dixit
1590 2051 1680 2116 para·

127 2143 206 2217 puta
235 2134 455 2217 Capharnaum
483 2148 490 2194 :
519 2149 590 2213 quae
618 2129 737 2193 dicitur
765 2127 878 2191 civitas
933 2126 1028 2209 lytico
1045 2127 1143 2190 verba
1161 2128 1240 2203 haec,
1257 2128 1376 2192 infudit
1394 2130 1423 2192 ei
1444 2131 1680 2214 displicentiam

127 2231 258 2304 Christi,
274 2249 338 2294 non
359 2229 434 2313 quia
454 2229 488 2291 in
508 2247 545 2291 ea
564 2234 738 2309 conceptus
756 2232 811 2288 aut
825 2244 879 2287 na·
933 2244 989 2288 seu
1005 2226 1228 2289 contritionem
1242 2228 1412 2309 quamdam
1428 2229 1596 2312 culparum
1611 2249 1682 2293 sua-

127 2338 182 2392 tus
211 2329 264 2404 sit,
289 2329 344 2391 sed
369 2327 445 2410 quia
474 2326 507 2389 in
532 2345 569 2389 ea
596 2324 781 2407 frequenter
805 2322 878 2396 luit,
934 2343 1005 2387 rum
1028 2325 1230 2388 :nonenim
1255 2325 1460 2390 dimittuntur
1483 2328 1600 2391 adultis
1625 2347 1682 2391 sua

129 2427 297 2502 habitavit,
314 2425 500 2509 praedicavit
513 2443 549 2488 ao
565 2424 666 2487 multa
684 2422 808 2505 peregit
823 2421 881 2484 mi·
934 2431 1074 2506 peccata,
1095 2423 1158 2486 nisi
1180 2423 1365 2506 poeniteant,
1387 2445 1443 2489 seu
1462 2426 1583 2510 absque
1606 2446 1683 2510 pre-

15 2551 28 2590 t
65 2563 84 2590 ‚t
130 2527 249 2589 racula.
267 2525 421 2607 llenique,
437 2531 511 2586 unte
525 2523 592 2604 jam
611 2522 754 2586 Christus
776 2521 809 2583 in
828 2538 880 2582 na·
933 2522 986 2585 via
1007 2523 1197 2586 contritione
1219 2541 1340 2587 eorum.

22 2625 33 2654 ²
90 2625 240 2688 'ricula
253 2622 469 2686 transfretavit
486 2622 570 2685 ultra
584 2639 672 2684 mare
686 2619 832 2694 Galilaeae,
848 2617 917 2681 etB
974 2623 1018 2684 Et
1033 2641 1101 2682 ecce
1115 2624 1251 2702 quidam
1265 2625 1306 2683 de
1320 2625 1458 2696 Scribis,
1474 2624 1507 2687 id
1526 2633 1575 2688 est
1589 2625 1682 2706 legis-

129 2723 279 2788 venitin
302 2731 420 2785 terram
444 2721 694 2800 Gerasenorum3
715 2736 880 2801 quumque
935 2721 1046 2803 peritis
1066 2739 1122 2782 seu
1138 2720 1321 2784 doctoribus
1335 2722 1527 2798 ludaeorum,
1543 2742 1680 2806 quorum

129 2823 255 2886 ibidem
274 2821 445 2895 docuisset,
461 2826 494 2882 et
513 2819 592 2882 duos
612 2824 754 2881 curasset
775 2815 881 2880 obses·
935 2818 1118 2882 Scribarum
1141 2818 1234 2881 multi
1256 2825 1333 2882 tune
1353 2821 1494 2896 aderant,
1512 2829 1547 2884 ut
1566 2821 1681 2904 legitur

128 2941 195 2996 soe,
219 2939 365 2984 reversus
388 2925 437 2982 est
461 2918 535 2981 inde
559 2918 592 2980 in
617 2916 774 2990 navicula,
797 2915 881 2978 sicut
933 2918 1020 3001 apud
1038 2918 1157 2980 Lucam
1174 2934 1181 2979 :
1198 2917 1254 2999 qui
1274 2917 1374 3000 magis
1394 2929 1552 2983 venerunt
1570 2940 1608 2984 ex
1626 2940 1680 2984 cu·
1701 2940 1826 2993 amari.

129 3039 219 3084 nunc
239 3019 400 3082 scribitur.
420 3019 583 3081 Venerunt
601 3033 729 3098 quoque
749 3014 880 3097 Aposto-
935 3017 1076 3080 riositate
1105 3025 1137 3079 et
1158 3016 1266 3080 animo
1294 3017 1466 3080 insidiandi
1494 3037 1532 3082 ac
1562 3021 1680 3083 calum·

129 3122 153 3184 li
175 3121 209 3183 in
230 3117 377 3182 navicula
397 3117 456 3181 ista
481 3135 555 3179 curn
577 3115 711 3179 Christo.
738 3113 881 3195 Denique
935 3115 1168 3197 niandi,qua1n
1189 3114 1346 3177 desiderio
1366 3116 1575 3198 proliciendi3
1590 3121 1681 3180 dice-

128 3220 163 3282 in
191 3219 252 3280 hoc
274 3214 390 3279 Christi
412 3222 499 3297 patet
520 3213 695 3287 humilitas,
711 3212 796 3294 quod
817 3228 882 3273 non
938 3224 1017 3275 rant
1029 3216 1122 3274 intra
1131 3213 1213 3284 se,id
1229 3220 1277 3276 est
1292 3214 1510 3296 cogitaverunt
1520 3216 1683 3298 (cogitatio

129 3318 286 3399 grandem
311 3321 344 3377 et
366 3313 566 3386 cortinatam,
587 3312 643 3375 sed
664 3310 761 3375 vilem
786 3309 882 3391 elegit
937 3329 1075 3394 namque
1091 3318 1139 3374 est
1153 3311 1286 3374 interior
1300 3312 1527 3393 locutio):Hic
1542 3317 1684 3392 blasphe-

130 3414 325 3478 naviculam.
352 3413 573 3495 Paupertatem
602 3428 741 3494 namque
769 3417 800 3473 et
825 3409 882 3470 hu·
937 3421 1017 3482 mat,
1032 3411 1065 3474 id
1084 3417 1142 3484 est,
1158 3411 1222 3473 Deo
1241 3411 1470 3476 contumeliam
1489 3413 1575 3488 lacit,
1592 3434 1683 3477 usur-

130 3514 316 3586 militetem,
334 3511 373 3574 ab
395 3517 486 3574 utero
511 3510 621 3573 matris
643 3509 807 3592 usquead
829 3527 882 3590 pa·
937 3511 1043 3593 pando
1063 3508 1126 3571 sibi
1148 3509 1234 3591 quod
1255 3509 1311 3572 [lei
1331 3517 1390 3585 cst,
1407 3510 1557 3574 videlicet
1577 3513 1684 3576 dimit-

130 3613 275 3676 tibulurn
297 3611 414 3686 crucis,
431 3611 464 3672 in
486 3608 637 3673 omnibus
658 3607 822 3690 preelegit
846 3625 883 3669 ac
938 3616 1004 3672 tere
1033 3606 1153 3690 culpas.
1180 3607 1336 3671 Dixerunt
1359 3609 1446 3672 enim
1476 3609 1509 3672 in
1534 3610 1683 3674 cordibus

130 3712 253 3776 docuit.
938 3707 1015 3782 suis,
1031 3708 1209 3770 secundum
1232 3705 1350 3769 Lucam
1368 3708 1467 3782 :Quis
1489 3716 1594 3791 potest
1614 3728 1685 3792 pec·
1712 3738 1770 3782 pp,
1782 3740 1817 3781 ῃ,

173 3814 219 3873 Ει
245 3829 312 3870 ecce
335 3809 511 3887 offerebant
534 3809 567 3866 ei
585 3807 811 3884 paralyticum
827 3803 920 3883 jer-C
939 3815 1008 3870 cata
1028 3806 1199 3881 dimittere,
1216 3805 1279 3868 nisi
1301 3806 1387 3870 solus
1409 3808 1514 3870 Deusl
1530 3809 1684 3883 Quoniam

130 3911 312 3972 cententio
334 3912 425 3976 lecto,
441 3905 474 3969 id
496 3913 554 3980 est,
570 3904 763 3967 habitatores
783 3903 883 3986 aliqui
939 3921 1014 3986 ergo
1036 3903 1191 3987 putabant
1213 3905 1321 3966 Jesurn
1345 3923 1415 3968 esse
1440 3905 1603 3970 hominem
1628 3927 1685 3990 pu-

132 4008 226 4072 urbis
242 4007 475 4089 Capharnaum‚
493 4004 620 4086 cognito
635 4003 739 4066 reditu
755 4002 882 4077 Christi,
940 4022 1023 4077 rum,
1050 4003 1273 4085 imposuerunt
1296 4003 1358 4085 ipsi
1388 4003 1510 4067 crimen
1539 4005 1685 4088 blaspbe-

130 4106 245 4170 statim
265 4110 472 4187 portaverunt
486 4104 525 4166 ad
545 4121 620 4164 eum
640 4102 673 4164 in
693 4101 775 4164 lecto
795 4120 884 4183 para·
941 4101 1025 4176 miae,
1055 4119 1093 4164 eo
1121 4101 1206 4182 quod
1233 4101 1325 4176 dixit,
1357 4123 1374 4160 n
1392 4103 1600 4165 remittuntur
1627 4102 1686 4165 tibi

132 4205 271 4289 lyticurn
287 4221 399 4276 unum,
415 4209 451 4264 ut
465 4220 539 4264 eum
554 4208 688 4264 cureret.
706 4199 744 4262 Et
758 4208 793 4262 ut
808 4200 884 4263 llar—
941 4207 1071 4284 peccata
1096 4206 1150 4262 tua
1165 4221 1193 4274 u,
1214 4218 1315 4281 quum
1340 4207 1446 4263 tamen
1471 4219 1534 4264 non
1558 4201 1684 4278 dixerit,

15 4329 115 4378 mna.
132 4324 195 4368 cus
216 4302 321 4376 habet,
338 4300 525 4384 portabatur
542 4319 560 4363 a
580 4305 716 4382 quatuor
729 4299 817 4362 viris.
835 4300 885 4361 At·
940 4299 1072 4362 Dimitto
1093 4296 1151 4359 tibi
1172 4304 1302 4379 peccata
1318 4305 1383 4372 tua,
1401 4299 1467 4374 sed,
1487 4320 1503 4359 «
1518 4300 1686 4363 remittun-

15 4427 113 4475 o.t,1o;
131 4422 202 4488 que
221 4410 257 4465 ut
279 4403 380 4464 Lucas
405 4408 548 4474 testatur,
570 4418 672 4482 quum
695 4399 825 4462 domum
852 4399 884 4462 in
942 4406 1019 4460 tur»
1033 4417 1040 4462 :
1052 4397 1137 4478 quod
1153 4395 1248 4458 etiam
1264 4415 1348 4458 unus
1362 4396 1444 4459 alius
1460 4406 1566 4480 posset
1580 4398 1687 4462 dicere

15 4489 114 4538 Μ’·
131 4522 204 4586 qna
216 4502 306 4565 lesus
320 4499 516 4583 praedicavit,
534 4518 598 4582 prae
614 4497 886 4561 multitudineau·
942 4495 1111 4581 peccatori,
1137 4494 1164 4556 si
1189 4494 1253 4556 Deo
1282 4494 1443 4558 revelante
1472 4497 1568 4560 sciret
1593 4497 1686 4560 illurn

131 4600 297 4664 dientium
321 4599 444 4680 ingredi
470 4614 533 4661 non
558 4597 712 4670 valerent,
737 4597 887 4659 ascende·
941 4596 1096 4660 veraciter
1117 4594 1281 4677 poenitere.
1298 4595 1417 4658 Verum
1437 4595 1554 4661 Scribat
1575 4598 1629 4660 isti
1648 4617 1687 4661 ex

132 4705 215 4762 runt
230 4705 362 4773 tectum,
379 4705 411 4759 et
426 4695 509 4759 lacto
525 4697 558 4759 in
573 4713 611 4758 eo
630 4713 744 4777 magno
757 4695 886 4758 forami·
942 4695 1063 4758 invidia
1077 4699 1241 4755 traxerunt
1255 4692 1353 4755 verba
1369 4692 1487 4756 Christi
1506 4695 1545 4756 ad
1564 4703 1687 4777 partem

132 4819 191 4872 ne,
209 4815 267 4880 per
285 4795 407 4877 tegulas
432 4794 651 4857 submiserunt
675 4793 885 4877 paralyticum
942 4791 1287 4876 reprehensibiliorem,
1304 4809 1368 4854 non
1390 4793 1429 4855 ad
1451 4794 1542 4875 pium
1566 4795 1690 4859 intelle-

132 4899 238 4959 istum
262 4894 296 4956 in
318 4894 400 4957 lecto
421 4901 494 4956 ante
514 4894 635 4967 lesum,
652 4911 709 4975 per
731 4891 835 4966 lones,
852 4899 887 4954 ut
944 4899 1030 4955 ctum
1049 4910 1055 4953 :
1073 4898 1108 4952 ut
1123 4891 1222 4954 moris
1237 4898 1285 4953 est
1300 4910 1536 4974 perversorum,
1548 4894 1604 4976 qui
1619 4914 1689 4976 pro

132 4995 291 5059 creditur.
313 4997 357 5056 Et
383 4995 497 5052 uideas
516 4995 610 5052 lesus
637 4991 730 5054 oculo
756 4991 887 5054 interio-
902 4995 927 5056 ll
944 4991 1048 5053 niores
1070 4998 1145 5052 suut
1168 4990 1401 5071 reprehendere
1422 5010 1518 5074 quam
1544 4994 1690 5056 emenda·

131 5095 176 5169 ri,
204 5095 303 5170 fidem
332 5095 467 5152 illorum
490 5090 546 5172 qui
574 5090 774 5152 adduxerunt
802 5089 889 5152 hune
943 5109 985 5151 re.
1003 5087 1108 5152 Nihilo
1129 5089 1235 5150 minus
1250 5089 1393 5152 Christus
1411 5109 1505 5153 verus
1520 5091 1614 5166 Deus,
1631 5111 1690 5174 per

132 5210 262 5274 aegrum
279 5210 287 5254 :
303 5208 440 5273 quorum
465 5208 578 5270 magna
600 5188 681 5250 lides
705 5188 737 5249 in
757 5188 889 5251 exterio·
943 5185 1040 5250 verba
1055 5187 1122 5249 haec
1139 5185 1313 5248 insinuavit
1327 5205 1361 5248 se
1376 5187 1485 5252 divina
1501 5189 1687 5253 auctoritate

132 5291 232 5356 ribus
254 5307 365 5353 eorum
387 5288 511 5351 actibus
533 5287 705 5363 relucebat,
722 5288 777 5350 sed
802 5287 889 5351 Chri·
944 5285 1020 5349 huie
1040 5285 1171 5348 infirmo
1192 5292 1323 5367 peecata
1346 5305 1404 5349 sua
1424 5287 1593 5351 dimittere.
1610 5289 1688 5356 Pras
