4206 6258
415 481 478 546 ete
765 497 913 548 noemma
933 499 995 546 xxv
1016 497 1090 544 rosr
1108 496 1301 545 mrmrarau.
1323 515 1364 528 -
1384 496 1482 544 amo
1502 493 1613 542 manus

419 688 514 732 suum
530 669 576 734 sic
591 671 706 748 dando,
723 671 819 736 etiam
835 670 958 734 minora
973 671 1059 734 dedit
1073 669 1166 732 nobis
1180 667 1205 732 Α
1220 668 1341 732 ratione
1362 687 1426 732 non
1444 668 1628 732 accenditur
1647 667 1686 730 ad
1704 665 1887 740 amandum,
1903 683 1955 728 nec

421 786 479 849 per
494 787 580 845 eum,
597 771 647 832 val
666 771 698 833 in
718 789 764 845 re,
779 777 834 831 aut
854 776 939 831 certe
960 769 993 830 in
1013 787 1078 851 spa.
1095 767 1168 830 Pro-
1221 767 1371 831 incitatur
1384 768 1423 830 ad
1438 767 1669 840 honorandum,
1686 783 1746 828 nac
1766 773 1910 828 movetur
1921 765 1956 825 ad

284 886 350 930 nm.
364 894 408 938 aa.
422 873 493 948 pter
508 868 592 949 quod
607 870 646 932 ad
661 869 818 934 Romanos
833 871 877 934 ait
891 868 1060 954 Apostolus
1077 885 1084 929 :
1099 867 1168 930 Pro
1220 866 1466 948 regratiandum,
1483 883 1543 928 nec
1566 864 1729 929 emollitur
1749 863 1788 926 ad
1811 862 1957 945 peaniten-

275 951 308 993 ³²·
422 964 493 1048 prio
507 964 586 1028 Filio
600 984 658 1030 suo
673 985 736 1031 nou
752 969 907 1052 pepercit,
923 967 978 1030 sad
994 984 1052 1049 pro
1065 965 1167 1028 omni·
1219 965 1298 1028 tiam
1318 983 1354 1027 ac
1375 964 1599 1028 devotioneml

421 1061 482 1125 bus
497 1064 590 1128 nobis
609 1065 740 1128 tradidit
761 1066 852 1128 illum
869 1085 877 1130 :
894 1065 1054 1148 quomodo
1070 1063 1166 1126 etiam
1260 1064 1412 1126 Praeterea
1428 1063 1460 1125 in
1477 1061 1584 1126 verbis
1602 1061 1653 1124 his
1669 1060 1850 1124 insinuatur
1863 1059 1957 1122 virtus

421 1177 485 1224 non
510 1163 619 1225 omnia
641 1163 734 1226 nobis
764 1183 839 1227 cum
868 1163 923 1229 illo
947 1163 1098 1226 donavit?
1124 1163 1166 1225 lle
1221 1179 1257 1224 ac
1273 1161 1423 1224 sanctitas
1438 1157 1956 1242 Christi,quumdicitur,Germen

422 1257 483 1321 hoc
498 1260 757 1342 incomparabili
785 1261 946 1325 beneficio
977 1261 1033 1324 Dei
1063 1266 1167 1342 gratu·
1220 1259 1352 1341 justum.
1369 1259 1440 1340 lpse
1454 1258 1571 1321 etenim
1586 1257 1691 1340 justus
1705 1256 1769 1319 luit
1781 1263 1814 1319 et
1827 1274 1901 1319 vere
1912 1257 1957 1336 ju·

287 1381 394 1429 raum.
423 1355 561 1421 labunda
585 1366 692 1422 mente
716 1360 833 1422 cecinit
853 1360 949 1423 lsaias
973 1378 980 1421 :
1002 1360 1093 1433 Puer,
1120 1358 1167 1420 in·
1222 1357 1392 1432 stissimus,
1410 1375 1475 1420 non
1498 1356 1602 1419 solum
1626 1355 1783 1437 injustitia
1805 1354 1893 1418 omni
1913 1373 1957 1416 ca-

422 1456 548 1538 quiens,
574 1464 667 1520 natus
691 1466 741 1520 est
763 1457 867 1533 nobis,
892 1458 981 1521 iilius
1005 1458 1096 1519 datus
1119 1463 1168 1519 est
1222 1456 1392 1528 rendo,sed
1405 1455 1501 1517 etiam
1517 1473 1644 1518 omnem
1657 1453 1807 1517 virtutem
1822 1461 1854 1516 et
1867 1453 1959 1535 perle-

421 1552 534 1633 nobis;
550 1561 582 1617 et
597 1554 773 1632 vocabitur,
790 1555 1007 1630 Admirabilis,
1019 1555 1169 1618 Consilia·
1222 1554 1360 1616 ctionem
1375 1561 1470 1635 atque
1482 1552 1638 1634 justitiam
1653 1551 1866 1634 exsequendo.
1878 1551 1958 1613 l'nde

421 1651 500 1726 rius,
525 1653 619 1728 Deus,
643 1654 754 1728 vomis,
778 1661 837 1718 etc.
861 1655 940 1717 Hinc
964 1655 997 1717 in
1022 1671 1168 1716 sermone
1222 1669 1322 1733 quum
1353 1651 1422 1734 ipse
1450 1651 1604 1714 Dominus
1630 1649 1859 1722 universitatis,
1885 1648 1959 1711 inter

274 1764 407 1809 arama.
421 1749 461 1812 de
485 1758 683 1815 sacramento
707 1752 913 1816 Eucharistiae
937 1752 1055 1815 dicitur
1076 1769 1084 1814 :
1108 1752 1168 1814 lm·
1222 1757 1404 1831 peccatores
1419 1749 1458 1811 ad
1472 1750 1625 1812 loannem
1640 1748 1782 1811 venisset
1794 1747 1959 1829 baptistam

422 1847 574 1912 mansites
590 1849 789 1913 liberalitatis
804 1850 1033 1914 beneiiciorum
1048 1850 1103 1913 bei
1119 1869 1168 1912 ex·
1185 1847 1209 1910 B
1224 1855 1259 1910 ut
1280 1847 1493 1930 baptizaretur
1512 1846 1551 1909 ab
1572 1863 1620 1920 eo,
1636 1852 1669 1909 ct
1685 1845 1827 1928 Baptista
1844 1864 1883 1908 ex
1901 1853 1958 1906 tana

421 1943 523 2009 bibita
537 1947 657 2029 populo
671 1948 855 2022 christiano,
868 1948 1123 2011 inestimabilem
1138 1947 1168 2010 oi
1223 1945 1465 2029 incomparabili
1487 1944 1604 2009 Christi
1622 1944 1803 2006 humilitate
1823 1951 1905 2006 esset
1921 1952 1960 2004 at-

274 2057 406 2110 heraim.
422 2043 537 2106 tribuit
565 2045 761 2126 dignitatem.
787 2045 896 2127 Neque
924 2046 1011 2109 enim
1039 2052 1087 2108 cst
1114 2052 1168 2108 aut
1222 2046 1353 2118 tonitus,
1369 2052 1464 2127 atque
1483 2062 1523 2107 ex
1543 2043 1798 2106 consideratione
1818 2062 1883 2106 sum
1903 2061 1959 2104 ma·

422 2142 485 2205 mit
498 2143 670 2225 aliquando
686 2144 772 2206 natio
791 2149 854 2206 tam
870 2144 1009 2225 grandis,
1027 2163 1097 2226 quaa
1116 2144 1168 2206 ha·
1221 2143 1344 2224 jestatis
1366 2161 1403 2204 ac
1425 2142 1601 2204 sanctitatis
1622 2140 1853 2214 reverberatus,
1869 2141 1960 2202 admi-

421 2237 494 2304 beet
509 2241 584 2302 deos
599 2241 890 2324 appropinquantes
906 2241 1070 2316 sibi‚sicut
1085 2243 1167 2304 Deus
1222 2241 1384 2322 randoque
1399 2240 1597 2320 dicaretligo
1611 2258 1630 2301 e
1643 2246 1675 2302 te
1688 2239 1791 2302 debeo
1804 2238 1958 2322 baptizari,
1976 2258 2031 2301 vair
2042 2271 2057 2298 a

420 2347 527 2401 noster
541 2339 630 2401 adest
645 2339 738 2402 nobis
756 2357 763 2402 :
780 2359 853 2402 nam
869 2341 949 2403 etin
965 2340 1168 2403 Sacramento
1222 2345 1255 2400 et
1276 2345 1309 2399 tu
1331 2338 1422 2400 venis
1442 2337 1481 2398 ad
1507 2340 1579 2400 mel
1596 2336 1665 2418 ipse
1689 2336 1852 2418 respondit
1869 2353 1877 2398 ι
1892 2337 1959 2399 Sine
1973 2324 2045 2426 ’Μ

419 2436 528 2499 altaris
551 2443 615 2498 tam
636 2437 790 2501 veraciter
812 2457 907 2520 quam
929 2438 1168 2520 incomprehcn·
1224 2436 1316 2499 modo
1329 2453 1335 2497 :
1348 2436 1394 2498 sic
1409 2435 1495 2498 euim
1511 2434 1602 2498 decet
1615 2452 1673 2497 nos
1690 2435 1825 2517 implere
1839 2451 1959 2497 omnem

345 2583 351 2595 .
421 2534 559 2598 sihiliter
580 2535 668 2598 adest
688 2536 790 2599 nohis.
1220 2534 1389 2616 justitiam.
1416 2532 1558 2615 lienique
1587 2539 1668 2595 teste
1695 2533 1857 2615 Apostolo,
1881 2531 2059 2606 Chri-raupa

462 2634 604 2716 lienique
629 2634 661 2695 in
687 2634 749 2697 isto
773 2634 894 2697 relucet
916 2635 1030 2698 caritas
1054 2635 1109 2698 liei
1131 2653 1167 2697 ac
1222 2640 1290 2695 stus
1309 2631 1492 2694 humiliavit
1510 2650 1555 2705 se,
1573 2630 1674 2693 laetus
1693 2630 1848 2694 obediens
1866 2617 1988 2714 usque⁸·

421 2732 519 2795 totius
535 2732 869 2814 supergloriosissimae
884 2734 1045 2797 Trinitatis
1061 2734 1100 2796 ad
1115 2735 1169 2796 ho
1221 2731 1260 2794 ad
1278 2737 1412 2793 mortem
1422 2747 1431 2809 ;
1448 2748 1506 2792 nec
1526 2738 1613 2792 metu
1634 2729 1746 2791 mortis
1765 2729 1874 2792 omisit
1889 2729 1960 2792 veri-

422 2831 537 2905 mines,
564 2831 649 2913 quod
674 2831 797 2893 scilicet
821 2833 903 2894 Deus
927 2832 1016 2894 Pater
1044 2840 1166 2894 tantum
1223 2829 1295 2892 tatis
1315 2828 1585 2911 predicationem,
1601 2827 1777 2910 impiorum
1800 2827 1960 2910 reprehen-

422 2928 541 2991 bonum
572 2928 756 2991 hominibus
781 2930 883 2992 voluit
909 2948 946 2992 ac
972 2930 1110 3004 donavit,
1137 2936 1169 2993 et
1223 2929 1356 3001 sionem,
1373 2927 1584 3007 omniumque
1606 2926 1847 2990 exsecutionem
1870 2926 1960 2987 virtu·

422 3026 506 3109 quod
539 3026 743 3107 Unigenitum
777 3046 870 3089 suum
904 3027 1088 3090 hominibus
1122 3028 1303 3098 sicCtum‚
1320 3025 1375 3087 sed
1391 3041 1497 3087 coram
1512 3024 1621 3099 Pilato,
1639 3023 1714 3104 Ego,
1733 3025 1849 3106 inquit,
1861 3024 1893 3086 in
1907 3024 2062 3087 hocraum

422 3123 610 3205 conjunxit3
637 3124 724 3197 item,
750 3124 834 3206 quod
859 3124 1046 3206 Unigenitus
1070 3126 1168 3188 Patris
1223 3131 1315 3186 natus
1331 3142 1414 3198 sum,
1430 3131 1461 3185 ct
1476 3122 1515 3185 ad
1532 3123 1593 3185 hoo
1608 3123 1683 3184 veni
1697 3123 1731 3184 in
1751 3124 1917 3196 mundum,
1932 3131 1961 3182 ut
1975 3110 1999 3149 ³⁷·

422 3230 562 3287 nostram
585 3229 729 3285 naturam
755 3222 816 3285 sibi
839 3231 903 3286 tam
928 3223 1113 3288 immediate
1137 3231 1169 3287 et
1223 3221 1443 3284 testimonium
1473 3220 1658 3303 perhibeam
1685 3221 1822 3283 veritati.
1847 3221 1882 3282 ln
1910 3221 1962 3282 bac

423 3319 621 3403 hypostatice
641 3319 813 3403 copulavit,
829 3328 924 3402 atque
939 3339 974 3384 se
993 3321 1099 3404 ipsum
1116 3340 1169 3387 no·
1224 3337 1299 3401 ergo
1313 3318 1446 3382 veritate
1461 3318 1621 3381 Christum
1641 3318 1815 3382 Dominum
1835 3319 1963 3382 incessa-

423 3417 473 3480 bis
494 3418 539 3481 ita
558 3418 735 3500 impendit3
756 3418 908 3501 itemque,
925 3420 1009 3500 quod
1032 3420 1168 3503 Spiritus
1224 3417 1333 3480 biliter
1352 3417 1527 3492 imitemur,
1544 3417 1711 3498 ipsamque
1729 3416 1887 3497 justitiam
1906 3435 1964 3480 cor-

424 3517 558 3580 Sanctus
584 3516 660 3578 huic
690 3516 800 3579 unioni
831 3517 993 3599 cooperari
1022 3519 1170 3600 dignatus
1224 3515 1350 3579 dialiter
1369 3514 1551 3596 diligamus,
1568 3515 1708 3578 zelemus
1729 3523 1761 3578 et
1775 3533 1833 3598 pro
1848 3515 1964 3578 viribus

425 3621 483 3688 est,
501 3621 533 3676 et
555 3632 625 3676 eam
648 3633 705 3696 per
725 3615 895 3698 Prophetas
917 3615 1073 3697 praedixit.
1090 3616 1170 3678 llinc
1225 3613 1445 3688 defendamus,
1461 3613 1494 3675 in
1514 3631 1551 3676 ee
1568 3613 1687 3694 jugiter
1701 3631 1843 3677 crescere
1864 3614 1964 3696 cupia-

293 3729 412 3785 Epheso,
426 3713 471 3774 ait
491 3711 659 3793 Apostolus
676 3729 683 3774 ε
700 3712 831 3794 Propter
852 3713 984 3776 nimiam
1007 3716 1169 3778 caritatem
1226 3731 1297 3775 mus
1320 3730 1357 3774 ac
1386 3711 1556 3786 enitamur,
1582 3711 1658 3792 quia
1687 3719 1723 3774 ut
1745 3712 1790 3774 ait
1817 3712 1962 3784 Salvator,

280 3792 412 3898 ssfflm'ffl·
427 3829 490 3892 qua
510 3809 622 3872 dilexit
640 3827 697 3872 nos
717 3810 811 3885 Deus,
831 3811 948 3873 Filium
969 3832 1062 3875 suum
1084 3814 1172 3876 misit
1225 3809 1312 3872 Beati
1327 3809 1382 3891 qui
1398 3808 1546 3871 esuriunt
1560 3815 1591 3870 et
1605 3808 1719 3871 sitiunt
1735 3809 1906 3891 justitiam.
1919 3811 2060 3872 Ju-maau

428 3907 461 3969 in
487 3905 731 3968 similitudinem
756 3907 860 3970 camis
884 3910 1015 3990 peccati.
1038 3911 1173 3993 lnsuper
1226 3907 1345 3971 stitiam
1360 3906 1427 3969 sitit
1442 3913 1474 3970 et
1488 3907 1596 3980 esurit,
1604 3907 1659 3989 qui
1675 3915 1741 3968 tam
1756 3908 1964 3972 indesinenter

428 4004 461 4066 in
477 4003 588 4066 eodem
605 4004 782 4067 ostenditur
796 4004 923 4068 inlinita
942 4007 1042 4089 pietas
1058 4009 1112 4070 liei
1132 4009 1171 4071 ad
1225 4024 1262 4069 ac
1284 4005 1407 4068 iervide
1429 4006 1468 4068 de
1492 4024 1530 4068 ea
1551 4005 1678 4086 cogitat,
1699 4023 1834 4087 eamque
1854 4006 1964 4088 ample·

427 4101 585 4174 homines,
610 4102 695 4183 quod
724 4101 847 4165 scilicet
870 4121 970 4184 genus
994 4105 1172 4169 humanum
1227 4103 1333 4178 ctitur,
1360 4111 1392 4166 ct
1419 4104 1453 4166 in
1482 4121 1519 4166 ca
1541 4102 1700 4186 prolicere
1728 4102 1851 4178 nititur,
1879 4121 1965 4186 quam

429 4200 471 4262 ita
491 4198 626 4261 liberare
649 4199 795 4280 dignatus
817 4207 873 4263 est.
892 4201 998 4264 Simus
1019 4221 1093 4284 ergo
1113 4222 1173 4286 pro
1187 4209 1212 4271 Ι)
1228 4203 1423 4265 incessanter
1437 4209 1532 4284 atque
1547 4200 1709 4264 ferventer
1723 4201 1869 4264 esuriens
1884 4221 1919 4265 ac
1932 4202 1966 4264 si-

428 4315 519 4380 posse
533 4297 613 4378 grati
630 4297 745 4361 divinae
761 4296 943 4362 liberalitati
959 4307 990 4362 et
1005 4300 1172 4365 beneficiis
1227 4301 1310 4363 tiens
1331 4297 1499 4381 cogitat'et
1516 4298 1648 4362 allectat
1667 4299 1777 4362 cibum
1798 4309 1831 4363 et
1850 4309 1966 4383 potum.

428 4397 509 4479 ejus,
526 4397 591 4460 imo
606 4397 702 4460 totius
722 4399 1028 4479 supersauctissimae
1042 4399 1174 4462 Trinita·
1226 4399 1419 4481 lnjustitiam
1445 4399 1603 4473 odiamus,
1625 4406 1658 4460 ct
1680 4399 1720 4462 de
1742 4399 1897 4482 operibus
1919 4399 1969 4461 im-

281 4496 469 4570 traaan.1v‚tis
490 4495 694 4578 caritatique
715 4496 869 4576 prevenit
890 4515 947 4559 nos
969 4504 1000 4560 et
1018 4497 1105 4580 prior
1126 4499 1172 4561 di·
1227 4499 1354 4580 pietatis
1375 4497 1558 4562 cordialiter
1578 4497 1761 4577 doleamus3
1778 4498 1916 4580 totisque
1930 4497 1969 4558 vi·

283 4579 360 4629 ¹⁰³⁹·
429 4593 507 4656 laxit
531 4610 600 4667 nos,
624 4600 719 4674 atque
745 4592 901 4657 universae
925 4594 1034 4676 pietati
1059 4603 1092 4658 et
1116 4596 1173 4659 mi·
1227 4596 1316 4659 ribus
1346 4595 1561 4678 impediamus
1588 4613 1629 4658 ne
1658 4613 1730 4677 quae
1760 4595 1881 4676 injusta
1902 4603 1970 4658 sunt

428 4690 608 4754 sericordiae
637 4690 707 4771 ejus
738 4690 770 4752 in
801 4690 903 4754 nobis.
935 4693 1000 4768 llis,
1027 4693 1169 4776 inquam,
1226 4694 1318 4770 liant,
1335 4701 1390 4756 aut
1414 4694 1499 4775 quod
1522 4693 1647 4775 justum
1667 4699 1716 4756 est
1738 4693 1969 4768 omittatur,so·

426 4788 507 4871 grati
521 4788 640 4870 jugiter
655 4788 766 4862 simus,
784 4789 851 4852 haeo
866 4791 973 4854 omnia
987 4793 1172 4856 memoriter
1226 4793 1367 4855 cundum
1387 4792 1472 4874 quod
1493 4791 1607 4854 caritas
1622 4791 1679 4854 bai
1699 4811 1736 4854 ac
1755 4792 1969 4875 proximorum

426 4886 603 4961 retinendo,
631 4886 807 4968 saepissime
837 4888 1038 4963 attendendo,
1069 4890 1170 4953 Deum
1226 4891 1370 4972 requirit.

425 4982 586 5047 ferventer
600 4984 787 5069 amando,ei
802 5002 929 5068 quoque
943 4986 1121 5051 obediendo
1138 4989 1170 5051 in
1266 4989 1370 5063 Porro,
1387 4995 1422 5051 ut
1440 4995 1569 5052 sanctus
1587 4987 1631 5050 ait
1645 4987 1838 5063 Bernardus,
1852 4989 1969 5071 justitia

425 5081 575 5144 omnibus
591 5089 782 5155 reverenter,
799 5090 831 5144 et
850 5082 1006 5147 laudando
1025 5103 1099 5148 eum
1120 5087 1171 5150 de·
1224 5094 1273 5150 est
1288 5086 1420 5150 reddere
1436 5086 1610 5167 unicuique
1626 5086 1712 5168 quod
1728 5105 1824 5149 suum
1842 5095 1898 5151 est
1909 5086 1969 5150 Tri·

425 5185 497 5241 vote
520 5197 557 5242 ac
580 5197 715 5261 semper.
733 5179 843 5242 Nonne
868 5199 1037 5263 perversus
1061 5191 1092 5245 et
1117 5203 1169 5247 ex·
1225 5185 1288 5247 hue
1312 5201 1388 5264 ergo
1415 5183 1519 5246 tribus
1545 5184 1629 5266 quod
1659 5202 1773 5247 eorum
1802 5193 1851 5248 est
1874 5203 1883 5247 τ
1907 5185 1970 5246 red-

426 5285 559 5338 oaecatus
574 5283 621 5339 ast
640 5276 747 5350 nimia,
764 5278 821 5359 qui
840 5297 878 5340 ex
894 5279 1007 5342 horum
1028 5282 1169 5344 conside·
1223 5283 1262 5346 de
1282 5283 1439 5365 superiori
1461 5281 1673 5345 reverentiam
1695 5291 1728 5345 et
1747 5283 1968 5355 obedientiam,
