4206 6258
517 531 665 579 noemma
685 531 748 578 xxv
768 531 842 578 ross
861 531 1055 578 rarurrarsu.
1075 549 1115 562 -
1135 533 1235 580 suarm
1254 534 1365 582 narsus
1652 511 1712 578 cat

163 699 357 785 Babylonica
372 699 566 783 captivitate,
576 700 662 782 quod
676 683 800 762 scilicc't
812 699 912 763 ludaei
925 699 952 762 A
965 699 1143 764 habitantes
1157 700 1276 765 ibidem
1289 701 1322 765 in
1334 709 1417 766 terra
1429 711 1555 786 patrum
1568 719 1710 764 suorum.

163 799 206 862 ob
220 818 279 862 sua
293 799 436 862 facinora
456 798 489 860 in
505 797 698 880 Babylonem
721 798 913 860 ducerentur
1006 799 1115 880 ltaque
1136 799 1243 863 verbis
1265 801 1305 863 iis
1326 800 1505 864 declaratur
1529 799 1713 881 magnitudo

164 897 296 980 captivi,
313 904 345 960 ct
366 896 474 960 statim
497 895 616 977 adjecit
636 896 734 959 verba
755 915 841 958 nunc
866 897 913 958 in·
966 905 996 960 et
1020 905 1109 979 grata
1130 899 1305 980 recognitio
1327 899 1559 963 beneficiorum
1584 897 1712 972 Christi,

162 996 310 1060 troducta
327 1013 334 1058 :
352 995 472 1058 idcirco
493 993 538 1056 ibi
558 995 605 1057 sic
627 1002 839 1077 exponuntur.
856 994 913 1056 llic
966 995 1010 1058 ita
1025 997 1109 1078 quod
1129 997 1228 1061 ludaei
1248 997 1281 1060 in
1300 999 1408 1061 lesum
1425 997 1601 1072 credentes,
1618 996 1714 1058 bene·

161 1113 240 1158 vero
265 1093 468 1177 prophetavit
490 1093 641 1157 ieremias
663 1093 702 1156 de
724 1092 842 1156 Christi
862 1092 914 1154 ad·
966 1095 1043 1157 ficia
1057 1115 1122 1159 suae
1142 1095 1380 1171 incarnationis,
1397 1095 1627 1168 instructionis,
1644 1112 1714 1176 pas-

162 1201 275 1267 ventu,
293 1191 522 1267 incarnatione,
544 1210 652 1273 regno,
674 1199 706 1254 et
725 1191 836 1254 mundi
855 1191 914 1253 sal·
966 1194 1077 1269 sionis,
1108 1195 1334 1276 missionisque
1365 1194 1501 1277 Spiritus
1534 1193 1652 1268 Sancti,
1683 1199 1715 1255 ct

163 1292 291 1355 vatione
319 1310 378 1374 pcr
408 1291 526 1374 ipsum,
558 1291 768 1373 protinusque
796 1288 914 1371 adjecit
966 1295 1123 1358 donorum
1137 1293 1297 1374 gratiasac
1316 1293 1438 1367 salutis,
1455 1293 1489 1355 in
1508 1300 1631 1356 tanturn
1649 1310 1714 1354 ma·

163 1389 264 1454 verba
282 1407 369 1452 nunc
389 1389 571 1452 iutmducta
586 1406 594 1450 :
611 1389 731 1451 idcirco
749 1387 804 1460 bic
820 1404 914 1470 expo-
966 1393 1020 1474 gni
1050 1392 1237 1474 penderent,
1263 1392 1348 1474 quod
1371 1390 1569 1454 beneficium
1594 1389 1714 1454 educti·
1829 1449 1835 1457 .

163 1495 287 1551 nuntur
300 1487 339 1550 de
352 1487 512 1570 spirituali
523 1487 693 1550 eductione
703 1486 915 1550 ludeoruma
966 1490 1038 1553 onis
1066 1489 1106 1552 de
1130 1490 1264 1572 AEgypto
1292 1489 1454 1552 traderent
1481 1487 1714 1572 quodammodo

163 1586 244 1650 locis
264 1593 422 1650 terrarum
438 1585 604 1668 inquibus
620 1585 757 1668 dispersi
772 1584 911 1648 fuerunt.
967 1587 1133 1662 oblivioni,
1149 1603 1188 1649 cc
1203 1588 1288 1670 quod
1303 1586 1463 1651 beneficia
1480 1605 1538 1669 per
1552 1585 1714 1650 Christum

163 1686 244 1750 Nam
261 1685 392 1768 quidam
408 1703 520 1748 eorum
536 1685 569 1748 in
588 1684 738 1748 omnibus
758 1684 835 1748 locis
850 1683 914 1747 illis
967 1685 1092 1761 collata,
1113 1686 1407 1768 incomparabiliter
1425 1685 1490 1748 sint
1513 1684 1646 1766 majora.
1665 1683 1714 1746 Li·

165 1784 313 1850 ccnversi
328 1791 411 1848 sunt.
429 1785 464 1846 ln
479 1783 611 1846 Actibus
625 1800 753 1865 quoque
768 1783 913 1857 babetur,
967 1784 1089 1848 beratio
1114 1784 1244 1846 demum
1267 1785 1448 1848 ludaeorum
1469 1783 1509 1846 de
1527 1783 1661 1865 AEgypto
1683 1788 1716 1844 ct

1 1899 65 1941 aes.
83 1912 112 1950 u,
127 1902 149 1941 s.
166 1883 439 1966 quemadmodum
454 1883 486 1944 in
498 1881 673 1946 Jerusalem
688 1881 819 1944 fuerunt
830 1879 953 1944 habi-B
968 1882 1138 1966 Babylone,
1155 1881 1217 1945 fuit
1230 1883 1336 1964 figura
1355 1881 1552 1945 liberationis
1569 1879 1716 1962 spiritua·

164 1989 269 2046 tantes
282 1982 382 2046 iudei
397 1981 458 2044 viri
474 1980 669 2061 religiosior
684 1980 772 2044 omni
787 1981 915 2044 natione
970 1983 1009 2046 lis
1024 1989 1056 2045 ct
1069 1980 1219 2065 perfecta
1234 1981 1325 2045 facta
1342 1999 1400 2064 per
1414 1980 1585 2044 Christum.
1602 1978 1716 2059 Figura

17 2097 76 2140 esa.
91 2101 135 2142 ιι.
165 2099 239 2162 quse
251 2080 311 2143 snb
323 2079 404 2144 coelo
416 2086 472 2152 cst,
480 2095 616 2162 quorum
629 2078 759 2166 plurimi
772 2097 830 2161 per
841 2079 916 2162 Apo
969 2089 1077 2145 autem
1096 2087 1129 2143 et
1150 2079 1273 2156 umbra,
1295 2080 1428 2143 ilaritate
1447 2077 1605 2161 patefacta
1627 2083 1658 2140 et
1677 2076 1717 2140 fi-

166 2177 266 2242 stolos
281 2178 501 2242 crediderunt:
513 2185 667 2261 erantque
681 2177 917 2260 praeordinatio
970 2188 1081 2262 gurato
1091 2179 1157 2260 jam
1172 2186 1357 2262 apparente,
1374 2184 1507 2241 cessant.
1524 2177 1585 2240 Sed
1604 2183 1636 2238 ct
1651 2193 1717 2239 mo-

165 2296 209 2340 ne
224 2277 333 2340 divina
348 2295 386 2340 ex
401 2277 536 2340 diversis
552 2276 658 2358 regnis
676 2295 713 2338 ac
733 2275 863 2339 sedibus
877 2277 916 2339 ad
971 2286 1022 2341 tus
1044 2277 1181 2358 majores
1202 2277 1369 2359 expellunt
1392 2276 1542 2349 minores,
1558 2281 1591 2337 ct
1613 2274 1717 2355 majus

163 2376 306 2441 Judaeam
325 2376 461 2452 reducti,
481 2383 514 2442 et
530 2375 564 2438 in
581 2375 757 2440 Jerusalem
776 2376 916 2451 adunati,
972 2377 1082 2440 lumen
1101 2375 1240 2440 offuscat
1261 2375 1377 2439 minus.

718 2800 909 2887 SERMO
951 2800 1170 2887 PRIMUS

240 3070 280 3116 DE
302 3067 440 3114 fultense
462 3064 681 3114 clunabulum
702 3063 863 3112 charraris
883 3064 935 3112 Dlll
955 3063 998 3110 ab
1019 3064 1166 3122 HOMINES,
1186 3064 1224 3110 ΕΤ
1244 3064 1284 3110 DE
1305 3063 1493 3111 sanctuaria
1514 3063 1644 3112 CllhlS'll.

239 3351 367 3414 MNES
386 3349 559 3424 Prophetae
580 3367 600 3406 α
619 3349 754 3408 Samuel
773 3354 803 3404 et
825 3346 915 3406 der'c·
934 3342 1057 3417 CSeth,
1076 3343 1195 3418 Enoch,
1210 3343 1380 3417 Abraham,
1396 3341 1638 3417 Melchisedech,
1649 3340 1716 3417 lob,

252 3467 336 3524 ceps,
352 3447 638 3508 annuntiaverunt
653 3446 723 3504 dies
738 3445 825 3503 istos.
846 3442 912 3505 Act.
972 3442 1154 3525 multosque
1173 3443 1263 3517 alios,
1280 3442 1427 3524 quamvis
1447 3459 1510 3504 non
1530 3441 1638 3504 omnia
1655 3441 1720 3503 sint

165 3567 214 3622 ιιι,
230 3547 279 3611 at.
297 3546 369 3610 llaec
393 3551 467 3608 sunt
488 3543 586 3608 verba
609 3542 765 3625 principis
786 3541 916 3624 Aposto
970 3541 1139 3623 descripta.
1165 3540 1297 3623 Propter
1324 3541 1409 3622 quod
1438 3539 1641 3620 evangelicus
1665 3540 1718 3602 Za-

166 3648 283 3711 lcrum.
971 3639 1094 3703 charius
1116 3638 1234 3702 effatur
1251 3657 1257 3702 :
1275 3640 1383 3702 Erexit
1405 3656 1504 3702 comn
1528 3637 1639 3701 salutis
1663 3655 1717 3701 no·
1744 3663 1864 3716 imas,

208 3743 364 3818 Quoniam
380 3741 413 3804 in
429 3740 493 3804 lide
514 3739 669 3820 unigeniti
685 3738 755 3802 Filii
772 3738 857 3800 salus
872 3745 916 3802 tc·
970 3738 1031 3812 bis,
1045 3739 1077 3800 in
1093 3738 1187 3801 domo
1201 3738 1300 3801 David
1316 3737 1406 3819 pueri
1423 3737 1484 3811 sui,
1495 3737 1578 3799 sicut
1593 3736 1717 3798 locutus
1732 3729 1766 3770 ⁷⁰·

165 3843 234 3906 tius
254 3841 399 3906 consistit
418 3839 531 3901 mnndi
545 3837 828 3919 (quemadmodum
845 3836 916 3898 bea·
970 3844 1019 3900 cst
1038 3855 1095 3918 per
1114 3854 1149 3900 os
1171 3843 1365 3910 sanctorum,
1382 3835 1439 3916 qui
1458 3854 1477 3897 a
1495 3834 1611 3898 seculo
1630 3841 1716 3909 sunt,

9 3977 24 4006 ι
42 3976 96 4012 nv,
124 3963 148 4003 s.
165 3941 314 4004 tissimus
331 3939 441 4002 Petrus
461 3937 553 4000 dccet
570 3954 577 3998 :
593 3935 660 3998 Non
679 3942 737 4008 est,
754 3935 913 4017 inquiens,
969 3935 1198 4018 Prophetarum
1214 3934 1293 4016 ejus.
1311 3934 1349 3996 Et
1364 3933 1397 3995 in
1413 3933 1475 3996 isto
1491 3932 1613 3996 relucet
1628 3933 1719 3995 certi-

165 4040 256 4104 aliud
272 4056 389 4102 nomeu
409 4036 469 4098 sub
489 4034 570 4098 coelo
588 4034 696 4096 datum
716 4032 914 4106 homiuibus,
970 4035 1047 4099 tudo
1076 4053 1112 4096 ac
1140 4033 1278 4096 firmitas
1306 4031 1384 4095 fidei
1414 4031 1605 4094 christiana.
1631 4031 1717 4093 lstud

166 4142 203 4203 in
225 4155 289 4221 qno
307 4142 451 4220 oporteat
468 4151 525 4196 nos
545 4132 649 4195 salvos
665 4131 763 4212 fieri),
780 4132 856 4194 binc
876 4132 915 4194 de
970 4151 1097 4215 quoqne
1121 4132 1262 4213 tangitur
1283 4132 1316 4193 in
1338 4130 1467 4193 exordio
1490 4129 1652 4192 hodierna
1674 4129 1716 4191 le-

165 4237 294 4302 Christc
308 4243 340 4299 ct
355 4235 424 4315 ejus
441 4232 601 4315 mysteriis
618 4231 702 4294 Deus
717 4249 774 4313 per
790 4231 916 4292 univer·
970 4232 1084 4296 ctionis
1105 4231 1310 4313 prophetica,
1326 4229 1391 4292 Deo
1408 4246 1465 4310 per
1482 4227 1651 4290 leremiam
1672 4227 1715 4289 lc-

163 4355 220 4400 sos
244 4335 414 4417 Prophetas
435 4332 559 4395 locutus
580 4338 629 4392 cst
650 4337 682 4393 et
703 4329 859 4412 praedixit.
877 4330 915 4391 Et
969 4338 1087 4412 quente
1108 4347 1116 4392 ε
1138 4329 1218 4392 Ecce
1242 4328 1310 4390 dies
1331 4327 1476 4400 veniunt,
1498 4332 1531 4388 et
1554 4326 1716 4390 suscitabo
1728 4346 1863 4399 terame.

162 4434 315 4519 quamvis
337 4433 370 4494 in
392 4432 531 4494 themate
554 4437 784 4512 praeassumpto
804 4428 914 4491 Petrus
968 4428 1068 4492 David
1089 4446 1219 4509 germen
1239 4427 1374 4508 justum.

159 4533 318 4606 affirmet,
335 4531 420 4613 quod
434 4547 546 4594 omnes
560 4528 723 4610 Propheta
738 4546 756 4589 a
771 4534 914 4609 tempore
929 4529 954 4591 l)
1009 4527 1155 4590 Secundo
1170 4526 1202 4589 in
1219 4525 1325 4589 verbis
1339 4524 1389 4587 bis
1403 4523 1544 4606 tangitur
1559 4523 1717 4588 immensa
1822 4553 1825 4562 v
1843 4553 1848 4560 ·

162 4631 324 4698 Samuelis
340 4637 372 4692 et
386 4629 549 4710 deinceps,
561 4626 831 4689 annuntiaverunt
846 4627 914 4689 dies
969 4625 1142 4689 liberalitas
1158 4622 1390 4687 beneficiorum
1407 4623 1534 4686 Domini
1548 4621 1716 4703 Dci,atque

161 4732 322 4795 adventus
356 4727 484 4800 Christi,
515 4734 547 4788 et
578 4733 707 4806 tempus
739 4725 847 4805 gratiss
878 4742 914 4786 ac
969 4722 1203 4787 inaestimabilis
1218 4722 1332 4785 caritas
1346 4740 1382 4784 ac
1402 4721 1503 4804 pietas
1518 4721 1589 4801 ejus
1609 4721 1648 4782 ad
1664 4720 1718 4784 bo

162 4828 358 4909 evangelicas
383 4826 472 4907 legis,
498 4843 556 4906 per
578 4824 638 4888 hcc
668 4831 775 4886 tamen
799 4842 915 4904 nequa·
971 4823 1083 4884 mines.
1101 4822 1166 4883 lloc
1188 4822 1309 4903 quippe
1331 4820 1414 4882 inter
1432 4818 1541 4882 omnia
1559 4817 1718 4880 beneficia

162 4945 266 5010 quam
294 4923 434 4988 excludit
462 4931 606 5004 tempora
635 4941 706 5004 quse
735 4920 914 4983 Samuelem
970 4919 1197 5002 omnipotentis
1213 4915 1718 4996 Creatorisestmaximum,quod

164 5029 401 5110 praecesserunt
420 5021 618 5104 prophetam.
635 5020 702 5082 lmo
721 5039 739 5082 a
757 5019 916 5101 principio
970 5019 1055 5082 Deus
1069 5018 1159 5080 Pater
1174 5017 1374 5098 unigenitum
1390 5015 1505 5077 Filium
1521 5033 1614 5076 suum
1632 5013 1719 5075 misit
1734 5027 1864 5078 racanas,

166 5123 295 5196 muudi,
312 5123 396 5184 [lens
415 5138 472 5203 per
492 5119 589 5182 verba
610 5126 642 5181 et
664 5117 756 5192 facta,
773 5137 831 5201 per
851 5137 917 5200 my·
973 5118 1006 5178 in
1023 5116 1178 5179 muudum
1199 5134 1257 5197 per
1272 5113 1499 5176 incarnationis
1519 5112 1718 5194 mysterium,
1734 5095 1755 5136 ⁹·

165 5221 268 5286 steria
287 5227 320 5284 et
339 5219 471 5301 figuras,
488 5219 526 5280 de
549 5218 672 5282 Christo
695 5217 921 5299 praenuntiavit
974 5215 1124 5296 deditque
1139 5233 1212 5276 eum
1228 5211 1410 5276 hominibus
1425 5210 1612 5273 salvatorem
1627 5218 1658 5272 et
1671 5209 1723 5272 ad-

168 5339 232 5405 per
246 5327 367 5382 sanctos
382 5317 577 5381 Patriarchas
591 5335 628 5379 ac
643 5315 919 5398 vatesperhdam,
976 5321 1136 5388 vocatum,
1160 5313 1225 5375 imo
1249 5318 1281 5374 ct
1305 5309 1435 5372 fratrem
1458 5327 1465 5370 :
1489 5316 1584 5391 atque
1605 5308 1721 5370 Filium
