4140 6258
449 482 598 530 ιιοιιιιιιιι
619 483 664 530 ιιι
684 482 759 531 ιοιι
778 480 972 530 ιιιιιιιιτιιι.
994 501 1034 513 -
1055 483 1154 533 suano
1175 485 1328 536 snuuanus
1608 473 1668 538 383

124 653 297 738 aliqualiter
311 662 359 717 est
373 653 689 737 expressumltaque
704 673 762 738 per
777 653 863 716 hunc
879 657 905 720 A
920 656 1058 719 saurizas
1076 657 1135 720 tibi
1156 657 1236 722 iram
1256 657 1289 722 in
1305 659 1356 723 die
1370 659 1448 742 justi
1468 659 1582 742 judicii
1598 661 1664 724 Dei.

124 753 247 817 surdum
270 759 302 815 et
324 760 460 828 mutum,
478 752 677 834 intelligendi
702 760 777 815 sunt
798 770 864 815 om·
919 753 954 829 0,
976 772 1005 829 o,
1028 756 1158 839 evigilet
1182 759 1404 841 unusquisque
1429 760 1467 822 ad
1488 759 1585 823 verba
1608 761 1667 823 ista

124 871 174 914 nes
198 850 300 933 iniqui
325 851 379 934 qui
402 851 510 914 verbis
532 851 589 914 Dei
613 851 744 915 obedire
766 851 864 932 negli·
919 853 1072 928 coelestia,
1096 855 1239 919 terrifica
1262 863 1294 918 et
1318 857 1438 933 divina,
1464 865 1495 922 et
1519 860 1668 922 emendet

124 957 195 1032 gunt
216 955 271 1011 aut
298 956 518 1022 contemnunt,
542 957 574 1011 ιι
598 949 693 1012 etiam
721 948 863 1011 universi
920 969 952 1012 se
968 951 1085 1034 ipsum,
1102 954 1177 1035 quia
1191 955 1352 1018 nescimus
1368 956 1451 1018 diem
1468 976 1527 1020 neo
1543 958 1665 1032 boram,
1681 975 1814 1032 narrum,

124 1049 173 1130 qui
196 1067 252 1110 sua
277 1055 407 1130 peccata
433 1048 601 1110 sinceriter
626 1046 774 1110 confiteri
799 1066 864 1110 non
918 1055 1029 1132 estque
1049 1049 1243 1115 horrendum
1264 1053 1405 1117 incidere
1426 1055 1458 1117 in
1478 1075 1590 1119 manus
1610 1057 1666 1120 Dei
1682 1042 1813 1156 {hrum

124 1153 237 1220 curant,
255 1146 396 1229 itemque
412 1147 468 1229 qui
482 1147 523 1208 ab
538 1145 736 1209 orationibus
752 1152 783 1208 et
798 1146 863 1209 lau·
919 1147 1066 1212 viventis.

123 1243 208 1306 dibus
224 1243 280 1306 Dei
297 1251 473 1326 tepescunt.
484 1243 522 1306 lli
537 1261 649 1307 omnes
665 1244 780 1307 merito
795 1263 863 1307 sur·
959 1245 1105 1310 Secundo
1126 1247 1212 1311 circa
1235 1249 1431 1313 curationem
1456 1251 1553 1334 hujus
1577 1253 1666 1316 surdi

123 1341 151 1404 di
172 1350 335 1416 vocantur,
361 1343 513 1426 quoniam
543 1341 640 1405 verba
668 1342 780 1404 salutis
809 1348 864 1404 aut
919 1352 951 1406 et
975 1345 1054 1407 muti
1085 1346 1350 1410 considerandum
1380 1356 1439 1424 est,
1464 1351 1550 1432 quod
1573 1352 1666 1416 turba

123 1441 246 1503 omnino
272 1458 336 1504 non
360 1441 506 1514 audiunt,
527 1447 581 1504 aut
605 1441 631 1502 si
656 1459 693 1503 ea
717 1458 863 1523 corpora·
918 1442 1011 1504 duxit
1029 1462 1104 1506 eum
1129 1445 1168 1507 ad
1192 1445 1363 1510 Christum.
1385 1447 1442 1510 Per
1466 1449 1552 1530 quod
1573 1450 1665 1532 spiri·

123 1539 187 1600 liter
200 1538 345 1614 audiunt,
358 1557 421 1602 non
437 1547 543 1601 tamen
560 1540 735 1601 secundum
752 1538 863 1601 eadem
920 1541 1047 1604 tualiter
1068 1543 1161 1604 datur
1178 1544 1325 1627 intelligi,
1345 1547 1431 1627 quod
1448 1554 1556 1610 mente
1577 1549 1665 1611 surdi

122 1645 353 1713 conversantur,
371 1640 426 1700 sed
449 1638 483 1699 in
504 1637 572 1700 suis
596 1644 785 1720 permanent
806 1636 863 1700 foe-
919 1657 975 1700 seu
999 1640 1116 1714 vitiosi,
1143 1660 1200 1722 per
1228 1662 1262 1705 se
1286 1642 1372 1725 ipsos
1403 1662 1466 1708 non
1491 1645 1597 1708 valent
1626 1648 1665 1709 ad

122 1735 267 1798 difatihus
300 1743 331 1798 et
361 1737 512 1818 peccatis.
543 1735 622 1798 llinc
654 1735 798 1798 Christus
829 1734 863 1796 in
919 1736 1019 1799 Deum
1040 1738 1190 1800 accedere
1195 1759 1318 1822 ‚quum
1340 1760 1403 1805 non
1425 1743 1537 1805 sintin
1558 1745 1666 1808 carite-

12 1855 102 1960 atqu
104 1833 286 1915 Evangelio
310 1853 393 1916 saepe
419 1835 591 1898 hortatur:
612 1834 671 1906 Oui
693 1833 789 1895 habet
809 1853 862 1895 au·
881 1837 962 1910 Bte,
978 1855 1048 1918 quae
1069 1838 1135 1901 sola
1151 1839 1239 1900 ducit
1254 1841 1292 1903 ad
1308 1842 1408 1904 Deum
1427 1850 1459 1904 et
1475 1851 1582 1907 movet
1597 1864 1664 1906 sur

75 1921 167 2027 ζξῇζιιι
184 1933 346 2007 audiendi,
362 1933 479 1996 audiat
496 1933 531 1995 ln
551 1931 670 2015 quibus
690 1932 825 1995 verbis'
818 1953 863 1994 ιιι-
918 1953 1001 2010 sum,
1020 1937 1195 2000 ascendens
1212 1939 1272 2000 ut
1265 1940 1371 2020 ignis:
1394 1942 1665 2022 quemadmodum

12 1995 73 2086 am
121 2032 228 2106 sinuat,
247 2049 301 2096 eos
316 2051 372 2114 qur
364 2032 485 2095 verba
500 2032 557 2094 Der
572 2049 636 2094 non
652 2031 787 2094 audiunt
805 2049 863 2114 per
919 2033 952 2095 in
972 2035 1091 2097 carnali
1110 2036 1229 2098 attendi
1252 2045 1357 2148 potest
1376 2057 1496 2114 amore,
1518 2041 1574 2123 qui
1597 2049 1664 2103 tan·

122 2129 275 2193 salubrem
304 2129 469 2204 effectum,
501 2148 558 2213 per
586 2129 802 2192 obedientiam
831 2136 863 2192 et
917 2151 1013 2214 quam
1034 2134 1158 2215 pondus
1176 2135 1403 2216 gravissimum
1422 2157 1551 2221 semper
1568 2140 1665 2202 trahit

120 2247 315 2303 consensum,
336 2247 429 2292 aures
451 2229 555 2293 cordis
579 2245 644 2291 non
667 2227 796 2302 babere,
818 2227 863 2289 id·
917 2230 1077 2306 deorsum,
1103 2233 1142 2295 ad
1171 2233 1300 2308 caduca,
1330 2235 1496 2300 immunda
1524 2245 1556 2300 et
1583 2258 1665 2303 vana

120 2346 213 2410 ecque
232 2327 443 2410 spiritualiter
462 2327 575 2390 surdos
595 2345 674 2390 esse.
693 2327 737 2388 De
757 2325 862 2388 taliter
917 2329 1084 2393 inclinans.
1106 2331 1274 2414 Propterea
1294 2333 1360 2396 vita
1382 2334 1522 2400 hominis
1544 2338 1663 2400 carnali
1776 2337 1779 2344 '

12 2449 106 2496 anan.
119 2426 207 2488 surdo
232 2425 376 2508 loquitur
399 2426 483 2488 Deus
507 2425 592 2508 apud
617 2425 731 2488 lsaiam
755 2444 761 2491 :
785 2424 861 2499 Quis
915 2446 1023 2491 amore
1043 2428 1164 2504 infecti,
1181 2450 1244 2494 non
1265 2439 1313 2494 est
1330 2433 1393 2495 nisi
1413 2453 1526 2498 cursus
1544 2436 1584 2498 ad
1601 2444 1663 2499 tor·

119 2525 236 2598 surdus,
254 2523 319 2587 nisi
334 2524 372 2586 ad
388 2543 485 2606 quem
505 2525 635 2587 nuntios
653 2542 741 2588 meos
759 2524 860 2586 misit
916 2535 1024 2590 menta
1043 2527 1171 2592 inferni.
1188 2529 1268 2592 llinc
1283 2531 1356 2594 talis
1376 2532 1498 2615 indiget
1513 2535 1663 2617 paralius

118 2624 199 2697 Quod
220 2623 368 2706 quamvis
391 2623 430 2685 ad
453 2623 591 2686 litteram
613 2623 735 2686 dictum
756 2624 797 2686 sit
821 2623 860 2686 de
915 2626 954 2688 ad
974 2625 1133 2690 Christum
1154 2629 1278 2691 adduci.
1296 2630 1384 2703 Quod
1406 2630 1445 2693 fit
1466 2633 1542 2695 dum
1564 2633 1664 2697 homi-

118 2722 259 2785 indurato
279 2721 397 2804 populo
415 2722 609 2795 Judaeorum,
623 2721 661 2783 ad
682 2739 761 2804 quos
776 2721 860 2783 Deus
916 2743 972 2786 nes
987 2725 1125 2788 timorati
1139 2726 1258 2807 jugiter
1272 2747 1309 2790 ac
1325 2727 1486 2794 ferventer
1499 2740 1590 2794 orant
1605 2751 1663 2815 pro

117 2821 198 2884 misit
220 2822 351 2884 nuntios
374 2839 459 2896 suos,
481 2827 558 2903 puta
580 2820 762 2903 Prophetas,
779 2837 859 2902 quos
915 2823 995 2905 ipso,
1012 2831 1047 2885 ut
1065 2824 1166 2905 gratia
1188 2827 1405 2890 conversionis
1428 2827 1615 2893 infundatur
1632 2831 1662 2892 ei

117 2920 247 3001 populus
278 2920 333 2982 ille
360 2919 617 2983 obedientialiter
645 2919 755 2982 audire
785 2936 859 2981 con·
914 2923 1035 2986 alteo:
1053 2923 1323 3006 quemadmodum
1340 2925 1547 2990 devotissima
1561 2937 1663 2991 mater

116 3019 257 3100 tempsit3
279 3018 381 3082 nihilo
404 3019 512 3080 minus
536 3017 748 3100 spiritualiter
771 3016 859 3080 Chri·
875 3019 946 3087 CB.
971 3021 1141 3102 Augustini
1170 3021 1337 3087 lacrimose
1365 3043 1402 3087 ac
1431 3025 1662 3091 instantissime

116 3124 177 3179 stus
205 3117 273 3182 haec
303 3117 381 3180 dicit
405 3118 444 3180 de
469 3134 663 3199 unoquoque
686 3133 785 3199 pravo
810 3135 858 3178 re·
914 3119 1016 3181 oravit
1038 3119 1186 3201 profilia
1208 3138 1266 3184 suo
1285 3122 1463 3203 Augustino
1484 3124 1588 3187 adhuc
1609 3126 1662 3190 de·

115 3213 249 3298 bellique
269 3214 385 3279 Christ'
362 3223 460 3291 t,rano
477 3215 516 3278 ad
536 3234 632 3297 quem
655 3216 739 3277 Deus
760 3214 859 3277 mittit
914 3224 1006 3300 cepto
1026 3225 1058 3280 et
1077 3217 1211 3282 lubrico.
1229 3219 1286 3282 Per
1308 3220 1387 3284 alius
1406 3238 1533 3304 quoque
1553 3243 1662 3306 peeca-

115 3314 250 3395 quotidie
276 3313 405 3376 nuntios
431 3331 516 3389 suos,
538 3313 688 3376 videlicet
712 3313 857 3395 prelatos
913 3324 963 3378 tor
977 3317 1015 3378 ad
1031 3316 1132 3380 Deum
1148 3318 1407 3394 deducitur‚dum
1423 3321 1515 3386 homo
1529 3322 1661 3386 devotus

114 3429 147 3473 ac
167 3413 402 3495 predicatores,
422 3419 477 3475 aut
499 3411 660 3494 quoslibet
681 3411 858 3474 exhortato
913 3423 1179 3498 transgressorem
1198 3417 1238 3480 ad
1258 3419 1479 3500 poenitentiam
1500 3420 1662 3486 ferventer

113 3528 159 3572 res
174 3512 305 3575 devotos
323 3527 330 3574 :
348 3511 413 3575 imo
431 3510 607 3594 unicuique
624 3510 790 3592 deputavit
805 3529 858 3572 an·
914 3515 1068 3590 hortatur,
1084 3515 1232 3598 exemplo
1247 3515 1363 3580 Christi
1379 3518 1434 3600 qui
1450 3520 1658 3601 predicavit:

112 3610 213 3691 gelum
231 3617 379 3674 sanetum
394 3627 453 3693 pro
468 3609 599 3672 custode
617 3607 730 3690 etjugi
746 3608 858 3671 exhor·
912 3613 1013 3677 Poenit
1000 3613 1132 3677 tentiam
1147 3614 1237 3696 agita,
1244 3617 1601 3700 appropinquavitanim
1615 3639 1662 3683 re·
1683 3647 1785 3696 amq,
1779 3667 1807 3708 Π,

112 3716 205 3772 tutore
233 3710 274 3772 ad
304 3708 484 3773 benesed
512 3725 625 3771 omnes
653 3707 730 3769 istos
760 3707 858 3770 miser
911 3733 1009 3794 gnum
1025 3713 1193 3777 coelorum·
1186 3713 1353 3796 ,itemque
1359 3715 1426 3778 Nisi
1441 3716 1660 3798 poenitentiam
1674 3715 1798 3823 ἵ·

111 3815 256 3889 peccator
276 3807 387 3870 audire
410 3805 624 3870 effectualiter
644 3812 855 3888 aspernatur·
913 3811 1052 3893 egeritis,
1064 3828 1175 3874 omnes
1190 3811 1288 3874 simul
1304 3812 1460 3895 peribitis
1479 3815 1518 3878 lh
1532 3817 1576 3879 ita
1590 3837 1698 3900 pec-s.
1695 3789 1728 3822 ω
1736 3784 1798 3832 ΠΜ
1774 3809 1808 3834 ”

111 3906 225 3971 idcirco
255 3908 356 3969 durus
385 3913 434 3969 est
461 3905 564 3980 valde,
595 3912 627 3967 et
655 3923 857 3986 nequaquam
914 3919 1052 3974 caturam
1081 3911 1120 3974 ad
1150 3910 1311 3975 Christum
1340 3912 1507 3990 adducere,
1539 3923 1663 3998 spectat

110 4005 333 4089 obtemperans
362 4005 554 4067 documento
585 4003 721 4086 apostoli
749 4002 858 4067 iacobi
913 4011 1074 4093 praeeipue
1095 4009 1134 4072 ad
1158 4011 1338 4073 animarum
1360 4029 1470 4075 curam
1495 4013 1660 4092 habentes,

12 4123 97 4176 earu.
109 4103 320 4179 admonentis,
337 4105 385 4168 Sit
399 4103 503 4166 omnis
521 4103 617 4166 bomo
632 4102 725 4165 velox
744 4104 784 4164 ad
803 4120 857 4164 ιιι-
886 4175 888 4180 .
913 4125 1050 4190 quorum
1073 4108 1248 4190 unicuique
1268 4108 1346 4171 dicit
1364 4109 1534 4192 Apostolus
1555 4113 1595 4175 ad
1614 4114 1663 4177 Ti-

110 4207 271 4269 diendum.
292 4207 378 4270 Unde
394 4206 433 4268 de
450 4205 569 4267 talibus
587 4205 672 4287 apud
687 4203 858 4266 leremiam
873 4210 899 4273 Ι)
914 4206 1078 4269 matheum
1095 4225 1102 4269 :
1119 4205 1256 4270 Praedica
1278 4207 1426 4282 verbum,
1445 4208 1526 4271 iusta
1549 4227 1662 4293 oppor-
1688 4235 1705 4280 q
1714 4237 1806 4291 ram,

12 4325 86 4374 aaa
108 4305 261 4368 Dominus
292 4304 432 4387 loquitur
462 4323 469 4368 :
500 4303 731 4366 lnduraverunt
760 4301 857 4365 facies
913 4314 1000 4378 tune,
1024 4304 1216 4387 importune,
1237 4322 1345 4386 argue,
1367 4305 1508 4382 obsecra,
1532 4307 1662 4391 increpa
1673 4300 1694 4342 ²¹

108 4425 178 4466 suas
201 4423 301 4487 supra
323 4411 458 4486 petram,
482 4411 514 4468 et
535 4403 708 4465 noluerunt
730 4403 855 4465 reverti.
914 4403 946 4465 in
968 4403 1056 4466 omni
1078 4403 1242 4484 patientia.

143 4503 290 4586 Denique
311 4502 485 4585 unicuique
507 4502 564 4564 tali
588 4501 759 4582 diligenter
780 4521 856 4584 pen·
952 4502 1124 4575 Postremo,
1140 4501 1246 4563 taliter
1267 4502 1383 4564 surdus
1405 4509 1437 4566 et
1459 4511 1566 4567 mutus
1588 4525 1659 4588 pro

106 4603 238 4664 sendum
255 4609 304 4664 est
319 4609 350 4664 et
361 4602 565 4665 vehementer
579 4600 757 4683 pavendum
773 4600 855 4682 quod
912 4600 1015 4683 priam
1030 4599 1253 4662 infirmitatem
1270 4600 1597 4686 insufficientiamque
1613 4623 1660 4670 co

12 4701 141 4763 nassau
171 4701 333 4764 Romanos
361 4701 405 4763 ait
433 4698 603 4783 Apostolus
634 4717 641 4761 :
673 4697 855 4773 Existimas,
911 4716 1078 4780 gumoens,
1094 4697 1230 4760 aliorum
1252 4697 1347 4761 debet
1369 4698 1522 4782 suffragia
1541 4722 1660 4785 quaere-

104 4817 123 4862 o
145 4800 244 4863 bomo
270 4799 326 4882 qui
351 4799 426 4861 talia
450 4799 528 4880 agis,
551 4798 636 4881 quod
661 4805 695 4859 tu
720 4796 857 4877 effugies
911 4817 955 4873 re,
968 4797 1107 4878 rogando
1122 4815 1175 4860 eos
1192 4804 1226 4858 ut
1241 4805 1332 4860 orent
1346 4815 1404 4880 pro
1420 4818 1464 4874 se,
1475 4800 1566 4881 juxta
1580 4802 1659 4866 illud

102 4897 264 4978 judicium
288 4898 344 4960 Dei
361 4901 373 4959 l
392 4897 440 4959 An
463 4897 591 4960 divitias
615 4896 765 4958 bonitatis
787 4895 854 4970 Dei,
912 4895 944 4959 in
963 4896 1021 4958 lob
1039 4895 1108 4958 :Ad
1126 4894 1266 4977 aliquem
1289 4897 1476 4960 Sanctorum
1496 4909 1658 4963 converte·
1685 4914 1757 4970 rosv,
1771 4922 1791 4963 ι.

104 5005 134 5058 ιι
148 4997 370 5079 patientiae,et
384 4995 635 5078 longanimitatis
651 4995 855 5057 contemnisl
911 5013 953 5056 re.
976 4993 1128 5056 Videmus
1154 4993 1187 5056 in
1211 4994 1328 5057 saeculo
1353 4996 1423 5070 isto,
1447 4997 1532 5078 quod
1556 4998 1602 5060 rei
1627 5007 1659 5062 et
1802 4987 1806 4994 ²

103 5097 232 5177 lgnoras
253 5095 406 5178 quoniam
426 5095 607 5177 benignitas
622 5094 677 5157 Dei
697 5095 737 5156 ad
757 5093 857 5176 poeni·
910 5094 998 5156 balbi
1023 5094 1166 5156 volentes
1195 5112 1253 5156 suo
1277 5092 1416 5177 principi
1445 5097 1655 5172 reconciliari,

104 5195 238 5258 tentiam
266 5203 297 5256 te
321 5195 471 5259 adducitt
498 5195 679 5258 Secundum
704 5193 856 5256 duritiam
911 5191 1062 5276 quoniam
1079 5211 1185 5255 coram
1206 5191 1261 5256 illo
1276 5211 1429 5275 apparere
1444 5212 1508 5257 non
1527 5195 1655 5272 audent,

101 5301 210 5358 autern
224 5303 317 5358 tuam
331 5303 365 5358 et
377 5294 584 5379 impoenitens
599 5299 771 5368 cortuum,
788 5292 855 5356 the·
910 5311 970 5355 nac
985 5292 1123 5356 formare
1138 5290 1235 5354 verba
1255 5308 1394 5372 congrua
1413 5299 1556 5375 possunt,
1574 5311 1657 5376 quae·
