4154 6258
368 520 517 570 noumrua
537 521 589 568 xiv
609 521 683 568 rosr
702 521 895 569 mrurrarnu.
915 539 955 552 -
976 521 1150 569 manuario
1172 523 1203 569 ut
1223 521 1418 570 uvanuuuuu
1605 502 1665 572 423

122 693 373 776 occurrissetque
401 695 432 757 ei
455 693 555 756 abbas
577 693 638 757 loci
663 693 762 768 illius,
788 692 1052 776 dixitrtculpare
1077 711 1128 756 me
1153 694 1269 776 ipsum.
1293 693 1351 758 Cui
1375 693 1545 776 episcopus
1568 713 1575 757 ε
1597 693 1666 758 Nou

121 792 248 855 adeum
270 792 440 875 episcopus
458 811 465 854 :
482 792 561 866 Quid
581 792 721 875 amplius
741 792 866 856 invenis
921 799 980 866 θεῖ,
997 792 1112 875 inquit,
1129 793 1191 856 alia
1211 793 1272 856 via.
1290 794 1371 856 Ecce
1396 811 1492 874 quam
1515 792 1669 856 moderati

122 891 153 954 in
176 891 245 954 loco
268 892 338 966 hoc,
354 890 457 954 abbat
473 891 530 954 Cui
551 890 649 954 abhas
675 891 839 974 respondit
857 909 863 954 :
921 891 952 952 in
969 890 1086 965 verbis,
1102 891 1252 955 custoditi
1268 892 1302 955 in
1317 890 1467 955 omnibus
1482 898 1514 953 θῖ
1529 889 1669 954 humiles

122 987 338 1054 indesinenter
369 989 540 1064 custodire,
570 989 804 1072 reprehendere
835 997 866 1053 et
920 996 1010 1052 erant
1031 990 1225 1054 sanctissimi
1248 990 1296 1053 illi
1317 990 1432 1053 Patres.

510 1413 814 1502 ENARRATIO
847 1415 903 1502 IN
936 1416 1273 1505 EVANGELIUM

372 1681 446 1730 nuu
474 1681 556 1730 incr
583 1682 690 1730 rusus
719 1682 754 1729 m
782 1681 1004 1742 transituri,
1027 1682 1101 1730 cre.
1124 1665 1198 1728 Luc.
1217 1683 1292 1741 xvir,
1309 1665 1409 1730 ll-lll.

192 1963 362 2030 ODlEltNO
383 1963 416 2026 iu
431 1963 597 2045 evangelio
615 1961 808 2026 describitur
827 1962 866 2025 ad
882 1964 905 2026 B
922 1970 994 2046 ptor
1021 1963 1154 2027 voceris.
1180 1963 1354 2047 Praecipere
1381 1971 1487 2028 autem
1516 1967 1670 2049 competit

207 2063 347 2126 litteram
364 2062 454 2125 valde
470 2062 658 2144 praeclarum
674 2061 789 2124 Christi
810 2061 867 2124 mi·
921 2062 1056 2136 Christo,
1073 2063 1249 2125 secundum
1275 2082 1366 2126 suam
1387 2064 1599 2141 divinitatem,
1615 2065 1669 2128 ab·

120 2161 274 2236 raculum,
304 2161 369 2224 imo
397 2161 509 2223 decem
540 2159 693 2222 miracula
721 2159 866 2240 ejusdem
921 2161 1034 2234 solute,
1059 2161 1283 2224 universaliter
1306 2168 1338 2224 et
1361 2162 1473 2245 plene;
1490 2164 1668 2227 secundum

120 2260 235 2343 speciei
263 2259 382 2343 pariter
405 2258 499 2333 facta,
516 2257 666 2320 videlicet
687 2259 798 2321 decem
824 2258 866 2320 le·
921 2264 1066 2320 naturam
1082 2276 1209 2340 quoque
1224 2277 1314 2320 suam
1329 2258 1669 2334 humanamcouvenit

120 2376 286 2442 prosorum
304 2357 434 2420 curatio.
452 2356 569 2438 Estque
590 2355 685 2418 lectio
700 2356 759 2419 ista
774 2375 866 2418 evan·
921 2355 950 2416 ei
981 2355 1203 2438 participative
1229 2373 1265 2418 ae
1294 2356 1547 2420 ministerialiter
1570 2377 1670 2441 quan-

118 2457 218 2537 gclica
241 2455 420 2518 litteraliter
441 2454 547 2536 plana,
568 2454 624 2515 sed
645 2452 866 2535 spiritualibus
921 2460 988 2516 tum
1004 2455 1043 2516 ad
1059 2453 1339 2528 divinitatem,sed
1355 2456 1549 2521 excellenter
1563 2474 1671 2540 respe-

119 2554 267 2618 sensibus
291 2553 394 2636 plena.
410 2552 463 2615 Ait
484 2569 558 2634 ergo
581 2551 682 2614 Lucas
708 2551 865 2632 evangeli·
921 2561 974 2614 ctu
989 2554 1297 2635 creaturarum,quia
1311 2561 1343 2616 et
1358 2553 1475 2618 Christi
1488 2556 1669 2619 humanitas

119 2660 163 2715 sta
180 2671 186 2716 :
203 2655 293 2714 Dum
313 2654 376 2712 iret
395 2653 487 2712 Iesus
506 2651 543 2709 in
556 2653 750 2720 Jerusalem,
766 2650 797 2711 id
818 2656 866 2712 cst
921 2651 1008 2714 omni
1031 2659 1183 2714 ereaturae
1207 2651 1335 2734 praelata
1359 2659 1416 2714 θεῖ.
1433 2655 1593 2716 Miserere
1616 2675 1669 2716 rto-

118 2769 229 2814 vcrsus
255 2749 418 2813 civitatem
443 2749 539 2812 illam.
562 2747 600 2810 Et
624 2747 708 2809 istud
733 2748 866 2829 contigit
921 2751 996 2820 stri,
1013 2750 1044 2812 id
1060 2756 1118 2824 est,
1135 2757 1315 2831 compatere
1331 2749 1424 2812 nobis
1440 2757 1505 2814 tam
1523 2751 1666 2828 afflictis,

119 2850 281 2913 modicum
296 2857 369 2911 ante
383 2847 499 2909 festum
516 2845 705 2920 Palmarum,
719 2847 865 2928 passione
921 2847 1046 2909 miseris
1068 2855 1101 2908 et
1124 2845 1274 2920 infirmis,
1295 2854 1327 2909 et
1351 2848 1574 2930 compatiendo
1598 2868 1669 2912 suc-

119 2947 234 3012 Christi
266 2947 412 3010 instante.
442 2947 615 3007 Transierat
639 2951 702 3020 per
725 2946 865 3004 mediam
921 2964 1023 3018 curre,
1049 2943 1245 3008 beneficium
1276 2945 1449 3008 curationis
1478 2947 1665 3028 praestando.

118 3047 309 3109 Samariam
332 3053 362 3105 et
388 3045 571 3113 Gelr'toeam,
587 3043 619 3104 id
644 3050 702 3118 est,
720 3062 777 3125 per
800 3061 865 3105 me·
921 3042 1193 3117 Quemadmodum
1209 3049 1315 3105 autem
1332 3043 1383 3105 isti
1398 3042 1516 3125 leprosi
1532 3061 1590 3127 pro
1605 3062 1668 3108 cor·

117 3145 204 3208 dium
237 3142 477 3226 provinciarum
510 3141 653 3215 istarum,
685 3141 717 3203 in
747 3140 901 3223 quibusC
920 3141 1022 3225 porali
1052 3140 1215 3203 curatione
1245 3147 1309 3203 tam
1338 3140 1513 3205 affectuose
1545 3151 1577 3205 et
1603 3143 1666 3207 alte

118 3243 282 3306 multoties
310 3240 494 3324 predicavit
521 3258 558 3302 ac
588 3240 688 3302 multa
717 3240 781 3321 egit
809 3241 865 3302 rni-
921 3241 1140 3302 clamaverunt
1160 3239 1199 3301 ad
1222 3239 1394 3314 Christum,
1412 3241 1458 3302 sic
1478 3247 1510 3302 et
1528 3259 1585 3304 nos
1608 3259 1666 3324 pro

118 3341 235 3406 racula.
920 3337 1079 3420 spirituali
1109 3337 1271 3399 curatione
1300 3337 1431 3402 avitiis
1460 3339 1598 3402 clamare
1625 3340 1665 3402 ad

154 3443 197 3504 Et
213 3461 318 3520 quum
335 3439 565 3516 inpreceretur
578 3440 741 3516 quoddam
756 3441 866 3498 castel·
920 3437 1081 3501 Christum
1096 3435 1250 3499 debemus
1266 3445 1298 3499 et
1312 3437 1419 3502 dicero
1436 3455 1442 3499 :
1458 3438 1531 3500 lesu
1550 3457 1666 3521 praece-

116 3545 196 3610 lum,
218 3545 437 3600 occurrerunt
459 3537 490 3595 ei
510 3538 617 3596 decem
641 3537 711 3596 oiri
733 3538 863 3612 leprosi,
920 3544 1002 3620 pter,
1020 3535 1171 3598 miserere
1186 3535 1259 3598 mei.
1277 3536 1353 3611 lmo,
1370 3554 1434 3618 quo
1449 3537 1580 3600 mortale
1595 3556 1666 3620 peo-

114 3639 169 3721 qui
185 3657 225 3701 er
241 3634 470 3699 deliberatione
485 3641 580 3715 atquc
594 3633 751 3696 industria
764 3632 866 3697 obser·
920 3641 1026 3697 catum
1048 3633 1141 3717 pejus
1162 3639 1210 3696 est
1231 3633 1319 3696 omni
1339 3633 1428 3716 lepra
1450 3653 1611 3718 corporea,
1627 3653 1666 3698 θο

115 3737 233 3800 vehant
256 3733 373 3798 Christi
398 3734 468 3808 iter,
484 3740 519 3795 ut
544 3740 730 3795 curarentur
751 3731 791 3793 ab
815 3751 863 3806 co,
920 3733 1158 3816 pracordialius
1186 3739 1280 3815 atque
1312 3732 1482 3795 instantius
1511 3734 1665 3796 orandum

114 3837 190 3918 quia
219 3835 261 3897 dc
285 3833 355 3914 ejus
385 3832 548 3895 miraculis
572 3831 665 3913 plura
694 3831 865 3911 magnilica
921 3839 969 3895 cst
993 3848 1052 3913 pro
1076 3831 1239 3894 sanatione
1264 3829 1381 3893 mentis
1404 3851 1422 3893 a
1447 3831 1545 3906 vitiis,
1569 3850 1665 3914 quam
1705 3849 1712 3856 ·

114 3935 289 3999 audierunt
310 3951 317 3995 ε
339 3940 468 4016 propter
491 3932 576 4013 quod
602 3930 807 3994 confidebant
831 3950 865 3993 se
920 3931 1062 4012 corporis
1081 3948 1099 3992 a
1123 3928 1219 4012 leprae
1242 3937 1298 3992 aut
1320 3929 1554 4013 cujuscumque
1578 3930 1667 3993 infir-

115 4052 209 4116 possc
225 4032 268 4094 ab
284 4049 322 4094 eo
336 4029 607 4113 sanari‚quamvis
624 4029 712 4111 lepra
726 4029 768 4091 sit
783 4046 866 4092 mor·
921 4029 1039 4092 mitatis
1055 4027 1379 4091 incommoditatibus.
1393 4029 1464 4102 Sed,
1476 4029 1554 4092 hcul
1572 4029 1666 4092 multi

114 4132 175 4194 bus
207 4129 397 4194 incurabilis
422 4147 479 4211 per
504 4134 659 4189 naturam·
688 4129 752 4195 Qui
774 4135 865 4186 stete·
921 4128 993 4210 plus
1009 4127 1117 4190 dolent
1138 4144 1174 4189 ae
1194 4126 1316 4190 deflent
1334 4128 1490 4190 exteriora
1504 4127 1620 4190 damna
1634 4137 1666 4190 θῖ

16 4253 100 4300 ‚nrm
116 4241 197 4292 runt
214 4251 235 4290 a
252 4233 345 4306 torpe
360 4248 371 4286 .·
386 4227 460 4309 quia
475 4225 652 4288 seeundum
668 4225 770 4306 legem
787 4227 867 4310 bloy-
921 4226 1003 4290 mala
1027 4226 1175 4309 poeualia,
1196 4246 1292 4308 quam
1318 4227 1401 4290 mala
1424 4227 1574 4291 interiora
1594 4247 1664 4311 per-

113 4331 169 4405 sis,
187 4347 254 4392 uon
272 4334 417 4410 poterant
432 4327 514 4388 inter
528 4325 607 4388 alios
624 4327 813 4389 commorari
829 4346 865 4390 ac
880 4329 904 4391 Ι)
921 4336 1025 4410 petua,
1044 4327 1075 4388 id
1095 4331 1143 4388 est
1164 4334 1293 4408 peccata
1313 4327 1466 4389 mortalia.

114 4427 310 4492 conversari.
329 4426 366 4488 Et
382 4433 510 4508 propter
524 4425 734 4488 reverentiam
750 4425 866 4488 Christi
962 4430 1044 4494 Quos
1064 4435 1099 4486 uc
1121 4427 1217 4495 ur'dit,
1234 4443 1297 4488 non
1317 4427 1420 4488 solum
1443 4428 1599 4509 corporali
1620 4429 1666 4490 iu·

113 4546 178 4592 non
195 4533 402 4590 accesserunt
417 4524 456 4587 ad
471 4541 557 4598 eum,
569 4525 608 4587 de
623 4543 680 4586 sua
696 4525 866 4588 immundi·
921 4524 1015 4598 tuitu,
1032 4525 1086 4586 sed
1102 4530 1134 4586 ct
1153 4524 1213 4606 piac
1229 4526 1459 4607 compassionis
1473 4526 1604 4601 affeetu,
1615 4529 1665 4588 di-

113 4627 167 4700 tia,
195 4623 376 4688 secuudum
401 4621 625 4704 Theophilum,
649 4623 866 4684 verecundan—
920 4623 1238 4705 nitcompassionem
1252 4623 1408 4686 internam
1421 4627 1621 4690 extendendo
1632 4627 1666 4690 in

112 4733 172 4798 tes,
190 4731 225 4786 θῖ
240 4721 440 4804 suspicantes
456 4721 542 4802 quod
560 4721 651 4784 lesus
666 4738 719 4784 eos
735 4720 867 4784 forsitan
921 4741 1001 4804 opus
1019 4740 1026 4783 :
1042 4725 1104 4792 Ite,
1115 4725 1274 4782 ostendite
1288 4745 1341 4784 vos
1355 4728 1584 4788 sacerdotibus.
1599 4727 1667 4791 Non

112 4822 278 4884 fastidiret
294 4825 423 4901 propter
437 4818 613 4882 foeditatem
629 4837 750 4882 eorum.
768 4822 809 4880 Εῖ
826 4823 867 4878 le·
921 4821 1013 4894 dixit,
1024 4820 1124 4884 iubeo
1139 4838 1194 4882 vos
1210 4821 1326 4895 sanari,
1337 4831 1402 4895 aut,
1415 4823 1497 4886 Cure
1511 4843 1583 4904 vos;
1600 4827 1667 4902 sed,

111 4927 282 4983 caverunt
297 4938 402 4978 vocem
422 4938 527 4988 suam,
543 4921 693 4979 dicentes.
711 4915 756 4980 Ex
775 4919 868 4980 vehc-
923 4941 940 4977 u
956 4918 1117 4982 ostendite
1138 4937 1193 4981 vos
1214 4919 1465 4984 sacerdotibus»
1484 4940 1491 4986 :
1508 4931 1543 4987 ut
1558 4924 1670 4990 doceat

112 5020 217 5084 menti
240 5036 380 5100 namque
399 5017 559 5080 desiderio
578 5017 750 5080 curationis
769 5024 867 5080 atam
922 5035 979 5080 nos
1001 5035 1130 5080 omnem
1152 5018 1396 5082 ostentationem
1420 5022 1668 5106 superbiamque

111 5121 204 5202 gravi
239 5117 438 5191 infirmitate,
465 5123 681 5198 proruperunt
709 5116 742 5177 in
771 5116 868 5179 altam
922 5116 1034 5189 vitare,
1052 5136 1091 5180 ne
1114 5135 1225 5198 magna
1249 5135 1391 5198 agamus,
1408 5137 1467 5182 nec
1492 5121 1667 5203 quidquam

111 5238 242 5281 vocem.
260 5219 337 5278 Iesu
354 5226 547 5292 preceptor,
564 5215 594 5277 id
621 5221 678 5288 est,
695 5214 750 5296 qui
773 5222 868 5278 tantan
922 5233 1015 5296 agere
1031 5214 1198 5297 cupiamus
1214 5223 1343 5296 propter
1358 5215 1524 5278 hominum
1541 5219 1670 5280 admira·

110 5315 320 5382 auctoritatis
335 5333 370 5378 ac
387 5313 552 5397 potestatis
567 5332 612 5388 es,
629 5321 663 5376 ut
679 5313 739 5376 rite
754 5333 869 5396 praecc·
923 5314 1054 5390 tionem,
1070 5313 1260 5397 applausum
1282 5322 1337 5377 aut
1362 5315 1506 5397 laudem;
1522 5324 1554 5379 et
1578 5317 1666 5395 item,
