4164 6258
357 555 506 604 odunum
527 557 559 602 iv
580 555 654 602 rosc
674 555 867 602 ministrari.
887 573 928 586 ·-
948 554 991 602 sn
1012 555 1208 620 nsnrcrosos3
1230 554 1329 603 suano
1349 555 1478 612 onmnm
1631 535 1693 602 tte

143 725 285 808 tialeque
301 727 480 810 premium,
497 727 539 790 sit
552 725 636 790 clara
655 734 687 789 et
701 725 832 788 lruitiva
846 721 931 788 vel
947 724 1041 788 modo
1056 723 1192 799 inlinita,
1205 731 1237 788 et
1250 743 1325 788 vere
1340 732 1457 789 eterna
1471 742 1507 787 ec
1523 723 1691 806 multiplex

143 823 193 888 sio
214 825 284 898 Dei,
300 845 357 889 seu
379 825 489 888 fruitio
509 825 581 907 ejus
604 824 773 906 completa,
789 823 891 885 nihilo
944 829 1056 894 exstet,
1073 829 1105 884 et
1125 829 1224 885 status
1241 823 1386 886 omnium
1407 822 1564 884 bonorum
1585 840 1692 902 aggre-

143 922 253 985 minus
267 923 331 986 alia
346 923 428 986 bona
446 923 683 1006 quamplurima
702 929 734 985 et
747 921 891 984 ecciden-
943 922 1069 1002 getione
1091 921 1261 1003 perlectus
1277 923 1350 984 ldeo
1369 929 1442 1004 apte
1464 929 1590 984 sanctus
1613 921 1694 982 dixit

142 1020 220 1083 talia
239 1022 382 1103 praemia,
400 1022 550 1104 praeolara
568 1021 676 1102 glorie
695 1021 777 1083 dona
795 1019 890 1081 etin·
945 1019 1114 1100 Gregorius
1132 1035 1139 1080 :
1157 1019 1188 1082 si
1203 1019 1443 1082 consideremus
1458 1037 1529 1102 que
1545 1025 1576 1081 et
1596 1037 1693 1100 quen-

142 1118 357 1182 numerabilie
371 1118 660 1201 gaudiaessentiali
676 1118 804 1200 premio
818 1125 891 1180 sunt
944 1125 976 1180 ta
995 1117 1087 1180 nobis
1110 1117 1340 1199 promittuntur
1364 1117 1397 1178 in
1417 1116 1517 1190 coelis,
1534 1115 1694 1178 vilescunt

142 1217 327 1299 conjuncta,
353 1227 384 1280 et
408 1217 584 1300 praesertim
613 1223 685 1299 post
709 1215 889 1297 generalem
944 1215 1053 1278 animo
1071 1215 1267 1297 omniaque
1286 1215 1446 1277 habentur
1463 1215 1495 1276 in
1515 1213 1619 1276 terris.
1636 1214 1693 1275 Ve-

142 1315 411 1380 resurrectionem
436 1323 530 1380 erunt
551 1333 685 1389 annexa,
710 1313 888 1378 videlicet:
945 1333 991 1388 re,
1016 1321 1052 1376 ut
1079 1313 1234 1395 Propheta
1262 1312 1495 1395 Apostolusque
1524 1319 1691 1385 testentur,

142 1413 227 1476 visio
248 1413 455 1477 humanitatis
478 1414 593 1478 Christi
615 1421 647 1476 et
665 1413 804 1494 Virginis
825 1412 891 1494 glo
945 1411 1063 1475 Oculus
1087 1428 1151 1474 non
1175 1410 1265 1484 vidit,
1287 1429 1346 1473 nec
1369 1411 1455 1473 auris
1479 1410 1612 1484 audivit,
1633 1428 1692 1473 nee
1714 1424 1838 1475 nmen,

144 1511 236 1574 riosae
251 1529 288 1573 ao
302 1512 447 1575 omnium
462 1512 643 1586 Beatorum,
655 1518 686 1574 et
698 1509 892 1593 jucundissi-
946 1527 1000 1574 cor
1014 1509 1155 1573 bominis
1171 1509 1330 1592 cogitavit,
1347 1528 1417 1592 quae
1431 1508 1515 1572 Deus
1533 1509 1599 1572 suis
1615 1527 1693 1592 prae·
1707 1485 1776 1532 ¹⁶⁰*
1789 1489 1838 1538 ¹¹⁸⁹·

144 1628 197 1671 ma
216 1626 328 1673 eorum
350 1609 495 1685 societas,
516 1617 653 1692 quatuor
674 1609 816 1691 corporis
837 1608 893 1670 do
946 1609 1069 1690 paravit
1089 1607 1209 1670 electis.

142 1714 202 1780 tes,
220 1707 359 1771 melodia
373 1708 524 1782 eoelestis,
539 1707 725 1771 admiranda
740 1707 890 1780 suavitas,
989 1706 1021 1769 Si
1038 1713 1101 1768 tam
1117 1705 1328 1769 desiderabile
1343 1713 1375 1768 et
1393 1705 1572 1786 jucundum
1588 1712 1636 1767 est
1651 1705 1695 1768 vi-

141 1823 180 1867 ac
200 1811 312 1867 mutue
331 1805 521 1887 gaudiorum
541 1804 751 1869 redundantia
769 1803 809 1867 ab
828 1822 893 1867 uno
945 1805 1021 1867 dere
1037 1823 1137 1866 unum
1158 1805 1262 1866 civem
1283 1803 1446 1866 coelestem
1467 1802 1500 1864 in
1520 1821 1577 1865 sua
1596 1804 1696 1885 gloria

143 1903 175 1965 in
191 1902 302 1966 alium.
320 1903 439 1986 ltaque,
456 1922 557 1986 quum
572 1905 666 1977 Deus,
683 1904 738 1984 qui
757 1910 805 1966 cst
820 1902 890 1966 bea·
909 1901 932 1964 B
947 1909 979 1964 et
992 1903 1117 1976 decore,
1134 1901 1228 1984 quale
1246 1901 1399 1983 gaudium
1421 1908 1468 1962 est
1482 1907 1581 1962 totam
1603 1901 1696 1964 coele-

142 2000 241 2063 tilicre
266 1999 427 2064 lruitionis
451 2001 625 2083 objectum,
652 2001 692 2063 sit
720 2008 837 2064 eterne
861 2009 893 2064 et
947 1999 1005 2062 stis
1018 1998 1192 2062 Jerusalem
1209 1998 1395 2079 conspicere
1410 1997 1695 2072 societatemomni

142 2098 418 2161 incommutabilis
451 2099 579 2172 veritas,
609 2098 736 2161 inlinita
768 2117 804 2162 ec
837 2119 891 2162 su·
947 2097 1128 2170 serenitate,
1145 2096 1387 2178 tranquillitate,
1400 2095 1612 2160 exsultatione
1628 2115 1697 2178 per-

143 2196 377 2278 perpurissima
405 2195 542 2270 bonitas,
574 2197 893 2279 incircumscriptibi-
948 2193 1064 2267 lusam,
1082 2194 1246 2277 impletam
1262 2202 1294 2256 et
1308 2193 1583 2276 superimpletam,
1602 2192 1698 2255 indis-

142 2295 182 2356 lis
197 2293 582 2377 pulchritudo‚immensa
597 2295 743 2370 dulcedo,
754 2295 892 2359 increata
947 2293 1076 2355 solubili
1105 2311 1143 2356 ac
1167 2292 1383 2355 fervidissima
1410 2292 1540 2354 caritate
1564 2291 1697 2372 conjun-

141 2401 173 2456 et
189 2411 320 2474 prorsus
336 2392 540 2456 interminata
559 2392 707 2468 felicitae,
724 2395 890 2476 sapientia,
948 2391 1225 2466 ctam,inviolabili
1241 2391 1409 2454 securitate
1425 2390 1598 2453 munitaml
1609 2389 1697 2463 Ouod

140 2491 317 2573 opulentis,
335 2491 569 2572 omnipotentia
590 2510 626 2554 ec
649 2491 785 2573 dignitas
807 2491 893 2574 peni·
948 2490 974 2551 si
991 2490 1022 2551 in
1039 2489 1307 2570 contemplatione
1323 2488 1467 2550 felicium
1483 2495 1695 2550 creaturarum

141 2598 193 2652 tus
224 2589 394 2662 illimitata,
421 2589 502 2652 bene
531 2596 563 2652 ct
591 2589 753 2652 subtiliter
779 2590 892 2652 asserit
948 2587 1221 2669 humanitatisque
1236 2587 1351 2650 Christi
1369 2595 1400 2649 et
1414 2585 1553 2666 Virginis
1570 2585 1697 2648 benedi·

138 2688 169 2750 S.
189 2687 337 2760 l'homas,
354 2687 438 2769 quod
462 2686 626 2750 beatitudo
649 2688 836 2750 Sanctorum
859 2688 890 2750 in
949 2693 1006 2748 ctae
1029 2692 1115 2746 tanta
1138 2685 1282 2748 consistit
1306 2684 1425 2758 letitia,
1452 2691 1537 2745 tenta
1559 2683 1696 2746 felicitas

138 2783 255 2866 patria,
285 2802 385 2865 quum
420 2783 462 2845 sit
493 2785 570 2846 tanti
603 2783 679 2846 boni
709 2783 893 2847 immediata
949 2783 980 2845 in
1006 2783 1276 2864 contemplatione
1302 2789 1333 2844 et
1356 2782 1508 2844 fruitione
1532 2781 1694 2863 superglo-

136 2882 222 2945 visio
237 2882 305 2944 sive
322 2880 442 2954 iruitio,
454 2882 495 2944 sit
509 2881 673 2962 dignitatis
687 2883 893 2964 quodammo
948 2881 1115 2943 riosissimi
1132 2879 1299 2954 Creatoris,
1316 2879 1529 2942 essentialiter
1547 2897 1584 2940 ac
1604 2878 1696 2940 incir-

136 2981 180 3042 do
204 2979 351 3042 inlinitae.
379 2980 547 3061 Quumque
576 2979 725 3042 accidens
749 2980 891 3043 denomi·
948 2977 1246 3060 cumscriptibiliter
1275 2976 1352 3040 boni
1384 2985 1416 3038 et
1447 2976 1584 3059 pulchri,
1616 2976 1694 3048 veri,

135 3086 195 3140 net
222 3096 318 3140 suum
349 3077 542 3158 subjectum,
569 3077 734 3140 beatitudo
767 3078 821 3140 illa
849 3079 892 3140 ci·
908 3077 929 3140 G
948 3077 1056 3139 divitis
1083 3085 1114 3138 et
1143 3075 1288 3157 perlecti,
1315 3074 1525 3149 delectabilis,
1554 3074 1694 3156 gratiosi,

136 3195 195 3238 ves
222 3175 369 3238 coelestes
394 3173 470 3238 iecit
496 3175 732 3257 quodammodo
757 3175 892 3240 inlinitae
948 3175 1178 3248 convenientis,
1205 3173 1308 3236 dulcis
1337 3181 1432 3255 atque
1456 3171 1614 3246 amabilis,
1640 3172 1695 3255 qui

136 3273 306 3354 dignitatis
339 3291 375 3335 ac
405 3273 603 3336 excellentie
632 3291 712 3336 esse.
743 3272 767 3336 Ο
794 3293 890 3355 quam
947 3273 1105 3335 universis
1121 3282 1152 3334 ct
1167 3270 1302 3352 singulis
1320 3271 1445 3334 inlinite
1461 3279 1492 3333 et
1507 3289 1636 3352 prorsus
1653 3271 1697 3332 in·

137 3371 467 3454 incomprehensibile
494 3371 614 3435 bonum
643 3379 691 3434 est
721 3375 889 3454 praemium
947 3371 1205 3454 comparabiliter
1224 3370 1355 3444 eminet,
1373 3370 1496 3444 melior,
1513 3369 1693 3444 amabilior,

136 3477 281 3533 tuntum!
947 3470 1121 3554 pulchrior,
1143 3468 1267 3533 dulcior
1291 3468 1595 3550 convenientiorque
1620 3486 1694 3531 con-

13 3599 57 3628 en.
72 3599 119 3638 vm,
180 3569 283 3642 Certe,
310 3567 392 3630 sicut
416 3567 585 3649 Apostolus
609 3567 664 3641 ait,
688 3587 889 3651 nequaquam
946 3568 1050 3647 sistit3
1070 3587 1166 3650 quam
1187 3565 1448 3648 incomparabilis
1470 3572 1501 3628 et
1521 3585 1693 3649 superexu-

135 3667 396 3748 consignassent
415 3665 590 3748 passiones,
608 3666 742 3739 labores,
760 3667 890 3730 tribula·
946 3665 1060 3728 bcrans
1075 3665 1218 3729 consistit
1233 3664 1395 3729 beatitudo
1409 3673 1440 3727 et
1454 3665 1568 3746 glorial
1580 3665 1692 3749 Utique

135 3769 315 3840 tiones,aut
330 3763 499 3829 meritoriae
513 3765 653 3829 actiones
668 3765 741 3828 vitse
757 3785 890 3848 praesen·
946 3765 1029 3827 sicut
1043 3765 1098 3846 qui
1114 3764 1201 3826 nudo
1220 3781 1352 3845 corpore
1369 3763 1400 3825 in
1420 3763 1615 3826 calidissimo
1630 3765 1691 3827 ior·

133 3865 194 3938 tis,
210 3864 250 3926 ad
264 3863 399 3944 gloriam
414 3869 545 3936 tantam,
557 3863 594 3925 ed
611 3871 674 3924 tem
691 3881 890 3926 consumma·
945 3881 1023 3926 nece
1043 3862 1174 3944 jaceret,
1191 3881 1225 3924 se
1247 3862 1353 3944 ipsum
1376 3881 1441 3944 pree
1460 3870 1690 3927 tormentorum

134 3973 218 4036 tem,
244 3979 400 4035 securem,
427 3961 621 4035 aeternalem,
647 3969 679 4024 et
702 3962 890 4024 contentati-
945 3980 1077 4024 excessu
1098 3979 1162 4024 non
1182 3967 1320 4042 caperet,
1337 3961 1489 4041 quoniam
1510 3968 1593 4024 totus
1612 3961 1691 4024 cala·

133 4079 226 4134 vam,
257 4059 435 4123 satiativam
468 4078 523 4122 seu
557 4059 651 4140 plene
680 4059 888 4141 quietativam
946 4060 1055 4122 mitete
1076 4067 1108 4122 ct
1128 4059 1231 4142 poenis
1256 4067 1339 4122 esset
1360 4059 1510 4141 repletus,
1532 4077 1690 4142 preoccu-

133 4158 338 4222 ielicitatem.
355 4159 433 4231 lmo,
450 4164 486 4219 ut
506 4158 702 4240 Augustinus
727 4158 887 4234 disseruit,
945 4165 1037 4241 patus
1058 4168 1089 4222 et
1108 4159 1230 4237 victus3
1254 4159 1300 4220 sic
1321 4158 1426 4220 Sancti
1448 4159 1480 4220 in
1501 4159 1603 4241 patria
1625 4166 1688 4222 tem

133 4264 228 4320 tenu
243 4263 291 4318 est
305 4255 511 4338 pulchritudo
526 4255 642 4318 divinee
661 4255 804 4335 justitie,
822 4264 888 4318 tan·
904 4262 929 4324 D
946 4257 1102 4320 indicibili
1128 4256 1323 4319 beatitudine
1353 4264 1426 4318 sunt
1455 4256 1579 4338 repleti,
1604 4261 1689 4340 quod

132 4364 169 4418 ta
187 4361 237 4416 est
250 4353 434 4434 jucunditas
450 4352 530 4416 lucis
545 4360 680 4428 aetcrnae,
694 4361 729 4415 ut
743 4355 888 4436 quamvis
945 4377 978 4419 se
999 4358 1084 4439 ipsos
1104 4375 1168 4438 prre
1187 4355 1302 4436 gaudio
1321 4361 1352 4416 et
1372 4355 1581 4417 exsultatione
1602 4375 1690 4438 capc-

131 4456 170 4516 in
189 4453 260 4535 ejus
275 4453 359 4516 clara
374 4459 406 4515 ct
419 4452 548 4516 lruitiva
562 4453 685 4516 visione
700 4471 763 4516 non
780 4455 889 4518 liceret
945 4475 978 4518 re
1000 4457 1053 4517 vin
1076 4455 1233 4516 videntur.
1253 4453 1327 4515 ldeo
1346 4453 1500 4534 scriptum
1524 4461 1581 4528 est,
1603 4456 1687 4536 quod

131 4551 203 4614 nisi
227 4569 288 4612 une
313 4550 365 4613 die
391 4568 531 4623 manere,
547 4558 677 4633 propter
701 4552 760 4614 hoc
783 4553 886 4614 solum
944 4554 1034 4636 quasi
1059 4551 1206 4614 scintille
1227 4552 1259 4612 in
1285 4551 1475 4613 arundineto
1495 4552 1685 4626 discurrent,
1715 4583 1834 4638 saphir,

131 4649 393 4714 innumerabiles
409 4650 485 4711 anni
500 4650 598 4730 hujus
613 4651 685 4713 vite
705 4649 791 4731 pleni
807 4652 887 4714 divi·
943 4662 974 4716 et
995 4652 1084 4734 quasi
1110 4649 1201 4712 vituli
1233 4650 1271 4711 de
1295 4657 1439 4712 armento
1463 4658 1537 4713 tunc
1561 4654 1683 4716 salient.
1702 4644 1835 4742 f‘l‘“⁶''·'l·

128 4752 204 4822 tile,
221 4748 345 4811 deliciis
365 4754 460 4832 etque
479 4747 665 4822 honoribus,
681 4750 797 4812 merito
816 4768 888 4813 con·
944 4752 1044 4813 Erunt
1063 4768 1201 4830 nemque
1221 4749 1253 4809 in
1275 4748 1343 4828 ipsa
1360 4749 1506 4812 incrcetae
1521 4749 1687 4815 beatitudi-
1701 4743 1721 4755 ”’

128 4855 369 4920 temnerentur,
397 4847 462 4908 imo
491 4853 522 4909 et
545 4863 656 4910 omnes
680 4847 886 4912 adversitates
943 4851 992 4912 nis
1013 4849 1169 4910 immensa
1191 4846 1390 4928 plenitudine
1412 4849 1503 4929 quasi
1524 4849 1555 4911 in
1577 4850 1687 4932 pelago

128 4945 362 5030 aequanimiter
377 4945 621 5008 sustinerentur.
639 4947 706 5009 Non
722 4955 798 5008 sunt
812 4966 887 5028 ergo
943 4949 1080 5030 quodam
1102 4945 1353 5028 profundissimo
1372 4945 1509 5010 demersi
1526 4957 1621 5030 etque
1636 4950 1688 5013 ab·

128 5045 305 5125 condigna
320 5044 484 5126 passiones
500 5044 572 5107 vites
589 5045 754 5126 praesentis
769 5045 807 5108 ad
822 5046 887 5126 glo
942 5045 1050 5128 sorpti.

127 5146 219 5208 riam
246 5142 345 5215 illam,
370 5160 471 5223 quum
499 5141 661 5224 passiones
687 5143 760 5206 vitae
788 5143 886 5223 hujus
980 5143 1111 5207 Nullum
1137 5143 1243 5224 itaque
1269 5149 1396 5225 tempus
1421 5153 1571 5226 appareat
1595 5146 1687 5210 nobis

126 5243 202 5308 sint
216 5259 323 5323 parve
337 5247 369 5303 et
384 5239 497 5302 breves
512 5259 549 5302 ac
565 5259 684 5322 peuce,
695 5241 796 5323 gloria
811 5261 886 5305 vero
942 5242 1082 5323 longum,
1104 5240 1212 5302 nullus
1236 5240 1324 5304 labor
1346 5241 1508 5315 molestus,
1527 5244 1613 5306 nulla
1632 5245 1687 5307 tri-

125 5342 256 5414 lutura,
274 5356 387 5420 magna
401 5345 434 5401 et
449 5336 634 5414 ineffabilis,
652 5339 716 5401 imo
735 5341 887 5422 quodam·
941 5340 1062 5403 buletio
1081 5339 1197 5420 gravis,
1214 5339 1333 5421 quibus
1352 5348 1470 5402 tantam
1490 5341 1623 5425 adipisci
1644 5343 1688 5406 le-
