4164 6258
474 451 620 501 ooumrcu
642 453 673 499 ιν
693 452 767 502 rosr
786 451 981 500 mmrrnrrrr.
1001 469 1042 482 —
1062 453 1161 504 saeuo
1181 455 1305 504 murus
1605 438 1664 503 ΞΗ

651 861 843 948 SERMO
880 862 1131 950 TERTIUS

719 1126 759 1172 D!
778 1126 885 1173 saba!
904 1126 1053 1174 mamert.

201 1505 381 1564 nedicetur.
399 1502 486 1564 Prov.
503 1518 580 1574 xxti,
596 1500 625 1564 9.
918 1501 1180 1578 miscricordiam,
1196 1503 1414 1580 benedicetur,
1427 1506 1486 1570 hoc
1501 1515 1559 1581 est,
1571 1509 1663 1572 donis
1677 1500 1698 1542 ⁹·

220 1601 426 1664 terrationes
446 1601 479 1662 in
502 1599 692 1683 precedenti
715 1617 861 1662 sermone
917 1619 972 1662 scu
994 1600 1162 1664 beneficiis
1179 1602 1233 1665 Dei
1254 1603 1452 1686 implebitur,
1469 1605 1509 1668 ab
1527 1605 1663 1670 bomini-

119 1703 272 1774 inductas,
298 1717 337 1762 ex
362 1699 479 1781 quibus
503 1697 640 1780 quilibet
665 1697 862 1761 Christianus
917 1698 977 1760 bus
1002 1717 1129 1781 quoque
1155 1699 1344 1764 laudabitur.
1366 1703 1551 1767 Benedictio
1575 1706 1663 1787 equi·

120 1807 219 1882 potest
233 1817 271 1861 ac
285 1797 380 1860 debet
393 1797 431 1859 ad
446 1815 542 1879 opera
556 1795 780 1860 misericordie
794 1813 864 1879 pro
917 1797 989 1860 dem
1015 1799 1081 1871 Dei,
1107 1807 1154 1860 est
1178 1799 1304 1863 collatio
1329 1819 1497 1864 muncrum
1526 1803 1607 1884 ejus,
1632 1810 1665 1866 et

119 1896 221 1960 vocari
253 1915 290 1959 ac
322 1895 527 1968 inflammari,
557 1901 632 1956 sunt
658 1894 762 1957 adhue
792 1893 862 1958 alie
919 1895 1142 1978 multiplicatio
1166 1899 1361 1962 eorumdem.
1383 1899 1463 1962 llinc
1486 1901 1591 1964 denuo
1613 1902 1665 1964 Sa-

119 1995 264 2079 plurime
284 1995 420 2058 rationes
440 1994 478 2056 ad
499 1993 558 2056 hoc
579 1993 685 2075 ipsum
703 1991 860 2073 agendum
919 1994 1025 2056 lomon
1046 1994 1091 2056 ait
1107 2011 1113 2056 :
1130 1995 1293 2059 Benctacit
1314 1997 1428 2062 anime
1450 2017 1515 2062 sue
1537 1999 1586 2062 vir
1607 2000 1665 2062 mi·
1678 2024 1809 2078 rse,¹.‚n.

120 2095 247 2158 idonee.
268 2093 382 2168 Prima,
406 2091 556 2174 quoniam
581 2099 667 2154 tanta
691 2100 739 2152 est
761 2091 863 2153 virtus
917 2091 1062 2154 sericors.
1084 2093 1162 2154 Nam
1186 2113 1286 2177 quum
1311 2094 1401 2157 alteri
1425 2095 1583 2159 benefacit
1605 2098 1664 2160 mi·

120 2191 353 2266 misericordie,
373 2199 469 2272 atque
490 2197 555 2252 tam
578 2189 759 2272 specialiter
780 2206 864 2252 com·
918 2189 1119 2253 sericorditer
1142 2193 1368 2265 succurrendo,
1391 2192 1453 2257 sibi
1478 2194 1539 2277 ipsi
1564 2195 1665 2260 multo

120 2291 243 2372 placent
257 2289 404 2372 piissimo
426 2289 489 2351 Deo
511 2287 737 2350 misericordie
756 2304 862 2368 opera,
919 2288 1034 2350 melius
1055 2287 1141 2362 iacit,
1159 2290 1371 2372 multiplicem
1394 2291 1451 2354 Dei
1472 2293 1606 2373 gratiam
1629 2313 1666 2358 ac

119 2395 228 2451 utnon
245 2388 347 2451 solum
365 2387 396 2449 in
413 2404 510 2468 regno
524 2385 646 2449 coelesti
658 2385 865 2468 premientur
919 2385 1161 2449 retributionem
1177 2389 1430 2470 copiosissimam
1446 2391 1666 2472 promerendo,

118 2488 275 2564 abeo‚sed
289 2487 386 2550 etiam
403 2488 435 2550 in
452 2485 607 2569 presenti.
615 2485 678 2548 Nec
693 2485 794 2548 solum
808 2502 865 2566 pcr
919 2491 951 2546 et
972 2485 1088 2566 partim
1110 2503 1196 2548 nunc
1217 2487 1431 2568 suscipiendo.

118 2586 311 2649 inlusionem
335 2583 550 2668 spiritualium
577 2584 732 2646 donorum
756 2581 901 2664 gratieB
960 2583 1106 2645 Secunda
1134 2584 1215 2646 ratio
1244 2591 1292 2646 est
1320 2586 1358 2647 ad
1389 2585 1485 2660 idem,
1512 2587 1588 2668 quia
1617 2587 1667 2650 lex

117 2703 151 2746 ac
166 2685 395 2756 virtutum,sed
411 2691 443 2746 ct
458 2700 514 2764 pcr
530 2681 755 2764 temporalium
771 2681 865 2743 bono·
920 2681 1034 2744 Christi
1056 2689 1104 2744 est
1124 2682 1173 2744 lex
1194 2683 1291 2746 totius
1311 2685 1451 2747 caritatis
1472 2693 1504 2748 ct
1524 2685 1667 2768 pietatis3

117 2801 186 2846 rum
208 2781 539 2865 recompensationem
566 2787 786 2842 remuneratur
810 2779 864 2841 bo·
920 2786 951 2842 et
965 2779 1108 2842 Christus
1127 2780 1159 2841 in
1175 2781 1262 2842 omni
1278 2781 1343 2843 vita
1362 2801 1419 2844 sua
1438 2783 1471 2844 in
1489 2783 1583 2845 terris
1600 2802 1669 2866 per-

122 1403 376 1668 leronus
395 1413 440 1464 est
460 1406 504 1464 ad
522 1404 797 1472 misericordium,
814 1403 901 1467 lie-A
917 1420 993 1485 ergo
1017 1403 1166 1467 Salomon
1190 1405 1271 1468 dixit
1293 1423 1300 1469 :
1324 1406 1383 1481 Oui
1408 1426 1528 1490 pronus
1552 1417 1600 1472 est
1623 1409 1662 1471 ad
1685 1435 1810 1490 pressu,

118 2899 167 2944 mo
181 2900 199 2943 a
215 2881 281 2944 Deo
297 2897 354 2963 pro
369 2879 521 2962 operibus
536 2877 780 2941 misericordie:
791 2895 864 2939 nam
919 2885 998 2950 acta,
1015 2897 1174 2941 summam
1198 2887 1230 2941 et
1252 2879 1423 2942 maximam
1445 2880 1608 2943 caritatem
1632 2901 1669 2944 ac

116 2988 147 3042 et
170 2981 202 3042 in
227 2978 461 3062 temporalibus
485 2977 566 3040 solet
589 2976 670 3038 bene
695 2975 865 3038 succedere
921 2977 1172 3039 misericordiam
1203 2977 1349 3040 exhibuit
1373 2997 1409 3040 ac
1436 2978 1592 3061 impendit
1616 2981 1670 3043 bo-

117 3077 164 3140 his
179 3077 235 3162 qui
258 3077 485 3140 misericordie
504 3074 655 3158 operibus
674 3074 769 3155 digne
789 3073 866 3136 libe·
922 3074 1075 3148 minibus,
1093 3075 1157 3137 imo
1172 3075 1315 3158 quotidie
1336 3076 1569 3140 incessabiliter
1583 3077 1670 3140 exbi-

116 3176 288 3260 raliterque
313 3175 477 3239 inherent.
504 3174 571 3236 lmo
594 3171 770 3254 sepissime
794 3189 866 3234 con·
921 3172 983 3234 bet.
1001 3173 1080 3234 Hinc
1094 3172 1134 3235 ad
1149 3191 1246 3255 opera
1261 3174 1402 3236 caritatis
1417 3193 1454 3237 ac
1469 3175 1596 3257 pietatis
1612 3194 1668 3238 seu

117 3275 185 3355 tigit
205 3273 408 3357 temporibus
432 3271 539 3346 lamis,
559 3271 643 3353 quod
668 3270 750 3332 Deus
775 3271 866 3332 mira·
922 3270 1146 3334 misericordie
1162 3270 1332 3334 Christiani
1348 3273 1514 3355 potissime
1528 3273 1669 3354 obligan-

117 3374 223 3438 culose
248 3371 476 3454 multiplicavit
498 3369 686 3452 temporalia
709 3368 792 3431 bona
815 3368 866 3430 bis
920 3377 981 3430 tur.
1007 3369 1084 3432 Nam
1111 3377 1143 3432 ct
1169 3369 1312 3432 membra
1341 3388 1399 3433 suo
1428 3371 1546 3434 debent
1570 3372 1668 3454 capiti

116 3473 168 3554 qui
198 3481 278 3534 tune
308 3469 504 3554 pauperibus
534 3467 758 3530 liberalissime
789 3466 865 3528 sub·
920 3467 1123 3541 conformari,
1141 3467 1667 3552 sicutloannesapostolusloqui-

115 3577 285 3642 venerunt,
311 3569 394 3631 sicut
420 3568 460 3630 de
487 3567 546 3630 hoc
573 3565 673 3627 multa
699 3565 866 3626 verissima
919 3564 1062 3637 tur20ui
1079 3583 1112 3626 se
1126 3564 1205 3627 dicit
1220 3567 1253 3627 in
1268 3565 1393 3629 Christo
1409 3585 1548 3640 manere,
1560 3567 1665 3643 debet,
1688 3592 1813 3646 temen.

117 3669 268 3749 leguntur
298 3665 454 3748 exempla.
486 3665 566 3727 llinc
596 3663 635 3726 ad
664 3663 864 3726 Timotheum
920 3664 1004 3726 sicut
1020 3663 1074 3726 ille
1091 3663 1277 3738 ambulavit,
1294 3671 1326 3726 et
1342 3664 1409 3747 ipse
1426 3665 1601 3728 ambulare.
1617 3667 1666 3728 ld·
1679 3657 1700 3699 ⁸·

34 3791 101 3842 rm,
116 3767 245 3848 scripsit
269 3763 439 3847 Apostolus
467 3782 474 3826 :
500 3763 618 3824 Exerce
641 3769 672 3823 te
697 3760 802 3842 ipsum
827 3760 865 3822 ad
880 3766 902 3830 C
920 3761 1006 3824 circo
1029 3760 1147 3824 latetur
1169 3761 1356 3825 Ambrosius
1378 3762 1515 3826 :Omnis
1539 3783 1666 3828 summa

27 3883 31 3893 ·
117 3865 269 3946 pietatem
292 3880 299 3924 :
323 3881 397 3925 nam
422 3859 595 3943 corporalis
619 3858 803 3922 exercitatio
826 3858 865 3920 ad
920 3859 1101 3922 christiane
1129 3859 1303 3940 religionis,
1329 3860 1361 3922 in
1392 3861 1611 3924 misericordia
1634 3870 1666 3925 et

117 3964 281 4027 modicum
303 3961 392 4022 utilis
410 3967 477 4039 est;
492 3959 593 4042 pietas
612 3965 718 4020 autem
740 3957 779 4018 ad
798 3975 866 4020 om·
920 3957 1036 4040 pictate
1051 3957 1203 4020 consistit.
1211 3956 1407 4038 Augustinus
1422 3959 1518 4022 etiam
1534 3958 1566 4021 in
1583 3960 1666 4025 libro

117 4063 169 4124 nia
192 4061 284 4124 utilis
305 4065 363 4134 cst,
381 4057 625 4142 promissionem
651 4055 772 4117 babens
793 4054 866 4118 vite
919 4055 958 4118 de
977 4056 1111 4119 Nomine
1131 4055 1305 4119 christiano
1324 4057 1477 4120 disseruit
1492 4074 1499 4119 :
1516 4057 1571 4120 llle
1590 4077 1665 4122 vere

116 4179 186 4243 que
208 4177 297 4222 nunc
317 4163 376 4230 est,
392 4165 425 4220 et
442 4156 568 4218 lature.
585 4154 707 4218 idcirco
726 4154 866 4236 loquitur
919 4154 1112 4217 christianus
1137 4160 1196 4226 est,
1222 4155 1277 4235 qui
1306 4155 1456 4217 omnibus
1485 4156 1665 4220 misericor-

115 4260 283 4344 aptissime
298 4256 494 4338 Augustinus
512 4255 567 4318 :Si
587 4253 637 4316 vis
655 4271 725 4316 esse
747 4271 865 4314 merea·
918 4253 1003 4314 diam
1021 4253 1106 4326 lacit,
1124 4252 1179 4335 qui
1197 4251 1286 4314 nulla
1303 4259 1448 4315 movetur
1463 4253 1592 4334 injuria,
1608 4255 1665 4338 qui

114 4368 163 4423 tor
183 4359 340 4442 optimus,
355 4356 526 4420 loenerator
546 4354 703 4436 egregius,
721 4353 760 4414 da
779 4352 864 4435 quod
917 4351 1058 4414 alienum
1077 4351 1219 4414 dolorem
1236 4357 1387 4432 anquam
1409 4351 1574 4435 proprium
1596 4371 1665 4416 sen·

115 4477 179 4523 non
210 4465 303 4542 potes
331 4455 387 4519 diu
416 4463 535 4528 tenere,
561 4462 596 4514 ut
620 4452 755 4534 recipias
779 4451 864 4533 quod
918 4450 966 4522 tit,
992 4448 1086 4530 cujus
1111 4466 1253 4510 mensam
1278 4447 1386 4510 nullus
1410 4467 1533 4532 pauper
1554 4467 1664 4514 occur-

114 4575 282 4640 nunquam
298 4573 397 4636 queas
411 4553 572 4630 amittere;
585 4551 625 4613 da
640 4550 813 4624 modicum,
830 4557 865 4612 ut
919 4567 991 4610 rens
1006 4546 1139 4628 ignorat,
1157 4547 1211 4629 qui
1229 4546 1353 4609 miseris
1370 4547 1552 4624 auxiliatur,
1568 4556 1664 4631 atque

115 4655 255 4737 recipias
278 4652 482 4733 centuplum;
502 4650 542 4712 da
561 4648 770 4732 temporalem
793 4665 864 4730 pos·
917 4647 955 4708 ad
981 4645 1094 4708 lictum
1117 4645 1254 4708 aliorum
1276 4644 1406 4708 fletibus
1428 4656 1627 4728 provocatur.

114 4755 305 4824 sessionem,
322 4758 358 4812 ut
378 4748 514 4830 recipias
533 4755 684 4811 eternam
708 4745 864 4808 beredita-
957 4744 1061 4807 Tertia
1080 4743 1159 4806 ratio
1179 4751 1237 4817 cst,
1254 4744 1405 4824 quoniam
1425 4745 1494 4808 sine
1513 4747 1665 4829 operibus

114 4860 189 4914 tem.
208 4851 275 4914 lloc
295 4849 380 4912 idem
401 4847 542 4910 aliirmat
561 4846 730 4926 Gregorius
747 4863 753 4908 :
770 4845 864 4918 Ouid·
919 4842 1157 4917 misericordie,
1172 4842 1308 4905 aliarum
1323 4852 1413 4906 actus
1429 4845 1584 4908 virtutum
1601 4847 1665 4910 Deo

114 4952 192 5034 quid
208 4949 391 5032 (inquiens)
409 4964 509 5029 egeno
528 4945 690 5018 tribuitur,
706 4944 733 5007 si
753 4944 863 5006 subtili
878 4949 903 5011 Ι)
919 4963 981 5008 non
997 4944 1132 5026 placent.
1151 4943 1339 5025 Specialiter
1353 4961 1480 5026 quoque
1495 4963 1591 5027 opera
1606 4948 1665 5010 mi·

113 5047 370 5112 consideratione
392 5051 554 5128 pensetur,
574 5061 637 5106 non
662 5050 710 5106 est
731 5043 863 5116 donum,
918 5043 1097 5106 sericordie
1120 5041 1318 5105 orationibus
1342 5061 1378 5104 ac
1397 5041 1531 5124 jejuniis
1555 5043 1664 5108 cilica-

113 5150 169 5211 sed
196 5154 360 5220 mutuum,
381 5145 457 5227 quia
477 5143 562 5226 quod
585 5144 688 5216 datur,
710 5141 865 5223 multipli-
919 5143 1001 5205 ciam
1022 5147 1180 5223 prestant.
1199 5141 1367 5223 Propterea
1385 5141 1464 5203 dicit
1477 5141 1540 5205 Leo
1557 5143 1662 5225 Papa:

113 5255 185 5314 cato
209 5247 282 5310 siue
306 5245 407 5308 dubio
429 5243 537 5306 fructu
561 5241 747 5327 percipitur.
769 5241 863 5304 ltecte
918 5239 1140 5304 lliscricordie
1161 5239 1263 5302 virtus
1286 5247 1373 5302 tanta
1397 5246 1455 5314 est,
1476 5247 1512 5303 ut
1534 5241 1603 5304 sine
1627 5260 1665 5306 ca
