4140 6258
397 507 458 576 380
753 527 904 578 noumrca
924 525 969 576 nu
989 527 1063 576 noar
1083 523 1277 574 rmurrsrarr.
1298 542 1339 555 -
1360 523 1460 574 sunno
1480 523 1594 573 ramos

398 700 479 783 spei,
496 719 554 784 per
574 719 671 784 qnam
692 700 951 782 approximamus
972 700 1012 762 ad
1033 699 1143 762 Deum.
1161 699 1232 762 Aet
1250 698 1290 760 ad
1309 715 1440 760 usuram
1461 695 1701 761 accommodare
1719 694 1877 770 extraneis,
1890 711 2013 767 naneae,

266 807 343 854 caat.
354 825 384 868 a,
398 797 502 880 Atque
523 799 561 861 ad
582 797 705 862 Galatas
722 819 729 863 :
746 797 810 862 Lex
831 799 1019 880 pedagogus
1040 803 1149 859 noster
1199 794 1350 884 fratribus
1365 795 1432 858 suis
1447 794 1656 858 concederent
1669 793 1709 855 ad
1724 793 1922 857 usuramllinc
1932 778 1980 819 ¹²³⁸·

251 873 285 916 ²⁴·
398 896 461 958 fnit
479 896 513 958 in
529 895 662 960 Christo.
680 895 803 958 Dicitur
822 896 943 978 quippe
963 895 1014 957 lex
1032 893 1146 976 Moysis
1201 894 1344 956 Christus
1369 893 1413 956 ait
1432 893 1549 957 iudeis
1570 909 1578 955 ε
1598 892 1646 955 Ad
1667 890 1815 955 duritiam
1836 893 2012 962 cordisuarm

398 995 595 1077 disposuisse
619 995 659 1057 ad
684 995 901 1076 evangelicam
930 993 1044 1075 legem,
1069 1008 1146 1074 quo·
1200 991 1298 1054 vestri
1312 992 1434 1074 Moyses
1447 991 1595 1074 permisit
1608 989 1701 1054 vohis
1715 990 1788 1052 dare
1801 973 1947 1054 libellnn⁸'

398 1093 486 1156 niam
501 1111 571 1156 eam
591 1092 820 1175 prefiguravit,
839 1091 954 1156 Christi
973 1091 1146 1154 adventum
1201 1089 1337 1172 repudii.

399 1190 636 1273 praenuntiavit,
653 1187 686 1254 et
706 1190 918 1254 idololatriam
939 1188 1145 1272 reprobavit:
1242 1187 1322 1250 Sunt
1341 1194 1449 1250 autern
1467 1194 1499 1250 et
1513 1187 1575 1250 alia
1594 1186 1695 1249 multa
1715 1185 1749 1248 in
1767 1185 1874 1268 quibus
1885 1187 1924 1249 lor

399 1289 520 1352 idcirco
535 1289 605 1371 lege
620 1290 804 1371 evangelica
819 1288 1029 1372 promulgata,
1046 1305 1147 1350 cessa·
1202 1285 1386 1367 evangelica
1400 1303 1529 1349 ornnem
1545 1284 1640 1347 aliam
1656 1283 1760 1365 legem
1779 1290 1840 1347 tam
1856 1289 1927 1346 natu-

399 1387 446 1451 vit
467 1388 518 1450 lex
540 1395 642 1451 vetus.
1203 1383 1302 1447 ralem
1319 1403 1415 1466 qnam
1430 1383 1598 1447 Mosaicam
1615 1389 1648 1446 et
1663 1383 1834 1446 humanam
1846 1389 1927 1444 trans·

439 1485 545 1549 'lertio
562 1485 649 1548 idern
669 1484 832 1568 probatur,
849 1483 925 1568 quia
943 1484 995 1546 lex
1014 1501 1148 1564 evange·
1203 1484 1321 1558 cendit,
1351 1483 1427 1565 quia
1456 1500 1520 1545 non
1551 1481 1669 1545 solum.
1686 1481 1796 1544 omnia
1821 1488 1927 1564 peccata

401 1584 462 1646 lica
490 1584 574 1648 bona
602 1584 745 1648 coelestia
773 1592 805 1647 et
833 1591 950 1648 eterna
980 1581 1149 1645 manifeste
1203 1581 1345 1644 excludit
1372 1599 1409 1644 ac
1434 1580 1594 1664 prohibet,
1620 1581 1676 1643 sed
1700 1579 1798 1644 etiam
1821 1579 1928 1642 interio-

401 1683 570 1766 promittit,
590 1682 693 1758 docet,
715 1690 748 1746 et
770 1684 809 1746 ad
834 1700 871 1746 ea
895 1680 1079 1744 immediate
1103 1681 1149 1742 in·
1204 1699 1253 1742 res
1278 1687 1378 1756 actus,
1405 1680 1612 1761 cogitationes
1636 1686 1668 1740 et
1692 1677 1872 1742 affectiones
1892 1697 1928 1740 re·

400 1781 539 1844 troducit
560 1799 635 1844 suos
657 1781 876 1844 observatores
900 1779 1077 1863 perfectos;
1093 1779 1149 1842 sed
1203 1778 1338 1858 format3
1363 1784 1395 1841 et
1420 1795 1484 1841 non
1509 1777 1624 1840 timore
1649 1775 1725 1839 mali
1751 1795 1806 1839 seu
1828 1775 1927 1859 suppli-

401 1878 451 1941 lex
476 1885 568 1941 vetus
592 1878 676 1941 bona
704 1878 760 1940 illa
783 1896 846 1942 non
871 1879 933 1941 nisi
958 1877 1093 1941 obscure
1117 1883 1148 1938 et
1166 1876 1258 1951 Boii,
1275 1884 1310 1939 ut
1330 1877 1380 1939 lex
1402 1884 1504 1951 vetus,
1522 1876 1577 1938 sed
1598 1892 1707 1938 amore
1731 1874 1806 1937 honi
1827 1874 1928 1936 inducit

400 1972 506 2055 typice
522 1974 724 2055 presignavit
738 1980 833 2056 atque
849 1973 1004 2057 promisit.
1022 1973 1095 2036 ldeo
1109 1972 1149 2035 ad
1203 1976 1243 2038 ad
1259 1975 1339 2038 bene
1355 1975 1523 2056 agendum.
1536 1972 1855 2056 Compendiosissime
1867 1989 1927 2054 quo·

258 2089 386 2143 nesae«.
401 2071 548 2135 Hebraeos
563 2072 681 2134 dicitur
698 2092 705 2135 :
722 2073 874 2135 Umbram
894 2073 1014 2135 habens
1035 2072 1084 2134 len
1102 2070 1149 2133 fu·
1204 2092 1318 2157 quoae
1334 2073 1520 2155 planissime
1536 2071 1696 2153 descripta
1710 2078 1762 2134 est
1775 2079 1861 2154 atque
1873 2088 1928 2152 pre

403 2178 547 2232 turorum
570 2170 739 2244 bonorum,
760 2189 824 2234 non
849 2172 951 2254 ipsam
976 2170 1148 2252 imaginem
1204 2172 1350 2254 ponitur3
1371 2171 1422 2233 lex
1441 2177 1548 2233 autem
1567 2170 1699 2252 antiqua
1720 2168 1829 2232 multis
1845 2168 1928 2231 fuerat

402 2287 520 2331 rerum.
531 2269 594 2332 Lex
610 2287 748 2351 namque
763 2270 897 2332 llosaica
913 2287 976 2333 non
992 2269 1054 2332 nisi
1066 2268 1150 2331 bona
1204 2269 1318 2351 figuris
1334 2275 1417 2332 tecta
1431 2287 1469 2331 ac
1483 2267 1698 2332 velaminibus
1713 2267 1860 2338 involuta,
1875 2283 1929 2348 pro

403 2374 529 2429 terrena
543 2367 609 2429 suis
624 2367 882 2431 observatoribus
898 2367 1066 2430 manifeste
1081 2385 1151 2449 pre
1205 2368 1332 2450 fixeque
1361 2367 1480 2449 scripta
1508 2385 1545 2429 ac
1575 2366 1690 2428 tradita
1716 2381 1725 2428 τ
1754 2384 1824 2427 narn
1850 2364 1878 2426 in
1902 2383 1930 2426 ea

403 2465 500 2527 misit.
521 2465 631 2547 ltaque
652 2468 729 2528 dum
755 2467 805 2529 lex
830 2466 1012 2548 evangelica
1033 2466 1150 2528 dicitur
1205 2466 1321 2548 sepius
1344 2466 1456 2528 eadem
1478 2471 1677 2548 repetuntur.
1694 2462 1869 2550 Verum-dc
1885 2463 1931 2523 hac

402 2563 536 2644 gratiam
559 2564 722 2626 continere
744 2570 776 2626 et
797 2564 882 2639 dare,
898 2565 1055 2646 accipitur
1076 2583 1149 2627 cum
1206 2564 1338 2628 materia
1353 2564 1455 2628 multo
1471 2563 1598 2647 plenius
1616 2562 1735 2644 scripsi
1751 2562 1786 2624 in
1798 2560 1931 2645 proemio

402 2661 581 2725 inclusione
605 2669 877 2725 sacramentorum
897 2680 1028 2725 suorum
1051 2681 1057 2725 :
1079 2681 1150 2744 que
1204 2682 1301 2746 super
1321 2662 1449 2727 Lucam.

402 2767 477 2821 sunt
490 2778 565 2823 vasa
585 2758 794 2842 spiritualiter
814 2760 1026 2834 medicinalia,
1042 2760 1150 2841 gratie
1244 2763 1398 2835 Quoniam
1420 2779 1495 2843 ergo
1516 2761 1653 2843 ipsemet
1674 2759 1859 2842 Unigenitus
1877 2757 1931 2831 liei,

402 2859 594 2932 contentiva,
611 2859 687 2941 quia
706 2877 763 2941 per
780 2877 817 2921 ea
834 2859 935 2921 virtus
953 2866 984 2921 et
1000 2860 1150 2921 meritum
1203 2861 1344 2923 Verbum
1364 2867 1530 2934 eternum,
1547 2877 1642 2921 verus
1657 2859 1757 2933 Dens,
1772 2859 1811 2920 ad
1829 2874 1880 2919 nos
1892 2857 1932 2918 de

402 2955 518 3018 Christi
542 2955 720 3038 applicatur
749 2955 911 3017 fidelibus.
940 2956 977 3018 Et
999 2956 1074 3037 quia
1099 2956 1149 3018 lex
1204 2958 1367 3034 scandere,
1393 2965 1425 3020 et
1449 2957 1580 3039 proprio
1603 2974 1658 3020 ore
1683 2973 1745 3018 nos
1770 2955 1930 3026 informare,

402 3061 493 3116 vetus
508 3053 583 3115 talia
599 3061 796 3115 sacramenta
812 3071 875 3115 non
890 3053 1013 3130 habuit,
1030 3053 1186 3120 idcirooC
1205 3056 1371 3138 legemque
1396 3056 1470 3118 dare
1495 3056 1644 3136 dignatus
1671 3061 1733 3129 est,
1761 3073 1823 3116 non
1850 3052 1930 3115 sinus

401 3150 520 3214 virtute
546 3151 675 3232 propria
696 3167 763 3216 non
783 3149 984 3232 justificavit,
1006 3152 1061 3214 scd
1084 3151 1149 3214 fide
1204 3154 1319 3235 ingrati
1343 3153 1477 3226 caritati,
1498 3151 1686 3233 dignationi,
1710 3151 1822 3234 pietati
1843 3157 1871 3213 et
1891 3148 1932 3212 be-

402 3257 433 3312 et
447 3249 548 3331 gratia
563 3248 680 3312 Christi
696 3255 773 3311 tunc
789 3250 926 3323 venturi,
944 3269 1029 3312 nuno
1046 3250 1148 3334 missi,
1204 3251 1331 3314 neficiis
1351 3251 1432 3331 ejus,
1449 3269 1554 3333 neque
1574 3250 1746 3332 preceptis
1766 3249 1834 3329 ejus
1851 3246 1933 3310 rebel·

401 3367 460 3430 per
474 3347 566 3429 cujus
582 3346 682 3410 fidam
697 3365 795 3428 opera
815 3347 983 3410 hominum
1005 3348 1149 3429 sublege
1205 3352 1262 3425 les,
1284 3351 1339 3412 sed
1362 3349 1450 3413 omni
1476 3367 1550 3410 cum
1573 3347 1752 3430 diligentia,
1773 3347 1892 3410 caritate
1909 3351 1933 3407 el

401 3445 588 3528 positorum,
615 3445 745 3507 caritate
776 3453 995 3521 concurrente,
1022 3446 1149 3509 merito·
1205 3446 1442 3531 perseverantia
1470 3446 1648 3510 serviamus
1677 3445 1797 3508 eidem.
1827 3444 1934 3524 Legitur

400 3543 448 3605 ria
469 3550 568 3605 erant.
1205 3547 1290 3629 quod
1309 3545 1371 3608 fnit
1389 3545 1520 3628 quidam
1538 3545 1746 3619 SarracenuS,
1767 3544 1822 3627 qni
1842 3541 1933 3606 volens

441 3642 557 3714 Quarto
582 3641 666 3704 idem
693 3641 883 3716 ostenditur,
905 3642 1056 3725 quoniam
1079 3661 1149 3724 pro·
1204 3644 1278 3708 fieri
1294 3644 1502 3718 Christianus,
1519 3642 1608 3705 venit
1626 3642 1772 3706 Romam.
1790 3642 1934 3720 Quumque

402 3740 552 3822 prietates
582 3739 660 3820 legis
692 3739 887 3802 conveniunt
917 3739 1150 3824 perfectissime
1206 3741 1338 3807 vidisset
1359 3743 1537 3804 Romanurn
1562 3739 1754 3804 Pontificem
1775 3740 1807 3801 in
1828 3755 1880 3801 suo
1896 3753 1934 3798 or·

402 3837 593 3918 evangelice
618 3837 689 3918 legi.
716 3837 795 3900 Nam
824 3837 902 3919 legis
932 3837 1078 3901 officium
1102 3846 1151 3900 est
1206 3848 1293 3914 natu,
1310 3848 1342 3903 et
1361 3840 1507 3903 dominos
1526 3837 1702 3901 cardinales
1722 3857 1761 3900 ao
1782 3837 1892 3900 clerum
1908 3833 1933 3894 in

402 3936 548 3999 homines
572 3934 677 3998 facere
701 3935 870 4010 virtuosos,
895 3936 934 3998 ad
959 3937 1044 4018 quod
1073 3955 1150 4018 pre·
1205 3939 1315 4001 divino
1333 3937 1460 4012 Officio,
1476 3936 1567 4000 valde
1588 3936 1787 4019 complacuit
1808 3935 1845 3998 ei.
1861 3933 1935 3996 llain·

402 4034 540 4115 erigitur
555 4033 714 4096 declinare
729 4053 748 4095 a
763 4034 857 4109 malo,
871 4036 931 4098 hoc
946 4041 994 4097 est
1008 4053 1027 4096 a
1042 4053 1151 4116 pecca·
1205 4038 1245 4098 de
1266 4056 1285 4099 a
1306 4035 1436 4099 domino
1459 4036 1541 4119 Papa
1565 4035 1758 4117 baptizatus,
1778 4031 1890 4114 rogavit
1907 4047 1934 4091 so

401 4139 433 4196 to
449 4131 606 4194 recedere.
623 4131 703 4193 llinc
724 4131 828 4214 primo
847 4140 968 4215 spectat
987 4134 1025 4195 ad
1047 4132 1150 4214 legem
1204 4134 1340 4217 Largum
1365 4135 1483 4210 vocari,
1509 4134 1619 4197 dicens
1645 4153 1652 4197 :
1678 4131 1935 4207 Quemadmodum

401 4230 479 4293 vitia
503 4229 687 4312 exstirpare.
715 4231 780 4292 Hoc
804 4239 910 4293 autem
937 4231 986 4294 lex
1011 4231 1150 4295 humana
1165 4231 1190 4294 D
1206 4234 1348 4298 Christus
1367 4233 1431 4295 fuit
1450 4232 1647 4314 largissimus
1666 4230 1862 4302 hominibus,
1877 4245 1934 4310 pro·

401 4328 541 4412 perfecte
566 4347 630 4393 non
655 4328 769 4403 efficit,
795 4331 948 4412 quoniam
974 4331 1151 4394 communi·
1205 4333 1312 4415 prium
1334 4331 1521 4413 sanguinem
1544 4329 1682 4393 fundens
1706 4329 1935 4411 praefertque

401 4425 457 4488 tati
480 4426 680 4509 proponitur,
697 4427 729 4488 in
753 4445 816 4509 qua
838 4426 971 4509 plurimi
994 4436 1068 4490 sunt
1091 4429 1150 4490 im-

402 4524 548 4607 perfecti,
574 4525 681 4587 vitiosi
706 4533 738 4588 et
761 4525 801 4587 ad
826 4544 939 4606 magna
967 4527 1050 4589 mala
1079 4545 1150 4608 pro-

403 4622 503 4684 clives
525 4641 531 4686 :
554 4622 625 4685 ideo
650 4624 796 4704 quedam
821 4624 904 4686 mala
928 4625 1094 4706 permittit,
1116 4633 1151 4686 ut

404 4720 586 4782 meretrices
606 4726 638 4782 et
653 4722 824 4796 usurarios,
840 4741 880 4785 ne
900 4724 1084 4805 contingant
1099 4742 1151 4805 pe·

402 4817 482 4899 jora,
500 4836 570 4899 que
591 4823 698 4880 tamen
722 4819 831 4883 divino
853 4820 1007 4903 relinquit
1029 4821 1150 4902 judicio

405 4915 576 4998 punienda.
597 4915 660 4978 Lex
685 4935 811 4998 quoque
835 4919 980 4994 hlosaica,
998 4921 1151 5002 quoniam

405 5013 477 5076 rudi
501 5014 595 5076 etad
619 5013 698 5077 vitia
727 5032 827 5097 prono
856 5017 990 5079 dabatur
1019 5019 1149 5101 populo,

405 5112 551 5195 quedam
575 5113 722 5194 permisit
743 5114 836 5189 mala,
853 5134 893 5178 ne
915 5116 1072 5180 deteriora
1095 5118 1152 5181 fie-

405 5217 476 5275 rent
493 5229 500 5275 :
518 5210 666 5293 permisit
685 5230 823 5294 namque
845 5212 991 5276 libellum
1012 5217 1149 5298 repudii,

407 5327 447 5371 ne
462 5309 607 5374 crudeles
621 5309 721 5375 Judsei
736 5326 850 5374 uxores
871 5329 944 5374 suas
958 5312 1163 5390 occiderent,-

1205 4449 1239 4492 se
1254 4437 1356 4493 totum
1373 4431 1420 4492 eis
1437 4428 1679 4491 communicans
1697 4435 1729 4490 et
1745 4426 1934 4509 impendans;

1205 4529 1251 4591 sic
1267 4545 1325 4610 ego
1341 4545 1398 4610 pro
1414 4545 1507 4610 posse
1522 4536 1554 4590 et
1568 4527 1699 4589 modulo
1713 4544 1787 4590 meo
1799 4525 1867 4589 volo
1880 4540 1936 4586 esse

1205 4627 1311 4708 largus
1326 4626 1462 4689 Domino
1476 4626 1550 4688 lesu
1563 4625 1755 4698 Christo,me
1768 4631 1866 4688 totum
1879 4622 1936 4702 ejus

1205 4725 1369 4807 obsequiis
1390 4724 1582 4806 deputando,
1598 4723 1734 4806 ejusque
1754 4722 1852 4785 fidem
1869 4722 1937 4782 inter

1206 4824 1393 4887 Sarracenos
1414 4822 1627 4905 praedicando,
1644 4829 1676 4884 et
1694 4821 1722 4884 si
1741 4840 1825 4904 opus
1844 4816 1935 4888 fuerit,

1206 4940 1264 5004 pro
1288 4922 1359 5004 ipso
1383 4922 1481 4984 etiam
1506 4920 1681 4984 moriendo.
1701 4920 1813 5002 ltaque
1836 4918 1937 4996 Largus

1205 5021 1260 5084 ille
1278 5021 1360 5083 bene
1379 5020 1554 5083 instructus
1574 5019 1608 5081 in
1626 5018 1693 5082 fide
1711 5026 1745 5080 et
1763 5018 1893 5098 desuper
1909 5011 1937 5072 il-

1206 5119 1368 5193 lustratus
1395 5119 1434 5181 ad
1457 5119 1645 5182 Sarracenos
1667 5134 1826 5189 reversus,
1852 5113 1937 5176 fidem

1206 5217 1322 5280 Christi
1337 5216 1459 5280 eisdem
1475 5216 1600 5280 fortiter
1614 5214 1810 5298 predicavit.
1826 5212 1869 5276 Ad
1882 5209 1936 5292 glo

1206 5314 1287 5378 riam
1308 5314 1374 5378 Dei.
