4164 6258
444 411 506 478 230
819 430 967 478 nonnum
988 433 1007 478 v
1027 431 1101 478 rosr
1120 429 1315 478 reinmarum
1335 448 1376 458 -
1396 427 1495 476 sanxo
1515 427 1626 476 ramos

446 602 518 677 dia,
536 602 667 685 implete
681 602 833 685 gaudium
850 621 969 676 meum,
988 609 1022 664 ut
1042 601 1125 664 idem
1146 620 1194 663 sa·
1208 599 1233 664 Α
1249 619 1297 664 vae
1321 619 1371 663 res
1395 607 1553 675 crescunt,
1581 600 1624 663 ita
1648 618 1705 682 per
1728 595 1913 661 discordiam
1933 617 1970 662 ras

447 701 777 784 piatis,unanimes,id
793 702 899 784 ipsum
916 699 1193 764 sentientes.ldem
1250 697 1396 759 maxime
1417 696 1612 759 dilabuntur.

415 821 418 828 ’
447 798 534 863 enim
557 817 668 881 sapere
688 817 745 862 nos
764 806 890 881 oportet
908 800 940 862 in
961 799 1011 861 bis
1030 818 1101 880 quaa
1121 804 1196 860 sunt
1294 795 1439 858 Secundo
1473 795 1623 878 princeps
1651 792 1875 876 Apostolorum
1900 793 1972 855 docet

446 896 525 960 fidei
545 915 581 959 ac
601 897 722 966 salutis.
743 897 874 978 Propter
895 898 978 979 quod
999 896 1112 958 asserit
1132 895 1195 958 Leo
1250 912 1307 958 nos
1328 895 1361 956 in
1381 895 1530 977 praesenti
1554 893 1699 976 epistola,
1724 899 1760 954 ut
1779 891 1924 974 proximis
1940 893 1971 954 si·

446 994 553 1077 Papa:
570 994 677 1057 Gratia
690 994 790 1058 Patris
810 995 960 1068 coelestia,
977 1012 1040 1057 non
1056 993 1196 1056 dissimi-
1251 1011 1322 1054 mus
1337 992 1573 1074 compatientes
1587 991 1633 1053 Ad
1649 990 1734 1073 quod
1749 1007 1808 1052 nos
1824 988 1912 1052 debet
1924 1008 1972 1052 mo

447 1092 505 1167 les,
526 1110 590 1155 non
615 1092 788 1166 discordes,
814 1093 868 1155 sed
896 1111 997 1155 unum
1023 1091 1195 1154 sentientes
1250 1109 1335 1164 vere,
1353 1090 1456 1173 primo
1476 1088 1682 1153 conformitas
1701 1095 1823 1150 naturae
1844 1105 1851 1148 :
1872 1105 1933 1150 nam
1949 1097 1972 1149 ct

447 1208 614 1273 unumque
632 1197 775 1253 amantes
794 1189 956 1272 adoptavit
973 1189 1105 1252 heredes
1127 1206 1134 1250 τ
1156 1188 1195 1251 ad
1251 1187 1344 1250 bruta
1359 1188 1550 1271 quamplura
1569 1187 1714 1269 ejusdem
1735 1185 1855 1268 speciei
1873 1185 1925 1247 sibi
1938 1185 1973 1247 in·

448 1306 544 1349 unam
570 1286 758 1351 reformatos
786 1288 958 1369 imaginem
983 1296 1108 1370 oportet
1129 1287 1197 1349 ani·
1251 1287 1354 1349 vicem
1377 1286 1627 1369 compatiuntur,
1649 1292 1686 1348 ut
1707 1291 1793 1368 patet
1816 1284 1856 1347 de
1880 1285 1971 1365 porcis.

448 1405 538 1449 mum
560 1385 679 1449 babere
700 1385 909 1449 conformem.
1251 1386 1408 1460 Secundo,
1433 1385 1547 1448 caritas
1572 1385 1720 1457 fraterna,
1746 1401 1818 1464 qum
1842 1382 1930 1464 exigit
1949 1391 1974 1444 ut

488 1485 631 1566 lnsuper,
658 1500 721 1547 non
747 1502 821 1545 curn
846 1482 1033 1546 bominibus
1058 1490 1194 1556 tantum,
1251 1483 1335 1544 sicut
1358 1484 1397 1545 de
1423 1483 1506 1546 bono
1529 1481 1749 1564 proximorum
1774 1480 1922 1554 laetamur,
1943 1479 1975 1540 iu

448 1582 504 1644 sed
525 1600 599 1643 cum
619 1581 684 1644 lieo
703 1599 830 1663 quoque
851 1588 882 1642 et
901 1580 1022 1662 angelis
1041 1581 1195 1644 debemus
1251 1582 1290 1643 de
1315 1600 1424 1644 eorum
1449 1580 1639 1642 adversitate
1668 1586 1701 1642 et
1723 1597 1798 1642 casu
1823 1579 1974 1641 tristemur.

300 1693 433 1748 raanan.
448 1679 566 1743 babere
586 1680 800 1754 concordiam,
820 1679 917 1760 juxta
933 1679 1012 1741 illud
1032 1680 1090 1742 Job
1112 1696 1119 1741 :
1140 1681 1196 1741 Ac·
1251 1679 1367 1754 Tertio,
1393 1678 1468 1759 quia
1496 1697 1554 1741 nos
1580 1679 1641 1760 ipsi
1666 1678 1699 1740 in
1724 1677 1835 1740 multis
1862 1677 1977 1738 miseriis

448 1777 577 1859 quiesce
593 1778 668 1852 lieo,
685 1785 717 1839 et
732 1776 847 1840 habeto
863 1793 995 1859 pacem3
1014 1784 1046 1838 et
1059 1796 1117 1858 per
1136 1777 1196 1839 boc
1213 1777 1235 1838 B
1251 1785 1346 1859 atque
1371 1776 1522 1858 periculis
1547 1795 1668 1838 sumus.
1690 1775 1818 1849 Quarto,
1841 1775 1913 1857 quia
1934 1793 1978 1856 per
2077 1761 2078 1786 l

447 1875 581 1938 habebis
606 1874 730 1938 fructus
754 1876 902 1957 optimos.
929 1875 1097 1957 Apostolus
1119 1893 1196 1957 quo·
1251 1875 1311 1938 boc
1335 1875 1451 1937 divinae
1475 1875 1602 1957 pietatis
1631 1874 1869 1937 miserationem
1897 1891 1977 1934 merc·

309 1987 432 2042 noman.
448 1992 510 2056 que
535 1974 574 2036 ad
599 1975 756 2040 Romanos
780 1991 787 2036 ε
809 1973 980 2038 iustificati
1004 1974 1136 2056 (inquit)
1157 1991 1195 2036 ex
1251 1992 1332 2035 mur.
1350 1972 1477 2047 Quinto,
1498 1973 1651 2054 quoniam
1671 1971 1816 2035 Christus
1836 1979 1869 2034 et
1886 1989 1977 2034 omncs

448 2070 524 2145 fide,
551 2090 664 2154 pacem
694 2071 868 2134 habeamus
895 2072 934 2134 ad
964 2072 1075 2135 Deum.
1101 2073 1196 2135 Porro
1251 2071 1356 2134 Sancti
1379 2071 1471 2133 valde
1492 2070 1684 2152 compassivi
1707 2069 1848 2132 fuerunt.
1870 2068 1977 2131 Namat
2078 2111 2079 2114 ,

448 2169 617 2232 concordia
642 2187 716 2230 vera
740 2170 779 2231 ad
803 2170 914 2242 Deum,
933 2176 981 2231 est
1001 2177 1065 2231 tam
1088 2169 1120 2230 in
1143 2168 1195 2231 ad·
1251 2169 1393 2232 Christus
1409 2169 1520 2231 videns
1536 2169 1696 2230 civitatem
1710 2166 1898 2241 Jerusalem,
1912 2167 2065 2228 futu-ran..

448 2266 550 2329 versis
570 2285 666 2347 quam
688 2267 719 2328 in
740 2266 901 2349 prosperis
921 2265 1005 2328 uniri
1021 2274 1052 2328 et
1067 2282 1196 2329 consen·
1251 2285 1319 2328 ram
1339 2265 1409 2347 ejus
1429 2267 1553 2328 ruinam
1575 2265 1717 2328 deflevit.
1735 2265 1773 2326 Et
1792 2273 1918 2327 sanctus
1933 2263 1978 2326 lob

449 2364 510 2427 tire
526 2364 682 2427 voluntati
698 2364 826 2439 divina,
842 2371 874 2426 at
888 2364 1005 2444 gratias
1019 2365 1048 2426 ei
1065 2353 1194 2438 r‘cferre,
1252 2371 1443 2446 protestatur
1466 2380 1473 2425 :
1497 2363 1625 2426 Flebam
1650 2381 1747 2446 super
1771 2381 1809 2426 eo
1834 2363 1891 2445 qui
1912 2361 2062 2424 silli-amn

450 2479 513 2524 non
530 2479 742 2536 murmurare,
759 2463 919 2543 nequead
936 2461 1197 2545 iramimpatien-
1251 2471 1322 2524 ctus
1346 2470 1423 2536 erat,
1449 2468 1481 2523 et
1510 2461 1763 2544 compatiebatur
1791 2461 1898 2524 anima
1925 2479 1980 2522 mea
2079 2459 2080 2498 l

449 2560 567 2622 tiamvc
592 2560 724 2622 moveri.
751 2559 830 2620 Hinc
859 2561 971 2621 asserit
995 2560 1057 2623 Leo
1081 2561 1162 2642 Papa
1187 2579 1193 2622 :
1252 2560 1395 2642 pauperi.
1413 2560 1527 2621 Paulus
1543 2577 1670 2641 quoque
1685 2560 1724 2622 ad
1739 2559 1919 2623 Corinthios
1930 2558 1980 2620 dis-

448 2658 528 2732 Ouid
545 2665 594 2720 est
608 2676 718 2740 pacem
734 2656 852 2720 habere
868 2677 941 2720 cum
958 2658 1098 2732 Deo,nisi
1113 2658 1196 2721 velle
1252 2659 1351 2720 seruit
1368 2675 1374 2718 :
1392 2657 1467 2730 Quis
1488 2657 1680 2731 infirmatur,
1697 2664 1729 2720 et
1748 2674 1808 2738 ego
1827 2675 1891 2720 non
1907 2656 1981 2718 infir·
2002 2671 2060 2712 inm

449 2756 534 2838 quod
547 2754 651 2836 jubet,
667 2763 698 2816 et
718 2755 804 2818 nolle
823 2755 910 2836 quod
930 2755 1100 2838 prohibat?
1120 2758 1197 2820 Con·
1253 2759 1343 2819 morl
1359 2755 1435 2829 Quis
1448 2756 1689 2830 scandalizatur,
1706 2764 1738 2818 ct
1752 2774 1813 2837 ego
1828 2774 1891 2819 non
1905 2758 1981 2818 uror?
1993 2738 2015 2776 '⁹'

449 2853 591 2917 cordiam
615 2861 721 2916 autem
751 2852 869 2915 babere
893 2872 967 2916 cum
992 2854 1123 2935 angelis,
1150 2863 1198 2916 cst
1292 2854 1459 2936 Deinceps,
1477 2854 1562 2915 sicut
1580 2854 1699 2916 malum
1720 2855 1826 2938 culpae
1841 2855 1983 2936 incompa-

449 2970 560 3016 eorum
589 2951 707 3014 sanctis
733 2950 995 3034 inspirationibus
1019 2953 1234 3017 consentireC
1253 2951 1397 3013 rabiliter
1420 2951 1512 3033 pejus
1536 2959 1584 3014 est
1610 2952 1694 3015 malo
1717 2970 1834 3034 poenae,
1855 2953 1985 3015 videlicet

449 3069 485 3114 ac
500 3049 639 3112 libenter
658 3047 798 3111 obedire.
815 3049 978 3122 Praeterea,
995 3049 1021 3111 si
1037 3050 1197 3112 desideras
1253 3048 1410 3131 corporali
1425 3049 1612 3112 infirmitate
1626 3051 1861 3134 temporalique
1875 3053 1986 3122 damno,

449 3147 531 3210 scire
546 3166 586 3209 an
601 3165 709 3210 veram
724 3165 799 3210 cum
812 3146 876 3209 Deo
892 3165 1003 3228 pacem
1018 3155 1113 3228 atquc
1129 3165 1198 3210 con·
1254 3155 1286 3209 et
1306 3147 1527 3229 persecutione
1551 3147 1709 3228 humana;
1730 3150 1776 3211 sic
1804 3149 1906 3212 multo
1928 3149 1987 3230 plns

450 3245 590 3309 cordiam
606 3244 733 3319 babeas,
741 3244 969 3308 conscientiam
982 3252 1069 3307 tuam
1085 3246 1199 3308 exemi·
1238 3246 1436 3316 ,contristari
1457 3246 1611 3309 debemus
1634 3255 1665 3310 et
1686 3249 1828 3330 compati
1851 3246 1988 3331 proximis

450 3362 507 3424 na;
518 3352 549 3406 et
563 3344 589 3406 si
606 3361 669 3407 non
686 3342 787 3406 fueris
802 3342 859 3404 tibi
876 3343 1023 3406 conscius
1039 3344 1077 3406 de
1092 3344 1199 3426 aliqua
1255 3352 1386 3426 propter
1405 3362 1515 3407 eorum
1537 3353 1677 3427 peccata,
1695 3365 1790 3428 quam
1807 3355 1935 3429 propter
1947 3362 1987 3406 eo

338 3501 344 3512 ,
451 3442 546 3523 culpa
567 3441 705 3514 mortali,
727 3459 820 3523 spera
841 3441 880 3502 de
902 3441 1037 3504 meliori.
1256 3461 1327 3504 rum
1345 3443 1427 3504 mala
1441 3443 1589 3525 poenalia.
1607 3444 1678 3518 Sed,
1690 3444 1771 3526 prob
1786 3445 1892 3508 dolorf
1909 3441 1988 3526 pauci

491 3538 538 3601 Ad
558 3557 701 3602 amorem
721 3556 797 3600 vero
817 3546 848 3601 et
867 3539 1052 3620 diligentem
1075 3558 1199 3603 consec·
1255 3548 1330 3603 sunt
1349 3541 1439 3614 tales,
1458 3542 1513 3604 sed
1533 3561 1615 3624 pene
1637 3559 1747 3605 omnes
1770 3541 1846 3625 plus
1871 3549 1988 3625 pensant

451 3637 612 3699 rationem
634 3636 822 3711 concordia,
846 3638 909 3700 duo
932 3655 991 3701 nos
1015 3636 1133 3701 debent
1156 3639 1201 3701 in·
1255 3657 1292 3701 ac
1321 3639 1429 3702 dolent
1458 3641 1635 3723 corporalia
1664 3641 1881 3716 incommoda,
1907 3657 1988 3723 quam

453 3736 580 3798 ducere.
597 3734 713 3808 Primo,
731 3736 816 3816 quod
833 3734 902 3817 ipsa
916 3742 981 3798 tam
998 3737 1201 3818 singulariter
1255 3737 1434 3800 animarum
1454 3738 1597 3820 pericula
1616 3745 1648 3802 et
1666 3747 1806 3822 peccata.
1828 3740 1955 3822 Nempe,
1968 3737 1989 3798 si

453 3839 541 3915 grata
555 3850 592 3894 ac
613 3832 730 3914 placita
749 3839 797 3894 cst
816 3840 881 3894 tam
900 3834 964 3897 Deo
984 3853 1079 3915 quam
1099 3835 1200 3898 borni·
1255 3835 1395 3898 viderint
1410 3837 1546 3918 proximi
1562 3836 1693 3900 domum
1712 3837 1874 3913 comburi,
1890 3835 1990 3900 condo

454 3930 561 4004 nibus,
588 3930 765 3994 secundum
790 3930 870 3992 illud
894 3931 1107 3995 Ecclesiastici
1133 3951 1140 3995 :
1165 3934 1200 3996 ln
1256 3934 1369 3997 lentot
1384 3943 1595 4015 succurrunt3
1610 3935 1636 3997 si
1652 3943 1758 3998 autem
1775 3935 1885 4019 ipsum
1900 3935 1990 4018 proxi-

350 4039 357 4052 ·
453 4028 557 4091 tribus
572 4027 809 4110 beneplacitum
825 4036 874 4090 est
888 4029 1015 4110 spiritui
1032 4049 1112 4104 meo,
1130 4051 1200 4113 quae
1257 4051 1344 4095 mum
1369 4032 1508 4096 viderint
1537 4033 1609 4115 igne
1637 4034 1782 4097 libidinis
1811 4043 1942 4100 aestuare
1967 4041 1992 4096 ct

452 4133 527 4190 sunt
552 4127 683 4220 probata
710 4144 818 4189 coram
842 4126 906 4189 Deo
930 4134 961 4189 et
982 4127 1168 4192 bominibus
1191 4130 1418 4206 :Dfornioari,
1437 4151 1456 4193 a
1476 4132 1542 4194 risu
1562 4133 1616 4195 vix
1635 4131 1807 4196 abstinent.
1831 4135 1866 4197 ln
1888 4132 1991 4196 talibus

451 4226 620 4289 concordia
641 4225 787 4299 fratrum,
807 4243 898 4288 amor
917 4226 1147 4308 proximorum,
1169 4237 1200 4292 et
1256 4247 1319 4294 non
1342 4237 1417 4292 sunt
1439 4231 1619 4296 christianae
1640 4232 1762 4295 viscera
1784 4233 1925 4316 pietatis,
1944 4251 1992 4294 occ

450 4324 547 4386 viret
565 4325 681 4386 mulier
701 4324 782 4386 bene
802 4323 863 4386 sibi
885 4325 1128 4389 consentientes.
1146 4328 1200 4390 Se·
1256 4328 1357 4410 fulget
1385 4329 1472 4392 cordi
1502 4347 1612 4392 eorum
1643 4331 1839 4396 illuminatio
1869 4332 1992 4416 Spiritus

451 4423 566 4495 cundo,
583 4423 659 4504 quia
679 4430 714 4484 ut
734 4423 779 4484 ait
799 4423 988 4498 Bernardus,
1010 4423 1077 4486 Non
1099 4433 1147 4488 est
1166 4426 1198 4488 in
1255 4427 1372 4502 Sancti,
1389 4429 1444 4490 sed
1460 4429 1677 4492 contenebrati
1696 4439 1771 4492 sunt
1790 4432 1878 4494 oculi
1894 4449 1991 4494 eorum

369 4585 372 4592 ,
450 4528 534 4583 terra
553 4520 734 4603 expressior
755 4520 933 4584 similitudo
955 4523 1105 4604 angelica
1127 4543 1199 4588 con·
1255 4526 1381 4588 interni.
1398 4528 1478 4589 llinc
1494 4527 1636 4608 loquitur
1650 4529 1848 4610 Augustinus
1867 4548 1875 4592 :
1891 4531 1941 4592 Pia
1954 4536 1992 4590 est

450 4617 650 4692 versationis,
666 4637 762 4700 quam
778 4619 882 4681 unitas
897 4626 929 4681 et
943 4622 1111 4683 concordia
1125 4622 1198 4687 vitac
1254 4624 1312 4686 ista
1328 4625 1456 4688 tristitia
1471 4633 1503 4688 et
1516 4625 1608 4688 beata
1623 4628 1813 4709 compassio,
1830 4629 1943 4692 alienis
1957 4627 1992 4688 ri·

450 4715 670 4779 socialis.ldco
685 4734 813 4797 semper
828 4735 897 4779 esse
913 4718 1067 4781 debemus
1083 4721 1198 4784 sollici·
1253 4723 1306 4784 tiis
1325 4723 1483 4798 tribulari,
1502 4741 1564 4787 non
1582 4724 1756 4806 implicari;
1774 4745 1921 4800 moercre,
1937 4744 1990 4788 non

449 4814 473 4876 ti
489 4833 616 4877 servare
632 4814 785 4876 unitatem
801 4822 832 4877 et
848 4817 1049 4879 concordiam
1066 4818 1197 4899 spiritus
1253 4822 1505 4901 baerere3doloro
1521 4823 1784 4898 contrabi,amore
1796 4844 1862 4889 non
1879 4825 1988 4888 attrahi.

448 4913 481 4974 in
502 4912 632 4975 vinculo
657 4912 756 4994 pacis,
775 4913 851 4995 quia
870 4915 1038 4978 concordia
1061 4924 1109 4978 est
1130 4934 1196 4979 om·
1251 4921 1478 4982 Verumtamen
1500 4921 1538 4983 de
1561 4940 1731 5002 pravorum
1751 4922 1850 5003 justis
1873 4925 1990 5006 castiga·

448 5011 539 5072 nium
554 5009 711 5074 virtutum
727 5011 925 5086 custoditrix,
939 5013 1022 5076 sicut
1037 5015 1196 5077 discordia
1251 5017 1393 5080 tionibus
1414 5025 1510 5100 atque
1533 5020 1699 5082 tormentis
1719 5039 1757 5082 ex
1779 5021 1849 5085 zelo
1869 5022 1990 5104 justitia

447 5116 635 5171 cunctarum
651 5117 700 5172 est
714 5109 896 5193 dissipatrix
912 5112 1196 5186 virtutum,dicen-
1251 5134 1308 5178 seu
1332 5116 1429 5179 etiam
1453 5135 1492 5179 ex
1517 5117 1676 5200 spirituali
1700 5136 1808 5182 amore
1831 5120 1943 5194 laetari,
1962 5119 1989 5180 in

445 5215 476 5271 tc
492 5207 684 5292 Hieronymo
701 5225 707 5270 :
726 5208 813 5272 Sicut
827 5228 884 5291 per
900 5211 1103 5274 concordiam
1122 5230 1192 5293 par·
1250 5222 1406 5296 quantum
1425 5214 1471 5277 eis
1491 5233 1593 5298 poenae
1613 5215 1757 5280 salubres
1779 5225 1867 5294 sunt,
1890 5227 1921 5282 et
1941 5237 1990 5301 per
