4214 6254
465 467 525 532 tlt
685 485 834 534 nonnum
855 487 866 533 r
887 487 961 534 rosr
979 486 1173 534 rammam.
1193 506 1234 518 -
1253 491 1296 535 an
1314 489 1511 553 nemorosos3
1533 489 1632 538 samaro
1651 489 1788 547 onnrns

909 855 1023 938 AD
1065 855 1565 940 RELIGIOSOS

1005 1318 1179 1404 SERMO
1213 1318 1457 1421 QUARTUS

460 1570 501 1615 ΒΕ
518 1568 733 1624 DNlSlONlBUS,
750 1567 910 1613 nahmens
927 1565 1167 1621 aerumnosum
1181 1566 1352 1624 mathana,
1369 1567 1518 1622 ooaoosvtt
1531 1567 1678 1614 ornamus
1692 1567 1982 1615 uitulaminum.

532 1831 618 1891 Eos
631 1829 756 1888 caritas
769 1837 839 1896 est,·
853 1837 883 1887 et
903 1829 963 1906 qui
980 1836 1088 1886 monet
1108 1827 1145 1885 in
1158 1845 1209 1885 ca·
1223 1825 1248 1888 Α
1264 1831 1371 1886 manet
1385 1845 1414 1898 n,
1434 1824 1586 1907 quoniam
1611 1825 1676 1888 Deo
1699 1826 1771 1888 unit
1794 1827 1862 1890 haee
1883 1827 1984 1890 caritas.

546 1929 657 1997 ritate,
672 1929 710 1986 in
728 1929 794 1988 Deo
812 1935 932 1995 manet,
947 1935 979 1984 et
996 1929 1085 1986 Deus
1105 1927 1141 1984 in
1161 1944 1205 1984 eo.
1304 1922 1423 1986 Deinde
1438 1924 1538 2004 tangit
1553 1925 1583 1987 S.
1598 1925 1735 1988 loannes
1749 1926 1854 1988 varias
1872 1927 1986 1989 rationes

462 2027 598 2090 lloann.
616 2043 659 2099 rr,
676 2023 724 2086 tt.
1263 2028 1394 2103 propter
1416 2041 1495 2103 quas
1518 2023 1559 2084 ad
1584 2023 1747 2086 caritatem
1776 2024 1945 2088 habendam
1963 2034 1986 2086 et

312 2153 395 2198 m
403 2167 447 2206 „q
504 2123 684 2205 Discipulus
702 2141 799 2204 quern
820 2120 972 2202 diligebat
990 2121 1093 2194 lesus,
1108 2119 1208 2182 visae
1263 2121 1511 2183 conservandam
1536 2120 1691 2184 debemus
1715 2141 1785 2185 esse
1809 2123 1986 2186 solliciti:et

312 2220 347 2260 ²³·
462 2223 553 2285 ribus
584 2221 724 2284 caritatis
757 2220 948 2292 redundans,
976 2219 1140 2281 caritatem
1173 2217 1206 2279 in
1263 2219 1438 2299 praesertim
1461 2219 1605 2282 hortatur
1625 2237 1683 2284 nos
1703 2221 1744 2282 ad
1766 2230 1908 2285 mutuam
1926 2223 1987 2286 dile

462 2321 629 2405 praesentis
647 2320 815 2382 dominieae
834 2318 967 2401 epistola
986 2317 1208 2399 multipliciter
1263 2317 1401 2380 ctionem
1430 2317 1631 2399 spiritualem
1660 2337 1788 2402 semper
1816 2321 1985 2384 habendam.

461 2422 579 2494 laudat,
600 2420 692 2482 etad
713 2437 783 2481 eam
806 2417 984 2480 hahendam
1009 2417 1144 2478 diversis
1167 2435 1206 2478 ex
1262 2415 1378 2490 Primo,
1400 2417 1551 2498 quoniam
1576 2417 1690 2480 caritas
1714 2427 1763 2481 est
1786 2438 1827 2482 ex
1851 2421 1921 2494 Deo,
1938 2440 1987 2484 non

461 2519 567 2581 causis
595 2535 653 2580 nos
682 2517 876 2579 exhortatur.
902 2516 1010 2596 ltaque
1033 2515 1066 2575 in
1092 2514 1206 2596 primis
1262 2514 1365 2576 solum
1391 2515 1553 2578 communi
1584 2517 1679 2579 modo
1704 2535 1769 2599 quo
1791 2519 1899 2581 omnia
1923 2519 1988 2582 bona

460 2617 522 2679 hoe
545 2615 813 2697 cognoscendum,
829 2615 914 2695 quod
938 2613 1022 2674 siout
1044 2612 1207 2694 Scriptura
1262 2631 1300 2674 ex
1322 2614 1386 2676 Deo
1407 2613 1582 2688 linxerunt,
1602 2616 1657 2678 sed
1679 2624 1712 2678 et
1729 2617 1885 2698 singulari
1902 2619 1987 2692 modo,

461 2715 603 2798 loquitur
617 2715 656 2776 de
671 2713 828 2796 sapientia
847 2713 985 2774 increata
1004 2718 1037 2773 et
1051 2710 1207 2792 sapientia
1261 2719 1412 2794 tanquam
1426 2714 1530 2776 virtus
1544 2713 1661 2789 inlusa,
1675 2723 1707 2777 et
1721 2735 1850 2780 summa
1864 2717 1988 2780 increata

460 2822 576 2888 creata,
592 2814 640 2876 sic
661 2813 751 2875 etde
771 2812 909 2896 increata
928 2817 959 2872 et
980 2817 1085 2872 ereata
1105 2809 1206 2891 loqui-
1261 2813 1402 2875 caritatis
1416 2812 1595 2876 similitudo
1608 2821 1705 2896 atque
1718 2817 1884 2898 expressio
1903 2818 1987 2899 plena

460 2922 512 2976 tur
535 2913 674 2978 caritate.
698 2911 797 2984 Unde,
823 2910 908 2992 quod
932 2909 965 2970 in
989 2909 1049 2970 ista
1072 2908 1207 2990 epistola
1261 2911 1356 2974 Porro
1369 2911 1497 2974 habitus
1512 2912 1664 2987 caritatis,
1680 2914 1834 2977 videlicet
1848 2916 1914 2998 ipsa
1926 2916 1988 2978 eari-

313 3028 444 3082 rmm,
459 3013 588 3086 dicitur,
604 3011 688 3074 [leus
703 3010 817 3072 caritas
836 3016 896 3082 est,
911 3009 951 3070 de
970 3007 1111 3069 inereata
1129 3007 1242 3072 cari-B
1260 3017 1307 3071 tas
1323 3009 1494 3072 habitualis
1512 3028 1577 3092 qua
1595 3011 1696 3074 Deum
1715 3013 1938 3096 proximosque
1954 3014 1989 3075 di-

313 3095 346 3136 ¹‘·
459 3121 522 3176 tate
543 3112 705 3175 asseritur.
723 3109 761 3170 Et
782 3107 866 3170 siout
887 3105 1045 3187 sapientia
1066 3104 1206 3167 increata
1261 3107 1400 3187 ligimus,
1423 3115 1471 3170 est
1490 3127 1574 3171 unus
1593 3116 1626 3171 et
1644 3109 1741 3184 idean,
1765 3111 1852 3174 sieut
1874 3119 1904 3174 et
1923 3111 1988 3174 fides
2069 3115 2070 3118 ’

458 3211 675 3292 distinguitur,
700 3207 785 3290 quod
814 3212 863 3267 est
885 3203 1042 3286 sapientia
1066 3203 1206 3264 increata
1258 3224 1321 3287 qua
1343 3207 1481 3268 increata
1502 3206 1619 3269 veritas
1641 3215 1674 3269 et
1696 3217 1802 3272 ereata
1822 3210 1988 3282 credamur,
2069 3237 2070 3240 ¹

456 3309 601 3372 absolute
615 3313 838 3388 acceptaque
853 3303 911 3365 toti
926 3301 1072 3364 Trinitati
1087 3309 1119 3363 et
1134 3301 1204 3362 uni·
1257 3311 1305 3366 est
1324 3305 1446 3367 eadem.
1463 3304 1547 3367 Deus
1568 3324 1708 3388 namque
1729 3316 1779 3369 est
1800 3309 1883 3371 ratio
1903 3308 1989 3392 prori-

456 3407 574 3488 cuique
599 3404 754 3486 competit
781 3401 899 3463 divinae
922 3401 1077 3472 Persona,
1102 3398 1204 3461 nihilo
1257 3419 1326 3464 mos
1346 3402 1510 3482 diligendi.

456 3505 564 3567 minus
580 3510 686 3565 tamen
703 3501 782 3563 Filio
801 3497 1045 3580 appropriatur;
1062 3499 1105 3574 [et
1119 3497 1203 3578 sapi·
1296 3499 1452 3573 Secundo,
1468 3500 1509 3561 ad
1529 3509 1672 3564 mutuam
1692 3503 1860 3567 caritatem
1879 3523 1933 3569 nos
1948 3505 1988 3567 ad·

456 3601 543 3663 entia
563 3600 702 3662 increata
721 3597 839 3678 genita,
859 3593 1009 3656 videlieet
1028 3593 1167 3656 Verbum
1180 3597 1200 3672 :l
1256 3606 1373 3670 monet,
1385 3597 1536 3679 quoniam
1551 3599 1656 3662 omnis
1670 3600 1726 3681 qui
1740 3601 1849 3683 diligit
1863 3603 1986 3674 tratrem,
1998 3609 2070 3666 uma*

456 3700 503 3762 sie
522 3699 635 3761 caritas
651 3697 791 3758 increata
809 3693 871 3756 alia
886 3699 933 3754 est
947 3691 1091 3753 absolute
1105 3691 1200 3766 dicta,
1256 3695 1287 3758 id
1302 3703 1350 3757 est
1365 3695 1528 3777 proximos
1547 3714 1633 3770 suos,
1649 3716 1689 3760 ex
1704 3699 1769 3762 Deo
1788 3709 1885 3764 natus
1898 3709 1951 3775 est,
1964 3690 2011 3762 et³·

456 3797 513 3860 toti
529 3795 674 3859 Trinitati
689 3789 1002 3863 conveniens,nihilo
1017 3789 1122 3851 minus
1137 3790 1203 3871 Spi·
1255 3792 1415 3873 cognoscit
1431 3793 1582 3868 Deum,id
1598 3803 1703 3870 estex
1718 3797 1783 3860 Deo
1797 3799 1989 3881 spiritualiter

456 3895 532 3958 ritui
556 3894 671 3957 Sancto
693 3889 917 3973 appropriata3
937 3887 999 3948 alia
1020 3894 1069 3949 est
1088 3889 1202 3949 caritas
1254 3899 1303 3952 est
1318 3899 1453 3966 renatus,
1467 3899 1577 3973 utpote
1591 3910 1609 3954 a
1624 3911 1687 3956 non
1703 3913 1773 3956 esse
1788 3897 1945 3979 spirituali
1957 3896 1988 3959 ad

455 3997 595 4057 increata
608 3986 888 4074 spirata,videlieet
904 3986 1040 4068 Spiritus
1055 3986 1200 4061 Sanctus
1254 4007 1324 4050 esse
1339 3988 1504 4071 spirituale
1519 3991 1743 4071 perductus‚et
1752 4012 1813 4075 per
1827 3996 1986 4066 mutem,

454 4094 509 4176 qui
523 4111 542 4154 a
557 4091 687 4154 caritate
702 4089 842 4150 increata
854 4084 997 4146 absolute
1011 4091 1138 4166 sumpta
1150 4103 1202 4146 ne·
1253 4108 1325 4170 quae
1341 4089 1407 4150 vita
1426 4097 1474 4150 est
1491 4088 1617 4164 anirnae,
1633 4091 1847 4182 spiritualiter
1862 4095 1988 4158 vivilioa-

452 4209 613 4275 quaquam
633 4187 761 4251 realiter
779 4191 827 4247 est
845 4182 1027 4256 distinctus,
1043 4183 1127 4245 sieut
1141 4201 1201 4245 nee
1217 4194 1239 4258 c
1254 4195 1316 4260 tus,
1332 4195 1428 4268 atque
1442 4206 1461 4248 a
1476 4195 1577 4250 morte
1597 4189 1701 4271 eulpae
1719 4191 1759 4252 ad
1778 4192 1879 4255 vitam
1895 4193 1988 4274 gratia

451 4291 492 4353 ab
507 4289 655 4353 essentia
672 4286 760 4361 Quod
775 4300 851 4364 ergo
865 4282 910 4344 ait
923 4281 1086 4363 apostolus
1104 4282 1134 4344 S.
1150 4283 1201 4344 Jo-
1253 4285 1433 4360 suseitatus,
1456 4287 1676 4369 eognosoitque
1698 4289 1797 4352 ileum
1822 4293 1988 4374 cognitione

451 4408 562 4463 annes,
575 4411 592 4447 α
607 4387 666 4461 Qui
683 4391 790 4448 manet
805 4383 837 4444 in
856 4381 996 4454 caritate,
1010 4380 1042 4442 in
1058 4381 1122 4442 Deo
1138 4399 1201 4442 ma·
1253 4385 1396 4456 formata,
1404 4383 1494 4466 eujus
1509 4385 1626 4448 intuitu
1643 4387 1722 4449 vivit
1737 4391 1915 4453 seeundum
1926 4410 1989 4473 pre

452 4486 727 4568 netn,duplieiter
740 4489 845 4566 potest
860 4479 1005 4561 intelligi.
1016 4479 1121 4542 Primo
1135 4480 1197 4542 sio:
1253 4491 1345 4564 eepta
1366 4482 1478 4565 ipsius.
1492 4484 1716 4548 Verumtamen
1736 4505 1800 4550 non
1821 4489 1926 4552 omnis
1943 4485 1988 4569 qui

453 4588 536 4670 «qui
553 4593 660 4648 manet
674 4584 707 4645 in
722 4583 853 4644 caritate
863 4603 891 4654 n,
905 4579 936 4640 id
951 4586 1009 4651 est,
1025 4578 1082 4659 qui
1098 4579 1200 4640 inere-
1253 4581 1356 4662 diligit
1371 4581 1501 4644 tratrem
1517 4602 1623 4656 suum,
1639 4603 1679 4646 ex
1699 4585 1764 4649 Deo
1784 4597 1881 4651 natus
1894 4595 1939 4649 est
1952 4603 1988 4648 se

450 4695 509 4749 atae
524 4683 647 4747 caritati
661 4681 835 4754 adhaeret«
847 4680 879 4740 in
895 4679 959 4740 [leo
975 4685 1079 4740 manet
1090 4678 1200 4760 n,quia
1252 4681 1391 4742 eundum
1407 4682 1717 4763 praedestinationem
1732 4693 1988 4769 aternamqnun

450 4784 660 4869 spiritualiter
683 4789 779 4863 atque
800 4778 942 4841 linaliter
963 4779 997 4839 in
1018 4777 1088 4860 ipso
1108 4778 1199 4860 quie·
1251 4778 1351 4860 aliqui
1367 4778 1495 4860 reprobi
1511 4779 1575 4840 sint
1591 4781 1630 4842 ad
1650 4788 1779 4864 tempus
1799 4783 1834 4846 in
1856 4785 1987 4858 caritate

449 4885 511 4948 soit
527 4902 534 4946 :
550 4883 626 4965 quia
639 4899 740 4962 quum
756 4879 869 4941 caritas
886 4877 946 4939 ista
960 4876 1003 4938 sit
1016 4877 1110 4951 Deus,
1126 4894 1199 4939 eon·
1252 4878 1307 4939 sed
1323 4876 1428 4939 ommis
1443 4877 1497 4958 qui
1513 4877 1629 4959 diligit,
1645 4898 1685 4941 ex
1701 4880 1766 4943 [leo
1785 4891 1882 4946 natus
1899 4881 1988 4945 estad

450 5001 589 5065 sequens
603 4988 652 5043 est
667 4987 702 5041 ut
721 4978 777 5060 qui
795 4985 903 5039 manet
922 4976 955 5038 in
975 4975 1116 5049 caritate,
1135 4995 1198 5036 ma·
1253 4975 1359 5038 minus
1380 4977 1557 5038 seeundum
1579 4986 1769 5059 presentem
1787 4981 1954 5062 justitiam.

450 5081 661 5146 neatinlleo.
678 5074 1017 5156 Secundosiezrqui
1038 5083 1145 5136 manet
1163 5075 1196 5136 in
1290 5075 1574 5157 Tertio,quoniam
1596 5077 1680 5140 [leus
1701 5077 1773 5161 ipse
1794 5080 1909 5144 dilexit
1928 5097 1986 5150 nos,
2068 5105 2069 5146 1

450 5182 608 5246 mritate»
624 5184 740 5250 ereata,
752 5175 784 5238 id
799 5183 858 5249 est,
870 5173 925 5256 qui
940 5173 1039 5236 habet
1051 5173 1197 5235 habiturn
1251 5193 1310 5237 neo
1328 5175 1617 5257 qualitercumque,
1633 5177 1688 5239 sed
1707 5177 1801 5241 valde
1821 5180 1987 5262 incompre·
2068 5259 2069 5262 Ἴ

450 5281 591 5348 caritatis
604 5298 675 5362 quae
689 5285 738 5340 est
752 5275 929 5357 theologica
942 5273 1118 5348 virtus,«in
1133 5274 1198 5337 Deo
1250 5274 1453 5338 hensibiliter
1469 5283 1565 5360 atque
1581 5277 1774 5355 sublimiter,
1789 5289 1823 5342 et
1838 5278 1988 5364 diligendo
2068 5317 2069 5320 =
