4206 6258
295 709 374 819 „Ham
382 723 427 764 xm,

310 805 321 880 i
331 836 384 882 Cor.
392 851 428 890 xv,

296 901 331 944 bb.

441 503 502 570 642
643 521 790 571 neutrum
811 522 885 568 xxiv
906 520 979 566 rosr
998 515 1194 565 mrmmrmr.
1214 533 1255 546 -
1276 513 1318 562 an
1339 515 1533 580 nnnrcrosos3
1556 514 1656 564 sanxo
1676 515 1790 562 snxrrs

443 692 493 756 lus
511 710 518 757 τ
537 691 702 777 Optimum
723 701 772 758 est
791 690 891 775 gratia
913 689 1048 754 stabiliri
1071 705 1142 768 cor;
1158 694 1191 752 et
1203 686 1230 751 A
1244 706 1295 752 ses
1314 686 1395 750 dixit
1411 703 1419 749 τ
1435 687 1500 750 Deo
1518 691 1551 750 et
1569 683 1833 769 contemplationi
1851 683 1918 766 ejus
1934 684 1973 767 ju·
2075 663 2076 700 ³

443 811 565 868 rursus,
586 792 722 856 Stabiles
736 791 870 874 (inquit)
883 797 916 852 et
937 787 1119 853 immobiles
1144 805 1191 850 es·
1244 786 1325 868 giter
1339 793 1371 848 et
1386 785 1455 848 sine
1475 785 1707 868 interruptione
1727 783 1893 858 inhaerere,
1907 792 1935 846 et
1950 784 1972 847 ei
2075 811 2076 818 ¹

442 897 520 966 tote,
536 890 734 954 abundantes
750 890 783 953 in
798 907 895 972 opere
907 887 1034 952 Domini
1051 904 1187 968 semper.
1245 883 1502 967 inseparabiliter
1534 883 1677 967 copulari
1711 881 1909 965 impossibile
1937 890 1975 946 est

484 990 589 1064 Porro,
607 995 642 1052 ut
663 989 796 1071 gratiam
820 988 902 1050 banc
928 984 1133 1050 stabilitionis
1158 983 1190 1046 in
1245 981 1368 1045 homiui
1390 983 1450 1045 ista
1465 982 1568 1045 carnis
1586 981 1757 1064 fragilitate
1777 979 1973 1058 circumdato;

443 1089 508 1153 Deo
523 1088 870 1169 obtineamus,oportet
884 1102 941 1148 uos
958 1084 1003 1148 ire
1018 1091 1090 1167 post
1105 1081 1192 1147 Chri·
1246 1080 1300 1142 sed
1325 1085 1449 1162 oportet
1471 1097 1527 1144 nos
1552 1079 1634 1142 scire
1655 1078 1711 1142 ubi
1738 1077 1856 1141 mentis
1879 1086 1974 1142 nostre

442 1195 528 1251 stum
551 1195 583 1250 et
604 1187 675 1268 ejus
693 1186 827 1267 vestigia
849 1185 951 1266 sequi,
968 1201 1005 1246 ac
1027 1182 1189 1244 fimbriam
1246 1178 1456 1243 intentionem
1474 1177 1646 1242 debeamus
1662 1177 1782 1240 babere
1796 1175 1975 1250 defirmat

442 1286 625 1350 vestimenti
645 1286 695 1348 sui
716 1285 911 1366 contingere,
928 1290 963 1344 ut
977 1281 1100 1344 scilicet
1120 1279 1190 1360 ejus
1245 1295 1308 1359 que
1323 1277 1361 1339 ad
1381 1296 1477 1359 quarn
1497 1277 1743 1340 destinationem
1763 1275 1832 1339 sive
1850 1276 1889 1338 ad
1905 1275 1974 1357 quod

327 1391 330 1398 ’
442 1385 634 1448 documenta
649 1389 802 1466 elopem,
818 1383 953 1445 virtutes
969 1387 1001 1442 et
1016 1379 1098 1442 dona
1118 1395 1191 1441 con·
1245 1375 1445 1458 propositum
1474 1393 1601 1457 semper
1625 1374 1741 1438 animae
1764 1380 1879 1436 nostra
1901 1391 1974 1436 revo-

293 3957 424 4014 Sap.rx,t⁵.

442 1483 619 1546 sideramus
640 1489 672 1546 et
691 1481 807 1544 uostris
827 1479 1052 1564 imprimamus
1072 1493 1191 1539 memo·
1244 1492 1354 1536 cemus
1378 1473 1540 1535 intuitum.
1567 1473 1667 1547 Ouam
1692 1491 1793 1554 mum
1818 1470 1974 1534 obtinuerit

442 1580 510 1654 riiS,
526 1597 563 1642 ac
582 1580 701 1662 jugiter
723 1596 929 1642 exerceamur
943 1583 975 1639 et
995 1592 1190 1658 occupemur
1246 1591 1346 1646 mens,
1363 1573 1508 1653 gaudeat,
1524 1579 1556 1634 et
1569 1590 1588 1634 a
1603 1589 1666 1653 qua
1684 1570 1869 1632 distractam
1886 1588 1916 1632 se
1932 1570 1974 1631 do

442 1677 475 1740 in
495 1677 571 1751 illis,
588 1677 783 1760 speculando
802 1695 883 1760 quae,
901 1680 1019 1758 quanta
1038 1681 1070 1736 et
1084 1671 1191 1754 qualia
1245 1673 1306 1734 leat
1321 1689 1358 1734 ac
1377 1671 1534 1754 suspiret;
1550 1671 1709 1752 totiesque
1727 1689 1747 1732 a
1766 1668 1973 1732 summobono

441 1792 500 1856 pro
524 1782 631 1838 nostra
655 1775 732 1838 fecit
756 1793 793 1837 ac
817 1771 965 1837 toleravit
988 1771 1189 1852 saluteque
1246 1789 1279 1833 se
1303 1770 1420 1832 sentiat
1448 1769 1618 1842 recedisse,
1642 1768 1770 1850 quoties
1795 1786 1831 1831 se
1853 1767 1891 1830 ab
1917 1767 1974 1846 ejus

441 1873 644 1947 documenta,
670 1891 741 1954 quae
765 1871 909 1946 consilia,
937 1889 1008 1952 quae
1031 1875 1188 1951 praecepta
1207 1865 1364 1931 Bintuitu
1386 1867 1634 1952 deprehenderit
1655 1875 1846 1950 separatam,
1862 1867 1975 1930 fornica

441 1971 576 2035 contulit
595 1971 700 2046 nobis,
718 1971 855 2052 qualiter
879 1971 913 2032 in
937 1969 1025 2033 omni
1049 1985 1107 2030 nos
1129 1967 1191 2030 vir·
1245 1969 1363 2031 tionem
1377 1967 1525 2047 judicans
1540 1967 1590 2030 vel
1606 1973 1862 2030 momentaneum
1876 1985 1894 2028 a
1906 1966 1975 2029 Chri
2075 1993 2076 1996 ¹

441 2077 508 2134 tute
528 2070 701 2152 precessit,
718 2077 751 2134 et
769 2087 826 2133 nos
847 2068 953 2151 ipsum
975 2066 1094 2129 imitari
1113 2085 1191 2148 prae·
1245 2067 1286 2128 sti
1314 2065 1533 2148 speculatione
1560 2065 1750 2140 discessum,
1775 2084 1795 2127 a
1824 2083 1886 2147 quo
1910 2065 1972 2127 dum
2075 2085 2076 2090 ¹

441 2168 536 2251 cepit.
552 2168 583 2232 Si
600 2169 661 2231 ista
675 2168 807 2231 solerter
822 2175 853 2230 et
867 2166 994 2230 assidue
1009 2166 1192 2227 iutueamur
1245 2165 1420 2228 deviaverit
1443 2164 1611 2246 paululum
1635 2172 1742 2228 noster
1764 2164 1906 2236 intuitus,
1921 2182 1974 2224 rur-

441 2273 474 2328 et
488 2266 745 2340 reminiscamur,
757 2265 972 2329 excluduntur
985 2264 1025 2326 de
1040 2262 1190 2326 cordibus
1245 2283 1299 2326 sus
1328 2264 1368 2327 ad
1396 2283 1471 2328 eum
1501 2263 1605 2327 cordis
1632 2262 1743 2326 oeulos
1773 2269 1973 2345 retorquentes
2075 2261 2076 2346 s

441 2364 556 2426 nostris
571 2364 675 2427 stultae
690 2372 722 2426 et
736 2363 857 2426 frivolae
873 2359 1191 2444 cogitationespbau·
1245 2363 1332 2425 velut
1361 2362 1540 2425 rectissima
1564 2362 1649 2425 linea
1673 2362 1712 2424 ad
1739 2361 1848 2444 ipsum
1875 2361 1973 2424 mentis

440 2462 560 2526 tastieea
575 2461 828 2544 imaginationes,
846 2461 1032 2524 inordinatae
1047 2458 1190 2521 affectio·
1243 2461 1343 2523 aciem
1365 2477 1561 2524 revocemus.

440 2579 508 2635 nes,
529 2560 704 2623 otiositates
723 2566 756 2622 et
774 2559 1010 2633 dissolutiones,
1027 2576 1087 2621 nec
1107 2556 1190 2619 dele·
1283 2559 1389 2634 Porro,
1406 2559 1490 2621 sicut
1505 2565 1645 2622 mentem
1662 2559 1906 2640 cogitationibus
1920 2575 1972 2620 non

439 2666 504 2721 ctat
528 2677 603 2720 cum
627 2657 813 2720 bominibus
838 2655 986 2730 fabulari,
1006 2663 1037 2718 et
1061 2661 1189 2736 tempus
1244 2655 1430 2739 interpolari
1451 2656 1650 2740 impossibile
1668 2665 1727 2731 est,
1745 2658 1788 2720 ita
1804 2658 1887 2739 quod
1905 2658 1973 2737 cogi·

440 2755 638 2819 infructuose
662 2755 854 2838 expendere,
881 2754 936 2818 irae
959 2761 991 2816 et
1013 2751 1190 2818 contentio·
1243 2755 1400 2820 tatiouum
1419 2762 1508 2819 ortus
1531 2772 1594 2818 non
1614 2763 1663 2818 est
1681 2755 1868 2819 omnimode
1886 2756 1915 2818 in
1931 2773 1974 2817 no

439 2854 535 2917 nibus
556 2854 726 2918 deservire.
1244 2862 1309 2917 stra
1328 2861 1503 2938 potestate;
1519 2855 1563 2917 ita
1585 2854 1747 2918 innostra
1768 2861 1918 2937 potestate
1936 2863 1975 2917 est

479 2953 623 3035 Denique
655 2952 799 3016 Christus
833 2951 1010 3014 secundum
1042 2957 1189 3013 naturam
1243 2953 1450 3034 cogitationes
1470 2953 1624 3035 recipere,
1640 2952 1832 3036 approbare,
1848 2951 1975 3035 reproba·

438 3059 646 3134 assumptam,
663 3057 818 3133 quantum
834 3050 872 3112 ad
890 3069 1055 3132 supremas
1074 3049 1189 3112 animae
1207 3053 1229 3117 G
1244 3071 1289 3126 re,
1305 3052 1466 3133 abjicere:
1483 3052 1754 3133 quemadmodum
1770 3052 1975 3115 molendinum

439 3170 503 3213 suae
518 3150 614 3225 vires,
626 3150 688 3212 fuit
704 3148 936 3212 incessabiliter
950 3147 1115 3211 Divinitati
1131 3166 1189 3230 per
1244 3150 1462 3214 incidentibus
1482 3150 1573 3232 aquis
1593 3167 1657 3213 uon
1678 3158 1817 3233 potesta
1832 3159 1975 3213 suomotu

437 3249 595 3312 actualem
625 3247 927 3330 contemplationem
952 3253 983 3309 et
1007 3245 1189 3309 ardentissi-
1243 3248 1419 3330 quiescere,
1445 3248 1558 3311 sedin
1583 3248 1809 3312 molendinarii
1835 3257 1881 3312 est
1904 3257 1976 3331 pote

439 3366 523 3410 mam
548 3347 753 3410 dilectionem
777 3347 939 3426 intentus;
961 3363 1020 3408 neo
1047 3363 1188 3427 unquam
1243 3354 1323 3410 state
1351 3347 1429 3429 quid
1459 3346 1566 3430 molat,
1592 3347 1742 3410 videlicet
1770 3348 1911 3410 triticum
1932 3355 1976 3410 aut

438 3447 477 3508 ad
494 3454 692 3508 momentum
708 3463 747 3508 ex
763 3462 965 3526 quacumque
980 3443 1188 3525 occupatione
1243 3446 1410 3519 hordeum,
1427 3445 1495 3508 sive
1515 3445 1643 3509 zizania.
1660 3446 1764 3520 Quum
1784 3446 1892 3529 itaque
1906 3454 1975 3509 totus

438 3544 588 3606 exteriori
618 3551 673 3605 aut
697 3559 810 3607 somno
833 3541 1068 3625 impediebatur
1099 3560 1187 3604 meus
1244 3551 1352 3607 noster
1370 3543 1532 3626 profectus
1548 3545 1753 3626 quotidianus
1773 3545 1828 3618 sit,
1844 3564 1862 3606 a
1876 3543 1975 3625 eogita-

440 3642 510 3722 ejus
528 3642 568 3704 ab
583 3641 699 3705 actuali
715 3640 897 3704 Divinitatis
913 3640 1031 3702 intuitu
1050 3659 1087 3702 ac
1102 3657 1187 3702 amo·
1243 3643 1367 3705 tionum
1397 3642 1560 3705 inutilium
1590 3650 1621 3706 et
1644 3644 1869 3725 evagationnm
1896 3651 1974 3723 atque

440 3759 484 3801 re.
502 3739 540 3801 Et
553 3740 700 3821 quamvis
719 3739 759 3802 ad
779 3739 861 3802 banc
880 3738 996 3802 Christi
1019 3738 1187 3820 perfectio·
1243 3741 1429 3804 illicitorum
1458 3741 1689 3804 desideriorum
1718 3741 1882 3824 profluvio
1902 3737 1975 3803 omni

440 3857 514 3901 nem
537 3855 632 3900 nemo
653 3838 686 3899 in
708 3837 773 3900 vita
794 3838 853 3900 hec
875 3844 971 3919 queat
992 3836 1186 3918 pertingere,
1243 3839 1294 3903 die
1319 3841 1417 3921 magis
1438 3858 1475 3902 aa
1497 3840 1598 3922 magis
1620 3841 1761 3922 purgari,
1781 3841 1816 3903 in
1840 3838 1975 3923 sapientia

441 3937 585 4019 quoniam
600 3936 752 4018 deprimit
765 3943 891 3998 terrena
905 3934 1093 3997 inhabitatio
1105 3953 1189 3997 men·
1243 3946 1275 4000 et
1290 3939 1420 4001 caritate
1436 3937 1644 4012 constabiliri,
1662 3939 1695 4001 in
1710 3939 1832 4002 actuali
1847 3939 1900 4002 Dei
1913 3954 1974 4000 con·

439 4043 524 4116 tem;
547 4035 649 4097 nihilo
678 4034 784 4098 minus
813 4034 979 4097 fimbriam
1005 4033 1187 4096 vestimenti
1242 4036 1449 4118 templatioue
1468 4055 1505 4099 ac
1525 4035 1649 4100 fervida
1668 4037 1843 4102 dilectione
1858 4033 1974 4104 firmari,
2072 4025 2073 4044 ¹

439 4134 511 4216 ejus
529 4139 653 4216 oportet
668 4151 725 4196 nos
740 4140 880 4214 tangere,
897 4132 957 4196 boc
977 4132 1079 4194 estad
1100 4151 1188 4194 meu·
1244 4153 1398 4198 conemur
1422 4135 1640 4198 indesinenter
1663 4135 1702 4198 ad
1730 4136 1810 4216 ista;
1836 4143 1925 4218 atque
1945 4129 1975 4196 ad

439 4232 481 4295 tis
501 4232 534 4294 in
557 4231 621 4293 [feo
639 4229 868 4293 stabilitionem
888 4231 1007 4304 conari,
1024 4230 1063 4292 ad
1081 4237 1186 4293 actua·
1201 4226 1226 4289 l)
1244 4251 1281 4295 ea
1294 4233 1499 4315 adipiscenda
1514 4251 1531 4295 a
1546 4232 1680 4297 Domino
1695 4232 1875 4296 referamus
1889 4240 1975 4295 cetera

439 4330 503 4393 lem
519 4329 575 4392 Dei
591 4330 742 4392 intuitum
758 4328 977 4410 adspirare,ad
993 4329 1187 4410 contemple-
1244 4331 1396 4394 exercitia
1414 4337 1532 4406 nostra,
1549 4339 1659 4413 utpote
1673 4331 1815 4412 vigilias,
1831 4332 1975 4396 abstinen-

439 4429 560 4491 tionem
574 4428 717 4510 quotidie
731 4427 829 4509 magis
844 4427 1188 4501 sincerem,amorosam
1242 4429 1313 4503 tias,
1328 4428 1524 4511 disciplinas,
1541 4428 1676 4504 labores,
1693 4431 1839 4494 studium
1855 4431 1975 4512 Scriptu-

438 4546 477 4589 ao
497 4526 644 4589 stabilem
664 4527 838 4588 intendere.
856 4525 895 4586 Et
909 4525 961 4587 bic
979 4525 1099 4607 jugiter
1118 4544 1187 4588 esse
1243 4546 1360 4590 rarum.
1374 4527 1411 4589 Et
1426 4529 1501 4609 quia
1515 4546 1718 4610 nequaquam
1733 4530 1862 4593 viribus
1876 4527 1975 4592 nostris

440 4625 536 4688 debet
550 4631 656 4688 noster
674 4624 821 4700 affectuS,
838 4630 945 4687 noster
965 4623 1064 4700 labor,
1082 4633 1188 4688 nostra
1243 4625 1281 4688 ad
1298 4644 1335 4688 ee
1351 4625 1523 4689 obtinenda
1541 4625 1736 4704 sufficimus,
1754 4629 1857 4692 Deum
1876 4628 1976 4690 instan-

441 4723 586 4797 inteutio,
604 4731 639 4785 ut
653 4730 807 4805 quantum
829 4723 861 4784 iu
877 4723 943 4785 vita
962 4723 1020 4785 bac
1042 4723 1114 4786 fieri
1135 4742 1188 4805 po
1243 4731 1292 4786 ter
1311 4731 1343 4787 et
1361 4723 1536 4788 affectuose
1559 4741 1719 4806 rogemus,
1735 4735 1773 4789 ut
1794 4735 1931 4791 nostram
1951 4724 1976 4786 in

440 4828 513 4896 test,
530 4821 631 4884 simus
650 4839 777 4902 semper
797 4820 962 4883 actualiter
976 4821 1041 4884 Deo
1061 4821 1186 4896 intenti,
1243 4823 1302 4885 hac
1318 4829 1407 4905 parte
1420 4821 1512 4902 juvet
1526 4823 1762 4900 infirmitatem,
1780 4833 1813 4889 et
1829 4826 1921 4890 eorda
1933 4841 1977 4886 no
2070 4889 2071 4892 ,

440 4921 510 4983 sine
539 4919 723 5001 evagatione
747 4926 780 4982 et
803 4918 874 4981 labe
901 4937 937 4982 ec
966 4919 1188 5001 inquietudine
1244 4927 1309 4983 stra
1332 4921 1365 4983 in
1390 4939 1424 4984 se
1448 4922 1641 4986 confirmare
1664 4923 1826 5006 dignetur,
1850 4923 1978 5006 augendo

441 5017 550 5092 animi,
574 5024 730 5100 quatenus
754 5035 855 5100 quum
877 5036 895 5078 a
919 5017 982 5080 Deo
1005 5036 1132 5081 aversos
1157 5026 1189 5082 et
1243 5037 1372 5102 semper
1395 5020 1428 5082 in
1454 5020 1547 5084 nobis
1574 5021 1720 5103 gratiam,
1745 5024 1933 5106 sapientiam
1953 5029 1978 5083 et

441 5124 609 5198 evagantes
624 5132 681 5178 nos
697 5115 783 5198 ipsos
799 5115 1187 5192 senserimus,doleamus,
1243 5118 1386 5180 virtutes.
1404 5118 1436 5181 ld
1458 5136 1585 5201 quoque
1604 5121 1691 5202 quod
1709 5121 1742 5184 in
1761 5123 1858 5185 nobis
1876 5131 1931 5194 est,
1944 5121 1979 5184 fa·

441 5223 535 5297 atque
560 5215 598 5277 ad
623 5215 730 5296 ipsum
755 5213 907 5276 reducere
932 5215 1049 5277 mentis
1073 5223 1189 5280 nostro
1244 5217 1366 5280 ciamus
1382 5217 1531 5294 fideliter,
1548 5220 1757 5284 eustodiendo
1775 5241 1813 5284 ac
1833 5221 1978 5286 refrenan·
2069 5267 2070 5286 r

441 5313 570 5378 oculum
591 5330 655 5376 uon
671 5313 842 5376 tardemus.
860 5313 904 5374 lle
919 5312 979 5377 boc
994 5313 1093 5376 abbas
1107 5314 1190 5398 llfoy·
1244 5316 1285 5379 do
1300 5336 1412 5382 sensus
1432 5326 1555 5382 nostros
1575 5319 1748 5384 exteriores
1763 5327 1795 5384 et
1811 5321 1974 5396 interiores,
