4192 6258
356 511 504 561 uoumrca
524 513 589 559 xxu
609 513 682 560 rosr
702 510 896 559 mmmmm.
918 529 958 542 -
979 511 1021 558 au
1041 511 1235 576 ratrerosos;
1258 511 1356 559 suano
1376 511 1504 569 oumrus
1644 492 1702 558 dol

151 684 238 748 servi
264 685 319 766 qui
345 685 548 768 corripimur,
568 683 607 746 ad
632 683 900 758 emendationem,
917 681 942 746 A
958 701 1015 766 pro
1031 683 1124 746 malis
1140 683 1325 766 rependere,
1342 700 1400 748 uos
1414 688 1548 766 oportet,
1564 682 1705 746 libentis

152 791 186 846 et
208 801 272 846 non
294 784 333 846 ad
356 783 569 867 perditionem
593 788 733 845 nostram
758 782 903 845 evenisse
957 783 1102 863 simeque
1126 781 1281 844 debemus
1305 801 1311 846 :
1336 782 1451 865 primo,
1473 781 1622 864 quoniam
1648 781 1706 844 Do

152 882 332 946 credamus.
958 880 1065 942 minus
1080 881 1162 943 fleus
1177 887 1284 943 noster
1299 881 1345 943 sic
1360 881 1451 960 facit3
1469 880 1617 954 secundo,
1630 879 1705 961 quia

195 981 352 1064 Deinceps
377 983 461 1045 istud
484 982 516 1044 in
536 981 708 1062 Evangelio
727 981 819 1043 docet
838 979 903 1042 Sal·
958 986 989 1041 et
1004 978 1146 1042 Christus
1164 979 1210 1040 sic
1229 978 1293 1059 egit
1308 980 1341 1041 in
1360 984 1472 1041 natura
1486 977 1704 1060 assumptam

152 1086 244 1142 vator
264 1080 297 1142 in
318 1081 466 1162 pluribus
487 1079 576 1152 locis,
592 1079 739 1161 quamvis
756 1078 817 1141 sub
831 1078 903 1141 aliis
957 1084 1082 1140 tautum
1102 1078 1187 1160 quod
1207 1094 1265 1160 pro
1285 1077 1532 1148 crucifixoribus
1551 1076 1618 1139 suis
1636 1094 1703 1140 ora·
1730 1100 1850 1154 rueme,

154 1185 188 1240 et
207 1177 279 1240 aliis
299 1178 416 1241 verbis.
433 1177 512 1241 Nam
531 1178 575 1239 ait
592 1177 677 1260 apud
696 1177 901 1240 Mattbaeum:
957 1175 1022 1254 vit;
1043 1176 1148 1248 tertio,
1170 1176 1246 1258 quia
1269 1176 1352 1238 Deus
1378 1175 1530 1259 precepit
1554 1183 1585 1238 et
1606 1174 1704 1256 exigit
1718 1165 1751 1208 ³⁴·

154 1275 284 1358 Diligite
315 1276 464 1339 inimicos
492 1283 625 1350 vestros,
653 1274 830 1338 benefacite
854 1274 903 1336 bis
958 1274 1042 1337 istud
1064 1292 1081 1335 a
1102 1273 1213 1352 nobis;
1236 1281 1360 1355 quarto,
1380 1274 1530 1356 quoniam
1556 1273 1705 1355 copiosis-

155 1374 212 1455 qui
233 1375 369 1436 oderunt
388 1392 455 1448 vos,
477 1381 509 1436 et
528 1381 614 1436 orate
634 1391 692 1456 pro
710 1392 903 1456 persequen—
958 1371 1076 1434 simum
1092 1389 1130 1434 er
1146 1371 1206 1434 boc
1221 1371 1448 1453 consequimur
1462 1370 1614 1445 fructum,
1630 1371 1706 1452 quia

154 1471 242 1534 tibus
268 1479 300 1535 et
324 1472 595 1535 calumniantibus
619 1489 685 1534 vos.
708 1472 809 1553 Hujus
829 1489 905 1554 quo
958 1478 990 1532 et
1004 1469 1066 1532 filii
1081 1470 1136 1533 Dei
1153 1469 1327 1544 efficimur,
1345 1478 1377 1532 et
1391 1469 1621 1552 indulgentiam
1637 1488 1705 1550 gra-

154 1585 219 1649 que
238 1587 304 1632 suae
322 1567 476 1648 jussionis
496 1586 533 1630 ac
553 1567 773 1630 instructionis
788 1567 905 1649 dignis·
957 1567 1101 1650 tiamque
1123 1567 1350 1649 consequimur
1374 1586 1533 1649 magnam,
1558 1586 1595 1630 ae
1619 1567 1706 1630 Chri-

155 1666 272 1728 simam
304 1684 444 1740 causam,
475 1673 507 1728 et
539 1666 640 1728 multo
671 1665 903 1748 praeclariorem
959 1672 1008 1727 sto
1036 1665 1278 1744 assimilamur3
1308 1666 1432 1747 quinto,
1465 1665 1541 1747 quia
1568 1664 1631 1728 nisi
1664 1664 1707 1726 ita

155 1783 254 1846 quam
278 1764 342 1838 bic,
370 1763 479 1826 subdit
507 1763 628 1826 ibidem
655 1783 661 1828 :
688 1764 727 1827 Ut
749 1764 818 1827 sitis
842 1765 904 1844 (iu-
960 1763 1130 1844 egerimus,
1152 1762 1321 1845 multiplex
1344 1770 1377 1825 et
1398 1762 1574 1825 marimum
1604 1762 1707 1824 iucur-

154 1861 286 1943 quiens)
304 1861 366 1923 filii
385 1861 483 1924 Patris
501 1862 599 1925 vestri
619 1862 723 1944 quiin
739 1861 828 1924 coelis
844 1869 902 1936 est,
922 1862 1061 1928 Brimus
1082 1862 1246 1936 damnum,
1270 1862 1345 1943 quia
1369 1869 1499 1944 peccata
1522 1869 1629 1924 nostra
1650 1878 1706 1924 no·

154 1961 216 2022 boc
231 1967 290 2034 est,
306 1960 371 2024 Deo
389 1960 472 2043 patri
490 1967 522 2022 et
542 1961 675 2023 creatori
694 1967 800 2024 vestro
819 1960 904 2022 simi·
960 1961 1009 2022 bis
1029 1960 1225 2043 replicantur
1244 1960 1413 2042 praeterita,
1430 1967 1462 2022 et
1480 1960 1648 2042 presentia
1668 1977 1705 2022 ac

154 2057 469 2133 leseffioiamini,et
487 2059 629 2141 adoptivi
649 2058 711 2121 filii
730 2059 811 2140 ejus,
833 2076 905 2122 con·
960 2057 1066 2120 futura
1100 2075 1162 2120 non
1197 2057 1413 2132 dimittuntur,
1444 2065 1476 2120 et
1508 2057 1703 2120 horrendum

153 2157 325 2220 formando
357 2175 412 2220 vos
444 2157 485 2231 ei,
518 2157 574 2240 qui
605 2157 794 2220 adversariis
826 2158 903 2231 suis,
960 2157 1015 2218 llei
1038 2156 1216 2219 incidemus
1238 2156 1408 2238 judicium,
1424 2156 1611 2238 gravissime
1628 2173 1705 2237 quo

153 2255 288 2336 ingratis
312 2255 578 2338 impiissimisque
602 2255 788 2318 homiuibus
809 2255 905 2317 bene·
959 2272 1022 2336 que
1051 2255 1083 2316 in
1113 2262 1267 2319 aeternum
1299 2254 1532 2317 damnabimur.
1562 2254 1643 2316 Hinc
1672 2254 1704 2316 in

152 2353 231 2416 ficia
260 2353 361 2415 multa
389 2353 533 2434 largitur,
559 2371 677 2435 eosque
702 2353 740 2414 ad
768 2353 904 2415 salutem
959 2352 1182 2415 Ecclesiastico
1202 2353 1318 2434 legitur
1338 2370 1345 2414 :
1366 2352 1425 2426 oui
1447 2351 1602 2414 vindicari
1624 2351 1703 2426 vult,
1745 2370 1820 2416 ecclc.

153 2450 310 2525 bortatur,
326 2457 358 2512 et
379 2450 628 2514 misericorditer
650 2450 857 2532 praestolatur.
957 2470 977 2513 a
995 2451 1060 2513 Deo
1082 2451 1224 2513 inveniet
1242 2451 1428 2524 vindictam,
1442 2457 1474 2512 et
1494 2456 1623 2532 peccata
1645 2449 1705 2511 illi·
1719 2437 1852 2540 2{¹'¹¹¹¹¹'³·

195 2549 299 2622 Ouum
325 2566 400 2629 ergo
424 2549 484 2611 ista
507 2549 546 2611 ad
571 2566 700 2611 omnem
725 2549 905 2631 pertineant
959 2568 996 2610 us
1016 2566 1146 2610 servans
1166 2547 1315 2611 servabit.
1339 2549 1440 2610 Homo
1458 2547 1582 2610 homini
1602 2555 1706 2610 servat

155 2647 511 2730 Christianum,quanto
527 2647 627 2729 magis
642 2648 681 2710 ad
697 2647 905 2729 religiosumt
960 2646 1051 2720 iram,
1069 2653 1099 2708 et
1114 2665 1132 2708 a
1148 2647 1211 2708 Deo
1226 2646 1340 2729 quaerit
1355 2646 1536 2708 medelamf
1551 2647 1586 2707 ln
1606 2645 1706 2709 homi-

154 2745 269 2820 Quales
294 2762 368 2826 ergo
392 2752 467 2807 sunt
495 2745 636 2826 religiosi
665 2745 823 2820 nonnulli,
849 2745 905 2828 qui
959 2763 1033 2807 nem
1053 2744 1114 2806 sibi
1135 2744 1273 2807 similem
1296 2761 1359 2806 nou
1378 2743 1475 2806 habet
1494 2743 1706 2806 misericordi-

155 2844 239 2906 heu!
256 2851 321 2906 tam
343 2843 482 2907 faciliter
502 2843 722 2919 offenduntur,
739 2843 906 2925 indiguan-
958 2863 1021 2917 am,
1038 2849 1070 2905 et
1085 2859 1142 2925 pro
1161 2842 1300 2925 peccetis
1320 2842 1387 2904 suis
1409 2842 1598 2924 deprecatur
1612 2841 1705 2904 Altis-

16 2963 138 3018 eccum,
156 2951 221 3014 tur,
242 2945 404 3024 prattant*
425 2950 457 3004 et
482 2942 672 3016 irascuntur,
695 2942 760 3005 imo
784 2951 815 3005 et
838 2943 905 3005 vin·
960 2942 1100 3004 simumt
1115 2941 1203 3015 Quod
1219 2960 1314 3023 quam
1331 2959 1472 3016 enorme,
1489 2939 1706 3002 irrationabile

12 3026 118 3132 gffiffi
156 3041 265 3104 dicant
289 3059 323 3104 se
347 3061 405 3124 per
428 3059 462 3104 se
492 3042 518 3103 si
548 3049 682 3124 possunt
706 3049 738 3102 et
761 3041 905 3104 audentt
922 3042 943 3106 C
959 3039 1148 3122 fatuumque
1177 3039 1339 3112 consistat,
1368 3039 1515 3102 subditur
1544 3038 1664 3101 ibidem
1696 3055 1704 3100 τ

155 3140 284 3222 Alioqui
310 3147 549 3222 conqueruntur
578 3140 772 3223 praesidenti,
796 3147 827 3202 et
851 3158 905 3221 pe·
959 3139 1035 3212 Quis
1064 3137 1207 3200 exorabit
1235 3157 1293 3220 pro
1322 3137 1446 3200 delictis
1475 3138 1590 3200 illiusf
1613 3137 1706 3220 quasi
1732 3157 1825 3202 urea

155 3245 229 3299 tunt
242 3238 398 3319 justitiam
414 3237 537 3314 fieri,et
553 3239 737 3320 frequenter
752 3238 904 3320 injuriam
958 3236 1043 3299 dicat
1059 3255 1066 3299 :
1083 3235 1158 3298 'lam
1178 3236 1316 3316 graviter
1336 3243 1447 3317 peccat
1466 3244 1502 3297 ut
1520 3253 1578 3317 pro
1598 3253 1636 3299 eo
1651 3237 1704 3299 vix

154 3336 219 3398 sibi
242 3337 362 3399 illatam
383 3337 555 3412 recitando,
578 3337 650 3420 plus
672 3355 768 3420 quam
787 3336 904 3400 veritas
958 3333 1058 3417 possit
1080 3333 1174 3397 orari.

153 3434 670 3516 habet,exaggerant,mentientes
686 3443 717 3498 et
732 3436 904 3518 obloquen-
998 3434 1169 3508 Postremo,
1187 3451 1282 3514 quam
1299 3433 1362 3495 cito
1377 3439 1408 3496 et
1422 3433 1639 3496 indesinenter
1654 3433 1705 3496 de·

152 3541 213 3608 tes,
240 3541 272 3596 et
296 3533 566 3616 periculosissime
591 3553 625 3597 se
654 3534 818 3608 habentes,
844 3552 904 3598 uec
957 3531 1089 3594 beamus
1106 3530 1332 3611 injuriantibus
1348 3530 1705 3612 indulgere,constatex

149 3640 273 3705 tamen,
299 3632 365 3694 suis
390 3633 593 3714 passionibus
617 3633 826 3708 obtenebrati,
850 3633 903 3696 ad·
958 3630 1018 3692 boc
1046 3629 1131 3711 quod
1155 3628 1298 3692 Christus
1322 3648 1340 3692 a
1363 3629 1454 3692 Petro
1482 3629 1703 3711 interrogatus,
1749 3647 1838 3692 narra.

148 3737 283 3793 vertunt
303 3749 360 3792 sua
382 3731 535 3812 pericula,
552 3732 607 3794 sed
629 3732 779 3793 diuturna
801 3732 833 3794 in
856 3731 903 3794 eis
958 3727 1102 3801 Domine,
1133 3727 1258 3808 quoties
1287 3726 1433 3808 peccabit
1462 3727 1495 3789 in
1529 3745 1579 3789 me
1607 3727 1705 3788 frater
1719 3713 1850 3764 ²l¹¹¹’²¹·²'·

149 3836 336 3910 perseverat
350 3829 429 3892 illati
448 3829 525 3892 mali
542 3830 708 3898 memoria,
724 3848 783 3892 nec
799 3849 902 3912 aequa-
958 3843 1060 3898 meus,
1079 3833 1110 3888 et
1132 3826 1291 3888 dimittam
1313 3825 1483 3908 citusque
1505 3825 1645 3908 septiast
1660 3842 1706 3887 re-

149 3926 283 3990 nimiter
298 3935 420 4009 queunt
439 3947 514 3990 eum
532 3948 550 3990 a
570 3947 634 4010 quo
653 3929 714 3991 sibi
735 3929 902 4009 irrogatam
957 3923 1106 4005 spondit:
1123 3924 1192 3987 Non
1208 3923 1279 3986 dieo
1294 3923 1365 3998 tibi,
1376 3924 1481 4007 Usque
1496 3924 1625 4007 septies,
1637 3923 1704 3999 sed,

147 4024 318 4087 affirmant
336 4025 499 4106 injuriam,
516 4027 644 4101 intueri,
660 4026 764 4100 affari,
780 4027 901 4102 audire,
959 4023 1062 4103 Usque
1087 4021 1266 4106 septuagies
1289 4022 1416 4104 septies.
1434 4024 1468 4106 ln
1491 4042 1553 4105 qua
1575 4039 1705 4105 respon·
1760 4063 1766 4074 .
1804 4053 1808 4060 ·

152 4121 220 4185 imo
235 4121 342 4184 verbis
362 4131 417 4185 aut
436 4124 535 4204 signis
556 4125 753 4187 eversionem
771 4131 802 4186 et
821 4124 902 4186 indi·
957 4120 1046 4184 sione
1066 4122 1197 4203 ponitur
1219 4139 1374 4184 numerus
1398 4122 1627 4185 determinatus
1647 4138 1705 4203 pro

151 4220 337 4301 gratiorem
353 4241 444 4284 suam
460 4223 489 4284 ei
505 4223 734 4296 demonstrant,
746 4230 778 4285 et
793 4223 902 4304 quales
917 4217 942 4279 D
958 4217 1212 4292 indeterminato,
1239 4226 1390 4301 tanquam
1420 4219 1504 4282 dicat
1530 4239 1537 4284 :
1564 4220 1704 4292 Quoties·

152 4318 220 4380 sint
244 4317 330 4381 intus
359 4321 504 4401 pandunt
526 4320 616 4394 foris,
642 4329 736 4404 atque
761 4339 818 4403 per
842 4321 902 4384 boc
957 4335 1095 4399 eumque
1111 4319 1291 4400 peccaverit
1307 4319 1339 4380 in
1355 4326 1397 4392 te,
1407 4319 1535 4399 ignosce
1550 4319 1588 4392 ei,
1598 4338 1705 4400 quem-

151 4416 233 4479 alios
255 4417 479 4492 scandalizant,
501 4426 533 4481 et
552 4419 810 4501 contemptibiles
832 4421 901 4483 red·
956 4417 1127 4478 admodum
1150 4418 1198 4479 vis
1219 4417 1277 4478 tibi
1299 4436 1317 4480 a
1337 4417 1402 4480 lieo
1426 4418 1547 4498 ignosci
1568 4418 1705 4499 quoties-

150 4514 235 4576 dunt
259 4532 293 4576 se
317 4514 413 4596 ipsos.
440 4515 478 4577 lli
502 4535 577 4598 ergo
605 4518 728 4580 discant
757 4536 791 4580 se
816 4518 901 4600 ipsos
958 4531 1096 4596 cumque
1112 4515 1144 4576 in
1161 4533 1234 4577 eum
1250 4515 1443 4597 peccaveris.
1455 4516 1529 4589 Quae
1544 4535 1644 4598 quum
1660 4517 1704 4578 ita

150 4629 344 4692 cognoscere
366 4619 398 4674 et
419 4612 551 4688 deflere,
571 4633 607 4678 ac
629 4617 775 4699 protinus
796 4635 902 4679 emen·
955 4630 990 4674 se
1005 4611 1153 4688 habeant,
1172 4614 1249 4695 quid
1264 4613 1322 4677 fiet
1337 4613 1376 4676 de
1392 4613 1441 4676 bis
1457 4614 1512 4696 qui
1528 4633 1588 4677 nec
1603 4616 1702 4678 semel

149 4711 237 4773 dare.
956 4710 1069 4773 volunt
1084 4711 1267 4792 ignosceret
1278 4712 1311 4776 si
1326 4731 1400 4774 cum
1416 4712 1541 4776 Christo
1555 4715 1703 4796 cupimus

191 4809 353 4884 Praeterea,
370 4810 478 4873 omnia
496 4811 564 4893 jam
579 4820 736 4895 praetacta,
752 4813 902 4876 videlicet
956 4810 1111 4884 coronari,
1128 4828 1192 4874 non
1209 4810 1408 4892 negligamus
1423 4830 1528 4894 neque
1542 4831 1703 4876 cessemus

148 4907 236 4970 mala
263 4907 348 4970 illata
374 4909 546 4986 dimittere,
572 4912 730 4988 oblivisci,
755 4931 792 4974 ac
817 4911 901 4975 bona
956 4908 1026 4988 ejus
1045 4909 1179 4992 vestigia
1198 4910 1327 4972 imitari.
