<?xml version="1.0" encoding="UTF-8"?>
<!DOCTYPE html PUBLIC "-//W3C//DTD XHTML 1.0 Transitional//EN"
    "http://www.w3.org/TR/xhtml1/DTD/xhtml1-transitional.dtd">
<html xmlns="http://www.w3.org/1999/xhtml" xml:lang="en" lang="en">
 <head>
  <title>
</title>
<meta http-equiv="Content-Type" content="text/html;charset=utf-8" />
  <meta name='ocr-system' content='tesseract 3.04.00' />
  <meta name='ocr-capabilities' content='ocr_page ocr_carea ocr_par ocr_line ocrx_word'/>
</head>
<body>
  <div class='ocr_page' id='page_1' title='image "./doctorisecstati01unkngoog/doctorisecstati01unkngoog_0072.png"; bbox 0 0 4288 6264; ppageno 0'>
   <div class='ocr_carea' id='block_1_1' title="bbox 458 522 1715 594">
    <p class='ocr_par' dir='ltr' id='par_1_1' title="bbox 458 522 1715 594">
     <span class='ocr_line' id='line_1_1' title="bbox 458 522 1715 594; baseline -0.003 -2"><span class='ocrx_word' id='word_1_1' title='bbox 458 545 607 594; x_wconf 77' lang='lat' dir='ltr'><strong>nomnrca</strong></span> <span class='ocrx_word' id='word_1_2' title='bbox 628 547 701 593; x_wconf 85' lang='lat' dir='ltr'><strong>rosr</strong></span> <span class='ocrx_word' id='word_1_3' title='bbox 721 543 932 594; x_wconf 80' lang='lat' dir='ltr'><strong>asoansnrrxx</strong></span> <span class='ocrx_word' id='word_1_4' title='bbox 953 544 1070 592; x_wconf 81' lang='lat' dir='ltr'><strong>noumr.</strong></span> <span class='ocrx_word' id='word_1_5' title='bbox 1091 561 1132 574; x_wconf 87' lang='lat'><strong>--</strong></span> <span class='ocrx_word' id='word_1_6' title='bbox 1152 543 1250 591; x_wconf 82' lang='lat' dir='ltr'><strong>sunno</strong></span> <span class='ocrx_word' id='word_1_7' title='bbox 1272 543 1425 591; x_wconf 84' lang='lat' dir='ltr'><strong>sncurrnus</strong></span> <span class='ocrx_word' id='word_1_8' title='bbox 1676 522 1715 588; x_wconf 75' lang='grc'><strong>57</strong></span> 
     </span>
    </p>
   </div>
   <div class='ocr_carea' id='block_1_2' title="bbox 13 711 1811 2696">
    <p class='ocr_par' dir='ltr' id='par_1_2' title="bbox 13 711 1769 2667">
     <span class='ocr_line' id='line_1_2' title="bbox 168 711 1718 804; baseline -0.006 -20"><span class='ocrx_word' id='word_1_9' title='bbox 168 719 316 804; x_wconf 88' lang='lat' dir='ltr'><strong>quamvis</strong></span> <span class='ocrx_word' id='word_1_10' title='bbox 331 719 438 782; x_wconf 91' lang='lat' dir='ltr'><strong>omnia</strong></span> <span class='ocrx_word' id='word_1_11' title='bbox 452 737 653 800; x_wconf 81' lang='lat' dir='ltr'><strong>nequaquam</strong></span> <span class='ocrx_word' id='word_1_12' title='bbox 669 717 828 799; x_wconf 87' lang='lat' dir='ltr'><strong>descripta</strong></span> <span class='ocrx_word' id='word_1_13' title='bbox 842 717 913 779; x_wconf 88' lang='lat' dir='ltr'><strong>sint.</strong></span> <span class='ocrx_word' id='word_1_14' title='bbox 930 715 956 779; x_wconf 85' lang='grc' dir='ltr'><strong>Α</strong></span> <span class='ocrx_word' id='word_1_15' title='bbox 971 716 1047 790; x_wconf 93' lang='lat' dir='ltr'><strong>lmo,</strong></span> <span class='ocrx_word' id='word_1_16' title='bbox 1057 721 1092 778; x_wconf 93' lang='lat' dir='ltr'><strong>ut</strong></span> <span class='ocrx_word' id='word_1_17' title='bbox 1109 715 1208 778; x_wconf 91' lang='lat' dir='ltr'><strong>sancti</strong></span> <span class='ocrx_word' id='word_1_18' title='bbox 1223 715 1328 778; x_wconf 87' lang='lat' dir='ltr'><strong>Patres</strong></span> <span class='ocrx_word' id='word_1_19' title='bbox 1343 722 1375 778; x_wconf 91' lang='lat' dir='ltr'><strong>et</strong></span> <span class='ocrx_word' id='word_1_20' title='bbox 1389 711 1591 776; x_wconf 84' lang='lat' dir='ltr'><strong>subtilissimi</strong></span> <span class='ocrx_word' id='word_1_21' title='bbox 1607 711 1718 776; x_wconf 93' lang='lat' dir='ltr'><strong>dicunt</strong></span> 
     </span>
     <span class='ocr_line' id='line_1_3' title="bbox 167 812 1717 891; baseline -0.006 -8"><span class='ocrx_word' id='word_1_22' title='bbox 167 820 240 883; x_wconf 84' lang='lat' dir='ltr'><strong>llaec</strong></span> <span class='ocrx_word' id='word_1_23' title='bbox 258 825 364 882; x_wconf 90' lang='lat' dir='ltr'><strong>autem</strong></span> <span class='ocrx_word' id='word_1_24' title='bbox 385 817 539 880; x_wconf 89' lang='lat' dir='ltr'><strong>miracula</strong></span> <span class='ocrx_word' id='word_1_25' title='bbox 559 824 644 891; x_wconf 90' lang='lat' dir='ltr'><strong>sunt,</strong></span> <span class='ocrx_word' id='word_1_26' title='bbox 661 816 758 878; x_wconf 91' lang='lat' dir='ltr'><strong>trium</strong></span> <span class='ocrx_word' id='word_1_27' title='bbox 779 823 916 879; x_wconf 84' lang='lat' dir='ltr'><strong>mortuo</strong></span> <span class='ocrx_word' id='word_1_28' title='bbox 971 815 1127 888; x_wconf 89' lang='lat' dir='ltr'><strong>doctores,</strong></span> <span class='ocrx_word' id='word_1_29' title='bbox 1144 813 1226 876; x_wconf 89' lang='lat' dir='ltr'><strong>inter</strong></span> <span class='ocrx_word' id='word_1_30' title='bbox 1245 813 1353 876; x_wconf 90' lang='lat' dir='ltr'><strong>omnia</strong></span> <span class='ocrx_word' id='word_1_31' title='bbox 1371 812 1488 875; x_wconf 79' lang='lat' dir='ltr'><strong>divina</strong></span> <span class='ocrx_word' id='word_1_32' title='bbox 1509 812 1637 874; x_wconf 88' lang='lat' dir='ltr'><strong>virtutis</strong></span> <span class='ocrx_word' id='word_1_33' title='bbox 1660 812 1717 874; x_wconf 91' lang='lat' dir='ltr'><strong>mi-</strong></span> 
     </span>
     <span class='ocr_line' id='line_1_4' title="bbox 166 910 1718 996; baseline -0.004 -16"><span class='ocrx_word' id='word_1_34' title='bbox 166 937 240 980; x_wconf 89' lang='lat' dir='ltr'><strong>rum</strong></span> <span class='ocrx_word' id='word_1_35' title='bbox 262 917 438 992; x_wconf 75' lang='lat' dir='ltr'><strong>suscitatio,</strong></span> <span class='ocrx_word' id='word_1_36' title='bbox 455 915 647 978; x_wconf 88' lang='lat' dir='ltr'><strong>illuminatio</strong></span> <span class='ocrx_word' id='word_1_37' title='bbox 669 916 744 978; x_wconf 82' lang='lat' dir='ltr'><strong>caeci</strong></span> <span class='ocrx_word' id='word_1_38' title='bbox 770 913 846 989; x_wconf 89' lang='lat' dir='ltr'><strong>nati,</strong></span> <span class='ocrx_word' id='word_1_39' title='bbox 864 933 917 978; x_wconf 91' lang='lat' dir='ltr'><strong>cu·</strong></span> <span class='ocrx_word' id='word_1_40' title='bbox 971 915 1079 976; x_wconf 88' lang='lat' dir='ltr'><strong>racula</strong></span> <span class='ocrx_word' id='word_1_41' title='bbox 1094 914 1297 996; x_wconf 88' lang='lat' dir='ltr'><strong>potissimum</strong></span> <span class='ocrx_word' id='word_1_42' title='bbox 1318 910 1659 994; x_wconf 90' lang='lat' dir='ltr'><strong>mirabilissimumque</strong></span> <span class='ocrx_word' id='word_1_43' title='bbox 1674 911 1718 974; x_wconf 92' lang='lat' dir='ltr'><strong>vi·</strong></span> 
     </span>
     <span class='ocr_line' id='line_1_5' title="bbox 166 1009 1718 1099; baseline -0.005 -21"><span class='ocrx_word' id='word_1_44' title='bbox 166 1017 248 1078; x_wconf 87' lang='lat' dir='ltr'><strong>ratio</strong></span> <span class='ocrx_word' id='word_1_45' title='bbox 277 1015 453 1099; x_wconf 81' lang='lat' dir='ltr'><strong>paralytici,</strong></span> <span class='ocrx_word' id='word_1_46' title='bbox 480 1015 583 1097; x_wconf 89' lang='lat' dir='ltr'><strong>pastio</strong></span> <span class='ocrx_word' id='word_1_47' title='bbox 608 1014 750 1096; x_wconf 89' lang='lat' dir='ltr'><strong>quinque</strong></span> <span class='ocrx_word' id='word_1_48' title='bbox 775 1012 914 1076; x_wconf 92' lang='lat' dir='ltr'><strong>millium</strong></span> <span class='ocrx_word' id='word_1_49' title='bbox 971 1014 1064 1076; x_wconf 91' lang='lat' dir='ltr'><strong>detur</strong></span> <span class='ocrx_word' id='word_1_50' title='bbox 1083 1012 1181 1076; x_wconf 92' lang='lat' dir='ltr'><strong>totius</strong></span> <span class='ocrx_word' id='word_1_51' title='bbox 1202 1011 1313 1074; x_wconf 93' lang='lat' dir='ltr'><strong>mundi</strong></span> <span class='ocrx_word' id='word_1_52' title='bbox 1333 1011 1499 1074; x_wconf 84' lang='lat' dir='ltr'><strong>conversio</strong></span> <span class='ocrx_word' id='word_1_53' title='bbox 1518 1011 1556 1072; x_wconf 90' lang='lat' dir='ltr'><strong>ad</strong></span> <span class='ocrx_word' id='word_1_54' title='bbox 1575 1009 1718 1072; x_wconf 89' lang='lat' dir='ltr'><strong>christia·</strong></span> 
     </span>
     <span class='ocr_line' id='line_1_6' title="bbox 166 1109 1718 1195; baseline -0.003 -19"><span class='ocrx_word' id='word_1_55' title='bbox 166 1115 321 1187; x_wconf 90' lang='lat' dir='ltr'><strong>virorum,</strong></span> <span class='ocrx_word' id='word_1_56' title='bbox 347 1113 489 1195; x_wconf 87' lang='lat' dir='ltr'><strong>exceptis</strong></span> <span class='ocrx_word' id='word_1_57' title='bbox 519 1111 709 1175; x_wconf 89' lang='lat' dir='ltr'><strong>mulieribus</strong></span> <span class='ocrx_word' id='word_1_58' title='bbox 738 1119 770 1174; x_wconf 91' lang='lat' dir='ltr'><strong>et</strong></span> <span class='ocrx_word' id='word_1_59' title='bbox 794 1111 914 1195; x_wconf 90' lang='lat' dir='ltr'><strong>pueris,</strong></span> <span class='ocrx_word' id='word_1_60' title='bbox 971 1130 1044 1174; x_wconf 91' lang='lat' dir='ltr'><strong>nam</strong></span> <span class='ocrx_word' id='word_1_61' title='bbox 1076 1111 1175 1174; x_wconf 91' lang='lat' dir='ltr'><strong>fidem</strong></span> <span class='ocrx_word' id='word_1_62' title='bbox 1209 1119 1241 1173; x_wconf 88' lang='lat' dir='ltr'><strong>et</strong></span> <span class='ocrx_word' id='word_1_63' title='bbox 1271 1110 1486 1191; x_wconf 79' lang='lat' dir='ltr'><strong>evangelicam</strong></span> <span class='ocrx_word' id='word_1_64' title='bbox 1519 1109 1621 1190; x_wconf 78' lang='lat' dir='ltr'><strong>legem</strong></span> <span class='ocrx_word' id='word_1_65' title='bbox 1653 1115 1718 1172; x_wconf 89' lang='lat' dir='ltr'><strong>tam</strong></span> 
     </span>
     <span class='ocr_line' id='line_1_7' title="bbox 167 1207 1716 1294; baseline -0.004 -20"><span class='ocrx_word' id='word_1_66' title='bbox 167 1231 206 1274; x_wconf 88' lang='lat' dir='ltr'><strong>ex</strong></span> <span class='ocrx_word' id='word_1_67' title='bbox 226 1212 364 1294; x_wconf 89' lang='lat' dir='ltr'><strong>quinque</strong></span> <span class='ocrx_word' id='word_1_68' title='bbox 387 1210 521 1294; x_wconf 88' lang='lat' dir='ltr'><strong>panibus</strong></span> <span class='ocrx_word' id='word_1_69' title='bbox 540 1217 572 1273; x_wconf 88' lang='lat' dir='ltr'><strong>et</strong></span> <span class='ocrx_word' id='word_1_70' title='bbox 594 1209 719 1273; x_wconf 92' lang='lat' dir='ltr'><strong>duobus</strong></span> <span class='ocrx_word' id='word_1_71' title='bbox 740 1209 915 1292; x_wconf 86' lang='lat' dir='ltr'><strong>pisciculis,</strong></span> <span class='ocrx_word' id='word_1_72' title='bbox 972 1208 1421 1292; x_wconf 90' lang='lat' dir='ltr'><strong>incomprehensibilissimam</strong></span> <span class='ocrx_word' id='word_1_73' title='bbox 1445 1225 1481 1270; x_wconf 90' lang='lat' dir='ltr'><strong>ac</strong></span> <span class='ocrx_word' id='word_1_74' title='bbox 1506 1207 1684 1270; x_wconf 88' lang='lat' dir='ltr'><strong>districtam</strong></span> <span class='ocrx_word' id='word_1_75' title='bbox 1710 1225 1716 1268; x_wconf 94' lang='lat'><strong>:</strong></span> 
     </span>
     <span class='ocr_line' id='line_1_8' title="bbox 167 1305 1718 1393; baseline -0.003 -21"><span class='ocrx_word' id='word_1_76' title='bbox 167 1311 211 1373; x_wconf 92' lang='lat' dir='ltr'><strong>ita</strong></span> <span class='ocrx_word' id='word_1_77' title='bbox 236 1311 320 1393; x_wconf 95' lang='lat' dir='ltr'><strong>quod</strong></span> <span class='ocrx_word' id='word_1_78' title='bbox 345 1308 572 1392; x_wconf 89' lang='lat' dir='ltr'><strong>superfuerunt</strong></span> <span class='ocrx_word' id='word_1_79' title='bbox 594 1309 762 1372; x_wconf 81' lang='lat' dir='ltr'><strong>duodecim</strong></span> <span class='ocrx_word' id='word_1_80' title='bbox 786 1307 916 1392; x_wconf 86' lang='lat' dir='ltr'><strong>cophini</strong></span> <span class='ocrx_word' id='word_1_81' title='bbox 971 1316 1004 1371; x_wconf 91' lang='lat' dir='ltr'><strong>et</strong></span> <span class='ocrx_word' id='word_1_82' title='bbox 1025 1309 1085 1372; x_wconf 94' lang='lat' dir='ltr'><strong>hoc</strong></span> <span class='ocrx_word' id='word_1_83' title='bbox 1107 1327 1164 1390; x_wconf 91' lang='lat' dir='ltr'><strong>per</strong></span> <span class='ocrx_word' id='word_1_84' title='bbox 1184 1320 1309 1390; x_wconf 83' lang='lat' dir='ltr'><strong>paucos¹</strong></span> <span class='ocrx_word' id='word_1_85' title='bbox 1325 1307 1440 1370; x_wconf 83' lang='lat' dir='ltr'><strong>Christi</strong></span> <span class='ocrx_word' id='word_1_86' title='bbox 1460 1305 1646 1388; x_wconf 88' lang='lat' dir='ltr'><strong>discipulos,</strong></span> <span class='ocrx_word' id='word_1_87' title='bbox 1662 1305 1718 1387; x_wconf 92' lang='lat' dir='ltr'><strong>qni</strong></span> 
     </span>
     <span class='ocr_line' id='line_1_9' title="bbox 167 1403 1716 1491; baseline -0.005 -19"><span class='ocrx_word' id='word_1_88' title='bbox 167 1409 429 1490; x_wconf 82' lang='lat' dir='ltr'><strong>fragmentorum,</strong></span> <span class='ocrx_word' id='word_1_89' title='bbox 439 1408 541 1491; x_wconf 92' lang='lat' dir='ltr'><strong>pastio</strong></span> <span class='ocrx_word' id='word_1_90' title='bbox 556 1425 684 1490; x_wconf 91' lang='lat' dir='ltr'><strong>quoque</strong></span> <span class='ocrx_word' id='word_1_91' title='bbox 698 1414 835 1490; x_wconf 92' lang='lat' dir='ltr'><strong>quatuor</strong></span> <span class='ocrx_word' id='word_1_92' title='bbox 849 1404 918 1468; x_wconf 92' lang='lat' dir='ltr'><strong>mil·</strong></span> <span class='ocrx_word' id='word_1_93' title='bbox 971 1424 1054 1488; x_wconf 89' lang='lat' dir='ltr'><strong>pene</strong></span> <span class='ocrx_word' id='word_1_94' title='bbox 1075 1423 1186 1469; x_wconf 88' lang='lat' dir='ltr'><strong>omnes</strong></span> <span class='ocrx_word' id='word_1_95' title='bbox 1208 1405 1339 1468; x_wconf 91' lang='lat' dir='ltr'><strong>fuerunt</strong></span> <span class='ocrx_word' id='word_1_96' title='bbox 1361 1404 1466 1468; x_wconf 84' lang='lat' dir='ltr'><strong>idiotae</strong></span> <span class='ocrx_word' id='word_1_97' title='bbox 1487 1411 1517 1466; x_wconf 86' lang='lat' dir='ltr'><strong>et</strong></span> <span class='ocrx_word' id='word_1_98' title='bbox 1542 1403 1716 1485; x_wconf 87' lang='lat' dir='ltr'><strong>simplices,</strong></span> 
     </span>
     <span class='ocr_line' id='line_1_10' title="bbox 167 1500 1718 1589; baseline -0.004 -20"><span class='ocrx_word' id='word_1_99' title='bbox 167 1508 247 1570; x_wconf 93' lang='lat' dir='ltr'><strong>lium</strong></span> <span class='ocrx_word' id='word_1_100' title='bbox 263 1525 302 1570; x_wconf 90' lang='lat' dir='ltr'><strong>ex</strong></span> <span class='ocrx_word' id='word_1_101' title='bbox 323 1513 445 1589; x_wconf 84' lang='lat' dir='ltr'><strong>septem</strong></span> <span class='ocrx_word' id='word_1_102' title='bbox 467 1505 614 1589; x_wconf 89' lang='lat' dir='ltr'><strong>panibus,</strong></span> <span class='ocrx_word' id='word_1_103' title='bbox 633 1505 796 1569; x_wconf 88' lang='lat' dir='ltr'><strong>mundatio</strong></span> <span class='ocrx_word' id='word_1_104' title='bbox 816 1506 917 1588; x_wconf 77' lang='lat' dir='ltr'><strong>lepre</strong></span> <span class='ocrx_word' id='word_1_105' title='bbox 971 1505 1091 1586; x_wconf 90' lang='lat' dir='ltr'><strong>absque</strong></span> <span class='ocrx_word' id='word_1_106' title='bbox 1113 1521 1274 1568; x_wconf 88' lang='lat' dir='ltr'><strong>armorum</strong></span> <span class='ocrx_word' id='word_1_107' title='bbox 1298 1503 1450 1586; x_wconf 88' lang='lat' dir='ltr'><strong>potentia,</strong></span> <span class='ocrx_word' id='word_1_108' title='bbox 1465 1501 1585 1584; x_wconf 89' lang='lat' dir='ltr'><strong>absque</strong></span> <span class='ocrx_word' id='word_1_109' title='bbox 1607 1500 1718 1563; x_wconf 90' lang='lat' dir='ltr'><strong>huma-</strong></span> 
     </span>
     <span class='ocr_line' id='line_1_11' title="bbox 168 1599 1719 1686; baseline -0.006 -16"><span class='ocrx_word' id='word_1_110' title='bbox 168 1625 288 1680; x_wconf 89' lang='lat' dir='ltr'><strong>sorum,</strong></span> <span class='ocrx_word' id='word_1_111' title='bbox 305 1612 337 1667; x_wconf 86' lang='lat' dir='ltr'><strong>ct</strong></span> <span class='ocrx_word' id='word_1_112' title='bbox 357 1605 417 1668; x_wconf 89' lang='lat' dir='ltr'><strong>alia</strong></span> <span class='ocrx_word' id='word_1_113' title='bbox 443 1621 572 1686; x_wconf 93' lang='lat' dir='ltr'><strong>prorsus</strong></span> <span class='ocrx_word' id='word_1_114' title='bbox 593 1604 768 1666; x_wconf 87' lang='lat' dir='ltr'><strong>innumera.</strong></span> <span class='ocrx_word' id='word_1_115' title='bbox 786 1605 864 1667; x_wconf 83' lang='lat' dir='ltr'><strong>Nam</strong></span> <span class='ocrx_word' id='word_1_116' title='bbox 885 1610 918 1666; x_wconf 90' lang='lat' dir='ltr'><strong>et</strong></span> <span class='ocrx_word' id='word_1_117' title='bbox 972 1621 1012 1664; x_wconf 92' lang='lat' dir='ltr'><strong>na</strong></span> <span class='ocrx_word' id='word_1_118' title='bbox 1036 1601 1228 1683; x_wconf 89' lang='lat' dir='ltr'><strong>eloquentia,</strong></span> <span class='ocrx_word' id='word_1_119' title='bbox 1252 1600 1321 1662; x_wconf 90' lang='lat' dir='ltr'><strong>sine</strong></span> <span class='ocrx_word' id='word_1_120' title='bbox 1346 1599 1518 1662; x_wconf 87' lang='lat' dir='ltr'><strong>calliditate</strong></span> <span class='ocrx_word' id='word_1_121' title='bbox 1541 1607 1573 1661; x_wconf 88' lang='lat' dir='ltr'><strong>et</strong></span> <span class='ocrx_word' id='word_1_122' title='bbox 1597 1600 1719 1680; x_wconf 81' lang='lat' dir='ltr'><strong>magica</strong></span> 
     </span>
     <span class='ocr_line' id='line_1_12' title="bbox 168 1697 1720 1784; baseline -0.006 -16"><span class='ocrx_word' id='word_1_123' title='bbox 168 1705 313 1768; x_wconf 91' lang='lat' dir='ltr'><strong>cordium</strong></span> <span class='ocrx_word' id='word_1_124' title='bbox 329 1702 478 1784; x_wconf 77' lang='lat' dir='ltr'><strong>cognovit</strong></span> <span class='ocrx_word' id='word_1_125' title='bbox 497 1710 628 1776; x_wconf 89' lang='lat' dir='ltr'><strong>secreta,</strong></span> <span class='ocrx_word' id='word_1_126' title='bbox 644 1709 677 1765; x_wconf 90' lang='lat' dir='ltr'><strong>et</strong></span> <span class='ocrx_word' id='word_1_127' title='bbox 691 1702 839 1766; x_wconf 89' lang='lat' dir='ltr'><strong>universa</strong></span> <span class='ocrx_word' id='word_1_128' title='bbox 855 1701 916 1765; x_wconf 91' lang='lat' dir='ltr'><strong>sibi</strong></span> <span class='ocrx_word' id='word_1_129' title='bbox 972 1707 1049 1774; x_wconf 90' lang='lat' dir='ltr'><strong>arte,</strong></span> <span class='ocrx_word' id='word_1_130' title='bbox 1066 1719 1137 1782; x_wconf 82' lang='lat' dir='ltr'><strong>que</strong></span> <span class='ocrx_word' id='word_1_131' title='bbox 1159 1697 1347 1763; x_wconf 89' lang='lat' dir='ltr'><strong>Christianis</strong></span> <span class='ocrx_word' id='word_1_132' title='bbox 1370 1698 1507 1760; x_wconf 90' lang='lat' dir='ltr'><strong>maxime</strong></span> <span class='ocrx_word' id='word_1_133' title='bbox 1531 1697 1720 1780; x_wconf 82' lang='lat' dir='ltr'><strong>prohibetur</strong></span> 
     </span>
     <span class='ocr_line' id='line_1_13' title="bbox 166 1795 1717 1884; baseline -0.005 -20"><span class='ocrx_word' id='word_1_134' title='bbox 166 1802 303 1884; x_wconf 90' lang='lat' dir='ltr'><strong>aliisque</strong></span> <span class='ocrx_word' id='word_1_135' title='bbox 317 1807 459 1864; x_wconf 88' lang='lat' dir='ltr'><strong>ventura.</strong></span> <span class='ocrx_word' id='word_1_136' title='bbox 477 1800 524 1862; x_wconf 80' lang='lat' dir='ltr'><strong>Ad</strong></span> <span class='ocrx_word' id='word_1_137' title='bbox 540 1800 599 1862; x_wconf 91' lang='lat' dir='ltr'><strong>boc</strong></span> <span class='ocrx_word' id='word_1_138' title='bbox 613 1818 713 1881; x_wconf 78' lang='lat' dir='ltr'><strong>genus</strong></span> <span class='ocrx_word' id='word_1_139' title='bbox 729 1799 914 1874; x_wconf 90' lang='lat' dir='ltr'><strong>testimonii,</strong></span> <span class='ocrx_word' id='word_1_140' title='bbox 972 1805 1003 1860; x_wconf 89' lang='lat' dir='ltr'><strong>ct</strong></span> <span class='ocrx_word' id='word_1_141' title='bbox 1024 1817 1043 1860; x_wconf 93' lang='lat' dir='ltr'><strong>a</strong></span> <span class='ocrx_word' id='word_1_142' title='bbox 1062 1796 1212 1880; x_wconf 89' lang='lat' dir='ltr'><strong>perfectis</strong></span> <span class='ocrx_word' id='word_1_143' title='bbox 1233 1796 1420 1860; x_wconf 92' lang='lat' dir='ltr'><strong>Christianis</strong></span> <span class='ocrx_word' id='word_1_144' title='bbox 1442 1815 1567 1858; x_wconf 91' lang='lat' dir='ltr'><strong>summe</strong></span> <span class='ocrx_word' id='word_1_145' title='bbox 1589 1795 1717 1868; x_wconf 86' lang='lat' dir='ltr'><strong>vitatur,</strong></span> 
     </span>
     <span class='ocr_line' id='line_1_14' title="bbox 167 1893 1717 1982; baseline -0.005 -20"><span class='ocrx_word' id='word_1_146' title='bbox 167 1919 223 1963; x_wconf 93' lang='lat' dir='ltr'><strong>seu</strong></span> <span class='ocrx_word' id='word_1_147' title='bbox 254 1899 385 1962; x_wconf 86' lang='lat' dir='ltr'><strong>rationis</strong></span> <span class='ocrx_word' id='word_1_148' title='bbox 410 1906 442 1961; x_wconf 91' lang='lat' dir='ltr'><strong>ct</strong></span> <span class='ocrx_word' id='word_1_149' title='bbox 470 1898 649 1980; x_wconf 78' lang='lat' dir='ltr'><strong>argumenti</strong></span> <span class='ocrx_word' id='word_1_150' title='bbox 678 1897 754 1960; x_wconf 93' lang='lat' dir='ltr'><strong>fidei</strong></span> <span class='ocrx_word' id='word_1_151' title='bbox 785 1917 822 1962; x_wconf 93' lang='lat' dir='ltr'><strong>ac</strong></span> <span class='ocrx_word' id='word_1_152' title='bbox 847 1898 914 1982; x_wconf 90' lang='lat' dir='ltr'><strong>spei</strong></span> <span class='ocrx_word' id='word_1_153' title='bbox 934 1896 1055 1962; x_wconf 88' lang='lat' dir='ltr'><strong>Bsicut</strong></span> <span class='ocrx_word' id='word_1_154' title='bbox 1088 1914 1144 1958; x_wconf 92' lang='lat' dir='ltr'><strong>nos</strong></span> <span class='ocrx_word' id='word_1_155' title='bbox 1177 1894 1346 1958; x_wconf 86' lang='lat' dir='ltr'><strong>Christiani</strong></span> <span class='ocrx_word' id='word_1_156' title='bbox 1379 1894 1555 1956; x_wconf 88' lang='lat' dir='ltr'><strong>certissime</strong></span> <span class='ocrx_word' id='word_1_157' title='bbox 1587 1893 1717 1966; x_wconf 88' lang='lat' dir='ltr'><strong>scimus,</strong></span> 
     </span>
     <span class='ocr_line' id='line_1_15' title="bbox 167 1990 1718 2078; baseline -0.007 -15"><span class='ocrx_word' id='word_1_158' title='bbox 167 1999 432 2070; x_wconf 89' lang='lat' dir='ltr'><strong>Christianorum,</strong></span> <span class='ocrx_word' id='word_1_159' title='bbox 444 1997 606 2078; x_wconf 88' lang='lat' dir='ltr'><strong>pertinent</strong></span> <span class='ocrx_word' id='word_1_160' title='bbox 623 1996 781 2059; x_wconf 88' lang='lat' dir='ltr'><strong>mirabilia</strong></span> <span class='ocrx_word' id='word_1_161' title='bbox 796 2016 866 2078; x_wconf 72' lang='lat' dir='ltr'><strong>quaa</strong></span> <span class='ocrx_word' id='word_1_162' title='bbox 883 1998 914 2059; x_wconf 95' lang='lat' dir='ltr'><strong>in</strong></span> <span class='ocrx_word' id='word_1_163' title='bbox 972 1993 1128 2075; x_wconf 92' lang='lat' dir='ltr'><strong>quidquid</strong></span> <span class='ocrx_word' id='word_1_164' title='bbox 1146 1991 1293 2054; x_wconf 83' lang='lat' dir='ltr'><strong>infideles</strong></span> <span class='ocrx_word' id='word_1_165' title='bbox 1308 1990 1394 2054; x_wconf 90' lang='lat' dir='ltr'><strong>fatue</strong></span> <span class='ocrx_word' id='word_1_166' title='bbox 1409 1991 1621 2074; x_wconf 89' lang='lat' dir='ltr'><strong>suspicentur.</strong></span> <span class='ocrx_word' id='word_1_167' title='bbox 1639 1991 1718 2063; x_wconf 85' lang='lat' dir='ltr'><strong>Quo·</strong></span> 
     </span>
     <span class='ocr_line' id='line_1_16' title="bbox 167 2089 1718 2178; baseline -0.008 -18"><span class='ocrx_word' id='word_1_168' title='bbox 167 2096 284 2161; x_wconf 88' lang='lat' dir='ltr'><strong>Christi</strong></span> <span class='ocrx_word' id='word_1_169' title='bbox 300 2094 447 2178; x_wconf 84' lang='lat' dir='ltr'><strong>passione</strong></span> <span class='ocrx_word' id='word_1_170' title='bbox 468 2093 599 2168; x_wconf 89' lang='lat' dir='ltr'><strong>fiebant,</strong></span> <span class='ocrx_word' id='word_1_171' title='bbox 616 2094 764 2158; x_wconf 91' lang='lat' dir='ltr'><strong>videlicet</strong></span> <span class='ocrx_word' id='word_1_172' title='bbox 781 2111 788 2157; x_wconf 75' lang='grc' dir='ltr'><em>τ</em></span> <span class='ocrx_word' id='word_1_173' title='bbox 805 2095 917 2158; x_wconf 92' lang='lat' dir='ltr'><strong>obscu-</strong></span> <span class='ocrx_word' id='word_1_174' title='bbox 972 2091 1058 2154; x_wconf 91' lang='lat' dir='ltr'><strong>niam</strong></span> <span class='ocrx_word' id='word_1_175' title='bbox 1075 2091 1181 2172; x_wconf 86' lang='lat' dir='ltr'><strong>itaque</strong></span> <span class='ocrx_word' id='word_1_176' title='bbox 1201 2109 1258 2172; x_wconf 89' lang='lat' dir='ltr'><strong>per</strong></span> <span class='ocrx_word' id='word_1_177' title='bbox 1274 2090 1333 2152; x_wconf 88' lang='lat' dir='ltr'><strong>ista</strong></span> <span class='ocrx_word' id='word_1_178' title='bbox 1354 2089 1507 2152; x_wconf 91' lang='lat' dir='ltr'><strong>miracula</strong></span> <span class='ocrx_word' id='word_1_179' title='bbox 1526 2095 1718 2152; x_wconf 90' lang='lat' dir='ltr'><strong>contestatus</strong></span> 
     </span>
     <span class='ocr_line' id='line_1_17' title="bbox 167 2185 1719 2276; baseline -0.008 -18"><span class='ocrx_word' id='word_1_180' title='bbox 167 2195 249 2258; x_wconf 89' lang='lat' dir='ltr'><strong>ratio</strong></span> <span class='ocrx_word' id='word_1_181' title='bbox 270 2193 357 2268; x_wconf 91' lang='lat' dir='ltr'><strong>solis,</strong></span> <span class='ocrx_word' id='word_1_182' title='bbox 375 2193 451 2256; x_wconf 91' lang='lat' dir='ltr'><strong>luna</strong></span> <span class='ocrx_word' id='word_1_183' title='bbox 473 2193 567 2275; x_wconf 92' lang='lat' dir='ltr'><strong>plena</strong></span> <span class='ocrx_word' id='word_1_184' title='bbox 588 2193 760 2256; x_wconf 84' lang='lat' dir='ltr'><strong>exsistente</strong></span> <span class='ocrx_word' id='word_1_185' title='bbox 781 2194 828 2274; x_wconf 88' lang='lat' dir='ltr'><strong>(in</strong></span> <span class='ocrx_word' id='word_1_186' title='bbox 853 2213 916 2276; x_wconf 92' lang='lat' dir='ltr'><strong>qua</strong></span> <span class='ocrx_word' id='word_1_187' title='bbox 971 2195 1020 2251; x_wconf 88' lang='lat' dir='ltr'><strong>cst</strong></span> <span class='ocrx_word' id='word_1_188' title='bbox 1041 2189 1123 2250; x_wconf 89' lang='lat' dir='ltr'><strong>Deus</strong></span> <span class='ocrx_word' id='word_1_189' title='bbox 1145 2189 1234 2250; x_wconf 88' lang='lat' dir='ltr'><strong>Pater</strong></span> <span class='ocrx_word' id='word_1_190' title='bbox 1252 2205 1361 2250; x_wconf 89' lang='lat' dir='ltr'><strong>veram</strong></span> <span class='ocrx_word' id='word_1_191' title='bbox 1381 2205 1450 2250; x_wconf 87' lang='lat' dir='ltr'><strong>esse</strong></span> <span class='ocrx_word' id='word_1_192' title='bbox 1472 2186 1659 2249; x_wconf 84' lang='lat' dir='ltr'><strong>catholicam</strong></span> <span class='ocrx_word' id='word_1_193' title='bbox 1683 2185 1719 2246; x_wconf 93' lang='lat' dir='ltr'><strong>fi-</strong></span> 
     </span>
     <span class='ocr_line' id='line_1_18' title="bbox 167 2283 1719 2375; baseline -0.008 -18"><span class='ocrx_word' id='word_1_194' title='bbox 167 2293 281 2375; x_wconf 87' lang='lat' dir='ltr'><strong>eclipsi</strong></span> <span class='ocrx_word' id='word_1_195' title='bbox 311 2291 411 2356; x_wconf 90' lang='lat' dir='ltr'><strong>multa</strong></span> <span class='ocrx_word' id='word_1_196' title='bbox 440 2291 532 2353; x_wconf 91' lang='lat' dir='ltr'><strong>valde</strong></span> <span class='ocrx_word' id='word_1_197' title='bbox 562 2290 763 2365; x_wconf 89' lang='lat' dir='ltr'><strong>miraculosa,</strong></span> <span class='ocrx_word' id='word_1_198' title='bbox 793 2291 916 2374; x_wconf 91' lang='lat' dir='ltr'><strong>solique</strong></span> <span class='ocrx_word' id='word_1_199' title='bbox 972 2287 1055 2360; x_wconf 89' lang='lat' dir='ltr'><strong>dem,</strong></span> <span class='ocrx_word' id='word_1_200' title='bbox 1084 2287 1188 2349; x_wconf 85' lang='lat' dir='ltr'><strong>ideo&#39;</strong></span> <span class='ocrx_word' id='word_1_201' title='bbox 1181 2305 1212 2348; x_wconf 93' lang='lat' dir='ltr'><strong>m</strong></span> <span class='ocrx_word' id='word_1_202' title='bbox 1239 2286 1342 2367; x_wconf 94' lang='lat' dir='ltr'><strong>prima</strong></span> <span class='ocrx_word' id='word_1_203' title='bbox 1365 2305 1422 2348; x_wconf 90' lang='lat' dir='ltr'><strong>sua</strong></span> <span class='ocrx_word' id='word_1_204' title='bbox 1445 2285 1579 2367; x_wconf 88' lang='lat' dir='ltr'><strong>epistola</strong></span> <span class='ocrx_word' id='word_1_205' title='bbox 1606 2283 1719 2346; x_wconf 89' lang='lat' dir='ltr'><strong>scribit</strong></span> 
     </span>
     <span class='ocr_line' id='line_1_19' title="bbox 167 2383 1811 2472; baseline -0.007 -18"><span class='ocrx_word' id='word_1_206' title='bbox 167 2391 233 2454; x_wconf 87' lang='lat' dir='ltr'><strong>Deo</strong></span> <span class='ocrx_word' id='word_1_207' title='bbox 249 2389 425 2472; x_wconf 85' lang='lat' dir='ltr'><strong>possrbrlra</strong></span> <span class='ocrx_word' id='word_1_208' title='bbox 434 2387 670 2469; x_wconf 76' lang='lat' dir='ltr'><strong>contingebant,</strong></span> <span class='ocrx_word' id='word_1_209' title='bbox 679 2396 774 2470; x_wconf 91' lang='lat' dir='ltr'><strong>prout</strong></span> <span class='ocrx_word' id='word_1_210' title='bbox 788 2389 917 2451; x_wconf 87' lang='lat' dir='ltr'><strong>drvmus</strong></span> <span class='ocrx_word' id='word_1_211' title='bbox 971 2385 1105 2448; x_wconf 86' lang='lat' dir='ltr'><strong>loannes</strong></span> <span class='ocrx_word' id='word_1_212' title='bbox 1128 2384 1320 2466; x_wconf 88' lang='lat' dir='ltr'><strong>apostolus:</strong></span> <span class='ocrx_word' id='word_1_213' title='bbox 1342 2383 1400 2458; x_wconf 83' lang='lat' dir='ltr'><strong>Qui</strong></span> <span class='ocrx_word' id='word_1_214' title='bbox 1423 2401 1486 2446; x_wconf 93' lang='lat' dir='ltr'><strong>non</strong></span> <span class='ocrx_word' id='word_1_215' title='bbox 1506 2383 1607 2445; x_wconf 85' lang='lat' dir='ltr'><strong>credit</strong></span> <span class='ocrx_word' id='word_1_216' title='bbox 1626 2383 1715 2454; x_wconf 80' lang='lat' dir='ltr'><strong>Filio,</strong></span> <span class='ocrx_word' id='word_1_217' title='bbox 1740 2399 1811 2442; x_wconf 70' lang='lat' dir='ltr'><strong>rroan</strong></span> 
     </span>
     <span class='ocr_line' id='line_1_20' title="bbox 25 2465 1765 2598; baseline -0.003 -49"><span class='ocrx_word' id='word_1_218' title='bbox 25 2507 150 2560; x_wconf 66' lang='lat' dir='ltr'><strong>oraru,</strong></span> <span class='ocrx_word' id='word_1_219' title='bbox 168 2487 369 2598; x_wconf 81' lang='lat' dir='ltr'><strong>Dionysius&#39;</strong></span> <span class='ocrx_word' id='word_1_220' title='bbox 363 2507 394 2550; x_wconf 91' lang='lat' dir='ltr'><strong>m</strong></span> <span class='ocrx_word' id='word_1_221' title='bbox 425 2486 559 2569; x_wconf 88' lang='lat' dir='ltr'><strong>epistola</strong></span> <span class='ocrx_word' id='word_1_222' title='bbox 588 2487 682 2548; x_wconf 89' lang='lat' dir='ltr'><strong>adS.</strong></span> <span class='ocrx_word' id='word_1_223' title='bbox 709 2485 916 2570; x_wconf 81' lang='lat' dir='ltr'><strong>Polycarpum</strong></span> <span class='ocrx_word' id='word_1_224' title='bbox 973 2483 1158 2546; x_wconf 90' lang='lat' dir='ltr'><strong>mendacem</strong></span> <span class='ocrx_word' id='word_1_225' title='bbox 1182 2483 1257 2545; x_wconf 91' lang='lat' dir='ltr'><strong>facit</strong></span> <span class='ocrx_word' id='word_1_226' title='bbox 1281 2483 1414 2556; x_wconf 86' lang='lat' dir='ltr'><strong>Patrem,</strong></span> <span class='ocrx_word' id='word_1_227' title='bbox 1432 2483 1507 2566; x_wconf 89' lang='lat' dir='ltr'><strong>quia</strong></span> <span class='ocrx_word' id='word_1_228' title='bbox 1530 2500 1594 2546; x_wconf 91' lang='lat' dir='ltr'><strong>non</strong></span> <span class='ocrx_word' id='word_1_229' title='bbox 1617 2465 1765 2546; x_wconf 87' lang='lat' dir='ltr'><strong>credit¹⁰&#39;</strong></span> 
     </span>
     <span class='ocr_line' id='line_1_21' title="bbox 13 2573 1717 2696; baseline -0.005 -46"><span class='ocrx_word' id='word_1_230' title='bbox 13 2573 95 2624; x_wconf 44' lang='grc' dir='ltr'><strong>ΡΜ·</strong></span> <span class='ocrx_word' id='word_1_231' title='bbox 167 2587 335 2650; x_wconf 90' lang='lat' dir='ltr'><strong>verissime</strong></span> <span class='ocrx_word' id='word_1_232' title='bbox 360 2584 481 2666; x_wconf 81' lang='lat' dir='ltr'><strong>refert),</strong></span> <span class='ocrx_word' id='word_1_233' title='bbox 505 2584 590 2696; x_wconf 84' lang='lat' dir='ltr'><strong>quod</strong></span> <span class='ocrx_word' id='word_1_234' title='bbox 617 2584 691 2646; x_wconf 92' lang='lat' dir='ltr'><strong>item</strong></span> <span class='ocrx_word' id='word_1_235' title='bbox 717 2591 793 2646; x_wconf 92' lang='lat' dir='ltr'><strong>tnnc</strong></span> <span class='ocrx_word' id='word_1_236' title='bbox 818 2585 917 2646; x_wconf 88' lang='lat' dir='ltr'><strong>multa</strong></span> <span class='ocrx_word' id='word_1_237' title='bbox 973 2581 1005 2643; x_wconf 89' lang='lat' dir='ltr'><strong>in</strong></span> <span class='ocrx_word' id='word_1_238' title='bbox 1022 2580 1240 2644; x_wconf 90' lang='lat' dir='ltr'><strong>testimonium</strong></span> <span class='ocrx_word' id='word_1_239' title='bbox 1260 2581 1346 2664; x_wconf 93' lang='lat' dir='ltr'><strong>qnod</strong></span> <span class='ocrx_word' id='word_1_240' title='bbox 1364 2581 1553 2644; x_wconf 87' lang='lat' dir='ltr'><strong>testificatus</strong></span> <span class='ocrx_word' id='word_1_241' title='bbox 1571 2583 1717 2644; x_wconf 89' lang='lat' dir='ltr'><strong>estDeus</strong></span> 
     </span>
    </p>
   </div>
   <div class='ocr_carea' id='block_1_3' title="bbox 12 2679 1718 3256">
    <p class='ocr_par' dir='ltr' id='par_1_3' title="bbox 12 2679 1718 3158">
     <span class='ocr_line' id='line_1_22' title="bbox 167 2679 1718 2765; baseline -0.004 -17"><span class='ocrx_word' id='word_1_242' title='bbox 167 2692 349 2749; x_wconf 89' lang='lat' dir='ltr'><strong>sanctorum</strong></span> <span class='ocrx_word' id='word_1_243' title='bbox 371 2700 503 2765; x_wconf 89' lang='lat' dir='ltr'><strong>corpora</strong></span> <span class='ocrx_word' id='word_1_244' title='bbox 525 2683 580 2764; x_wconf 93' lang='lat' dir='ltr'><strong>qui</strong></span> <span class='ocrx_word' id='word_1_245' title='bbox 601 2680 797 2745; x_wconf 92' lang='lat' dir='ltr'><strong>dormierant</strong></span> <span class='ocrx_word' id='word_1_246' title='bbox 817 2702 918 2746; x_wconf 91' lang='lat' dir='ltr'><strong>surre-</strong></span> <span class='ocrx_word' id='word_1_247' title='bbox 972 2681 1011 2743; x_wconf 91' lang='lat' dir='ltr'><strong>dc</strong></span> <span class='ocrx_word' id='word_1_248' title='bbox 1028 2680 1107 2743; x_wconf 83' lang='lat' dir='ltr'><strong>Filio</strong></span> <span class='ocrx_word' id='word_1_249' title='bbox 1121 2699 1187 2744; x_wconf 91' lang='lat' dir='ltr'><strong>suo.</strong></span> <span class='ocrx_word' id='word_1_250' title='bbox 1198 2679 1470 2754; x_wconf 80' lang='lat' dir='ltr'><strong>Quemadmodum</strong></span> <span class='ocrx_word' id='word_1_251' title='bbox 1486 2681 1573 2743; x_wconf 90' lang='lat' dir='ltr'><strong>enim</strong></span> <span class='ocrx_word' id='word_1_252' title='bbox 1589 2699 1644 2744; x_wconf 90' lang='lat' dir='ltr'><strong>rex</strong></span> <span class='ocrx_word' id='word_1_253' title='bbox 1659 2688 1718 2743; x_wconf 90' lang='lat' dir='ltr'><strong>ter-</strong></span> 
     </span>
     <span class='ocr_line' id='line_1_23' title="bbox 168 2777 1717 2860; baseline -0.003 -13"><span class='ocrx_word' id='word_1_254' title='bbox 168 2791 293 2848; x_wconf 89' lang='lat' dir='ltr'><strong>xerunt.</strong></span> <span class='ocrx_word' id='word_1_255' title='bbox 311 2783 355 2845; x_wconf 87' lang='lat' dir='ltr'><strong>De</strong></span> <span class='ocrx_word' id='word_1_256' title='bbox 370 2783 429 2844; x_wconf 91' lang='lat' dir='ltr'><strong>hac</strong></span> <span class='ocrx_word' id='word_1_257' title='bbox 448 2780 526 2844; x_wconf 90' lang='lat' dir='ltr'><strong>fidei</strong></span> <span class='ocrx_word' id='word_1_258' title='bbox 547 2782 669 2844; x_wconf 88' lang='lat' dir='ltr'><strong>ratione</strong></span> <span class='ocrx_word' id='word_1_259' title='bbox 689 2780 734 2843; x_wconf 92' lang='lat' dir='ltr'><strong>ait</strong></span> <span class='ocrx_word' id='word_1_260' title='bbox 751 2781 916 2846; x_wconf 87' lang='lat' dir='ltr'><strong>Salvator.</strong></span> <span class='ocrx_word' id='word_1_261' title='bbox 973 2797 1068 2840; x_wconf 91' lang='lat' dir='ltr'><strong>renus</strong></span> <span class='ocrx_word' id='word_1_262' title='bbox 1090 2778 1245 2860; x_wconf 89' lang='lat' dir='ltr'><strong>approbat</strong></span> <span class='ocrx_word' id='word_1_263' title='bbox 1266 2779 1386 2840; x_wconf 87' lang='lat' dir='ltr'><strong>litteras</strong></span> <span class='ocrx_word' id='word_1_264' title='bbox 1407 2777 1541 2860; x_wconf 88' lang='lat' dir='ltr'><strong>aliquas,</strong></span> <span class='ocrx_word' id='word_1_265' title='bbox 1557 2799 1651 2842; x_wconf 89' lang='lat' dir='ltr'><strong>suum</strong></span> <span class='ocrx_word' id='word_1_266' title='bbox 1671 2779 1717 2843; x_wconf 89' lang='lat' dir='ltr'><strong>eis</strong></span> 
     </span>
     <span class='ocr_line' id='line_1_24' title="bbox 81 2876 1718 2966; baseline -0.005 -18.599"><span class='ocrx_word' id='word_1_267' title='bbox 81 2884 271 2966; x_wconf 73' lang='grc' dir='ltr'><strong>ΜΟροοο</strong></span> <span class='ocrx_word' id='word_1_268' title='bbox 290 2900 361 2963; x_wconf 84' lang='lat' dir='ltr'><strong>quae</strong></span> <span class='ocrx_word' id='word_1_269' title='bbox 380 2881 468 2942; x_wconf 88' lang='lat' dir='ltr'><strong>dedit</strong></span> <span class='ocrx_word' id='word_1_270' title='bbox 488 2880 568 2942; x_wconf 92' lang='lat' dir='ltr'><strong>mihi</strong></span> <span class='ocrx_word' id='word_1_271' title='bbox 587 2880 676 2943; x_wconf 89' lang='lat' dir='ltr'><strong>Pater</strong></span> <span class='ocrx_word' id='word_1_272' title='bbox 697 2887 732 2941; x_wconf 95' lang='lat' dir='ltr'><strong>ut</strong></span> <span class='ocrx_word' id='word_1_273' title='bbox 750 2879 917 2963; x_wconf 90' lang='lat' dir='ltr'><strong>perficiam</strong></span> <span class='ocrx_word' id='word_1_274' title='bbox 972 2878 1182 2959; x_wconf 87' lang='lat' dir='ltr'><strong>appendendo</strong></span> <span class='ocrx_word' id='word_1_275' title='bbox 1204 2876 1344 2958; x_wconf 78' lang='lat' dir='ltr'><strong>sigillum</strong></span> <span class='ocrx_word' id='word_1_276' title='bbox 1366 2885 1422 2939; x_wconf 91' lang='lat' dir='ltr'><strong>ant</strong></span> <span class='ocrx_word' id='word_1_277' title='bbox 1443 2878 1571 2960; x_wconf 93' lang='lat' dir='ltr'><strong>proprio</strong></span> <span class='ocrx_word' id='word_1_278' title='bbox 1593 2897 1645 2942; x_wconf 89' lang='lat' dir='ltr'><strong>eas</strong></span> <span class='ocrx_word' id='word_1_279' title='bbox 1665 2897 1718 2940; x_wconf 90' lang='lat' dir='ltr'><strong>an-</strong></span> 
     </span>
     <span class='ocr_line' id='line_1_25' title="bbox 169 2977 1717 3061; baseline -0.003 -17"><span class='ocrx_word' id='word_1_280' title='bbox 169 3001 217 3056; x_wconf 87' lang='lat' dir='ltr'><strong>ea,</strong></span> <span class='ocrx_word' id='word_1_281' title='bbox 243 2979 463 3043; x_wconf 89' lang='lat' dir='ltr'><strong>testimonium</strong></span> <span class='ocrx_word' id='word_1_282' title='bbox 495 2977 665 3060; x_wconf 85' lang='lat' dir='ltr'><strong>perbibent</strong></span> <span class='ocrx_word' id='word_1_283' title='bbox 688 2978 727 3040; x_wconf 87' lang='lat' dir='ltr'><strong>de</strong></span> <span class='ocrx_word' id='word_1_284' title='bbox 754 2997 816 3052; x_wconf 93' lang='lat' dir='ltr'><strong>me,</strong></span> <span class='ocrx_word' id='word_1_285' title='bbox 843 2981 918 3061; x_wconf 90' lang='lat' dir='ltr'><strong>quia</strong></span> <span class='ocrx_word' id='word_1_286' title='bbox 973 2977 1048 3041; x_wconf 92' lang='lat' dir='ltr'><strong>nulo</strong></span> <span class='ocrx_word' id='word_1_287' title='bbox 1064 2977 1289 3058; x_wconf 78' lang='lat' dir='ltr'><strong>consignando</strong></span> <span class='ocrx_word' id='word_1_288' title='bbox 1301 2996 1346 3040; x_wconf 88' lang='lat' dir='ltr'><strong>src</strong></span> <span class='ocrx_word' id='word_1_289' title='bbox 1362 2977 1426 3040; x_wconf 83' lang='lat' dir='ltr'><strong>Rex</strong></span> <span class='ocrx_word' id='word_1_290' title='bbox 1441 2996 1551 3059; x_wconf 77' lang='lat' dir='ltr'><strong>regum</strong></span> <span class='ocrx_word' id='word_1_291' title='bbox 1567 2987 1598 3040; x_wconf 93' lang='lat' dir='ltr'><strong>et</strong></span> <span class='ocrx_word' id='word_1_292' title='bbox 1613 2979 1717 3041; x_wconf 77' lang='lat' dir='ltr'><strong>Domi</strong></span> 
     </span>
     <span class='ocr_line' id='line_1_26' title="bbox 12 3074 1717 3158; baseline -0.003 -15"><span class='ocrx_word' id='word_1_293' title='bbox 12 3081 258 3144; x_wconf 70' lang='lat' dir='ltr'><strong>1⁶&#39;1vd1n2tPater</strong></span> <span class='ocrx_word' id='word_1_294' title='bbox 279 3097 330 3140; x_wconf 90' lang='lat' dir='ltr'><strong>me</strong></span> <span class='ocrx_word' id='word_1_295' title='bbox 350 3077 456 3156; x_wconf 90' lang='lat' dir='ltr'><strong>misit;</strong></span> <span class='ocrx_word' id='word_1_296' title='bbox 471 3085 567 3158; x_wconf 89' lang='lat' dir='ltr'><strong>atque</strong></span> <span class='ocrx_word' id='word_1_297' title='bbox 586 3075 674 3150; x_wconf 89' lang='lat' dir='ltr'><strong>alibi,</strong></span> <span class='ocrx_word' id='word_1_298' title='bbox 691 3075 723 3138; x_wconf 92' lang='lat' dir='ltr'><strong>Si</strong></span> <span class='ocrx_word' id='word_1_299' title='bbox 738 3093 834 3158; x_wconf 92' lang='lat' dir='ltr'><strong>opera</strong></span> <span class='ocrx_word' id='word_1_300' title='bbox 854 3096 916 3140; x_wconf 93' lang='lat' dir='ltr'><strong>non</strong></span> <span class='ocrx_word' id='word_1_301' title='bbox 934 3077 956 3140; x_wconf 89' lang='lat' dir='ltr'><strong>C</strong></span> <span class='ocrx_word' id='word_1_302' title='bbox 972 3095 1031 3137; x_wconf 91' lang='lat' dir='ltr'><strong>nus</strong></span> <span class='ocrx_word' id='word_1_303' title='bbox 1048 3074 1480 3156; x_wconf 78' lang='lat' dir='ltr'><strong>universorum,evangelicae</strong></span> <span class='ocrx_word' id='word_1_304' title='bbox 1496 3076 1574 3157; x_wconf 80' lang='lat' dir='ltr'><strong>legis</strong></span> <span class='ocrx_word' id='word_1_305' title='bbox 1588 3096 1625 3139; x_wconf 89' lang='lat' dir='ltr'><strong>ac</strong></span> <span class='ocrx_word' id='word_1_306' title='bbox 1640 3076 1717 3139; x_wconf 92' lang='lat' dir='ltr'><strong>fidei</strong></span> 
     </span>
    </p>

    <p class='ocr_par' dir='ltr' id='par_1_4' title="bbox 168 3172 1716 3256">
     <span class='ocr_line' id='line_1_27' title="bbox 168 3172 1716 3256; baseline -0.003 -15"><span class='ocrx_word' id='word_1_307' title='bbox 168 3179 317 3242; x_wconf 88' lang='lat' dir='ltr'><strong>fecissem</strong></span> <span class='ocrx_word' id='word_1_308' title='bbox 347 3177 380 3239; x_wconf 92' lang='lat' dir='ltr'><strong>in</strong></span> <span class='ocrx_word' id='word_1_309' title='bbox 409 3176 467 3250; x_wconf 91' lang='lat' dir='ltr'><strong>eis,</strong></span> <span class='ocrx_word' id='word_1_310' title='bbox 493 3174 642 3239; x_wconf 90' lang='lat' dir='ltr'><strong>videlicet</strong></span> <span class='ocrx_word' id='word_1_311' title='bbox 671 3175 755 3237; x_wconf 86' lang='lat' dir='ltr'><strong>inter</strong></span> <span class='ocrx_word' id='word_1_312' title='bbox 780 3175 914 3250; x_wconf 75' lang='lat' dir='ltr'><strong>ludens,</strong></span> <span class='ocrx_word' id='word_1_313' title='bbox 971 3172 1159 3256; x_wconf 85' lang='lat' dir='ltr'><strong>approbavit</strong></span> <span class='ocrx_word' id='word_1_314' title='bbox 1176 3173 1364 3247; x_wconf 88' lang='lat' dir='ltr'><strong>doctrinam,</strong></span> <span class='ocrx_word' id='word_1_315' title='bbox 1381 3192 1439 3256; x_wconf 90' lang='lat' dir='ltr'><strong>pro</strong></span> <span class='ocrx_word' id='word_1_316' title='bbox 1458 3173 1528 3255; x_wconf 87' lang='lat' dir='ltr'><strong>ejus</strong></span> <span class='ocrx_word' id='word_1_317' title='bbox 1548 3173 1716 3238; x_wconf 91' lang='lat' dir='ltr'><strong>confirma·</strong></span> 
     </span>
    </p>
   </div>
   <div class='ocr_carea' id='block_1_4' title="bbox 12 2892 78 2997">
    <p class='ocr_par' dir='ltr' id='par_1_5' title="bbox 12 2892 78 2997">
     <span class='ocr_line' id='line_1_28' title="bbox 12 2892 78 2997; baseline 0 -3"><span class='ocrx_word' id='word_1_318' title='bbox 12 2892 78 2997; x_wconf 62' lang='lat' dir='ltr'><strong>36⁰ss</strong></span> 
     </span>
    </p>
   </div>
   <div class='ocr_carea' id='block_1_5' title="bbox 25 3270 1718 5428">
    <p class='ocr_par' dir='ltr' id='par_1_6' title="bbox 168 3270 1717 3554">
     <span class='ocr_line' id='line_1_29' title="bbox 168 3270 1717 3359; baseline -0.001 -21"><span class='ocrx_word' id='word_1_319' title='bbox 168 3297 238 3359; x_wconf 86' lang='lat' dir='ltr'><strong>quaa</strong></span> <span class='ocrx_word' id='word_1_320' title='bbox 258 3275 366 3340; x_wconf 92' lang='lat' dir='ltr'><strong>nullus</strong></span> <span class='ocrx_word' id='word_1_321' title='bbox 385 3275 467 3338; x_wconf 91' lang='lat' dir='ltr'><strong>alius</strong></span> <span class='ocrx_word' id='word_1_322' title='bbox 487 3272 575 3348; x_wconf 90' lang='lat' dir='ltr'><strong>fecit,</strong></span> <span class='ocrx_word' id='word_1_323' title='bbox 593 3281 758 3355; x_wconf 88' lang='lat' dir='ltr'><strong>peccatum</strong></span> <span class='ocrx_word' id='word_1_324' title='bbox 779 3291 842 3336; x_wconf 93' lang='lat' dir='ltr'><strong>non</strong></span> <span class='ocrx_word' id='word_1_325' title='bbox 865 3273 916 3336; x_wconf 93' lang='lat' dir='ltr'><strong>ha·</strong></span> <span class='ocrx_word' id='word_1_326' title='bbox 972 3273 1056 3334; x_wconf 90' lang='lat' dir='ltr'><strong>tione</strong></span> <span class='ocrx_word' id='word_1_327' title='bbox 1079 3280 1123 3336; x_wconf 93' lang='lat' dir='ltr'><strong>tot</strong></span> <span class='ocrx_word' id='word_1_328' title='bbox 1143 3279 1174 3334; x_wconf 93' lang='lat' dir='ltr'><strong>et</strong></span> <span class='ocrx_word' id='word_1_329' title='bbox 1195 3279 1280 3333; x_wconf 93' lang='lat' dir='ltr'><strong>tanta</strong></span> <span class='ocrx_word' id='word_1_330' title='bbox 1300 3270 1445 3334; x_wconf 90' lang='lat' dir='ltr'><strong>faciendo</strong></span> <span class='ocrx_word' id='word_1_331' title='bbox 1467 3272 1717 3356; x_wconf 67' lang='lat' dir='ltr'><strong>miraculaque</strong></span> 
     </span>
     <span class='ocr_line' id='line_1_30' title="bbox 168 3370 1717 3454; baseline -0.001 -16"><span class='ocrx_word' id='word_1_332' title='bbox 168 3375 289 3438; x_wconf 90' lang='lat' dir='ltr'><strong>bereot.</strong></span> <span class='ocrx_word' id='word_1_333' title='bbox 971 3378 1121 3454; x_wconf 90' lang='lat' dir='ltr'><strong>tanquam</strong></span> <span class='ocrx_word' id='word_1_334' title='bbox 1138 3371 1267 3453; x_wconf 91' lang='lat' dir='ltr'><strong>propria</strong></span> <span class='ocrx_word' id='word_1_335' title='bbox 1282 3371 1386 3452; x_wconf 79' lang='lat' dir='ltr'><strong>sigilla</strong></span> <span class='ocrx_word' id='word_1_336' title='bbox 1401 3371 1430 3434; x_wconf 94' lang='lat' dir='ltr'><strong>ei</strong></span> <span class='ocrx_word' id='word_1_337' title='bbox 1445 3370 1552 3433; x_wconf 92' lang='lat' dir='ltr'><strong>affixit</strong></span> <span class='ocrx_word' id='word_1_338' title='bbox 1566 3373 1717 3454; x_wconf 86' lang='lat' dir='ltr'><strong>copiosis-</strong></span> 
     </span>
     <span class='ocr_line' id='line_1_31' title="bbox 209 3468 1562 3554; baseline -0.004 -18"><span class='ocrx_word' id='word_1_339' title='bbox 209 3473 375 3554; x_wconf 88' lang='lat' dir='ltr'><strong>Deinceps‚</strong></span> <span class='ocrx_word' id='word_1_340' title='bbox 392 3471 475 3533; x_wconf 88' lang='lat' dir='ltr'><strong>sicut</strong></span> <span class='ocrx_word' id='word_1_341' title='bbox 490 3469 632 3534; x_wconf 88' lang='lat' dir='ltr'><strong>Christus</strong></span> <span class='ocrx_word' id='word_1_342' title='bbox 648 3478 720 3531; x_wconf 90' lang='lat' dir='ltr'><strong>ante</strong></span> <span class='ocrx_word' id='word_1_343' title='bbox 735 3471 914 3551; x_wconf 90' lang='lat' dir='ltr'><strong>passionem</strong></span> <span class='ocrx_word' id='word_1_344' title='bbox 971 3470 1051 3532; x_wconf 91' lang='lat' dir='ltr'><strong>sime</strong></span> <span class='ocrx_word' id='word_1_345' title='bbox 1073 3487 1202 3551; x_wconf 90' lang='lat' dir='ltr'><strong>prorsus</strong></span> <span class='ocrx_word' id='word_1_346' title='bbox 1224 3476 1255 3532; x_wconf 90' lang='lat' dir='ltr'><strong>et</strong></span> <span class='ocrx_word' id='word_1_347' title='bbox 1277 3468 1562 3532; x_wconf 86' lang='lat' dir='ltr'><strong>innumerabiliter.</strong></span> 
     </span>
    </p>

    <p class='ocr_par' dir='ltr' id='par_1_7' title="bbox 25 3565 1718 5428">
     <span class='ocr_line' id='line_1_32' title="bbox 58 3565 1718 3654; baseline -0.001 -20"><span class='ocrx_word' id='word_1_348' title='bbox 58 3587 61 3593; x_wconf 85' lang='lat'>&#39;</span> <span class='ocrx_word' id='word_1_349' title='bbox 80 3618 86 3628; x_wconf 89' lang='lat'><strong>.</strong></span> <span class='ocrx_word' id='word_1_350' title='bbox 169 3571 326 3654; x_wconf 77' lang='lat' dir='ltr'><strong>predixit,</strong></span> <span class='ocrx_word' id='word_1_351' title='bbox 343 3569 401 3646; x_wconf 87' lang='lat' dir='ltr'><strong>Qui</strong></span> <span class='ocrx_word' id='word_1_352' title='bbox 418 3567 519 3630; x_wconf 90' lang='lat' dir='ltr'><strong>credit</strong></span> <span class='ocrx_word' id='word_1_353' title='bbox 534 3567 566 3630; x_wconf 92' lang='lat' dir='ltr'><strong>in</strong></span> <span class='ocrx_word' id='word_1_354' title='bbox 584 3587 645 3641; x_wconf 88' lang='lat' dir='ltr'><strong>me,</strong></span> <span class='ocrx_word' id='word_1_355' title='bbox 661 3586 758 3649; x_wconf 91' lang='lat' dir='ltr'><strong>opera</strong></span> <span class='ocrx_word' id='word_1_356' title='bbox 772 3587 843 3649; x_wconf 83' lang='lat' dir='ltr'><strong>quae</strong></span> <span class='ocrx_word' id='word_1_357' title='bbox 858 3586 916 3650; x_wconf 81' lang='lat' dir='ltr'><strong>ego</strong></span> <span class='ocrx_word' id='word_1_358' title='bbox 1011 3567 1173 3641; x_wconf 83' lang='lat' dir='ltr'><strong>Praeterea,</strong></span> <span class='ocrx_word' id='word_1_359' title='bbox 1190 3565 1412 3648; x_wconf 92' lang='lat' dir='ltr'><strong>unusquisque</strong></span> <span class='ocrx_word' id='word_1_360' title='bbox 1428 3566 1533 3629; x_wconf 90' lang='lat' dir='ltr'><strong>fidelis</strong></span> <span class='ocrx_word' id='word_1_361' title='bbox 1550 3568 1645 3631; x_wconf 90' lang='lat' dir='ltr'><strong>debet</strong></span> <span class='ocrx_word' id='word_1_362' title='bbox 1660 3588 1718 3651; x_wconf 94' lang='lat' dir='ltr'><strong>pro</strong></span> 
     </span>
     <span class='ocr_line' id='line_1_33' title="bbox 25 3651 1716 3750; baseline -0.001 -18"><span class='ocrx_word' id='word_1_363' title='bbox 25 3651 45 3690; x_wconf 69' lang='lat'><strong>²·</strong></span> <span class='ocrx_word' id='word_1_364' title='bbox 167 3670 251 3732; x_wconf 87' lang='lat' dir='ltr'><strong>facio</strong></span> <span class='ocrx_word' id='word_1_365' title='bbox 274 3676 305 3732; x_wconf 90' lang='lat' dir='ltr'><strong>et</strong></span> <span class='ocrx_word' id='word_1_366' title='bbox 326 3669 394 3750; x_wconf 91' lang='lat' dir='ltr'><strong>ipse</strong></span> <span class='ocrx_word' id='word_1_367' title='bbox 418 3665 523 3739; x_wconf 88' lang='lat' dir='ltr'><strong>faciet,</strong></span> <span class='ocrx_word' id='word_1_368' title='bbox 540 3673 572 3727; x_wconf 93' lang='lat' dir='ltr'><strong>et</strong></span> <span class='ocrx_word' id='word_1_369' title='bbox 593 3664 713 3746; x_wconf 72' lang='lat' dir='ltr'><strong>maiora</strong></span> <span class='ocrx_word' id='word_1_370' title='bbox 734 3665 849 3728; x_wconf 91' lang='lat' dir='ltr'><strong>horum</strong></span> <span class='ocrx_word' id='word_1_371' title='bbox 873 3665 916 3728; x_wconf 89' lang='lat' dir='ltr'><strong>fa·</strong></span> <span class='ocrx_word' id='word_1_372' title='bbox 972 3685 1064 3748; x_wconf 90' lang='lat' dir='ltr'><strong>posse</strong></span> <span class='ocrx_word' id='word_1_373' title='bbox 1095 3684 1152 3729; x_wconf 91' lang='lat' dir='ltr'><strong>suo</strong></span> <span class='ocrx_word' id='word_1_374' title='bbox 1185 3665 1403 3729; x_wconf 92' lang='lat' dir='ltr'><strong>testimonium</strong></span> <span class='ocrx_word' id='word_1_375' title='bbox 1433 3665 1557 3729; x_wconf 91' lang='lat' dir='ltr'><strong>Christo</strong></span> <span class='ocrx_word' id='word_1_376' title='bbox 1588 3686 1624 3730; x_wconf 90' lang='lat' dir='ltr'><strong>ac</strong></span> <span class='ocrx_word' id='word_1_377' title='bbox 1656 3668 1716 3750; x_wconf 80' lang='lat' dir='ltr'><strong>legi</strong></span> 
     </span>
     <span class='ocr_line' id='line_1_34' title="bbox 168 3763 1716 3849; baseline 0 -20"><span class='ocrx_word' id='word_1_378' title='bbox 168 3769 242 3842; x_wconf 84' lang='lat' dir='ltr'><strong>ciet,</strong></span> <span class='ocrx_word' id='word_1_379' title='bbox 266 3767 342 3849; x_wconf 90' lang='lat' dir='ltr'><strong>quia</strong></span> <span class='ocrx_word' id='word_1_380' title='bbox 366 3782 424 3846; x_wconf 79' lang='lat' dir='ltr'><strong>ego</strong></span> <span class='ocrx_word' id='word_1_381' title='bbox 448 3763 486 3826; x_wconf 88' lang='lat' dir='ltr'><strong>ad</strong></span> <span class='ocrx_word' id='word_1_382' title='bbox 510 3764 634 3827; x_wconf 88' lang='lat' dir='ltr'><strong>Patrem</strong></span> <span class='ocrx_word' id='word_1_383' title='bbox 655 3763 755 3844; x_wconf 91' lang='lat' dir='ltr'><strong>vado;</strong></span> <span class='ocrx_word' id='word_1_384' title='bbox 778 3763 822 3826; x_wconf 90' lang='lat' dir='ltr'><strong>ita</strong></span> <span class='ocrx_word' id='word_1_385' title='bbox 846 3772 917 3846; x_wconf 94' lang='lat' dir='ltr'><strong>post</strong></span> <span class='ocrx_word' id='word_1_386' title='bbox 972 3764 1163 3846; x_wconf 80' lang='lat' dir='ltr'><strong>evangelicae</strong></span> <span class='ocrx_word' id='word_1_387' title='bbox 1195 3763 1375 3847; x_wconf 88' lang='lat' dir='ltr'><strong>perhibere,</strong></span> <span class='ocrx_word' id='word_1_388' title='bbox 1406 3765 1624 3828; x_wconf 91' lang='lat' dir='ltr'><strong>conversando</strong></span> <span class='ocrx_word' id='word_1_389' title='bbox 1652 3774 1716 3829; x_wconf 90' lang='lat' dir='ltr'><strong>tam</strong></span> 
     </span>
     <span class='ocr_line' id='line_1_35' title="bbox 166 3861 1718 3946; baseline -0.001 -19"><span class='ocrx_word' id='word_1_390' title='bbox 166 3863 434 3929; x_wconf 86' lang='lat' dir='ltr'><strong>resurrectionem</strong></span> <span class='ocrx_word' id='word_1_391' title='bbox 458 3879 548 3924; x_wconf 90' lang='lat' dir='ltr'><strong>suam</strong></span> <span class='ocrx_word' id='word_1_392' title='bbox 570 3861 726 3943; x_wconf 90' lang='lat' dir='ltr'><strong>implevit,</strong></span> <span class='ocrx_word' id='word_1_393' title='bbox 742 3861 817 3943; x_wconf 90' lang='lat' dir='ltr'><strong>quia</strong></span> <span class='ocrx_word' id='word_1_394' title='bbox 836 3862 916 3944; x_wconf 83' lang='lat' dir='ltr'><strong>Apo</strong></span> <span class='ocrx_word' id='word_1_395' title='bbox 971 3863 1111 3925; x_wconf 88' lang='lat' dir='ltr'><strong>virtuose</strong></span> <span class='ocrx_word' id='word_1_396' title='bbox 1128 3880 1234 3925; x_wconf 88' lang='lat' dir='ltr'><strong>coram</strong></span> <span class='ocrx_word' id='word_1_397' title='bbox 1254 3863 1328 3937; x_wconf 87' lang='lat' dir='ltr'><strong>Deo,</strong></span> <span class='ocrx_word' id='word_1_398' title='bbox 1345 3871 1474 3944; x_wconf 89' lang='lat' dir='ltr'><strong>tamque</strong></span> <span class='ocrx_word' id='word_1_399' title='bbox 1494 3865 1718 3946; x_wconf 81' lang='lat' dir='ltr'><strong>exemplariter</strong></span> 
     </span>
     <span class='ocr_line' id='line_1_36' title="bbox 166 3960 1718 4044; baseline 0 -18"><span class='ocrx_word' id='word_1_400' title='bbox 166 3964 241 4027; x_wconf 91' lang='lat' dir='ltr'><strong>stoli</strong></span> <span class='ocrx_word' id='word_1_401' title='bbox 256 3963 326 4044; x_wconf 86' lang='lat' dir='ltr'><strong>ejus</strong></span> <span class='ocrx_word' id='word_1_402' title='bbox 342 3961 462 4042; x_wconf 89' lang='lat' dir='ltr'><strong>majora</strong></span> <span class='ocrx_word' id='word_1_403' title='bbox 480 3960 626 4023; x_wconf 90' lang='lat' dir='ltr'><strong>fecerunt</strong></span> <span class='ocrx_word' id='word_1_404' title='bbox 646 3960 800 4023; x_wconf 91' lang='lat' dir='ltr'><strong>miracula</strong></span> <span class='ocrx_word' id='word_1_405' title='bbox 815 3961 847 4022; x_wconf 94' lang='lat' dir='ltr'><strong>in</strong></span> <span class='ocrx_word' id='word_1_406' title='bbox 863 3980 917 4025; x_wconf 92' lang='lat' dir='ltr'><strong>no·</strong></span> <span class='ocrx_word' id='word_1_407' title='bbox 971 3978 1076 4024; x_wconf 88' lang='lat' dir='ltr'><strong>coram</strong></span> <span class='ocrx_word' id='word_1_408' title='bbox 1093 3960 1290 4036; x_wconf 88' lang='lat' dir='ltr'><strong>hominibus,</strong></span> <span class='ocrx_word' id='word_1_409' title='bbox 1307 3961 1366 4024; x_wconf 93' lang='lat' dir='ltr'><strong>hoc</strong></span> <span class='ocrx_word' id='word_1_410' title='bbox 1382 3969 1431 4024; x_wconf 89' lang='lat' dir='ltr'><strong>est</strong></span> <span class='ocrx_word' id='word_1_411' title='bbox 1445 3968 1508 4024; x_wconf 92' lang='lat' dir='ltr'><strong>tam</strong></span> <span class='ocrx_word' id='word_1_412' title='bbox 1525 3963 1670 4026; x_wconf 91' lang='lat' dir='ltr'><strong>timorate</strong></span> <span class='ocrx_word' id='word_1_413' title='bbox 1686 3972 1718 4026; x_wconf 88' lang='lat' dir='ltr'><strong>et</strong></span> 
     </span>
     <span class='ocr_line' id='line_1_37' title="bbox 167 4057 1715 4143; baseline 0.001 -19"><span class='ocrx_word' id='word_1_414' title='bbox 167 4062 255 4124; x_wconf 89' lang='lat' dir='ltr'><strong>mine</strong></span> <span class='ocrx_word' id='word_1_415' title='bbox 276 4060 347 4141; x_wconf 87' lang='lat' dir='ltr'><strong>ejus</strong></span> <span class='ocrx_word' id='word_1_416' title='bbox 369 4077 465 4141; x_wconf 91' lang='lat' dir='ltr'><strong>quam</strong></span> <span class='ocrx_word' id='word_1_417' title='bbox 488 4058 566 4142; x_wconf 90' lang='lat' dir='ltr'><strong>ipse.</strong></span> <span class='ocrx_word' id='word_1_418' title='bbox 585 4059 629 4120; x_wconf 80' lang='lat' dir='ltr'><strong>lle</strong></span> <span class='ocrx_word' id='word_1_419' title='bbox 651 4057 776 4122; x_wconf 90' lang='lat' dir='ltr'><strong>Christo</strong></span> <span class='ocrx_word' id='word_1_420' title='bbox 795 4059 915 4122; x_wconf 88' lang='lat' dir='ltr'><strong>etenim</strong></span> <span class='ocrx_word' id='word_1_421' title='bbox 969 4061 1065 4141; x_wconf 85' lang='lat' dir='ltr'><strong>juste,</strong></span> <span class='ocrx_word' id='word_1_422' title='bbox 1092 4068 1156 4122; x_wconf 94' lang='lat' dir='ltr'><strong>tam</strong></span> <span class='ocrx_word' id='word_1_423' title='bbox 1181 4058 1357 4134; x_wconf 91' lang='lat' dir='ltr'><strong>humiliter,</strong></span> <span class='ocrx_word' id='word_1_424' title='bbox 1385 4061 1541 4143; x_wconf 86' lang='lat' dir='ltr'><strong>patienter</strong></span> <span class='ocrx_word' id='word_1_425' title='bbox 1564 4069 1596 4124; x_wconf 86' lang='lat' dir='ltr'><strong>et</strong></span> <span class='ocrx_word' id='word_1_426' title='bbox 1620 4071 1715 4137; x_wconf 89' lang='lat' dir='ltr'><strong>caste,</strong></span> 
     </span>
     <span class='ocr_line' id='line_1_38' title="bbox 167 4156 1718 4244; baseline 0.001 -22"><span class='ocrx_word' id='word_1_427' title='bbox 167 4160 294 4241; x_wconf 81' lang='lat' dir='ltr'><strong>legitur,</strong></span> <span class='ocrx_word' id='word_1_428' title='bbox 319 4159 404 4241; x_wconf 95' lang='lat' dir='ltr'><strong>quod</strong></span> <span class='ocrx_word' id='word_1_429' title='bbox 429 4164 493 4220; x_wconf 88' lang='lat' dir='ltr'><strong>tres</strong></span> <span class='ocrx_word' id='word_1_430' title='bbox 519 4163 660 4220; x_wconf 89' lang='lat' dir='ltr'><strong>mortuos</strong></span> <span class='ocrx_word' id='word_1_431' title='bbox 684 4156 860 4232; x_wconf 84' lang='lat' dir='ltr'><strong>suscitavit,</strong></span> <span class='ocrx_word' id='word_1_432' title='bbox 884 4165 917 4220; x_wconf 90' lang='lat' dir='ltr'><strong>et</strong></span> <span class='ocrx_word' id='word_1_433' title='bbox 971 4166 1034 4220; x_wconf 93' lang='lat' dir='ltr'><strong>tam</strong></span> <span class='ocrx_word' id='word_1_434' title='bbox 1051 4157 1213 4220; x_wconf 85' lang='lat' dir='ltr'><strong>caritative</strong></span> <span class='ocrx_word' id='word_1_435' title='bbox 1228 4166 1260 4220; x_wconf 91' lang='lat' dir='ltr'><strong>et</strong></span> <span class='ocrx_word' id='word_1_436' title='bbox 1272 4158 1332 4240; x_wconf 90' lang='lat' dir='ltr'><strong>pie,</strong></span> <span class='ocrx_word' id='word_1_437' title='bbox 1342 4167 1376 4220; x_wconf 88' lang='lat' dir='ltr'><strong>ut</strong></span> <span class='ocrx_word' id='word_1_438' title='bbox 1391 4160 1587 4244; x_wconf 87' lang='lat' dir='ltr'><strong>quicumque</strong></span> <span class='ocrx_word' id='word_1_439' title='bbox 1601 4160 1718 4224; x_wconf 91' lang='lat' dir='ltr'><strong>viderit</strong></span> 
     </span>
     <span class='ocr_line' id='line_1_39' title="bbox 167 4255 1715 4342; baseline 0.003 -22"><span class='ocrx_word' id='word_1_440' title='bbox 167 4259 252 4342; x_wconf 93' lang='lat' dir='ltr'><strong>quod</strong></span> <span class='ocrx_word' id='word_1_441' title='bbox 274 4275 385 4321; x_wconf 92' lang='lat' dir='ltr'><strong>omnes</strong></span> <span class='ocrx_word' id='word_1_442' title='bbox 407 4255 530 4318; x_wconf 92' lang='lat' dir='ltr'><strong>infirmi</strong></span> <span class='ocrx_word' id='word_1_443' title='bbox 556 4255 611 4337; x_wconf 93' lang='lat' dir='ltr'><strong>qui</strong></span> <span class='ocrx_word' id='word_1_444' title='bbox 636 4255 799 4318; x_wconf 84' lang='lat' dir='ltr'><strong>fimbriam</strong></span> <span class='ocrx_word' id='word_1_445' title='bbox 821 4257 915 4319; x_wconf 92' lang='lat' dir='ltr'><strong>vesti·</strong></span> <span class='ocrx_word' id='word_1_446' title='bbox 930 4256 955 4320; x_wconf 88' lang='lat' dir='ltr'>D</span> <span class='ocrx_word' id='word_1_447' title='bbox 970 4258 1243 4320; x_wconf 86' lang='lat' dir='ltr'><strong>conversationem</strong></span> <span class='ocrx_word' id='word_1_448' title='bbox 1267 4257 1379 4339; x_wconf 91' lang='lat' dir='ltr'><strong>ipsius,</strong></span> <span class='ocrx_word' id='word_1_449' title='bbox 1400 4267 1529 4340; x_wconf 78' lang='lat' dir='ltr'><strong>cogatur</strong></span> <span class='ocrx_word' id='word_1_450' title='bbox 1548 4260 1640 4324; x_wconf 91' lang='lat' dir='ltr'><strong>fateri</strong></span> <span class='ocrx_word' id='word_1_451' title='bbox 1663 4261 1715 4325; x_wconf 94' lang='lat' dir='ltr'><strong>ho·</strong></span> 
     </span>
     <span class='ocr_line' id='line_1_40' title="bbox 167 4353 1715 4442; baseline 0.003 -22"><span class='ocrx_word' id='word_1_452' title='bbox 167 4357 268 4422; x_wconf 90' lang='lat' dir='ltr'><strong>menti</strong></span> <span class='ocrx_word' id='word_1_453' title='bbox 283 4356 353 4437; x_wconf 87' lang='lat' dir='ltr'><strong>ejus</strong></span> <span class='ocrx_word' id='word_1_454' title='bbox 368 4353 696 4436; x_wconf 80' lang='lat' dir='ltr'><strong>tangebantplenarie</strong></span> <span class='ocrx_word' id='word_1_455' title='bbox 711 4353 911 4418; x_wconf 89' lang='lat' dir='ltr'><strong>sanabantur.</strong></span> <span class='ocrx_word' id='word_1_456' title='bbox 971 4375 1045 4418; x_wconf 91' lang='lat' dir='ltr'><strong>nam</strong></span> <span class='ocrx_word' id='word_1_457' title='bbox 1070 4364 1101 4418; x_wconf 92' lang='lat' dir='ltr'><strong>et</strong></span> <span class='ocrx_word' id='word_1_458' title='bbox 1124 4363 1265 4418; x_wconf 88' lang='lat' dir='ltr'><strong>sanctam</strong></span> <span class='ocrx_word' id='word_1_459' title='bbox 1296 4375 1366 4420; x_wconf 90' lang='lat' dir='ltr'><strong>esse</strong></span> <span class='ocrx_word' id='word_1_460' title='bbox 1396 4357 1497 4439; x_wconf 81' lang='lat' dir='ltr'><strong>legem</strong></span> <span class='ocrx_word' id='word_1_461' title='bbox 1525 4378 1596 4442; x_wconf 78' lang='lat' dir='ltr'><strong>quaa</strong></span> <span class='ocrx_word' id='word_1_462' title='bbox 1621 4361 1715 4424; x_wconf 89' lang='lat' dir='ltr'><strong>talem</strong></span> 
     </span>
     <span class='ocr_line' id='line_1_41' title="bbox 165 4452 1716 4540; baseline 0.002 -20"><span class='ocrx_word' id='word_1_463' title='bbox 165 4457 302 4520; x_wconf 84' lang='lat' dir='ltr'><strong>loannes</strong></span> <span class='ocrx_word' id='word_1_464' title='bbox 317 4461 424 4517; x_wconf 87' lang='lat' dir='ltr'><strong>autern</strong></span> <span class='ocrx_word' id='word_1_465' title='bbox 443 4452 606 4536; x_wconf 86' lang='lat' dir='ltr'><strong>apostolus</strong></span> <span class='ocrx_word' id='word_1_466' title='bbox 621 4460 757 4536; x_wconf 89' lang='lat' dir='ltr'><strong>quatuor</strong></span> <span class='ocrx_word' id='word_1_467' title='bbox 772 4461 913 4518; x_wconf 88' lang='lat' dir='ltr'><strong>mortuos</strong></span> <span class='ocrx_word' id='word_1_468' title='bbox 971 4453 1115 4538; x_wconf 77' lang='lat' dir='ltr'><strong>precipit</strong></span> <span class='ocrx_word' id='word_1_469' title='bbox 1135 4455 1243 4516; x_wconf 92' lang='lat' dir='ltr'><strong>vitam.</strong></span> <span class='ocrx_word' id='word_1_470' title='bbox 1262 4455 1350 4518; x_wconf 89' lang='lat' dir='ltr'><strong>Unde</strong></span> <span class='ocrx_word' id='word_1_471' title='bbox 1372 4455 1403 4517; x_wconf 93' lang='lat' dir='ltr'><strong>in</strong></span> <span class='ocrx_word' id='word_1_472' title='bbox 1427 4456 1589 4540; x_wconf 91' lang='lat' dir='ltr'><strong>primitiva</strong></span> <span class='ocrx_word' id='word_1_473' title='bbox 1610 4459 1716 4523; x_wconf 80' lang='lat' dir='ltr'><strong>Eccle-</strong></span> 
     </span>
     <span class='ocr_line' id='line_1_42' title="bbox 166 4551 1715 4634; baseline 0.004 -17"><span class='ocrx_word' id='word_1_474' title='bbox 166 4552 342 4628; x_wconf 89' lang='lat' dir='ltr'><strong>suscitavit‚</strong></span> <span class='ocrx_word' id='word_1_475' title='bbox 369 4569 506 4634; x_wconf 89' lang='lat' dir='ltr'><strong>quorum</strong></span> <span class='ocrx_word' id='word_1_476' title='bbox 530 4552 594 4614; x_wconf 91' lang='lat' dir='ltr'><strong>duo</strong></span> <span class='ocrx_word' id='word_1_477' title='bbox 618 4551 759 4614; x_wconf 89' lang='lat' dir='ltr'><strong>suscitati</strong></span> <span class='ocrx_word' id='word_1_478' title='bbox 785 4551 914 4615; x_wconf 92' lang='lat' dir='ltr'><strong>fuerunt</strong></span> <span class='ocrx_word' id='word_1_479' title='bbox 970 4553 1027 4627; x_wconf 88' lang='lat' dir='ltr'><strong>sia,</strong></span> <span class='ocrx_word' id='word_1_480' title='bbox 1047 4553 1139 4615; x_wconf 92' lang='lat' dir='ltr'><strong>multi</strong></span> <span class='ocrx_word' id='word_1_481' title='bbox 1155 4553 1325 4634; x_wconf 80' lang='lat' dir='ltr'><strong>gentilium</strong></span> <span class='ocrx_word' id='word_1_482' title='bbox 1345 4553 1475 4618; x_wconf 91' lang='lat' dir='ltr'><strong>fuerunt</strong></span> <span class='ocrx_word' id='word_1_483' title='bbox 1495 4557 1535 4618; x_wconf 92' lang='lat' dir='ltr'><strong>ad</strong></span> <span class='ocrx_word' id='word_1_484' title='bbox 1556 4558 1715 4622; x_wconf 88' lang='lat' dir='ltr'><strong>Christum</strong></span> 
     </span>
     <span class='ocr_line' id='line_1_43' title="bbox 166 4650 1717 4737; baseline 0.005 -22"><span class='ocrx_word' id='word_1_485' title='bbox 166 4672 224 4737; x_wconf 91' lang='lat' dir='ltr'><strong>per</strong></span> <span class='ocrx_word' id='word_1_486' title='bbox 244 4653 304 4715; x_wconf 90' lang='lat' dir='ltr'><strong>hoo</strong></span> <span class='ocrx_word' id='word_1_487' title='bbox 324 4652 409 4734; x_wconf 91' lang='lat' dir='ltr'><strong>quod</strong></span> <span class='ocrx_word' id='word_1_488' title='bbox 429 4651 537 4714; x_wconf 89' lang='lat' dir='ltr'><strong>tunica</strong></span> <span class='ocrx_word' id='word_1_489' title='bbox 555 4651 584 4714; x_wconf 91' lang='lat' dir='ltr'><strong>S.</strong></span> <span class='ocrx_word' id='word_1_490' title='bbox 601 4650 729 4713; x_wconf 81' lang='lat' dir='ltr'><strong>loannis</strong></span> <span class='ocrx_word' id='word_1_491' title='bbox 749 4670 845 4732; x_wconf 90' lang='lat' dir='ltr'><strong>super</strong></span> <span class='ocrx_word' id='word_1_492' title='bbox 860 4669 913 4714; x_wconf 90' lang='lat' dir='ltr'><strong>eos</strong></span> <span class='ocrx_word' id='word_1_493' title='bbox 970 4653 1115 4714; x_wconf 89' lang='lat' dir='ltr'><strong>conversi</strong></span> <span class='ocrx_word' id='word_1_494' title='bbox 1146 4670 1185 4714; x_wconf 89' lang='lat' dir='ltr'><strong>ex</strong></span> <span class='ocrx_word' id='word_1_495' title='bbox 1216 4652 1468 4717; x_wconf 87' lang='lat' dir='ltr'><strong>consideratione</strong></span> <span class='ocrx_word' id='word_1_496' title='bbox 1499 4656 1648 4722; x_wconf 79' lang='lat' dir='ltr'><strong>virtuosa</strong></span> <span class='ocrx_word' id='word_1_497' title='bbox 1680 4678 1717 4722; x_wconf 88' lang='lat' dir='ltr'><strong>ac</strong></span> 
     </span>
     <span class='ocr_line' id='line_1_44' title="bbox 166 4749 1715 4835; baseline 0.004 -20"><span class='ocrx_word' id='word_1_498' title='bbox 166 4751 269 4835; x_wconf 89' lang='lat' dir='ltr'><strong>posita</strong></span> <span class='ocrx_word' id='word_1_499' title='bbox 284 4750 353 4814; x_wconf 91' lang='lat' dir='ltr'><strong>fuit.</strong></span> <span class='ocrx_word' id='word_1_500' title='bbox 363 4751 401 4814; x_wconf 86' lang='lat' dir='ltr'><strong>Et</strong></span> <span class='ocrx_word' id='word_1_501' title='bbox 415 4751 454 4813; x_wconf 90' lang='lat' dir='ltr'><strong>de</strong></span> <span class='ocrx_word' id='word_1_502' title='bbox 468 4749 653 4813; x_wconf 88' lang='lat' dir='ltr'><strong>beatissimo</strong></span> <span class='ocrx_word' id='word_1_503' title='bbox 667 4750 758 4813; x_wconf 90' lang='lat' dir='ltr'><strong>Petro</strong></span> <span class='ocrx_word' id='word_1_504' title='bbox 771 4749 914 4832; x_wconf 91' lang='lat' dir='ltr'><strong>apostolo</strong></span> <span class='ocrx_word' id='word_1_505' title='bbox 970 4749 1122 4833; x_wconf 76' lang='lat' dir='ltr'><strong>piissime</strong></span> <span class='ocrx_word' id='word_1_506' title='bbox 1152 4750 1224 4814; x_wconf 78' lang='lat' dir='ltr'><strong>vita</strong></span> <span class='ocrx_word' id='word_1_507' title='bbox 1253 4751 1513 4816; x_wconf 88' lang='lat' dir='ltr'><strong>Christianorum.</strong></span> <span class='ocrx_word' id='word_1_508' title='bbox 1544 4757 1715 4832; x_wconf 85' lang='lat' dir='ltr'><strong>Postremo,</strong></span> 
     </span>
     <span class='ocr_line' id='line_1_45' title="bbox 165 4849 1717 4938; baseline 0.005 -26"><span class='ocrx_word' id='word_1_509' title='bbox 165 4849 293 4932; x_wconf 81' lang='lat' dir='ltr'><strong>legitur,</strong></span> <span class='ocrx_word' id='word_1_510' title='bbox 310 4849 394 4932; x_wconf 93' lang='lat' dir='ltr'><strong>quod</strong></span> <span class='ocrx_word' id='word_1_511' title='bbox 410 4868 507 4931; x_wconf 88' lang='lat' dir='ltr'><strong>super</strong></span> <span class='ocrx_word' id='word_1_512' title='bbox 522 4865 601 4931; x_wconf 92' lang='lat' dir='ltr'><strong>quos</strong></span> <span class='ocrx_word' id='word_1_513' title='bbox 617 4849 704 4912; x_wconf 89' lang='lat' dir='ltr'><strong>venit</strong></span> <span class='ocrx_word' id='word_1_514' title='bbox 719 4849 832 4911; x_wconf 91' lang='lat' dir='ltr'><strong>umbra</strong></span> <span class='ocrx_word' id='word_1_515' title='bbox 847 4867 915 4912; x_wconf 92' lang='lat' dir='ltr'><strong>cor·</strong></span> <span class='ocrx_word' id='word_1_516' title='bbox 967 4849 1058 4930; x_wconf 85' lang='lat' dir='ltr'><strong>juxta</strong></span> <span class='ocrx_word' id='word_1_517' title='bbox 1074 4867 1255 4911; x_wconf 90' lang='lat' dir='ltr'><strong>mensuram</strong></span> <span class='ocrx_word' id='word_1_518' title='bbox 1271 4857 1303 4912; x_wconf 93' lang='lat' dir='ltr'><strong>et</strong></span> <span class='ocrx_word' id='word_1_519' title='bbox 1317 4850 1525 4914; x_wconf 87' lang='lat' dir='ltr'><strong>eminentiam</strong></span> <span class='ocrx_word' id='word_1_520' title='bbox 1541 4854 1717 4938; x_wconf 91' lang='lat' dir='ltr'><strong>incompre-</strong></span> 
     </span>
     <span class='ocr_line' id='line_1_46' title="bbox 164 4947 1716 5032; baseline 0.005 -22"><span class='ocrx_word' id='word_1_521' title='bbox 164 4949 252 5032; x_wconf 91' lang='lat' dir='ltr'><strong>poris</strong></span> <span class='ocrx_word' id='word_1_522' title='bbox 268 4949 329 5023; x_wconf 90' lang='lat' dir='ltr'><strong>sui,</strong></span> <span class='ocrx_word' id='word_1_523' title='bbox 342 4966 414 5011; x_wconf 85' lang='lat' dir='ltr'><strong>mox</strong></span> <span class='ocrx_word' id='word_1_524' title='bbox 430 4947 632 5010; x_wconf 91' lang='lat' dir='ltr'><strong>curabantur.</strong></span> <span class='ocrx_word' id='word_1_525' title='bbox 645 4947 708 5010; x_wconf 93' lang='lat' dir='ltr'><strong>Nec</strong></span> <span class='ocrx_word' id='word_1_526' title='bbox 724 4955 827 5031; x_wconf 88' lang='lat' dir='ltr'><strong>potest</strong></span> <span class='ocrx_word' id='word_1_527' title='bbox 841 4948 914 5030; x_wconf 92' lang='lat' dir='ltr'><strong>quis</strong></span> <span class='ocrx_word' id='word_1_528' title='bbox 969 4947 1196 5011; x_wconf 89' lang='lat' dir='ltr'><strong>hensibilitatis</strong></span> <span class='ocrx_word' id='word_1_529' title='bbox 1216 4947 1292 5010; x_wconf 90' lang='lat' dir='ltr'><strong>fidei</strong></span> <span class='ocrx_word' id='word_1_530' title='bbox 1313 4949 1504 5026; x_wconf 79' lang='lat' dir='ltr'><strong>christiana,</strong></span> <span class='ocrx_word' id='word_1_531' title='bbox 1521 4952 1580 5016; x_wconf 91' lang='lat' dir='ltr'><strong>hoc</strong></span> <span class='ocrx_word' id='word_1_532' title='bbox 1600 4962 1648 5016; x_wconf 90' lang='lat' dir='ltr'><strong>est</strong></span> <span class='ocrx_word' id='word_1_533' title='bbox 1667 4975 1716 5018; x_wconf 92' lang='lat' dir='ltr'><strong>eo·</strong></span> 
     </span>
     <span class='ocr_line' id='line_1_47' title="bbox 165 5045 1717 5136; baseline 0.003 -25"><span class='ocrx_word' id='word_1_534' title='bbox 165 5047 290 5130; x_wconf 89' lang='lat' dir='ltr'><strong>opinari</strong></span> <span class='ocrx_word' id='word_1_535' title='bbox 307 5048 391 5129; x_wconf 94' lang='lat' dir='ltr'><strong>quod</strong></span> <span class='ocrx_word' id='word_1_536' title='bbox 413 5047 473 5108; x_wconf 92' lang='lat' dir='ltr'><strong>ista</strong></span> <span class='ocrx_word' id='word_1_537' title='bbox 491 5053 522 5108; x_wconf 87' lang='lat' dir='ltr'><strong>et</strong></span> <span class='ocrx_word' id='word_1_538' title='bbox 542 5045 660 5108; x_wconf 92' lang='lat' dir='ltr'><strong>similia</strong></span> <span class='ocrx_word' id='word_1_539' title='bbox 679 5046 833 5109; x_wconf 90' lang='lat' dir='ltr'><strong>miracula</strong></span> <span class='ocrx_word' id='word_1_540' title='bbox 850 5065 914 5110; x_wconf 92' lang='lat' dir='ltr'><strong>non</strong></span> <span class='ocrx_word' id='word_1_541' title='bbox 970 5067 1041 5110; x_wconf 92' lang='lat' dir='ltr'><strong>rum</strong></span> <span class='ocrx_word' id='word_1_542' title='bbox 1061 5066 1132 5128; x_wconf 85' lang='lat' dir='ltr'><strong>quae</strong></span> <span class='ocrx_word' id='word_1_543' title='bbox 1155 5045 1326 5120; x_wconf 89' lang='lat' dir='ltr'><strong>credimus,</strong></span> <span class='ocrx_word' id='word_1_544' title='bbox 1343 5047 1389 5110; x_wconf 93' lang='lat' dir='ltr'><strong>sic</strong></span> <span class='ocrx_word' id='word_1_545' title='bbox 1411 5049 1492 5112; x_wconf 88' lang='lat' dir='ltr'><strong>Deus</strong></span> <span class='ocrx_word' id='word_1_546' title='bbox 1515 5054 1717 5136; x_wconf 90' lang='lat' dir='ltr'><strong>supercopio-</strong></span> 
     </span>
     <span class='ocr_line' id='line_1_48' title="bbox 166 5144 1715 5228; baseline 0.004 -20"><span class='ocrx_word' id='word_1_547' title='bbox 166 5147 231 5208; x_wconf 90' lang='lat' dir='ltr'><strong>sint</strong></span> <span class='ocrx_word' id='word_1_548' title='bbox 246 5144 329 5208; x_wconf 89' lang='lat' dir='ltr'><strong>facta</strong></span> <span class='ocrx_word' id='word_1_549' title='bbox 346 5162 352 5206; x_wconf 93' lang='lat'><strong>:</strong></span> <span class='ocrx_word' id='word_1_550' title='bbox 370 5145 530 5228; x_wconf 92' lang='lat' dir='ltr'><strong>quomodo</strong></span> <span class='ocrx_word' id='word_1_551' title='bbox 545 5145 631 5207; x_wconf 90' lang='lat' dir='ltr'><strong>enim</strong></span> <span class='ocrx_word' id='word_1_552' title='bbox 648 5145 740 5208; x_wconf 90' lang='lat' dir='ltr'><strong>aliter</strong></span> <span class='ocrx_word' id='word_1_553' title='bbox 760 5145 915 5227; x_wconf 86' lang='lat' dir='ltr'><strong>potuisset</strong></span> <span class='ocrx_word' id='word_1_554' title='bbox 969 5147 1107 5219; x_wconf 87' lang='lat' dir='ltr'><strong>sissimo,</strong></span> <span class='ocrx_word' id='word_1_555' title='bbox 1120 5145 1296 5208; x_wconf 89' lang='lat' dir='ltr'><strong>clarissime</strong></span> <span class='ocrx_word' id='word_1_556' title='bbox 1311 5153 1343 5208; x_wconf 90' lang='lat' dir='ltr'><strong>et</strong></span> <span class='ocrx_word' id='word_1_557' title='bbox 1357 5147 1610 5213; x_wconf 88' lang='lat' dir='ltr'><strong>eminentissime</strong></span> <span class='ocrx_word' id='word_1_558' title='bbox 1625 5151 1715 5214; x_wconf 88' lang='lat' dir='ltr'><strong>robo-</strong></span> 
     </span>
     <span class='ocr_line' id='line_1_49' title="bbox 165 5242 1716 5330; baseline 0.003 -24"><span class='ocrx_word' id='word_1_559' title='bbox 165 5251 252 5307; x_wconf 89' lang='lat' dir='ltr'><strong>totus</strong></span> <span class='ocrx_word' id='word_1_560' title='bbox 266 5243 404 5306; x_wconf 90' lang='lat' dir='ltr'><strong>mundus</strong></span> <span class='ocrx_word' id='word_1_561' title='bbox 419 5243 458 5305; x_wconf 94' lang='lat' dir='ltr'><strong>ad</strong></span> <span class='ocrx_word' id='word_1_562' title='bbox 473 5251 538 5304; x_wconf 89' lang='lat' dir='ltr'><strong>tam</strong></span> <span class='ocrx_word' id='word_1_563' title='bbox 555 5242 913 5324; x_wconf 89' lang='lat' dir='ltr'><strong>incomprehensibilem</strong></span> <span class='ocrx_word' id='word_1_564' title='bbox 970 5243 1051 5305; x_wconf 91' lang='lat' dir='ltr'><strong>ravit</strong></span> <span class='ocrx_word' id='word_1_565' title='bbox 1065 5252 1097 5306; x_wconf 90' lang='lat' dir='ltr'><strong>et</strong></span> <span class='ocrx_word' id='word_1_566' title='bbox 1111 5243 1299 5326; x_wconf 90' lang='lat' dir='ltr'><strong>approbavit</strong></span> <span class='ocrx_word' id='word_1_567' title='bbox 1317 5244 1398 5306; x_wconf 92' lang='lat' dir='ltr'><strong>banc</strong></span> <span class='ocrx_word' id='word_1_568' title='bbox 1418 5245 1526 5310; x_wconf 93' lang='lat' dir='ltr'><strong>fidem.</strong></span> <span class='ocrx_word' id='word_1_569' title='bbox 1546 5248 1583 5309; x_wconf 87' lang='lat' dir='ltr'><strong>Et</strong></span> <span class='ocrx_word' id='word_1_570' title='bbox 1597 5257 1716 5330; x_wconf 91' lang='lat' dir='ltr'><strong>quanto</strong></span> 
     </span>
     <span class='ocr_line' id='line_1_50' title="bbox 165 5340 1717 5428; baseline 0.003 -23"><span class='ocrx_word' id='word_1_571' title='bbox 165 5341 267 5406; x_wconf 89' lang='lat' dir='ltr'><strong>fidam</strong></span> <span class='ocrx_word' id='word_1_572' title='bbox 297 5359 334 5404; x_wconf 92' lang='lat' dir='ltr'><strong>ac</strong></span> <span class='ocrx_word' id='word_1_573' title='bbox 364 5340 586 5404; x_wconf 89' lang='lat' dir='ltr'><strong>arduissimam</strong></span> <span class='ocrx_word' id='word_1_574' title='bbox 617 5341 718 5422; x_wconf 79' lang='lat' dir='ltr'><strong>legem</strong></span> <span class='ocrx_word' id='word_1_575' title='bbox 748 5344 913 5405; x_wconf 82' lang='lat' dir='ltr'><strong>convertit</strong></span> <span class='ocrx_word' id='word_1_576' title='bbox 970 5342 1130 5425; x_wconf 90' lang='lat' dir='ltr'><strong>copiosius</strong></span> <span class='ocrx_word' id='word_1_577' title='bbox 1150 5343 1227 5404; x_wconf 87' lang='lat' dir='ltr'><strong>fecit</strong></span> <span class='ocrx_word' id='word_1_578' title='bbox 1247 5343 1318 5418; x_wconf 90' lang='lat' dir='ltr'><strong>hoc,</strong></span> <span class='ocrx_word' id='word_1_579' title='bbox 1335 5351 1422 5407; x_wconf 87' lang='lat' dir='ltr'><strong>tanto</strong></span> <span class='ocrx_word' id='word_1_580' title='bbox 1436 5347 1607 5410; x_wconf 88' lang='lat' dir='ltr'><strong>virtuosius</strong></span> <span class='ocrx_word' id='word_1_581' title='bbox 1626 5347 1717 5428; x_wconf 85' lang='lat' dir='ltr'><strong>juxta</strong></span> 
     </span>
    </p>
   </div>
   <div class='ocr_carea' id='block_1_6' title="bbox 0 0 2148 6262">
    <p class='ocr_par' dir='ltr' id='par_1_8' title="bbox 0 0 2148 6262">
     <span class='ocr_line' id='line_1_51' title="bbox 0 0 2148 6262; baseline 0 0"><span class='ocrx_word' id='word_1_582' title='bbox 0 0 2148 6262; x_wconf 95' lang='lat' dir='ltr'><strong> </strong></span> 
     </span>
    </p>
   </div>
  </div>
 </body>
</html>
