4214 6254
506 529 653 578 nourmcs
675 529 697 576 ιι
717 529 792 577 rosr
812 527 1007 576 ιιιιιιιτιτιιι.
1027 545 1067 558 -
1088 527 1187 576 senno
1208 529 1318 576 rnruns
1630 494 1691 574 tlt

140 721 194 768 mo
216 702 324 778 babet,
352 709 386 766 nt
409 703 550 766 animam
579 721 670 766 suam
694 710 792 786 ponat
816 701 930 785 quisti
987 703 1052 773 Qui
1073 701 1226 764 labuerit
1245 701 1461 763 substantiam
1479 699 1580 778 liujus
1598 719 1694 761 mura-

139 821 198 886 pro
216 801 331 866 amicis
350 802 428 866 suis.
444 803 489 864 lit
505 821 563 862 raes
577 803 727 863 debenus
741 820 805 879 pro
819 804 891 880 fra»
945 805 995 873 di,
1011 801 1043 864 id
1061 808 1110 864 est
1123 799 1312 882 temporalia
1331 799 1426 874 bona,
1441 809 1471 861 et
1486 799 1609 860 viderit
1622 800 1693 874 sra-

140 903 248 964 tribus
261 903 391 962 animas
401 919 535 978 ponere,
551 902 612 964 lroc
633 907 681 964 cst
701 919 759 983 pro
778 919 889 964 eorum
947 909 1029 960 trem
1044 919 1140 962 scum
1156 918 1278 960 necesse
1292 899 1421 969 labere,
1438 899 1469 960 id
1490 904 1538 960 est
1553 903 1695 960 extreme
1813 909 1828 925 ·

139 1000 243 1064 salute
266 1000 366 1063 vitam
396 1007 538 1063 nostram
567 999 766 1082 corporalem
795 999 889 1063 morti
946 1017 1002 1062 seu
1018 997 1203 1062 notabiliter
1218 997 1411 1078 indigereet
1426 997 1584 1057 clauserit
1599 997 1695 1056 cisce-

139 1116 312 1182 expcnem,
328 1099 506 1162 secundum
526 1099 611 1181 quod
633 1099 710 1162 ordo
729 1097 828 1179 exigit
842 1116 892 1160 ca·
947 1118 986 1158 rc
1000 1118 1060 1158 suc
1074 1099 1115 1158 ab
1129 1117 1176 1166 eo,
1194 1095 1225 1158 id
1243 1103 1303 1170 est,
1320 1095 1448 1179 pietatis
1466 1094 1621 1158 affectum
1638 1093 1697 1156 cir-

138 1197 252 1260 ritatis.
275 1197 439 1279 Siquidem
466 1197 571 1280 primo
594 1203 627 1260 et
651 1195 789 1260 maxime
813 1195 892 1260 obli·
946 1213 983 1257 ca
998 1194 1089 1257 illum
1106 1211 1170 1258 non
1186 1193 1463 1267 demonstraverit,
1481 1191 1697 1275 impendendo

138 1314 253 1378 gamm
276 1296 378 1359 ὓειιιιι
402 1295 547 1379 diligere,
570 1295 687 1358 deinde
710 1311 768 1358 nos
793 1295 890 1378 ipsos,
946 1293 976 1356 ei
991 1293 1132 1356 caritatis
1147 1299 1180 1356 et
1195 1291 1426 1374 compassionis
1441 1291 1606 1365 effectum,
1623 1311 1698 1370 que

138 1395 235 1458 tertio
254 1395 428 1477 proximos,
445 1401 559 1477 quarto
577 1393 745 1477 proprium
763 1409 890 1476 corpus,
946 1395 1039 1454 modo
1057 1393 1180 1452 caritas
1198 1392 1262 1454 Dei
1279 1399 1389 1451 manet
1408 1393 1446 1450 ira
1465 1391 1525 1450 eof
1539 1389 1632 1470 quasi
1652 1388 1698 1451 di·

138 1495 183 1557 ita
197 1500 234 1556 ut
249 1494 323 1576 plus
337 1493 490 1577 diligatur
503 1493 611 1556 anima
625 1491 776 1576 proximi,
792 1510 891 1573 quan·
947 1497 997 1554 cat
1017 1508 1024 1552 ι
1044 1489 1113 1554 Νοιι
1135 1497 1243 1552 manet
1266 1507 1325 1550 nec
1348 1496 1396 1550 est
1417 1487 1450 1552 in
1473 1487 1604 1551 bomine
1626 1485 1695 1561 tali,

136 1591 290 1656 tumlibet
303 1590 586 1674 adversarii‚quam
602 1589 765 1674 proprium
778 1606 892 1673 corpus
947 1589 1023 1672 quia
1034 1587 1178 1651 divinum
1194 1587 1377 1651 mandatum
1393 1585 1695 1667 transgreditur,nec

138 1691 380 1774 corporalisque
395 1692 469 1754 vita.
487 1690 620 1764 idcirco,
637 1689 665 1752 si
685 1689 757 1772 quis
776 1688 892 1751 viderit
947 1706 1021 1752 vere
1043 1685 1148 1768 diligit
1167 1686 1361 1768 proximum,
1378 1685 1434 1748 sed
1457 1683 1576 1766 impius
1597 1690 1697 1746 estet

137 1789 325 1872 proximum
351 1807 445 1852 suum
469 1787 645 1871 periclitari
668 1787 701 1850 in
722 1787 839 1860 anima,
857 1795 892 1850 ut
947 1784 1086 1848 crudelis
1107 1791 1202 1868 atque
1224 1802 1347 1848 avarus.

137 1888 164 1950 si
188 1886 263 1968 quis
287 1886 366 1950 velit
390 1905 465 1950 eum
489 1905 509 1949 a
532 1885 598 1950 fide
623 1892 776 1960 avertere,
797 1879 929 1948 debetB
986 1885 1104 1945 Filioli
1130 1883 1206 1952 mei,
1232 1901 1297 1942 non
1325 1883 1507 1960 diligamus
1534 1879 1635 1942 Deum
1665 1886 1696 1942 et

137 1986 167 2049 ei
187 1987 324 2058 adstare,
346 1993 378 2048 et
397 1985 504 2068 potius
524 1984 607 2049 velle
628 1983 709 2048 mori
732 2003 828 2066 quam
850 1983 891 2046 ab
947 1981 1109 2064 proximos
1131 1983 1225 2042 verbo
1247 2001 1349 2060 neque
1371 1983 1487 2058 linpuc
1509 1985 1645 2053 tantum,
1664 1979 1695 2041 id

136 2083 209 2165 ejus
226 2082 457 2146 confortatione
471 2100 595 2146 cessare
606 2083 890 2165 :quemadmodum
946 2088 994 2143 cst
1009 2080 1075 2142 sola
1089 2078 1281 2142 verbositate
1301 2086 1333 2141 ct
1348 2077 1541 2152 adulatione,
1558 2081 1614 2138 sed
1627 2095 1695 2154 ope-

136 2183 166 2245 S.
186 2181 393 2244 Sebastianus
413 2187 532 2264 martyr
553 2181 772 2262 dignissimus,
790 2200 889 2262 quum
946 2187 1025 2239 reet
1042 2178 1191 2247 veritate,
1208 2177 1303 2239 idest
1320 2177 1503 2239 divinorum
1524 2182 1695 2258 praecepto·

135 2279 272 2342 vidisset
301 2279 455 2361 quosdam
486 2279 518 2342 in
549 2279 700 2362 martyrio
729 2280 888 2355 vacillare,
945 2296 1016 2339 rum
1039 2275 1278 2357 adimpletione,
1296 2283 1451 2358 quantum
1472 2275 1512 2336 ad
1535 2275 1695 2347 Deum,et

136 2376 287 2459 protinus
303 2394 358 2440 eos
373 2377 546 2452 roboravit,
563 2395 626 2440 uon
648 2387 794 2442 metuens
810 2397 891 2442 mor·
945 2375 1110 2438 caritativa
1124 2393 1160 2436 ac
1177 2374 1229 2456 pia
1244 2373 1466 2447 subventione,
1483 2380 1638 2455 quantum
1654 2373 1691 2434 ad

136 2485 215 2538 tem.
233 2475 329 2538 Porro
343 2476 523 2538 animarum
541 2495 650 2539 curam
666 2476 832 2550 habentes,
850 2477 889 2538 is·
946 2474 1117 2556 proximos.
1139 2473 1218 2534 llinc
1243 2473 1272 2535 S.
1293 2471 1428 2534 lacobus
1453 2471 1548 2534 etiarn
1570 2471 1614 2533 ait
1633 2490 1639 2535 :
1660 2471 1690 2533 Si
1706 2489 1839 2542 veranius,

135 2574 193 2637 tud
218 2574 379 2656 praeeipue
402 2573 537 2656 implere
557 2582 716 2648 tenentur,
733 2583 890 2657 quatenus
945 2571 1042 2636 frater
1071 2580 1125 2636 aut
1149 2589 1238 2635 soror
1267 2571 1344 2633 nudi
1373 2571 1447 2645 sint,
1474 2577 1506 2633 et
1530 2570 1693 2651 indigeant
1708 2557 1741 2596 ¹⁰·

137 2673 216 2755 lupo
232 2672 373 2735 venienti
393 2680 425 2736 et
441 2691 569 2754 gregem
592 2673 741 2736 invadere
761 2674 891 2755 cupien-
945 2673 1031 2734 victu
1057 2671 1252 2752 quotidiano,
1273 2670 1357 2732 dicet
1381 2677 1488 2732 ειιιειιι
1513 2669 1629 2751 uliquis
1653 2670 1692 2731 de

136 2772 159 2833 ti
185 2771 348 2845 resistant,
371 2789 500 2852 gregem
525 2791 620 2833 suum
646 2771 817 2834 salubriter
840 2791 890 2834 ειι-
945 2769 1036 2830 vobis
1066 2767 1141 2841 illis,
1167 2768 1211 2830 lte
1241 2767 1274 2828 in
1304 2785 1393 2848 pace,
1419 2765 1632 2830 calefacimini
1662 2773 1693 2827 et

135 2868 653 2952 hortando,neepcrsecut0ribus
665 2869 715 2932 vel
732 2869 890 2932 haereticis
945 2865 1149 2944 saturamini3
1165 2883 1228 2928 non
1251 2865 1402 2928 dederitis
1424 2872 1530 2927 autem
1553 2865 1599 2927 eis
1621 2883 1691 2947 quas

135 2969 341 3030 seducantur.
943 2964 1123 3028 necessaria
1144 2971 1220 3026 sunt
1240 2964 1365 3044 corpori
1382 2981 1390 3025 t
1407 2963 1484 3045 quid
1506 2963 1669 3045 proderitl

691 3395 882 3481 SERMO
920 3395 1140 3484 PRIMUS

247 3660 287 3707 llll
308 3659 466 3708 rutenio
488 3659 524 3706 tr
545 3658 775 3706 concisionibus
797 3659 957 3708 cautioris
979 3662 1011 3707 ΙΝ
1032 3662 1115 3708 ΒΕΙΠΙ
1135 3661 1364 3719 uuoxlltultottlt,
1384 3663 1422 3708 ΕΤ
1441 3660 1584 3718 Quouono
1630 3642 1640 3668 ⁸

677 3758 745 3804 HEC
767 3759 864 3806 sitlos
885 3760 937 3807 unt
958 3759 1152 3808 consumunt.

209 4040 328 4102 MNIS
342 4040 402 4118 qui
418 4039 488 4098 odit
502 4039 646 4114 fratrem
665 4057 773 4107 sctum,
789 4037 926 4101 homi-C
944 4045 1019 4099 suut
1030 4039 1164 4102 virtutes
1179 4038 1492 4124 theologicae,utpote
1508 4040 1689 4123 fidesspes

223 4137 301 4196 cido
320 4145 375 4197 est.
393 4136 406 4198 l
423 4136 533 4198 loann.
551 4152 596 4208 ιιι,
615 4133 663 4197 fd.
944 4136 1069 4210 caritas,
1087 4137 1238 4219 quoniam
1257 4137 1375 4200 habent
1390 4139 1490 4200 Deum
1509 4157 1567 4221 pro
1583 4137 1692 4201 imme·

175 4235 275 4298 Sacra
290 4234 464 4316 Scriptura,
477 4233 681 4315 potissimum
698 4233 771 4296 novi
787 4233 890 4296 Testa·
944 4233 1028 4296 dieto
1050 4234 1193 4316 object03
1216 4243 1247 4298 et
1272 4235 1355 4298 inter
1379 4237 1433 4299 bas
1458 4243 1522 4299 tres
1547 4238 1691 4319 praeemi-

135 4333 252 4406 menti,
274 4332 438 4395 caritatem
463 4331 626 4395 uberrime
651 4332 768 4406 laudat,
793 4339 889 4414 atque
944 4339 998 4394 net
1013 4333 1136 4406 caritas,
1154 4333 1228 4414 quia
1243 4352 1301 4415 per
1315 4353 1385 4396 eam
1406 4334 1579 4417 perfectius
1597 4343 1691 4418 atque

133 4433 174 4494 ad
201 4449 276 4494 eam
299 4429 478 4494 habendam
500 4448 536 4492 ac
562 4430 813 4493 conservandam
838 4447 889 4492 co·
945 4433 1157 4514 propinquius
1182 4433 1245 4495 Deo
1269 4433 1505 4515 conjungimur,
1527 4435 1691 4517 magisque

134 4529 323 4614 piosissime
348 4547 405 4592 nos
429 4528 583 4591 hortatur.
604 4528 720 4602 Primo,
737 4528 889 4610 quoniam
944 4548 1044 4591 unum
1067 4549 1138 4592 cum
1164 4549 1201 4594 eo
1222 4530 1397 4606 efficimur,
1413 4533 1539 4595 dicente
1559 4534 1690 4617 Aposto-

135 4630 207 4712 ipsa
223 4635 274 4690 est
288 4645 415 4690 summa
428 4645 464 4690 ac
478 4627 667 4708 dignissima
681 4626 794 4700 virtus,
800 4625 891 4706 juxta
945 4628 975 4690 lo
993 4647 999 4692 :
1016 4627 1075 4702 Qui
1094 4629 1233 4692 adhaeret
1255 4630 1318 4692 Deo
1336 4630 1435 4710 (haud
1456 4631 1591 4695 dubium
1611 4632 1689 4714 quin
1705 4654 1839 4702 scara-..ra

30 4763 120 4800 ‚aena
135 4727 218 4790 illud
240 4724 383 4807 Apostoli
405 4744 412 4790 :
433 4724 532 4806 Maior
555 4725 669 4788 borum
695 4731 743 4787 est
764 4725 887 4788 caritas.
945 4745 1002 4808 per
1022 4727 1210 4807 caritatem),
1229 4747 1311 4790 unus
1333 4747 1406 4790 cum
1428 4748 1466 4794 co
1487 4730 1526 4792 fit
1547 4732 1687 4814 spiritus.

21 4843 26 4852 ·
134 4826 227 4890 Unde
247 4841 376 4905 quoquc
394 4823 578 4886 Aristoteles
600 4831 631 4886 et
651 4822 829 4886 Macrobius
850 4825 889 4886 de
980 4825 1137 4899 Secunde,
1163 4827 1315 4908 qnoniam
1344 4827 1414 4890 sine
1443 4829 1574 4892 caritate
1603 4832 1690 4893 nulle

132 4923 266 5006 justitia
280 4921 550 5004 conscripserunt,
568 4922 652 5003 quod
671 4921 741 5004 ipsa
755 4921 797 4985 sit
812 4941 889 5003 prce·
945 4925 1046 4986 virtus
1070 4930 1118 4986 est
1139 4924 1212 4986 viva
1233 4943 1268 4986 ac
1291 4925 1465 5000 meritoria,
1486 4929 1541 4990 sed
1567 4937 1690 4992 mortua

133 5020 320 5086 clarissima
341 5019 453 5094 virtus,
474 5027 506 5082 ct
530 5039 593 5084 ιιοιι
617 5027 666 5084 est
691 5020 806 5084 lucifer
831 5040 889 5083 nec
945 5023 1072 5103 [leoque
1093 5021 1267 5104 inaccepta,
1285 5024 1554 5104 quemadmodum
1574 5028 1697 5110 plenis-¹

132 5123 295 5202 hesperus
324 5125 389 5181 tam
417 5117 616 5182 admirabilis
644 5120 728 5182 sicut
753 5119 887 5199 justitia.
945 5121 1025 5182 sime
1050 5121 1142 5184 docet
1164 5121 1333 5203 Apostolus
1354 5140 1361 5183 :
1384 5123 1415 5184 Si
1439 5123 1556 5206 linguis
1571 5128 1689 5208 (inqui-
1704 5146 1837 5194 sesama.

132 5217 236 5282 bfulto
263 5214 474 5280 excellentius
499 5216 563 5279 dici
586 5224 691 5299 potest
714 5217 754 5280 de
780 5217 890 5280 carita-
905 5217 929 5278 D
944 5218 1134 5300 ens)loquar
1147 5218 1333 5299 angelorum
1349 5228 1381 5283 et
1396 5221 1690 5296 hominumcarita-
1705 5216 1725 5255 ²·

132 5325 174 5380 te.
193 5317 282 5379 luter
301 5332 413 5379 omncs
432 5315 520 5378 enim
540 5315 674 5378 virtutes
693 5315 889 5397 dignissimae
945 5325 1008 5378 tem
1024 5323 1131 5379 autom
1147 5334 1210 5380 non
1226 5317 1463 5394 babeam,nilril
1479 5339 1559 5382 sum.
1571 5322 1689 5384 Deinde
