4214 6254
531 526 678 575 odulman
700 528 743 574 88·
765 526 946 572 relaturis.
967 544 1005 556 -·
1027 525 1127 573 Sffll)
1148 526 1301 574 SECUNDUS
1631 511 1688 576 TTT

142 697 210 760 haeo
225 706 274 760 est
288 695 451 760 beatitudo
465 698 503 759 ad
519 715 616 778 quam
632 695 750 758 conditi
767 715 888 770 sumus,
906 695 929 758 A
947 714 980 757 se
998 695 1111 778 ipsam,
1128 697 1183 759 sed
1202 704 1234 758 et
1252 696 1346 759 aliam
1363 696 1539 778 quamlibet
1556 698 1692 761 clarissi-

141 796 226 858 clarc
247 803 280 858 et
300 795 430 858 lruitive
448 795 564 858 intueri
580 795 689 867 vitam,
706 793 889 856 felicitatem
947 811 997 856 me
1020 794 1151 876 inspicit
1171 793 1363 876 inliniteque
1383 794 1496 875 diligit.
1514 796 1622 877 ltaque
1640 797 1693 859 Pa-

141 902 174 956 et
187 894 322 975 gloriam
338 894 464 957 Domini
485 894 540 956 Ilei
562 893 671 955 nostri.
690 893 727 954 Et
744 893 890 975 quamvis
945 899 993 953 ter
1017 899 1154 954 aeternus
1185 893 1326 955 intuetur
1350 893 1550 975 unigenitum
1577 894 1692 958 Filium

142 1010 206 1054 non
223 992 328 1055 solum
344 992 525 1066 Christiani,
542 992 596 1054 sed
612 1000 643 1053 et
656 991 755 1054 ludaei
771 1010 807 1052 ac
823 991 891 1053 Sar·
944 1009 1037 1053 suurn
1055 1010 1127 1052 curn
1141 990 1268 1054 inlinita
1284 991 1424 1054 claritate
1440 999 1470 1053 et
1482 991 1691 1072 jucunditate,

142 1091 249 1152 raceni
264 1089 404 1153 latentur
419 1098 450 1152 et
464 1089 571 1152 sciunt
585 1107 655 1151 esse
671 1107 770 1150 unum
786 1088 889 1151 solum
944 1096 976 1150 et
997 1089 1103 1170 diligit
1123 1108 1197 1152 eum
1218 1089 1538 1172 superardentissimo
1559 1109 1595 1152 ac
1621 1090 1693 1152 inli-

141 1207 305 1251 summum
327 1196 358 1251 et
378 1207 489 1250 verum
511 1188 623 1260 Deum,
639 1187 783 1249 omnium
806 1205 891 1249 crea·
944 1187 1009 1249 nito
1023 1205 1146 1266 amore;
1159 1187 1253 1250 habet
1268 1187 1364 1249 etiam
1380 1187 1469 1250 Pater
1483 1188 1694 1270 superdulcis·

140 1296 266 1366 torem;
287 1287 346 1350 soli
371 1294 478 1349 tamen
498 1285 667 1350 Christiani
689 1284 753 1347 lide
777 1303 890 1366 cogno
944 1285 1057 1347 simam
1081 1285 1344 1368 complacentiam
1371 1286 1403 1346 iu
1426 1286 1590 1367 unigenito
1614 1287 1693 1350 Filio

141 1393 237 1448 scunt
263 1385 467 1467 fideliterque
493 1383 643 1458 latentur,
671 1383 757 1445 hune
789 1383 888 1446 Deum
944 1401 1012 1456 suo,
1040 1383 1104 1446 imo
1132 1384 1396 1466 complacentiam
1427 1384 1554 1467 penitus
1584 1384 1692 1447 inlini·

140 1502 205 1545 non
221 1489 344 1546 tantum
360 1501 429 1546 esse
445 1483 477 1544 in
493 1482 631 1545 essentia
647 1500 747 1544 unum
762 1500 798 1543 ac
815 1481 890 1543 sim·
944 1488 1018 1543 tam.
1037 1482 1097 1544 Sed
1113 1490 1144 1544 et
1160 1482 1258 1544 Filius
1273 1483 1372 1544 Patris
1389 1483 1510 1558 aeterni,
1528 1491 1591 1546 lam
1607 1485 1692 1546 clare

141 1581 273 1663 plicem,
305 1581 359 1644 sed
391 1581 422 1642 in
452 1579 597 1663 personis
629 1580 724 1641 etiam
757 1579 887 1642 trinum.
943 1587 975 1642 et
990 1581 1135 1643 hilariter
1157 1581 1296 1662 inspicit,
1313 1589 1408 1663 atque
1428 1589 1491 1644 tam
1509 1581 1629 1645 fervide
1646 1583 1692 1645 di·

140 1680 246 1752 Quum
279 1697 353 1762 ergo
385 1677 548 1742 beatitudo
582 1684 688 1740 nostra
719 1677 888 1759 completa,
945 1679 1014 1760 ligit
1044 1680 1187 1754 Patrem,
1209 1687 1243 1742 ut
1273 1680 1363 1742 Pater
1391 1680 1526 1762 ipsum;
1556 1679 1692 1745 infinita

141 1795 238 1859 quam
255 1776 432 1840 certissime
447 1777 607 1838 credimus
628 1775 738 1837 electis
753 1774 889 1837 dandam
945 1795 1072 1858 quoque
1088 1777 1251 1841 suavitatis
1268 1777 1530 1860 complacentiam
1548 1779 1644 1842 habet
1660 1780 1692 1842 in

141 1875 174 1937 in
198 1875 312 1958 patria,
335 1875 377 1936 sit
397 1873 638 1957 supergloriosa
659 1872 821 1935 Trinitatis
844 1873 889 1934 in·
906 1874 929 1936 B
945 1875 1043 1938 Patre.
1063 1875 1205 1958 Denique
1224 1877 1314 1938 Pater
1333 1885 1365 1938 et
1383 1876 1482 1940 Filius
1501 1895 1565 1940 uon
1587 1878 1693 1940 minus

139 1975 236 2036 tuitio
255 1974 350 2048 clara,
366 1979 453 2035 tanto
473 1973 506 2034 in
526 1972 584 2034 hac
600 1971 665 2033 vita
684 1971 889 2054 perfectiores
945 1975 1082 2054 diligunt
1098 1974 1252 2058 Spiritum
1268 1975 1417 2038 Sanctum
1433 1994 1528 2057 qmm
1545 1995 1579 2038 se
1595 1976 1692 2059 ipsos,

139 2071 360 2145 consistimus,
377 2079 496 2154 quanto
510 2071 583 2153 plus
598 2069 637 2132 ad
653 2070 741 2132 illam
757 2069 890 2132 beatitu-
944 2073 1275 2155 complacentiamquc
1300 2074 1490 2137 immensam
1518 2074 1635 2137 habent
1661 2076 1693 2138 in

139 2171 252 2234 dinem
286 2171 379 2232 modo
409 2169 713 2252 appropinquamus.
745 2167 826 2249 Ergo
858 2176 890 2231 et
945 2171 1025 2252 ipso,
1042 2172 1311 2253 quemadmodum
1336 2173 1367 2235 in
1390 2193 1424 2236 se
1447 2173 1584 2238 invicem
1608 2182 1640 2237 et
1660 2175 1692 2236 iu

139 2268 298 2352 perfectio
317 2274 424 2331 nostra
438 2269 471 2328 in
492 2267 551 2329 hac
569 2266 635 2329 vita
654 2267 801 2350 presenti
817 2285 889 2330 con·
944 2270 1221 2352 semetipsis:ideo
1235 2271 1325 2333 Pater
1339 2279 1371 2334 et
1386 2272 1485 2335 Filius
1500 2291 1570 2335 cum
1587 2272 1693 2335 inlini-

139 2368 227 2430 sistit
242 2368 274 2429 in
290 2367 361 2441 hoc,
374 2375 409 2428 ut
424 2365 742 2448 superdignissimam
758 2365 889 2427 Trinita-
944 2376 976 2430 to
994 2369 1110 2448 gaudio
1131 2369 1295 2431 intuentur
1315 2377 1346 2432 et
1361 2369 1693 2452 superiorventissime

139 2476 208 2530 tem
229 2485 327 2541 nunc,
343 2473 499 2549 quantum
518 2465 594 2526 huic
613 2465 707 2527 statui
728 2472 777 2526 est
791 2465 890 2546 possi·
944 2466 1081 2548 diligunt
1096 2467 1249 2548 Spiritum
1267 2468 1429 2542 Sanctum,
1441 2488 1477 2531 ac
1492 2469 1693 2532 deliciosissi-

140 2566 219 2638 bile‚
246 2565 423 2638 sinceriter,
446 2580 590 2626 amorosa
614 2570 708 2644 atque
733 2562 889 2625 stabiliter
946 2583 1029 2627 mam
1050 2565 1314 2648 complacentiam
1337 2566 1456 2629 habeut
1477 2568 1510 2630 in
1533 2568 1611 2650 ipso.
1629 2569 1692 2631 Nec

139 2663 407 2746 contemplemur.
435 2661 570 2744 Expedit
597 2679 672 2742 ergo
699 2669 730 2724 et
759 2679 889 2743 prorsus
944 2662 1078 2727 dubium
1102 2664 1180 2745 quin
1204 2665 1341 2747 Spiritus
1363 2665 1495 2728 Sanctus
1516 2666 1692 2730 clarissime

139 2763 353 2826 utilissimum
377 2767 426 2823 cst
447 2760 514 2842 jam
538 2759 631 2834 scire,
648 2768 743 2842 prout
767 2760 799 2822 in
825 2760 890 2822 vita
945 2762 1114 2836 intueatur,
1130 2763 1364 2845 jucundissime
1384 2783 1421 2825 ac
1443 2766 1693 2847 superardentis·

140 2862 200 2924 hac
217 2861 292 2924 sciri
310 2867 424 2943 potest,
442 2879 512 2942 qum
528 2859 569 2920 sit
584 2859 659 2933 vita,
677 2858 839 2922 beatitudo
858 2867 890 2922 et
944 2861 1025 2923 sime
1049 2860 1160 2943 diligat
1184 2862 1307 2924 Patrem
1332 2869 1363 2926 et
1387 2863 1514 2937 Filium,
1532 2863 1691 2927 infinitam

139 2960 244 3040 gloria
262 2957 388 3022 Domini
409 2957 464 3021 [lei
485 2957 595 3030 nostri,
613 2957 668 3040 qui
689 2965 737 3018 est
756 2977 838 3020 unus
853 2976 889 3020 ac
944 2960 1040 3022 etiam
1062 2960 1327 3042 complacentiam
1349 2961 1463 3025 habeat
1484 2962 1517 3023 in
1539 2962 1670 3025 eisdem.

139 3059 256 3132 trinus,
274 3075 329 3119 seu
345 3055 637 3138 superielieissimae
651 3055 929 3122 Trinitatisvec
984 3059 1103 3140 ltaque,
1135 3058 1216 3120 hanc
1245 3059 1506 3141 superaltissimus
1531 3059 1692 3123 Trinitatis

140 3176 227 3230 rum,
245 3155 395 3238 quoniam
417 3155 486 3228 ista,
502 3160 538 3216 ut
557 3153 742 3236 frequenter
757 3161 889 3218 testatus
946 3165 1089 3219 mutuam
1106 3164 1138 3219 et
1151 3165 1312 3231 aternam,
1330 3157 1553 3233 clarissimam,
1569 3158 1692 3222 lerven·

139 3273 226 3328 sunt,
258 3271 316 3336 pro
344 3253 507 3316 communi
537 3260 569 3315 et
600 3252 739 3335 simplici
770 3253 889 3335 populo
946 3255 1101 3318 tissimum
1122 3255 1580 3338 etsuperdelectabilissimam
1599 3257 1693 3320 intui·

139 3351 519 3426 conscribuntur,idcirco
532 3351 572 3412 de
587 3351 647 3413 ista
662 3351 793 3413 materia
807 3371 890 3414 nunc
945 3355 1076 3428 tionem,
1093 3353 1296 3416 dilectionem
1313 3362 1344 3417 et
1359 3355 1636 3437 complacentiam,
1654 3356 1692 3419 li·

140 3471 204 3515 non
223 3451 286 3513 nisi
302 3450 394 3532 plane
414 3456 445 3513 et
463 3449 663 3532 simpliciter,
680 3458 713 3512 et
731 3449 819 3512 velut
838 3469 888 3512 su·
945 3453 1208 3526 deliter,sincere,
1216 3451 1391 3516 affectuose
1404 3473 1440 3516 ac
1457 3453 1692 3535 lixe,quautum

139 3549 352 3634 perlicialiter
373 3549 493 3630 loquar.
943 3551 1009 3632 jam
1034 3550 1106 3612 lieri
1130 3558 1243 3633 potest,
1264 3552 1484 3633 contemplari,
1505 3561 1554 3616 est
1577 3553 1693 3618 lutura

179 3649 214 3712 ld
232 3665 307 3731 ergo
323 3647 354 3708 in
370 3646 484 3729 primis
499 3645 772 3730 sciendum,quod
789 3667 888 3730 quum
947 3648 1106 3711 felicitatis
1132 3649 1302 3724 inchoatio,
1329 3649 1505 3732 praelibatio
1533 3669 1589 3714 seu
1615 3671 1693 3735 prae-

138 3749 225 3812 Deus
242 3747 284 3809 sit
299 3765 355 3808 ens
372 3745 404 3808 in
420 3764 455 3808 se
470 3745 540 3826 ipso
555 3744 682 3808 infinite
698 3747 887 3828 perlectum,
944 3749 1082 3830 gustatio
1115 3748 1272 3830 quadam,
1302 3757 1397 3830 atque
1430 3749 1586 3831 perfectio
1619 3751 1693 3815 vitat

137 3847 232 3910 nulla
254 3845 376 3925 indiget
398 3851 553 3917 creatura,
576 3844 632 3906 sed
657 3843 718 3906 sibi
744 3845 775 3906 in
800 3864 834 3907 se
859 3854 890 3908 et
944 3847 1119 3928 presentis.
1137 3847 1299 3921 Praeterea,
1316 3847 1399 3909 istud
1416 3848 1512 3910 etiam
1528 3847 1568 3910 ab
1585 3849 1692 3912 idiotis

139 3965 198 4028 per
214 3963 250 4006 se
265 3943 397 4006 omnino
412 3941 579 4004 sulliciens
594 3950 651 4005 est.
665 3943 737 4005 Ideo
752 3943 795 4004 ait
810 3943 890 4005 Psal-
944 3953 976 4008 et
1000 3945 1203 4027 simplicibus
1225 3945 1371 4020 dulciter,
1387 3945 1562 4010 allectuose
1584 3955 1616 4010 et
1633 3948 1691 4009 hu·

29 4083 114 4118 axv...
138 4041 334 4106 mista:llixi
350 4039 586 4114 Domino,[)eus
603 4059 692 4102 meus
708 4059 741 4102 es
757 4048 890 4123 tu,quo-
946 4043 1065 4106 militer
1089 4051 1192 4125 potest
1215 4043 1280 4124 jam
1308 4045 1516 4128 contemplari
1545 4063 1552 4107 :
1578 4046 1624 4108 sic
1648 4053 1693 4109 ta·

138 4143 230 4204 niam
246 4141 402 4203 bonorum
419 4156 564 4201 meorum
579 4157 642 4202 non
658 4158 740 4220 eges.
757 4141 792 4202 ln
808 4140 891 4204 libro
946 4160 1031 4215 men,
1049 4149 1084 4202 ut
1108 4159 1204 4223 super
1224 4142 1333 4204 omnia
1352 4143 1516 4206 sensibilia
1535 4163 1572 4206 ac
1597 4152 1693 4208 mate-

30 4272 42 4298 ο
136 4241 197 4304 lob
213 4257 342 4322 quoque
357 4237 510 4300 asseritur
527 4255 533 4298 :
551 4237 582 4299 Si
603 4238 795 4319 peccaveris,
813 4238 889 4320 quid
905 4243 929 4305 ll
946 4239 1036 4302 rialia
1060 4257 1096 4301 ao
1121 4239 1435 4323 circumscriptibilia
1461 4260 1517 4303 seu
1542 4241 1635 4303 linita
1657 4261 1692 4306 se

3 4340 18 4370 '
41 4350 46 4362 ·
138 4340 206 4401 beo
232 4335 385 4400 nocebisl
401 4337 496 4399 Porro
520 4335 546 4398 si
571 4335 653 4398 bene
677 4337 791 4416 egeris,
812 4336 889 4419 quid
945 4338 1088 4417 elevent3
1105 4345 1136 4399 ot
1158 4337 1241 4399 sicut
1259 4338 1360 4400 Deum
1380 4339 1413 4400 in
1433 4340 1570 4402 essentia
1591 4359 1690 4403 uuum

138 4435 276 4499 donabis
301 4435 356 4497 eit
380 4435 460 4496 Hinc
485 4433 658 4508 beatitudo,
684 4435 835 4497 sanctitas
860 4443 892 4497 et
945 4435 1188 4518 apprehendunt
1212 4443 1363 4517 tanquam
1388 4455 1445 4498 ens
1469 4436 1616 4518 simplex,
1633 4456 1691 4519 pu-

138 4533 298 4618 periectio
329 4533 396 4608 Dei,
426 4539 474 4594 est
506 4551 540 4596 se
573 4533 679 4614 ipsum
715 4532 890 4596 clarissime
946 4533 1689 4616 rum,perlectum,immaterialeetinlinitum,

138 4632 397 4712 eternaliterque
422 4631 592 4713 inspicere,
608 4639 703 4713 atque
726 4651 759 4694 se
785 4632 889 4714 ipsum
946 4634 1007 4707 rel,
1025 4641 1059 4694 ut
1084 4632 1288 4714 paucioribus
1309 4633 1417 4694 verbis
1442 4641 1523 4708 utar,
1540 4642 1691 4717 tanquam

135 4730 364 4794 ardentissime
380 4728 674 4811 incessabiliterque
693 4730 835 4812 diligere.
854 4731 891 4793 Et
945 4751 1001 4794 ens
1026 4730 1153 4793 infinite
1173 4729 1362 4814 perlectum,
1380 4731 1426 4794 sic
1449 4733 1626 4816 quamlibet
1647 4736 1693 4798 di-

138 4831 202 4892 hoc
233 4829 330 4891 etiam
361 4827 542 4910 philosophi
573 4837 798 4909 cognoverunt.
830 4829 891 4892 Sed
945 4831 1052 4892 vinam
1077 4829 1318 4912 apprehendant
1342 4850 1510 4912 personam
1540 4840 1690 4916 tanquam

137 4929 294 5012 quoniam
309 4927 457 4990 Deusest
476 4927 771 4990 trinussecuudum
790 4929 891 4992 inrio-
945 4948 1001 4991 ens
1031 4947 1104 4990 vere
1132 4928 1322 5010 simpliciter
1351 4932 1528 5013 perlectum
1560 4941 1592 4996 et
1621 4935 1692 4997 inli-

139 5027 273 5090 labilem
305 5025 487 5088 christianae
518 5025 683 5108 sapientiae
711 5025 889 5102 veritatem,
945 5028 1058 5090 nitum.

139 5125 316 5198 beatitudo,
334 5124 397 5186 vita
412 5131 444 5185 et
463 5123 563 5204 gloria
583 5143 716 5187 summac
736 5131 768 5186 et
783 5145 891 5207 super·
985 5127 1051 5200 Quo
1076 5126 1212 5207 cognito,
1235 5127 1500 5192 considerandum
1525 5139 1583 5206 est,
1606 5134 1691 5215 quod

133 5223 358 5298 sanctissima,
373 5221 546 5297 Trinitatis,
563 5231 610 5284 est
632 5223 717 5304 quod
743 5243 890 5306 unaquae-
945 5233 1063 5308 quanto
1084 5225 1246 5289 rationalis
1261 5235 1404 5290 creatura
1418 5229 1518 5292 Deum
1535 5233 1691 5296 sincerius

140 5343 205 5410 que
220 5322 329 5387 divina
342 5328 375 5384 et
393 5321 531 5384 increata
549 5339 683 5407 persona
702 5340 765 5388 non
786 5323 889 5386 solum
945 5343 1002 5408 per
1021 5325 1140 5389 dunum
1159 5325 1323 5408 sapientie
1344 5329 1588 5412 contemplatur,
1604 5339 1691 5395 tauto
