4214 6254
431 481 471 548 98
747 502 897 551 conturba
919 503 962 548 SS.
983 501 1164 548 misturis.
1184 519 1225 530 -
1246 501 1421 547 shhhharro
1444 500 1474 547 itt
1498 500 1666 547 aristoteli

432 669 531 733 David
559 670 682 734 cultum
712 671 846 754 cupiens
876 690 991 753 augere
1020 671 1178 746 divinum,
1195 672 1309 735 Asunt
1333 670 1598 733 comminationes
1624 667 1724 732 divini
1749 665 1864 748 judicii
1888 671 1975 746 atque

432 769 598 831 constituit
617 770 730 851 viginti
751 778 886 851 quatuor
908 769 1095 842 sacerdotes,
1113 788 1181 830 suc·
1235 787 1402 852 poenarum
1425 769 1551 831 interni.
1569 772 1614 831 Et
1634 787 1733 837 voces,
1751 766 1782 827 id
1802 772 1851 828 est
1873 763 1976 846 predi·
2088 801 2089 806 κ

433 866 555 930 cessive
570 868 603 930 in
619 868 739 951 templo
761 869 828 931 suis
849 868 1102 931 hebdomadibus
1123 867 1181 929 mi·
1235 867 1318 930 catio
1343 867 1512 930 mediocris
1536 884 1572 929 ac
1597 865 1733 947 simplex
1752 884 1760 928 :
1778 861 1977 944 quemadmo-

433 964 613 1028 nistrantes.
630 966 691 1029 Sed
710 967 786 1048 quia
807 967 826 1028 ii
846 966 959 1048 viginti
979 973 1115 1047 quatuor
1134 985 1181 1027 sa·
1236 967 1313 1027 dum
1328 966 1367 1027 ad
1383 964 1561 1029 Corinthios
1576 965 1620 1027 ait
1633 962 1977 1046 Apostolus,Tanquam
2000 976 2074 1022 rosa

433 1062 575 1126 cerdotes
605 1063 742 1126 instituti
772 1083 790 1126 a
819 1064 929 1138 David,
958 1082 1021 1126 non
1052 1062 1182 1125 luerunt
1237 1064 1379 1147 parvulis
1399 1064 1431 1125 in
1448 1063 1573 1127 Christo
1593 1063 1640 1126 lac
1660 1061 1745 1136 dedi,
1762 1079 1826 1123 non
1847 1059 1977 1122 solidum
1991 1043 2028 1088 Μ·

433 1161 614 1240 pontifices,
637 1162 702 1224 imo
724 1161 861 1244 subjecti
888 1162 944 1224 uni
969 1180 1027 1224 suo
1051 1161 1181 1244 pontili-
1237 1164 1356 1225 cibum.
1374 1163 1551 1243 Unicuique
1571 1163 1658 1225 enim
1680 1159 1922 1244 proponendum
1937 1164 1978 1218 est

433 1259 463 1320 ci
487 1276 493 1321 :
520 1259 646 1323 videtur
674 1261 759 1342 quod
789 1279 847 1342 per
875 1278 928 1324 eos
956 1260 1181 1341 congruentius
1237 1262 1371 1324 verbum
1386 1261 1442 1323 Dei
1464 1268 1559 1342 prout
1578 1278 1692 1342 capere
1712 1265 1825 1340 potest.
1844 1259 1887 1318 Et
1904 1257 1980 1316 toni·
2088 1269 2089 1282 ¹

433 1357 616 1438 designetur
640 1358 830 1421 universitas
859 1358 1058 1421 sacerdotum
1088 1377 1181 1420 evan·
1238 1371 1328 1431 trae,
1355 1360 1386 1421 id
1412 1368 1459 1423 est
1481 1358 1663 1442 predicatio
1691 1357 1840 1420 sublimis
1865 1362 1896 1418 et
1920 1374 1979 1416 ma·
2088 1355 2089 1398 l

432 1455 542 1535 gelieaa
571 1457 678 1538 legis;
710 1476 767 1539 per
797 1458 888 1520 sedes
921 1465 1039 1531 autem,
1070 1475 1180 1519 eorum
1236 1478 1297 1540 gna
1314 1477 1321 1520 :
1338 1459 1515 1521 secundum
1531 1457 1610 1520 illud
1625 1455 1978 1539 Apostoli,Sapientiam
2001 1469 2038 1511 ree
2049 1476 2077 1512 m.

432 1560 581 1634 potestas,
606 1556 707 1618 virtus
737 1563 769 1617 et
796 1556 906 1636 gratia,
932 1575 968 1618 ac
994 1557 1106 1618 merita
1135 1556 1182 1618 eis
1236 1557 1398 1639 loquimur
1414 1557 1497 1618 iuter
1512 1556 1678 1638 perlectos.
1689 1555 1777 1618 Unde
1792 1553 1936 1617 Christus
1950 1553 1978 1614 in
2088 1581 2089 1674 p

433 1651 556 1728 collata,
573 1653 605 1715 in
628 1653 745 1736 quibus
768 1654 856 1717 velut
882 1655 1066 1716 insedibus
1090 1654 1182 1736 spiri·
1237 1654 1408 1736 Evangelio
1423 1654 1577 1736 quosdam
1593 1653 1817 1736 Apostolorum
1832 1651 1918 1714 lilios
1932 1670 1979 1732 ap
2003 1667 2065 1711 nom
2088 1687 2089 1728 ,

432 1752 560 1816 tuoliter
591 1752 832 1834 conquiescunt.
864 1753 1018 1815 Dicuntur
1049 1753 1178 1815 demum
1237 1752 1368 1834 pellavit
1382 1752 1524 1815 tonitrui.
1542 1752 1581 1813 Et
1596 1752 1628 1814 in
1650 1750 1731 1813 libro
1745 1748 1803 1813 Joh
1823 1735 2017 1812 babeturz¹⁷·

432 1850 492 1912 ista
511 1850 625 1913 sedilia
644 1857 676 1912 et
695 1869 807 1913 eorum
827 1869 965 1914 sessores
985 1869 1054 1914 esse
1072 1852 1104 1912 in
1122 1851 1181 1912 cir·
1198 1851 1222 1912 B
1237 1851 1317 1913 Ecce
1334 1851 1400 1913 haec
1416 1869 1455 1912 ex
1474 1857 1563 1933 parte
1579 1849 1662 1911 dieta
1681 1855 1756 1910 sunt
1769 1848 1894 1910 viarum
1911 1847 1979 1924 llei;
2001 1864 2075 1907 rem

432 1949 520 2010 cuitu
543 1949 638 2022 sedis,
660 1948 692 2010 id
714 1956 763 2011 est
784 1949 944 2024 Ecclesiae,
960 1949 1111 2031 quoniam
1134 1968 1181 2010 sa·
1236 1955 1268 2010 et
1292 1968 1391 2030 quum
1417 1949 1471 2009 vix
1501 1966 1630 2030 parvam
1656 1946 1774 2009 stillam
1800 1964 1980 2009 sermonum
1993 1931 2018 1968 ¹⁸·

433 2047 597 2109 cerdotum
613 2053 645 2108 et
659 2046 862 2128 prelatorum
877 2055 926 2109 est
940 2047 1018 2110 alios
1036 2047 1076 2108 ab
1091 2046 1181 2109 hoste
1236 2047 1306 2126 ejus
1330 2046 1539 2121 audierimus,
1564 2046 1637 2128 quis
1666 2045 1783 2128 poterit
1807 2044 1979 2107 tonitruum

433 2145 564 2226 antiquo
584 2144 678 2218 tueri,
695 2144 831 2225 illosque
854 2145 1002 2207 roborare
1022 2164 1059 2207 ac
1079 2152 1181 2207 custo·
1238 2145 1466 2224 magnitudinis
1487 2145 1558 2225 ejus
1580 2144 1719 2206 intuerit
1739 2143 1890 2206 Tonitrua
1911 2149 1982 2204 sunt

433 2241 512 2304 dire.
540 2242 627 2304 Unde
653 2242 685 2304 in
711 2241 823 2304 ultima
847 2242 1020 2310 Ezechielis
1045 2243 1179 2316 visione,
1236 2242 1334 2305 verba
1347 2243 1475 2305 loannis
1494 2260 1500 2303 :
1517 2243 1550 2304 ln
1568 2242 1728 2325 principio
1743 2248 1810 2304 erat
1824 2240 2079 2318 Verbum;rmt.÷...

433 2340 603 2423 templum,
619 2357 683 2420 quo
699 2339 882 2420 designatur
898 2341 1049 2415 Ecclesia,
1067 2341 1182 2422 legitur
1236 2348 1267 2403 et
1288 2341 1428 2403 Verbum
1453 2359 1526 2404 caro
1549 2341 1670 2403 lactum
1693 2348 1750 2404 est.
1773 2341 1812 2402 Et
1831 2340 1919 2421 quod
1943 2326 2019 2401 lo-¹‘·

433 2437 553 2521 triplici
574 2455 666 2500 muro
687 2437 930 2500 circumdatum.
948 2439 1004 2500 Per
1024 2439 1108 2520 quod
1127 2439 1181 2500 tri·
1236 2439 1346 2521 quitur
1364 2439 1478 2501 Paulus
1496 2459 1503 2503 :
1524 2440 1638 2503 Audivi
1659 2457 1773 2502 arcana
1792 2437 1891 2502 verba
1914 2457 1981 2519 quse
1999 2457 2078 2500 uren

433 2537 507 2618 plex
530 2535 679 2599 Ecclesiae
700 2535 902 2616 significatur
924 2537 1066 2599 custodia
1083 2555 1090 2598 :
1106 2556 1180 2599 nam
1236 2556 1299 2600 non
1322 2537 1396 2599 licet
1417 2537 1539 2600 homini
1563 2537 1660 2619 loqui.
1993 2525 2010 2564 ¹·

432 2634 611 2696 custoditur
624 2654 643 2696 a
658 2633 792 2707 Christo,
809 2632 849 2695 ab
864 2634 984 2715 angelis
1004 2635 1132 2710 sancliS,
1150 2643 1183 2698 et
1275 2640 1319 2698 Et
1329 2647 1447 2713 septem
1463 2640 1628 2714 lampades
1641 2640 1794 2697 ardentes
1808 2646 1885 2696 cote
1900 2638 1983 2696 thro

432 2733 617 2814 apraelatis.
1236 2755 1325 2796 cem.
1343 2734 1421 2808 Quid
1445 2742 1551 2796 autem
1576 2754 1634 2818 per
1659 2735 1821 2818 lampades
1842 2735 1984 2816 designe-

473 2833 721 2894 Cz'recmomicti
735 2834 825 2893 stolis
840 2835 935 2902 ethis,
952 2832 983 2894 id
999 2839 1047 2894 est
1064 2833 1182 2914 purite-
1235 2842 1297 2906 tur,
1315 2832 1536 2914 subjungitur:
1550 2835 1609 2912 qui
1622 2844 1698 2895 sunt
1714 2843 1833 2912 septem
1847 2836 1984 2911 spiritus

434 2939 464 2994 te
479 2939 511 2993 et
525 2931 691 2994 honestate
707 2931 849 3012 undique
864 2931 1018 3004 adornati,
1035 2938 1067 2993 et
1081 2931 1180 2992 virtu·
1235 2934 1309 3002 Dei,
1330 2931 1362 2992 id
1383 2937 1433 2994 est
1454 2939 1576 3013 septem
1602 2933 1684 2995 dona
1705 2933 1842 3016 Spiritus
1866 2931 1982 3004 Sancti,

433 3029 518 3091 tibus
533 3030 680 3092 decorati.
689 3029 776 3092 Unde
792 3029 825 3090 in
840 3028 1030 3111 Apocalypsi
1046 3028 1181 3109 loquitur
1200 3032 1221 3095 C
1237 3029 1354 3111 quibus
1375 3048 1466 3092 mens
1480 3030 1569 3092 velut
1588 3030 1789 3113 lampadibus
1809 3030 1984 3093 illustratur

285 3128 576 3204 Apoc.1n,s.Ghristus
594 3145 601 3189 ε
618 3128 678 3201 Oui
696 3127 820 3201 vicerit,
837 3127 992 3190 vestietur
1010 3127 1180 3189 vestimen·
1236 3147 1272 3190 ac
1298 3128 1526 3190 inflammatur.
1551 3129 1605 3192 Eae
1630 3129 1790 3210 lampades
1815 3135 1891 3190 sunt
1913 3136 1983 3190 ante

431 3226 473 3289 tis
488 3225 579 3289 albis.
592 3227 636 3288 De
652 3225 690 3288 iis
706 3224 788 3288 albis
803 3225 894 3288 stolis
909 3225 953 3287 ait
967 3224 1110 3287 Ecclesia
1125 3243 1182 3306 per
1236 3227 1398 3300 thronum,
1421 3227 1480 3289 hoc
1503 3235 1551 3288 est
1570 3227 1602 3288 in
1625 3233 1797 3310 conspectu
1823 3226 1981 3298 Ecclesia,

288 3351 321 3394 n.
332 3363 372 3402 m,
384 3351 417 3392 rc.
431 3325 543 3386 lsaiam
556 3342 563 3386 :
576 3325 722 3388 (laudens
737 3324 881 3406 gaudebo
896 3325 929 3385 in
945 3323 1089 3398 Domino,
1107 3323 1182 3404 quia
1237 3325 1303 3387 imo
1326 3325 1358 3386 in
1381 3326 1475 3388 corde
1496 3325 1652 3387 fidelium.
1669 3325 1725 3387 Vel
1748 3332 1871 3407 septem
1894 3324 1985 3406 spiri·

433 3423 537 3485 induit
566 3442 617 3486 me
646 3423 846 3485 vestimentis
875 3422 997 3497 salutis,
1025 3430 1057 3483 et
1088 3422 1181 3484 iudu—
1237 3432 1287 3486 tus
1316 3424 1384 3498 Dei,
1411 3424 1608 3505 intelligendi
1637 3431 1712 3486 suut
1739 3443 1851 3487 omnes
1880 3423 1984 3505 augeli

433 3530 541 3583 mento
558 3521 690 3602 justitie
710 3520 922 3582 circumdedit
944 3539 1002 3582 me.
1020 3523 1064 3581 Et
1079 3523 1116 3579 in
1131 3541 1182 3580 ca·
1236 3523 1349 3597 sancti,
1374 3541 1511 3604 quorum
1541 3521 1719 3585 ministerio
1744 3522 1839 3584 corda
1868 3521 1984 3608 illumi-

429 3621 557 3695 pitteus
581 3640 693 3680 eorum
717 3639 842 3680 corccoe
866 3639 985 3680 sorece.
1011 3618 1069 3680 Per
1097 3619 1180 3699 quod
1236 3628 1353 3682 nentur
1374 3628 1406 3682 et
1425 3621 1643 3683 accenduntur
1664 3619 1821 3682 fidelium.
1843 3620 1930 3683 Unde
1952 3620 1983 3680 in

434 3717 618 3798 designatur
633 3717 717 3798 quod
737 3725 813 3779 sunt
828 3717 964 3779 aliorum
985 3723 1133 3792 rectores,
1150 3723 1182 3778 et
1235 3717 1425 3801 Apocalypsi
1448 3717 1583 3780 habetur
1600 3719 1649 3780 :A
1670 3725 1793 3800 septem
1816 3718 1984 3800 spiritibus
2006 3736 2082 3790 saes-

434 3824 551 3879 teterna
576 3815 726 3877 felicitate
755 3815 927 3878 coronandi
951 3836 968 3878 a
994 3816 1067 3890 lieo,
1091 3816 1181 3897 juxta
1236 3817 1291 3898 qui
1312 3816 1344 3878 in
1366 3823 1537 3899 conspectu
1557 3816 1664 3879 throni
1685 3817 1755 3896 ejus
1775 3824 1859 3879 sunt.
1877 3817 1985 3899 Septe-

299 3939 411 3990 eamr.
436 3914 514 3976 illud
541 3914 573 3976 in
597 3913 720 3977 Psalmo
743 3937 749 3978 :
772 3913 906 3977 Posuisti
931 3914 963 3976 in
986 3915 1089 3997 capite
1111 3915 1180 3995 ejus
1236 3915 1325 3977 nario
1346 3915 1466 3996 quippe
1488 3915 1678 3978 universitas
1699 3915 1984 3997 designatur,quo-

436 4029 585 4075 eoronam
610 4013 649 4076 de
675 4013 779 4096 lapide
805 4013 952 4095 pretioso.
979 4013 1122 4095 lienique
1148 4013 1180 4074 in
1236 4013 1321 4076 niam
1342 4020 1464 4094 septem
1479 4013 1592 4076 diebus
1610 4032 1704 4076 omne
1719 4021 1847 4095 tempus
1865 4014 2000 4076 evolvi-s

435 4111 619 4194 Scripturis,
644 4130 701 4194 per
730 4119 825 4194 caput
855 4131 955 4186 meus,
982 4131 1039 4194 per
1067 4129 1180 4173 aurum
1236 4119 1297 4173 tur.
1324 4112 1404 4174 Eine
1430 4111 1462 4174 in
1488 4111 1570 4175 libro
1595 4111 1700 4175 Tobiae
1725 4111 1872 4193 legitur:
1898 4111 1985 4174 Dixit
1999 4123 2089 4173 rear

435 4211 590 4293 sapientia
613 4211 750 4292 exprimi
774 4211 864 4274 solet.
886 4211 1004 4275 Aureos
1029 4228 1104 4291 ergo
1128 4211 1181 4272 ha·
1197 4213 1221 4274 l)
1236 4210 1374 4291 Raphael
1396 4211 1539 4291 augelus,
1557 4211 1621 4291 Ego
1641 4229 1712 4273 sum
1733 4209 1883 4292 Raphael,
1901 4229 1985 4272 unus

435 4309 512 4372 bent
534 4310 566 4372 in
590 4309 749 4392 capitibus
774 4310 840 4372 suis
865 4328 1008 4384 coronas,
1029 4309 1181 4390 quoniam
1237 4329 1275 4372 ex
1296 4317 1418 4391 septem
1440 4308 1495 4391 qui
1517 4311 1678 4372 adstamus
1699 4317 1772 4372 ante
1791 4311 1903 4372 Deum.

436 4417 558 4471 mentes
573 4426 683 4473 eorum
700 4409 783 4472 dono
803 4409 966 4490 sapientie
982 4408 1179 4470 decorantur.
1277 4411 1320 4469 Et
1335 4409 1372 4468 in
1389 4418 1558 4484 conspecte
1577 4411 1673 4478 sedis,
1690 4409 1750 4470 hoc
1769 4415 1817 4470 est
1836 4407 1986 4470 Ecclesia

475 4511 518 4569 Et
533 4511 573 4568 cte
589 4509 716 4578 throno,
733 4507 765 4569 id
786 4513 834 4569 est
849 4508 887 4568 de
909 4506 1057 4568 militanti
1076 4506 1182 4567 Eccle-
1236 4505 1448 4579 militantis,in
1464 4525 1527 4587 qua
1542 4506 1744 4588 pergratiam
1761 4506 1878 4568 residet
1893 4507 1985 4578 Deus,

435 4607 492 4680 sia,
508 4625 579 4687 quae
594 4605 684 4667 sedes
701 4613 749 4667 est
764 4605 1054 4681 cisternaeque
1069 4606 1184 4680 selpu—
1237 4611 1285 4666 est
1305 4613 1461 4683 tanquam
1481 4624 1572 4664 enare
1590 4605 1745 4673 vitreum,
1761 4603 1793 4664 id
1813 4610 1862 4666 est
1882 4603 1986 4685 Bapti-

436 4726 487 4774 ra,
505 4703 536 4765 id
559 4712 607 4766 est
628 4703 781 4765 miracula
803 4721 809 4764 :
832 4722 902 4784 quaa
926 4703 1024 4764 instar
1045 4701 1183 4782 lulguris
1238 4703 1348 4765 smatis
1363 4703 1448 4764 unda
1464 4711 1495 4764 et
1509 4709 1744 4766 sacramentum
1762 4722 1769 4766 :
1786 4702 1819 4764 in
1835 4720 1899 4785 quo
1914 4702 1987 4765 sub-

436 4802 544 4864 divina
567 4802 684 4864 virtute
709 4801 860 4864 velociter
884 4801 979 4875 liunt,
1003 4800 1087 4863 clarc
1112 4800 1182 4862 illu·
1239 4802 1393 4882 mergitur
1422 4802 1506 4864 acies
1536 4802 1699 4877 vitiorum,
1730 4801 1813 4864 sicut
1842 4801 1874 4864 in
1906 4801 1986 4864 mari

437 4902 560 4963 minant
575 4919 611 4962 ac
631 4907 809 4982 perterrent
823 4899 978 4972 videntes,
993 4898 1084 4979 juxta
1103 4898 1183 4960 illud
1237 4897 1345 4962 Rubro
1361 4917 1484 4961 mersus
1505 4898 1567 4961 luit
1582 4899 1740 4962 exercitus
1755 4899 1985 4982 Egyptiorum.

289 5020 422 5072 ranas.
436 4999 563 5073 Psalmi,
580 4997 761 5072 Timebunt,
779 4999 834 5079 qui
855 4997 998 5060 habitant
1018 4997 1181 5071 terminos,
1239 4998 1327 5072 Quod
1355 5007 1589 5061 sacramentum
1621 5001 1719 5071 instar
1747 5000 1821 5062 vitri
1853 4999 1986 5083 pelluci-

436 5098 568 5179 asignis
586 5097 660 5159 tuis.
678 5097 716 5158 Et
732 5097 764 5159 in
780 5095 951 5177 Evangelio
971 5097 1087 5177 sepius
1107 5096 1183 5157 scri·
1238 5097 1315 5159 dum
1339 5104 1396 5170 est,
1413 5097 1601 5179 animasque
1622 5097 1796 5177 clarificat3
1813 5117 1870 5181 per
1889 5099 1985 5180 quod,

436 5205 528 5281 ptum
544 5195 876 5279 estquemadmodum
892 5193 992 5257 turbae
1007 5194 1083 5256 visis
1100 5194 1185 5256 Chri·
1237 5203 1388 5278 tanquam
1415 5214 1472 5277 per
1496 5196 1626 5270 vitrum,
1653 5197 1803 5278 splendor
1831 5196 1914 5260 Solis
1936 5197 1986 5278 ju-

416 5297 477 5360 ·sti
501 5294 664 5359 miraculis
689 5294 873 5357 timuerunt.
896 5293 1032 5376 Fulgura
1055 5312 1182 5376 quoque
1234 5293 1332 5358 -stitiae
1354 5302 1494 5358 mentem
1515 5294 1683 5357 subintrat.
1699 5297 1819 5358 Simile
1831 5299 1987 5378 crystallo
