4154 6258
337 511 485 560 norumcs
505 511 547 557 xv
567 511 640 558 rosr
660 509 853 558 murram.
874 527 914 538 -
934 509 976 556 nn
996 508 1190 572 nnnrorosos;
1212 509 1311 556 suano
1331 509 1444 556 srxrns
1601 487 1662 553 aaa

114 684 174 748 hoc
199 683 296 746 etiam
320 682 488 747 saeculares
511 681 658 745 homines
681 688 860 754 teneantur,
875 680 902 744 Α
916 679 1085 763 superbie,
1097 687 1220 744 constat
1234 682 1320 763 quod
1334 679 1465 762 superbi
1480 678 1662 742 ministrent

115 801 171 846 nos
194 781 345 864 religiosi,
361 800 499 864 quorum
521 799 584 844 non
606 787 654 844 est
673 780 758 842 eirea
779 797 863 842 eorn-
916 778 1052 842 diabolo.
1075 780 1129 841 list
1150 780 1271 862 quippe
1295 778 1445 862 superbia
1467 776 1661 841 diabolicum

115 881 225 945 munia
250 881 411 962 languere,
433 881 488 942 sed
513 877 702 962 perfectioni
722 878 861 953 studere,
917 878 1058 956 crimen;
1074 886 1106 940 et
1125 886 1245 960 quanto
1265 876 1337 961 quis
1359 877 1431 960 plus
1454 876 1493 940 de
1513 875 1662 938 animosi-

115 998 284 1042 caveamus
305 997 346 1041 ue
367 979 407 1040 ad
428 976 549 1059 aliquid
571 984 659 1040 extra
680 978 781 1040 Deum
806 977 863 1039 im·
916 984 979 1039 tate
995 983 1027 1039 et
1041 977 1219 1057 arrogantia
1237 976 1344 1050 habet,
1360 975 1394 1038 in
1409 982 1534 1037 tantum
1554 972 1662 1035 diabo-

115 1079 276 1142 moderate
306 1085 361 1139 aut
385 1076 562 1140 inordinate
586 1074 781 1148 afficiamur,
806 1075 861 1138 sed
916 1075 948 1138 lo
966 1075 1100 1158 obsequi
1121 1074 1354 1157 comprobatur.
1371 1073 1567 1154 Abiieiamus
1587 1088 1661 1152 ergo

114 1175 218 1239 solum
238 1182 270 1238 et
284 1193 364 1258 pure
384 1175 418 1236 in
437 1175 502 1237 Deo
518 1181 550 1236 et
565 1173 741 1236 secundum
761 1173 861 1235 Deum
916 1191 1026 1236 semen
1041 1173 1101 1236 hoc
1116 1173 1361 1247 maledictionis,
1377 1171 1561 1254 superbiam
1576 1170 1660 1246 vitae,

114 1282 145 1336 et
168 1280 300 1356 propter
324 1273 425 1335 Deum
454 1279 602 1354 optemus
629 1290 666 1334 ac
691 1270 861 1352 diligamus
917 1273 949 1334 in
970 1291 1033 1355 qna
1051 1271 1155 1335 omnis
1175 1271 1313 1354 perditio
1333 1270 1471 1352 sumpsit
1484 1268 1659 1333 exordium.
1676 1285 1806 1336 raanan.

115 1373 272 1456 quidquid
301 1373 381 1435 citra
409 1373 509 1435 Deum
540 1371 688 1453 cupimus
718 1379 750 1432 et
777 1388 861 1432 ama·
916 1373 1020 1447 Quum
1035 1371 1122 1434 enirn
1143 1371 1192 1434 lex
1209 1370 1325 1434 Christi
1345 1369 1386 1432 sit
1401 1367 1451 1432 lex
1466 1369 1563 1431 totius
1582 1367 1661 1430 cari-

116 1491 186 1534 mus
213 1489 220 1534 :
247 1471 323 1552 quia
346 1469 379 1533 in
403 1476 527 1532 tanturn
552 1488 571 1531 a
595 1469 733 1552 puritate
757 1466 862 1531 cultus
916 1470 1000 1544 tatis,
1013 1469 1139 1552 pietatis
1154 1477 1186 1532 et
1200 1468 1402 1542 humilitatis,
1414 1466 1565 1549 superbia
1579 1486 1663 1529 sum·

114 1570 216 1632 divini
232 1569 429 1651 impedimur
442 1575 538 1650 atque
553 1566 863 1649 discedimus,quan-
916 1589 965 1632 me
981 1569 1132 1632 indecens
1146 1575 1195 1631 est
1209 1576 1303 1651 atque
1320 1567 1431 1629 illicita
1446 1565 1666 1629 christifideli-

115 1675 180 1730 tum
202 1669 243 1730 ad
262 1667 384 1750 aliquid
397 1667 681 1748 {qualitercumque
704 1663 862 1727 inordina·
917 1668 976 1731 bus
992 1667 1289 1749 universis:quanto
1304 1665 1403 1747 magis
1418 1664 1666 1746 religiosisquos

115 1773 145 1828 te
162 1773 217 1828 aut
233 1765 440 1829 immoderate
459 1764 632 1839 afficimur,
647 1764 707 1826 hoo
727 1771 776 1826 cst
789 1763 862 1845 plus
919 1766 950 1828 in
976 1764 1099 1828 eunctis
1122 1764 1296 1827 virtutibus
1316 1762 1506 1845 praefulgere
1528 1770 1663 1845 oportet,

115 1874 167 1926 aut
186 1863 280 1926 aliter
303 1882 400 1945 quam
425 1863 506 1926 illud
528 1862 622 1926 uobis
646 1863 862 1924 necessarium
881 1859 974 1947 Bqui
998 1871 1029 1926 et
1054 1863 1250 1926 voluntatem
1279 1861 1441 1944 propriam
1464 1861 1663 1942 abJ'ecerunt,

116 1962 423 2042 accommodumque
453 1959 598 2023 consistit
622 1961 654 2022 in
684 1959 796 2022 ordine
825 1958 863 2021 ad
919 1971 955 2024 ut
968 1963 1049 2024 nihil
1065 1961 1251 2042 hujusmodi
1266 1960 1444 2023 secuudum
1459 1960 1597 2042 pmpriae
1612 1978 1665 2021 cu-

117 2061 229 2134 Deum,
255 2059 315 2123 hoe
345 2067 393 2122 cst
417 2058 456 2122 ad
485 2059 700 2131 serviendum,
726 2056 864 2140 compla-
919 2059 1008 2142 piant
1023 2059 1194 2122 voluntatis
1210 2058 1666 2141 impulsumtuicuntquoque

117 2158 255 2220 cendum
282 2156 566 2239 inhaerendumque
590 2157 666 2231 Deo,
688 2156 728 2218 ad
752 2155 864 2218 unicn-
918 2156 1306 2238 doctores,B.Gregoriurn
1322 2157 1355 2218 iu
1370 2156 1431 2220 boc
1447 2157 1517 2238 ipso
1530 2173 1664 2238 sequen-

116 2258 192 2319 dum
226 2273 285 2319 nos
316 2255 357 2329 ei,
388 2255 427 2317 ad
461 2254 696 2337 proficiendum
730 2255 762 2316 in
794 2254 864 2335 ejus
919 2263 977 2330 teS,
990 2255 1074 2339 quod
1090 2255 1269 2338 spiritualia
1284 2254 1372 2329 vitia,
1389 2261 1425 2317 ut
1440 2253 1600 2336 superbia,
1617 2253 1665 2317 in·

116 2373 234 2429 amore,
251 2361 408 2437 quatenus
426 2354 535 2417 omnia
554 2353 614 2415 sub
633 2353 745 2416 ordine
763 2353 864 2415 divini
918 2354 1015 2428 vidia,
1035 2353 1154 2428 acedia,
1175 2354 1320 2436 graviora
1343 2360 1428 2426 sunt,
1450 2351 1609 2435 loquendo
1633 2352 1665 2414 in

116 2461 275 2536 ponantur
289 2451 565 2534 amorisllenique
580 2469 639 2514 nec
654 2452 693 2513 ed
709 2469 765 2514 nos
782 2451 865 2533 ipsos
918 2470 1045 2533 genere,
1062 2452 1244 2515 carnalibus
1264 2451 1362 2526 vitiis,
1379 2459 1456 2534 puta
1477 2450 1561 2532 gula,
1578 2451 1667 2512 luxu·

116 2552 208 2613 aliter
230 2569 327 2632 quam
350 2550 411 2613 hoc
435 2551 529 2614 modo
551 2549 640 2612 effici
663 2549 756 2612 nobis
778 2549 863 2624 licet,
920 2551 976 2624 ria,
994 2551 1050 2624 ira,
1068 2550 1215 2632 quamvis
1237 2551 1364 2613 luxuria
1385 2551 1418 2612 in
1442 2557 1597 2632 quantum
1619 2555 1668 2611 est

117 2651 190 2732 qnia
210 2667 275 2712 nou
296 2648 387 2712 aliter
407 2649 468 2712 nisi
488 2649 520 2711 in
536 2649 600 2712 Deo
620 2647 774 2711 debemus
794 2647 864 2710 dili·
919 2655 1029 2711 contra
1043 2657 1152 2710 votum
1166 2647 1308 2723 solenne,
1324 2648 1365 2710 sit
1379 2647 1506 2730 gravior
1519 2647 1665 2710 eletione.

116 2766 188 2829 gere
204 2766 263 2810 nos
280 2748 377 2830 ipsos,
394 2755 429 2810 ut
443 2747 552 2810 omnia
571 2746 626 2810 illa
644 2746 866 2828 equanimiter
918 2747 985 2820 Quo
1001 2746 1169 2808 innotescit
1183 2765 1279 2828 quarn
1295 2745 1538 2827 vigilantissime
1554 2745 1667 2808 debea-

117 2864 288 2928 operemur
316 2865 352 2908 ac
377 2845 537 2927 patiamur
562 2864 632 2928 quae
657 2844 749 2907 uobis
773 2863 866 2927 expe·
919 2864 990 2906 mus
1007 2863 1134 2927 semper
1149 2863 1278 2908 ornnem
1292 2844 1540 2918 animositatem,
1557 2843 1665 2906 elatio·

116 2946 208 3007 diunt
223 2963 282 3026 per
300 2952 481 3026 respectum
500 2944 539 3005 ad
559 2943 671 3017 Deum,
688 2944 772 3005 etad
794 2961 865 3025 pro·
919 2941 1383 3017 nem,acediam,invidiam,et
1398 2941 1578 3005 consimilia
1594 2960 1665 3023 pec-

116 3042 293 3105 ficiendum
309 3041 342 3103 in
357 3041 428 3122 ejus
442 3040 543 3122 gratia
560 3041 592 3103 in
607 3041 666 3103 hac
682 3041 758 3114 vita,
769 3049 864 3122 atque
880 3040 902 3102 C
919 3049 998 3114 cata,
1008 3041 1047 3103 de
1062 3040 1168 3103 nostri
1179 3039 1359 3102 habitaculo
1374 3039 1478 3102 cordis
1494 3038 1663 3122 expellere.

117 3139 148 3202 in
168 3139 242 3221 ejus
260 3138 398 3220 gloriosa
419 3138 571 3201 fruitione
594 3138 627 3200 in
650 3139 759 3220 patria.
778 3138 815 3200 Et
837 3138 864 3200 si
959 3139 1122 3214 Praeterea,
1139 3138 1214 3221 quia
1236 3155 1299 3201 non
1323 3144 1427 3220 potest
1447 3139 1520 3220 quis
1542 3136 1666 3200 duobus

117 3239 207 3301 aliter
229 3238 269 3300 ad
292 3237 413 3312 cibum,
430 3245 554 3320 potum,
571 3237 734 3311 vestitum,
750 3238 788 3299 ad
811 3236 866 3299 ali·
919 3237 1058 3299 dominis
1073 3237 1245 3310 deservire,
1262 3237 1354 3299 docet
1368 3255 1404 3299 ac
1418 3236 1510 3317 jubet
1525 3236 1667 3300 Salvator

116 3355 212 3419 quern
234 3335 398 3398 hominem
417 3335 525 3398 autad
542 3334 766 3416 quodcumque
782 3353 865 3397 crea·
919 3355 959 3398 ne
975 3335 1216 3398 immoderatam
1231 3334 1406 3398 habeamus
1421 3334 1667 3398 sollicitudinem

116 3443 195 3508 tum,
213 3434 283 3496 sive
301 3434 342 3496 ad
361 3451 522 3508 somnum,
539 3433 606 3496 sive
625 3433 664 3496 ad
686 3433 864 3495 humanum
919 3433 958 3496 de
982 3433 1169 3496 necessariis
1194 3433 1267 3496 vitas
1292 3433 1457 3515 presentis
1480 3452 1487 3496 :
1514 3433 1665 3515 quoniam

116 3532 266 3596 solatium
287 3530 462 3606 afficimur,
477 3531 543 3612 jam
563 3550 582 3593 a
601 3549 676 3594 vera
698 3529 864 3613 perfectio·
919 3531 992 3594 talis
1014 3531 1195 3595 sollicitudo
1214 3550 1252 3594 ex
1275 3530 1394 3594 carnali
1417 3549 1524 3594 amore
1544 3537 1576 3594 et
1594 3550 1665 3594 ava-

116 3649 166 3704 ne,
187 3649 206 3692 a
233 3628 337 3692 divini
360 3629 479 3692 amoris
504 3628 697 3703 sinceritate,
721 3646 739 3690 a
763 3628 865 3690 divini
919 3631 1002 3705 ritia,
1019 3638 1074 3694 aut
1090 3631 1189 3694 simili
1204 3631 1319 3693 vitiosa
1338 3630 1482 3712 procedit
1500 3630 1618 3704 radice,
1635 3636 1666 3694 et

117 3729 222 3792 cultus
239 3728 378 3810 puritate
393 3727 548 3790 distamus
563 3734 595 3789 et
609 3727 803 3808 elongamur.
812 3727 866 3790 'fo
919 3749 957 3792 ex
980 3729 1162 3792 diffidentia
1185 3730 1322 3810 quadem
1347 3729 1554 3811 providentiae
1576 3727 1666 3792 Crea-

117 3835 147 3889 to
162 3833 287 3909 ergoet
301 3844 383 3908 puro
402 3825 496 3888 corde
511 3826 576 3888 lieo
592 3825 809 3889 adhereamus
827 3844 864 3888 ec
919 3829 1008 3902 toris,
1025 3828 1080 3911 qui
1104 3847 1204 3910 quum
1224 3847 1340 3910 eorpus
1362 3835 1394 3890 et
1413 3827 1554 3891 animam
1573 3826 1666 3891 dede-

116 3925 345 4008 obsequamur,
359 3932 397 3987 ut
416 3943 490 3986 cum
504 3924 660 4006 Propheta
680 3941 719 3986 ex
739 3931 864 3986 senten·
919 3927 972 4001 rit,
989 3927 1110 3990 victum
1129 3934 1161 3990 et
1179 3927 1331 3989 vestitum
1353 3926 1556 4009 sperantibus
1578 3927 1611 3988 in
1633 3945 1666 3990 se

10 4051 101 4098 rnna
116 4025 160 4086 tia
178 4024 387 4086 decantemus
405 4041 412 4086 :
429 4021 612 4086 confitebor
631 4021 701 4097 tibi,
718 4022 863 4098 Domine,
920 4043 983 4088 non
999 4025 1137 4107 negabit.
1155 4025 1194 4087 Et
1208 4027 1248 4088 ad
1263 4025 1323 4088 hoc
1339 4026 1494 4099 Christus,
1511 4027 1667 4109 sapientia

21 4124 102 4160 ‘¹¹⁸⁸'
117 4121 149 4184 iu
171 4128 239 4184 toto
260 4121 354 4184 corde
376 4137 458 4184 meo.
919 4124 1029 4199 Patris,
1046 4124 1214 4186 multasse
1230 4123 1455 4188 subtilissimas
1476 4125 1613 4188 rationes
1632 4125 1666 4187 in

155 4221 322 4295 Praeterea,
338 4218 422 4282 sicut
439 4218 564 4283 duobus
587 4218 707 4282 servire
727 4219 865 4282 dominis
881 4222 906 4284 ll
920 4223 1085 4303 evangalio
1105 4222 1165 4284 isto
1185 4222 1502 4304 compendiosissime
1525 4223 1666 4287 introdu-

116 4337 179 4382 non
194 4317 353 4392 valemus,
371 4317 414 4379 ita
429 4299 493 4382 rfon
509 4335 680 4400 possumus
696 4318 783 4380 carni
803 4336 866 4380 ser·
920 4321 972 4384 cit.
991 4321 1021 4383 Si
1042 4329 1148 4384 autem
1163 4320 1345 4401 objiciatur,
1363 4321 1447 4401 quod
1466 4321 1566 4402 aliqui
1587 4340 1666 4385 mar-

115 4417 182 4479 vire
199 4435 238 4480 ae
255 4415 382 4490 anime,
397 4415 595 4478 sensualitati
615 4421 647 4478 et
663 4415 787 4478 rationi.
804 4415 866 4479 Gu-
919 4427 1005 4503 tyros
1029 4419 1113 4481 farne
1137 4418 1284 4481 exstincti
1310 4426 1395 4492 sunt,
1417 4425 1448 4480 et
1470 4419 1564 4481 multi
1586 4420 1665 4502 justi

116 4514 174 4578 losi
190 4512 636 4596 autem,immundi,pigri,et
651 4521 758 4576 mente
774 4533 865 4576 muu-
921 4517 1075 4580 maximas
1103 4517 1289 4598 frequenter
1316 4517 1467 4600 penurias
1496 4527 1571 4581 sunt
1595 4539 1665 4602 per-

115 4613 189 4674 dani
215 4631 254 4674 ac
279 4611 431 4686 indevoti,
453 4612 597 4674 serviunt
620 4631 685 4676 suae
707 4613 813 4691 earni3
834 4620 866 4674 et
919 4616 1021 4698 pessi3
1035 4615 1217 4690 dicendum,
1234 4616 1318 4697 quod
1335 4616 1485 4698 praedicta
1504 4617 1665 4681 interdum

114 4719 275 4794 quantum
297 4711 369 4792 quis
388 4711 427 4774 de
447 4709 634 4774 necessariis
655 4711 865 4774 attinentibus
919 4733 957 4777 ex
973 4713 1208 4796 dispensatione
1222 4721 1254 4774 et
1266 4713 1461 4778 ordinatione
1477 4717 1585 4778 diviua
1600 4716 1668 4779 sub

113 4807 244 4892 corpori
272 4808 412 4891 amplius
442 4809 531 4891 cupit
557 4818 612 4871 aut
641 4809 739 4871 sumit
768 4828 864 4891 quam
919 4812 1089 4874 trabuntur
1110 4811 1220 4874 electis
1242 4811 1521 4894 adprobationem
1543 4833 1665 4890 eorum,

113 4915 209 4972 rectae
230 4907 386 4970 'convenit
409 4907 523 4970 rationi
546 4925 583 4969 ac
607 4927 672 4970 suae
693 4907 863 4984 vocationi,
919 4920 951 4975 et
976 4911 1081 4974 meriti
1111 4911 1298 4994 praemiique
1323 4930 1434 4977 eorum
1458 4922 1665 4996 augmentum

115 5006 148 5067 iu
164 5012 292 5068 tantum
308 5025 372 5069 suaa
388 5005 476 5068 carni
491 5005 639 5068 deservit.
656 5005 760 5069 Sobrii
775 5024 862 5081 vero,
918 5009 1164 5093 permaximum.
1182 5008 1324 5072 Salvator
1344 5018 1450 5074 autem
1474 5012 1541 5094 jam
1567 5013 1666 5096 loqui-

113 5101 278 5168 ferventes
306 5111 339 5166 et
367 5102 549 5187 spirituales
578 5104 722 5167 serviunt
749 5104 864 5168 animae
918 5109 1023 5171 turin
1044 5107 1218 5182 communi,
1236 5116 1268 5170 et
1282 5116 1317 5170 ut
1332 5108 1531 5192 frequentius
1546 5114 1662 5188 evenit,

113 5222 179 5267 suae
198 5209 296 5285 atque
317 5202 452 5285 spiritui.
472 5201 510 5264 Et
528 5202 604 5284 quia
625 5201 771 5265 diabolus
793 5223 863 5286 spe·
919 5226 1100 5290 quanquam
1131 5206 1348 5289 Omnipotens,
1378 5208 1470 5289 cujus
1499 5209 1663 5291 sapientiae
1676 5227 1810 5277 raeces.

10 5325 98 5380 cums.
111 5302 239 5367 cialiter
258 5302 443 5366 nominatur
462 5321 517 5366 rex
537 5319 758 5386 superomnes
778 5301 864 5368 filios
919 5324 983 5369 non
1007 5313 1055 5368 est
1078 5305 1167 5380 finis,
1183 5323 1221 5367 ex
1244 5305 1379 5386 cognitis
1403 5305 1465 5368 sibi
1487 5308 1590 5370 causis
1616 5308 1662 5370 in-
