4154 6258
437 459 497 525 406
773 475 922 523 noumrca
942 477 998 522 ιιιιι
1018 477 1092 522 rosr
1112 475 1305 522 ιιιιιιιιιιιι.
1326 493 1367 504 -
1387 475 1486 523 sunno
1507 475 1660 522 sncnunus

291 669 423 724 ιιιιιιιι.
438 667 522 714 ιοιι.
545 648 711 731 Siquidem
732 645 816 710 beati
842 645 961 709 mundo
984 645 1089 720 corde,
1110 663 1186 728 quo·
1204 645 1344 728 Agratia
1361 652 1486 728 gratum
1501 645 1649 720 faciente,
1665 644 1804 718 caritate,
1818 645 1896 708 donis
1907 648 1950 710 vir·

438 749 524 812 niam
548 747 610 830 ipsi
632 747 733 810 Deum
755 744 920 808 videbunt.
1244 743 1431 827 tutibusque
1456 743 1600 806 infusis:
1623 743 1708 826 quod
1732 749 1860 816 notatur,
1877 764 1950 826 quun

479 846 635 918 Secundo,
662 864 701 907 ιιι
725 843 890 924 evangelio
920 841 1074 905 hodierno
1098 842 1188 905 doce·
1244 842 1372 916 dicitur,
1392 842 1658 925 Despoliaverunt
1681 860 1766 904 eum.
1786 841 1896 915 Quinto,
1912 865 1951 927 por

439 964 512 1008 mur
532 951 651 1026 quanta
673 943 713 1005 sit
736 941 988 1005 Christianorum
1013 941 1046 1002 in
1068 941 1188 1003 mundo
1244 948 1413 1022 peccatum
1428 941 1635 1003 vulneramur
1651 940 1683 1002 in
1698 939 1952 1024 naturalibusque

438 1043 498 1106 isto
518 1041 666 1115 felicitas,
683 1040 859 1103 dummodo
878 1039 1074 1119 negligentes
1092 1045 1125 1100 et
1142 1038 1188 1100 in·
1243 1058 1301 1121 per
1316 1039 1396 1101 illud
1413 1038 1573 1101 naturales
1588 1038 1673 1101 vires
1691 1037 1878 1112 inficiuntur,
1890 1049 1915 1101 ιι
1925 1043 1952 1104 ιι

436 1141 518 1223 grati
532 1140 597 1203 Deo
613 1157 677 1202 non
692 1137 814 1201 fuerint
828 1155 834 1199 :
849 1137 1001 1220 quoniam
1016 1137 1187 1199 documen·
1244 1137 1378 1200 virtutes
1403 1137 1503 1218 magis
1533 1137 1648 1219 ineptae
1672 1136 1844 1198 redduntur
1863 1157 1869 1200 :
1890 1140 1952 1220 quod

438 1245 470 1300 ta
492 1237 620 1311 Christi,
637 1236 708 1318 ejus
731 1253 857 1318 quoque
879 1233 1043 1308 miracula,
1058 1253 1187 1316 sumque
1244 1242 1382 1311 notatur,
1408 1255 1509 1318 quum
1537 1236 1592 1310 ait,
1622 1235 1661 1298 Et
1689 1234 1790 1316 plagis
1818 1235 1952 1318 impositis.

439 1333 690 1399 conversationis
715 1335 748 1396 in
769 1333 885 1397 seculo
907 1333 968 1395 isto
987 1332 1188 1394 sanctissime
1244 1334 1349 1408 Sexto,
1366 1353 1424 1416 per
1445 1342 1613 1416 peccatum
1638 1333 1772 1396 mortale
1795 1333 1953 1396 mortifican-

439 1452 535 1517 opera
551 1441 583 1498 ιι
597 1432 744 1515 exempla
759 1431 900 1514 quotidie
915 1430 1186 1512 audiunt,legunt,
1244 1440 1296 1494 tur
1322 1432 1534 1514 praecedentia
1563 1431 1728 1494 meritoria
1754 1448 1852 1513 opera.
1875 1432 1953 1506 Ouum

300 1549 424 1603 stauai.
440 1539 645 1615 cognoscunt.
667 1532 740 1606 Qua
765 1529 857 1592 multi
884 1547 973 1610 reges
995 1535 1028 1591 et
1047 1529 1125 1610 justi
1150 1547 1187 1590 ac
1244 1549 1319 1613 ergo
1337 1539 1384 1594 tot
1403 1531 1486 1594 mala
1505 1549 1544 1593 ιιι
1565 1537 1697 1613 peccato
1717 1530 1908 1602 incurramus,
1921 1531 1953 1592 nil

439 1639 526 1694 vates
550 1631 660 1693 audire
684 1637 716 1693 et
740 1647 871 1692 noscere
894 1635 1096 1710 optaverunt,
1123 1643 1187 1689 non
1243 1637 1367 1691 tantum
1398 1628 1554 1703 odiamus,
1584 1627 1821 1702 abhorreamus,
1848 1627 1954 1690 vitemus

438 1737 545 1793 tamen
559 1730 719 1802 viderunt,
731 1746 790 1791 uec
805 1727 985 1801 audierunt,
997 1745 1057 1789 nec
1073 1743 1186 1807 cogno·
1243 1727 1326 1790 sicut
1348 1734 1524 1809 peccatum.

438 1835 554 1891 verunt
574 1845 622 1901 ea,
640 1827 753 1889 saltem
775 1833 840 1888 tam
864 1824 1185 1887 circumstantionali-
1205 1819 1228 1883 B
1283 1825 1442 1889 Praeterita
1464 1842 1592 1906 quoque
1612 1823 1691 1887 vitia
1713 1824 1808 1905 digne
1825 1831 1854 1886 et
1871 1823 1954 1886 effica-

438 1934 486 1989 ter
511 1933 544 1987 ιι
566 1924 708 2007 perfecte
737 1932 773 1986 ut
798 1943 837 1986 ιιι
867 1923 1038 2004 Evangelio
1066 1923 1187 1985 innote-
1242 1924 1322 1986 citer
1345 1923 1559 2005 deploremus
1581 1923 1847 2005 quemadmodum
1867 1922 1954 2004 legitur

437 2031 539 2087 scunt
547 2024 608 2087 Sed
624 2031 740 2106 quanto
755 2023 822 2086 haec
839 2021 954 2084 melius
970 2021 1189 2094 scimus,tanto
1242 2021 1275 2084 in
1290 2022 1355 2083 vita
1369 2020 1548 2084 beatissimi
1562 2020 1696 2084 Abrabae
1710 2020 1856 2092 eremite,
1866 2021 1898 2082 de
1909 2021 1953 2082 lh·

420 2123 582 2204 ·graviora
604 2128 679 2184 sunt
700 2129 807 2184 nostre
828 2127 968 2203 peccata,
990 2127 1022 2182 et
1043 2120 1188 2184 intolera-
1242 2120 1289 2182 ria
1310 2126 1405 2201 nepte
1426 2119 1536 2201 ipsius.
1559 2119 1658 2192 Quam
1684 2118 1789 2181 adhuc
1807 2119 1952 2181 adolescen-

438 2220 553 2283 biliora
577 2227 671 2283 erunt
696 2219 866 2302 supplicia,
891 2219 954 2281 nisi
977 2219 1068 2301 juxta
1092 2219 1188 2281 docu·
1242 2217 1353 2291 tulem,
1371 2217 1436 2280 imo
1451 2225 1650 2299 septennem,
1663 2217 1753 2298 juxta
1769 2217 1954 2280 cellamsuan

440 2326 548 2381 menta
562 2327 594 2381 ιι
608 2318 757 2400 exempla
773 2317 889 2380 Christi
905 2317 1062 2392 vivamus,
1080 2317 1187 2399 ipsum
1244 2315 1357 2378 clausit
1377 2316 1410 2376 in
1432 2315 1513 2378 cella
1529 2335 1536 2379 ε
1554 2315 1665 2397 sicque
1683 2315 1781 2378 illaria
1803 2315 1851 2378 illa
1867 2315 1954 2396 viginti

440 2416 472 2478 in
488 2435 564 2479 vera
584 2417 713 2478 caritate
735 2414 790 2477 Dei
809 2420 842 2477 et
861 2413 1009 2496 proximi,
1027 2415 1059 2476 in
1080 2421 1189 2476 sancta
1242 2413 1335 2475 annis
1355 2413 1389 2476 in
1410 2414 1497 2476 omni
1521 2413 1713 2488 innocentia,
1730 2414 1863 2495 puritate
1881 2421 1906 2475 at
1921 2431 1956 2474 ca·

439 2514 632 2588 humilitate,
659 2512 913 2586 mansuetudine,
940 2513 1084 2575 castitate
1112 2513 1189 2574 acti·
1244 2511 1345 2573 citatis
1360 2511 1485 2574 fervore
1501 2512 1565 2575 Deo
1580 2511 1724 2593 angelice
1739 2512 1905 2574 deservivit.
1918 2511 1956 2572 Po
2045 2585 2046 2598 χ

439 2613 564 2695 busque
590 2611 816 2674 misericordie
841 2610 1005 2673 imitando.
1025 2611 1078 2673 Ait
1100 2629 1189 2672 narn-
1243 2617 1309 2671 ιιιι
1332 2609 1461 2691 quidam
1485 2609 1585 2672 falsus
1611 2610 1787 2673 monachus
1808 2629 1872 2672 eam
1889 2610 1957 2671 doco—
2045 2599 2046 2620 ¹

291 2726 422 2780 ιιιιιιιι.
438 2730 501 2794 que
531 2710 675 2773 Christus
700 2727 707 2772 :
734 2710 851 2772 Servus
880 2710 936 2790 qui
963 2709 1111 2790 cognovit
1135 2725 1188 2770 vo·
1243 2707 1300 2789 pit,
1319 2707 1362 2768 ita
1384 2708 1469 2788 quod
1492 2706 1606 2770 cellam
1628 2707 1731 2770 exivit
1751 2709 1793 2771 ad
1816 2707 1957 2788 illum,qui

440 2809 595 2872 luntatem
619 2807 741 2870 domini
764 2807 825 2882 sui,
843 2815 873 2869 et
897 2823 961 2869 non
983 2806 1070 2881 fecit,
1086 2806 1188 2888 plagis
1243 2806 1349 2867 statim
1380 2825 1449 2868 earn
1480 2807 1611 2869 violavit
1638 2815 1735 2889 atque
1765 2807 1893 2889 reliquit.
1918 2805 1958 2868 llla

439 2905 605 2988 vapulabit
627 2905 747 2967 multis.
766 2904 846 2966 Hinc
869 2905 908 2966 ad
931 2904 1036 2966 Titum
1058 2905 1189 2986 Aposto
1243 2911 1349 2966 autern
1379 2910 1508 2986 peracto
1537 2913 1679 2986 peccato,
1710 2905 1958 2969 vehementissime

302 3023 348 3068 ru.
359 3039 380 3076 ιι,
392 3028 425 3069 ιι.
439 3005 489 3067 lus
514 3004 656 3086 loquitur
682 3021 688 3065 :
714 3003 870 3085 Apparuit
893 3003 993 3084 gratia
1017 3003 1187 3066 Salvatoris
1207 3003 1361 3081 Cdoluit3
1378 3011 1410 3065 et
1424 3021 1489 3084 pre
1509 3003 1626 3066 rubore
1641 3011 1674 3066 et
1689 3004 1806 3067 timore
1824 3005 1859 3067 ad
1872 3003 1958 3066 callam

293 3088 325 3129 ¹³·
440 3103 539 3166 nostri
563 3101 713 3165 omnibus
732 3101 929 3176 hominibus,
946 3101 1096 3164 erudiens
1117 3118 1186 3174 nos,
1244 3121 1333 3164 suam
1355 3101 1459 3164 redire
1476 3119 1539 3165 nou
1558 3103 1690 3176 audens,
1707 3105 1802 3184 quasi
1820 3104 1958 3184 desperans

439 3208 474 3262 ut
489 3201 682 3282 abnegantes
698 3199 896 3282 impietatem
911 3208 943 3262 ιι
957 3199 1120 3262 saecularia
1135 3201 1187 3262 de·
1242 3201 1281 3262 ad
1303 3199 1457 3263 saeculum
1478 3200 1583 3274 rediit,
1600 3209 1632 3263 ct
1648 3201 1788 3283 publicae
1804 3199 1959 3282 abjectionis

438 3299 566 3374 sideria,
584 3297 689 3360 sobrie
709 3305 741 3359 ιι
758 3297 844 3378 juste
864 3304 896 3358 et
916 3297 967 3378 pie
987 3297 1132 3359 vivamus
1155 3297 1188 3358 in
1244 3305 1384 3361 scortum
1406 3297 1522 3360 effecta
1544 3307 1603 3361 ιιι.
1624 3299 1691 3373 Quo
1710 3299 1845 3381 cognito,
1860 3305 1959 3360 sanctus

439 3397 498 3460 hoc
518 3396 645 3470 saeculo,
662 3402 883 3477 exspectantes
904 3395 1028 3457 beamm
1050 3403 1188 3477 spernet
1243 3403 1375 3477 patruus
1391 3395 1461 3476 ejus
1476 3396 1636 3459 Abrabam
1653 3397 1909 3461 inaestimabiliter
1920 3395 1960 3456 tri·
2046 3395 2047 3432 ³

438 3496 611 3558 adventum
633 3494 741 3576 glorias
763 3493 870 3574 magni
891 3493 957 3556 Dei.
1243 3493 1395 3567 stabatur,
1407 3501 1439 3556 et
1454 3495 1505 3556 die
1520 3513 1556 3556 ac
1572 3502 1665 3557 nocte
1680 3514 1755 3558 curn
1773 3494 1900 3558 lacrimis
1912 3511 1960 3555 ora·

479 3593 595 3666 Tertio,
629 3611 668 3654 ex
703 3591 868 3673 evangelio
903 3591 964 3653 isto
999 3591 1188 3653 instruimur
1243 3591 1288 3653 vit
1303 3609 1361 3673 pro
1376 3610 1422 3654 ea.
1440 3592 1582 3654 llvolutis
1599 3593 1728 3655 demum
1743 3594 1864 3656 duobus
1881 3592 1959 3660 annis,

438 3700 557 3775 quanta
577 3691 660 3753 mala
680 3699 712 3753 ιι
732 3691 847 3752 damna
868 3689 1009 3751 incurrat
1031 3688 1127 3752 bomo
1148 3708 1187 3752 ιιι
1243 3708 1344 3771 quum
1369 3690 1567 3771 percepisset
1590 3689 1646 3752 ubi
1674 3691 1730 3753 illa
1754 3699 1838 3754 esset
1856 3699 1884 3753 ot
1903 3689 1959 3772 quid

440 3789 566 3852 mortali
581 3797 721 3871 peccato.
739 3788 817 3850 Nam
832 3787 948 3869 primo,
958 3806 1016 3868 per
1031 3787 1110 3850 illud
1127 3787 1188 3869 pri·
1242 3796 1358 3868 ageret,
1376 3786 1511 3849 mutavit
1526 3786 1682 3860 habiturn,
1696 3790 1918 3870 militaremque
1929 3789 1961 3848 in·

440 3907 554 3950 vamur
578 3887 754 3950 hereditate
779 3886 868 3966 regni
891 3885 1042 3958 coelestis,
1058 3885 1118 3948 boc
1140 3894 1187 3949 est
1242 3884 1312 3947 duit
1325 3892 1458 3960 vestem,
1481 3893 1513 3947 et
1532 3886 1688 3969 equitavit
1706 3888 1747 3950 ad
1767 3906 1848 3961 earn,
1862 3886 1959 3948 vultum

441 3993 557 4050 eterna
587 3985 739 4048 felicitate
768 3991 800 4046 ιι
826 3984 928 4064 gloria
954 4003 961 4047 :
987 3984 1072 4066 quod
1101 3992 1187 4047 notat
1242 4003 1337 4045 suum
1357 3984 1401 4046 ιιι
1414 3991 1536 4064 tegens,
1551 3985 1638 4066 quod
1657 3984 1698 4048 ab
1716 4004 1755 4048 ea
1773 3985 1907 4067 cognosci
1923 4001 1961 4044 ne-

300 4097 354 4145 ιιι.
364 4103 425 4152 noo.
441 4085 595 4158 Christus,
612 4102 712 4165 quum
728 4083 782 4157 ait,
798 4083 899 4145 Homo
914 4083 1043 4164 quidam
1060 4083 1188 4145 descen·
1242 4083 1355 4165 quivit.
1370 4083 1537 4164 Quumque
1552 4084 1638 4147 solus
1654 4102 1729 4147 cum
1746 4105 1784 4148 ea
1798 4093 1875 4148 esset
1888 4085 1914 4146 in
1926 4101 1961 4144 ca-

441 4181 535 4246 debat
554 4183 593 4245 ab
614 4181 799 4245 Jerusalem.
821 4181 978 4256 Secundo,
1001 4201 1058 4263 per
1077 4199 1187 4263 pecca·
1203 4182 1227 4245 D
1245 4180 1470 4254 mera,vultum
1482 4200 1576 4243 suurn
1591 4182 1712 4245 detexit
1726 4191 1758 4246 et
1773 4184 1915 4246 allocutus
1927 4187 1961 4243 est

440 4290 508 4344 turn
524 4281 724 4364 captivamur
738 4279 798 4342 sub
813 4279 941 4341 defectu
956 4280 1139 4362 multiplici,
1156 4288 1188 4342 ιι
1243 4297 1324 4341 eam.
1346 4279 1418 4361 lpsa
1436 4297 1512 4342 vero
1532 4281 1658 4362 cognito
1681 4289 1797 4362 patruo
1815 4299 1878 4354 suo,
1892 4277 1961 4362 quasi

440 4387 546 4443 mente
572 4379 747 4452 instabiles,
773 4378 964 4460 exsulesque
988 4378 1152 4440 efficimur
1177 4399 1185 4444 :
1244 4377 1399 4440 exanimis
1415 4386 1463 4441 est
1482 4377 1607 4440 effecta.
1624 4379 1696 4461 lpse
1711 4399 1789 4443 vero
1804 4377 1962 4460 benignissi-

440 4477 525 4562 quod
554 4484 691 4550 notatur,
718 4495 819 4558 quum
841 4476 969 4550 dicitur,
991 4477 1026 4538 ln
1049 4477 1182 4540 lericho.
1243 4495 1379 4538 mecam
1399 4475 1599 4551 confortavit,
1616 4477 1961 4553 consolabatur,conver·

440 4575 555 4648 Τιιιιο,
571 4595 629 4657 per
645 4581 812 4657 peccatum
832 4573 1025 4654 subjicimur
1040 4575 1185 4638 servituti
1242 4574 1291 4648 tit,
1318 4582 1350 4636 et
1374 4593 1483 4637 secum
1508 4575 1644 4649 reduxit,
1668 4584 1766 4658 atque
1793 4577 1824 4638 in
1844 4573 1961 4638 interiori

440 4674 563 4757 peccati
591 4681 685 4755 atque
713 4671 842 4746 diaboli,
873 4673 948 4754 quia
975 4680 1006 4736 et
1035 4674 1185 4756 princeps
1243 4673 1703 4755 cellarcclusit.lnquallaria
1719 4675 1962 4758 illapeocatasua

304 4797 322 4840 ιι
330 4797 423 4850 real,
438 4772 661 4854 Apostolorum
681 4779 815 4835 testatur
832 4771 881 4833 :A
904 4790 966 4854 quo
991 4773 1062 4854 quis
1082 4773 1185 4836 victus
1241 4771 1293 4834 die
1313 4780 1345 4834 ιι
1364 4779 1456 4834 nocte
1478 4771 1638 4834 uberrime
1662 4772 1851 4854 deploravit,
1874 4772 1961 4834 induta

294 4863 327 4903 ¹⁹·
439 4880 497 4945 est,
528 4869 625 4950 hujus
654 4879 685 4932 et
713 4889 824 4933 servus
854 4878 909 4932 est.
941 4871 1072 4952 Propter
1100 4872 1183 4953 quod
1241 4870 1347 4935 cilicio
1361 4877 1394 4932 et
1409 4870 1441 4931 in
1457 4869 1649 4932 abstinentia
1664 4890 1792 4934 summa
1807 4889 1911 4954 corpus
1923 4887 1961 4930 su·

291 4993 422 5046 amun.
437 4970 552 5034 Paulus
572 4969 714 5031 hortatur
730 4987 737 5032 :
753 4968 823 5031 Non
843 4976 954 5050 regnet
968 4977 1134 5051 peccatum
1152 4969 1184 5031 in
1241 4988 1296 5032 um
1311 4966 1607 5050 affligens,vigiliis‚
1617 4969 1961 5049 orationibusoompun·

436 5076 543 5133 vestro
559 5066 684 5130 mortali
699 5085 842 5148 corpore.
854 5068 919 5131 Hoc
935 5075 1071 5142 notatur,
1084 5087 1184 5150 quum
1240 5065 1400 5130 ctionibus
1417 5085 1514 5148 supra
1532 5066 1686 5130 humanas
1700 5067 1788 5132 vires
1810 5068 1958 5131 insistens:

436 5168 564 5241 dicitur,
589 5165 705 5228 lncidit
733 5165 766 5226 in
796 5166 943 5230 latrones.
975 5167 1101 5242 Quarta,
1127 5187 1185 5250 per
1238 5167 1349 5248 sicque
1364 5166 1402 5228 ad
1418 5173 1538 5228 tantam
1554 5185 1663 5229 rursus
1680 5167 1903 5250 perfectionem
1918 5164 1958 5226 de·

436 5272 601 5349 peccatum
616 5262 795 5348 spoliamur
808 5263 899 5328 donis
913 5265 1070 5345 gratuitis,
1088 5265 1119 5328 id
1135 5274 1183 5330 cst
1238 5265 1337 5340 venit,
1353 5265 1550 5347 quodetiam
1566 5266 1667 5328 multa
1680 5266 1745 5348 egit
1768 5266 1918 5330 miracula.
