4140 6258
298 491 447 540 uounrrca
466 493 500 540 rr
519 492 592 540 rosr
612 491 807 540 mmnnrau.
827 509 867 522 -
888 493 931 540 an
950 493 1145 558 nrarorosos3
1168 495 1266 544 sunno
1286 497 1423 554 ooanrus
1576 480 1637 546 369

97 663 207 736 sedare,
223 669 318 745 atque
332 679 390 746 per
404 669 503 727 totam
519 662 682 726 civitatem
697 664 832 726 circum·
846 663 873 725 A
887 663 956 746 ipsa
971 666 1159 730 essetTuno
1175 685 1301 749 quoque
1317 687 1400 731 nnus
1415 668 1634 731 ministrorum

97 761 170 834 duci,
179 778 241 825 uno
255 779 293 824 ex
309 761 513 844 principibus
528 762 611 843 regis
626 781 746 844 equum
761 781 834 824 cum
887 763 970 843 regis
995 762 1149 825 indicavit
1172 765 1201 826 ei
1226 765 1363 846 qualiter
1386 766 1489 828 Aman
1513 785 1633 849 praepa·

96 858 178 922 lreuo
200 865 339 932 tenente,
361 867 575 942 praecurrente
600 867 632 922 et
653 861 831 923 exclaman-
887 867 986 922 rasset
1001 860 1181 942 patibulum
1203 861 1433 943 quinquaginta
1451 861 1633 926 cubitorum

98 957 221 1020 tezlloc
240 957 360 1020 honore
382 958 559 1039 condignus
578 966 627 1022 est
645 978 832 1042 quemcum-
887 957 920 1019 in
944 958 1113 1021 altitudine
1137 959 1341 1023 llardoehaeo.
1369 961 1518 1042 Dixitque
1542 979 1597 1023 rer
1624 981 1631 1025 :

97 1074 152 1138 que
171 1072 222 1117 rex
239 1055 375 1119 voluerit
389 1055 553 1119 honorare.
572 1057 659 1119 Tunc
679 1076 733 1119 rex
752 1058 834 1120 dixit
887 1055 1077 1140 Suspendite
1100 1057 1201 1120 Amen
1231 1058 1264 1119 in
1291 1075 1337 1121 eo.
1364 1059 1431 1132 Ono
1460 1058 1551 1132 laeto,
1578 1077 1632 1122 rex

96 1154 130 1216 ad
151 1153 248 1216 Aman
276 1171 283 1216 :
308 1154 404 1228 Vade,
427 1163 459 1216 et
481 1154 589 1217 omnia
612 1174 683 1236 que
707 1154 832 1218 locutus
887 1155 1296 1219 constituitldardochmum
1316 1155 1518 1237 indignitate
1537 1164 1633 1239 atque

97 1271 136 1326 es,
164 1250 212 1314 lac
243 1252 438 1318 ldardochao
468 1254 584 1318 ludaeo.
616 1253 704 1326 Quod
731 1255 831 1317 Aman
886 1249 996 1315 oliicio
1018 1253 1128 1316 Aman.
1151 1253 1239 1316 Unde
1262 1261 1348 1336 patet
1369 1254 1454 1336 quod
1478 1255 1561 1317 Deus
1583 1273 1779 1329 sumena,

12 1369 162 1414 ralateum
190 1350 329 1414 maximo
357 1350 435 1413 iecit
464 1369 610 1415 moerore.
635 1351 732 1415 Paulo
760 1360 832 1435 post
886 1351 1001 1433 perbos
1028 1351 1188 1425 humiliat,
1216 1359 1248 1414 et
1271 1359 1434 1434 sperantes
1460 1352 1493 1414 in
1517 1371 1551 1415 se
1574 1337 1756 1451 hu-{ffpfffi

12 1461 14 1472 ’
96 1449 198 1512 Esther
219 1449 328 1530 regina
351 1449 503 1514 indicavit
522 1449 588 1531 regi
608 1451 692 1532 quod
713 1451 831 1515 llardo-
886 1449 978 1512 miles
1003 1450 1128 1512 exaltat.
1150 1451 1236 1513 lstud
1261 1451 1394 1532 contigit
1417 1458 1560 1533 tempore
1580 1470 1633 1514 re·

95 1547 191 1610 chaus
205 1554 290 1610 esset
304 1555 434 1630 patruus
449 1548 566 1629 ejus,et
581 1548 718 1630 qualiter
732 1549 831 1612 Aman
884 1547 961 1610 teris
990 1548 1194 1623 Testamenti,
1220 1549 1347 1631 quando
1374 1549 1472 1612 Judaei
1502 1549 1633 1613 luerunt

96 1663 146 1726 per
163 1643 257 1706 falsas
277 1643 496 1725 suggestiones
515 1644 716 1726 impetrasset
735 1645 830 1709 licen·
884 1647 1023 1728 populus
1052 1647 1120 1722 Dei,
1145 1655 1178 1710 et
1206 1648 1257 1711 lex
1284 1647 1398 1730 Moysis
1427 1649 1532 1712 adhuc
1562 1668 1631 1711 cur·

93 1743 163 1806 tiam
177 1743 342 1806 occidendi
357 1744 491 1818 Judaeos,
501 1744 540 1806 de
555 1762 691 1826 quorum
707 1745 829 1810 semine
883 1746 981 1809 rebat.

530 2101 644 2184 AD
687 2099 1188 2185 RELIGIOSOS

628 2522 802 2610 SERMO
837 2521 1081 2626 QUARTUS

466 2760 511 2808 DE
538 2759 638 2807 rrum
666 2758 924 2818 cunrlrourrlu,
949 2760 986 2806 ΕΤ
1014 2761 1251 2808 numularii.

154 3026 295 3088 RATIA
311 3024 374 3088 Dei
391 3043 463 3085 sam
479 3025 516 3085 id
531 3026 714 3104 quodsum.
731 3023 742 3086 l
763 3022 831 3086 Cor.
848 3022 872 3085 B
891 3021 1072 3104 piosissime
1097 3021 1184 3096 lecit,
1209 3022 1386 3104 praesertim
1412 3021 1444 3084 in
1473 3040 1555 3086 novo
1580 3024 1637 3087 Te·

167 3141 218 3199 xv,
237 3121 288 3188 lo.
890 3128 1057 3196 memento,
1081 3121 1113 3182 in
1138 3120 1251 3203 primis
1273 3139 1330 3203 per
1355 3121 1527 3196 Christum,
1550 3122 1637 3185 dein-

125 3219 211 3284 Sicut
229 3221 271 3285 ad
292 3219 567 3304 supernaturalem
586 3219 699 3294 linem,
715 3219 771 3302 qui
787 3226 835 3282 est
889 3219 928 3282 de
951 3239 1008 3302 per
1026 3220 1193 3302 Apostolos
1217 3239 1254 3282 ac
1275 3219 1355 3283 alios
1376 3219 1513 3295 Sanctus,
1535 3239 1636 3303 usque

89 3319 168 3384 clara
182 3328 214 3383 et
230 3319 363 3384 lruitiva
382 3319 499 3382 divinae
516 3319 662 3382 essentie
676 3319 758 3382 visio
778 3337 834 3401 per
890 3317 922 3380 in
943 3337 1092 3401 presens,
1114 3317 1372 3393 innumerabilia,
1393 3319 1637 3401 praeclarissima

88 3419 237 3500 speciem,
255 3418 339 3482 Deus
361 3417 505 3480 condidit
523 3417 696 3491 hominem,
713 3417 756 3479 ita
777 3435 835 3498 per
890 3423 921 3478 et
940 3415 1003 3479 sibi
1022 3415 1082 3478 soli
1102 3415 1268 3498 possibilia
1290 3435 1347 3499 per
1368 3416 1439 3480 illos
1460 3434 1557 3497 agens
1580 3417 1636 3480 mi·

89 3515 341 3598 supernaturalia
361 3515 466 3578 media
481 3534 555 3578 eum
576 3514 722 3598 perducit
736 3515 775 3577 ad
798 3514 833 3576 il·
889 3514 1007 3589 raoula,
1023 3515 1093 3578 sine
1112 3515 1231 3597 quibus
1250 3515 1465 3578 certissimum
1480 3523 1529 3579 est
1544 3535 1637 3579 mun-

88 3613 156 3676 lam.
167 3614 205 3676 Et
220 3614 328 3678 media
345 3613 493 3676 istasunt
507 3612 648 3695 duplicia
664 3632 671 3677 :
688 3613 833 3695 quasdam
889 3612 966 3674 dum
986 3631 1151 3694 nunquam
1172 3612 1312 3694 potuisse
1327 3613 1365 3676 ad
1381 3621 1446 3676 tam
1461 3613 1637 3696 incompre-

88 3719 158 3774 sunt
181 3711 363 3776 accidentia
390 3711 514 3774 homini
537 3710 714 3774 formaliter
738 3711 835 3774 inhae-
889 3710 1082 3774 hensibilem
1102 3709 1201 3772 iidem
1223 3729 1260 3772 ae
1284 3711 1507 3774 arduissimam
1533 3713 1636 3794 legem

87 3810 195 3884 rentia,
223 3817 337 3893 utpote
360 3809 472 3891 gratia,
493 3809 628 3872 virtutes
652 3809 777 3883 inlusae,
803 3816 834 3872 et
890 3809 1041 3872 converti.
1068 3808 1211 3891 Denique
1236 3809 1303 3873 haeo
1332 3808 1402 3891 ipsa
1426 3829 1497 3892 qua
1523 3811 1555 3872 in
1583 3828 1638 3875 no-

87 3908 164 3971 dona
189 3908 330 3992 Spiritus
355 3907 481 3988 Sancti3
506 3907 567 3970 alia
591 3915 666 3970 sunt
689 3907 833 3970 substan·
889 3925 929 3970 vo
953 3907 1113 3970 credimus
1138 3908 1338 3970 Testamento
1363 3916 1501 3990 peracta,
1528 3909 1561 3971 in
1585 3928 1639 3972 vc-

86 4007 170 4069 tialia
188 4009 261 4071 sive
281 4006 460 4069 extrinseca
478 4005 611 4080 homini,
629 4006 711 4068 sicut
724 4005 834 4068 huma·
890 4005 948 4068 teri
971 4005 1172 4068 Testamento
1192 4005 1276 4068 Deus
1298 4023 1356 4088 per
1377 4005 1455 4068 tales
1478 4026 1514 4069 ac
1535 4013 1637 4072 tantos

85 4103 164 4168 nitas
189 4105 322 4180 Christi,
348 4105 523 4168 incarnatio
546 4103 652 4178 Verbi,
673 4105 778 4187 passio
802 4111 834 4167 et
889 4103 1036 4186 predixit
1059 4103 1191 4184 agenda,
1207 4104 1292 4185 quod
1317 4103 1381 4166 illis
1406 4122 1469 4167 non
1495 4106 1635 4181 credere,

83 4204 287 4279 resurrectio,
312 4203 457 4267 ascensio
484 4221 520 4266 ac
549 4211 653 4265 cetera
682 4202 832 4286 mysteria
848 4199 869 4263 C
888 4209 1037 4266 entremae
1053 4209 1137 4266 esset
1157 4202 1333 4266 dementiae.
1352 4202 1439 4265 Unde
1458 4210 1576 4284 quanta
1595 4204 1636 4266 sit

82 4300 267 4366 Salvatoris.
887 4301 963 4364 lidei
985 4301 1165 4364 christianae
1185 4300 1342 4362 certitudo
1361 4318 1399 4362 ac
1413 4301 1541 4375 veritas,
1558 4320 1634 4383 pan-

118 4401 216 4465 Porro
231 4401 391 4464 virtutum
413 4399 590 4463 inlusarum
611 4400 714 4482 prima
731 4406 779 4462 est
794 4400 833 4464 li·
887 4399 934 4462 dit
957 4399 990 4461 in
1015 4399 1125 4462 multis
1151 4398 1228 4461 locis
1252 4398 1432 4479 Apostolus,
1453 4398 1632 4485 praesertim

80 4499 144 4576 des,
162 4519 237 4584 qum
259 4506 308 4562 est
327 4498 443 4562 lutura
464 4496 621 4561 beatilicae
640 4497 774 4561 visionis
795 4516 832 4560 ac
886 4498 924 4560 ad
948 4498 1070 4562 Galatas
1097 4517 1104 4562 :
1127 4497 1215 4560 Licet
1238 4497 1415 4579 (inquiens)
1438 4497 1569 4578 angelus
1593 4499 1632 4563 de
1648 4521 1778 4578 carata.

79 4604 313 4662 consummata
328 4596 448 4660 notitiae
464 4595 752 4679 superbeatissimae
766 4596 832 4658 'lri-
887 4597 968 4661 eoelo
986 4597 1182 4678 evangelizet
1201 4597 1292 4660 vobis
1313 4605 1524 4680 preterquam
1546 4600 1631 4680 quod

79 4698 187 4761 nitatis
209 4696 375 4760 inchoatio
389 4696 534 4777 quedam
554 4713 610 4758 seu
631 4694 766 4758 obscura
781 4713 831 4758 co·
887 4686 1352 4778 evangelizavimusanathema
1364 4695 1528 4758 sitVerum
1540 4716 1634 4779 quan·

78 4797 188 4878 gnitio.
206 4795 272 4860 Sed
289 4795 364 4876 quia
384 4793 451 4857 haec
470 4793 552 4856 lides
567 4801 614 4857 est
629 4794 668 4856 de
683 4813 833 4876 superna·
886 4803 919 4858 to
934 4813 992 4878 pro
1006 4802 1114 4858 nostra
1132 4794 1233 4857 saluta
1253 4795 1346 4877 plura
1360 4794 1438 4858 lecit
1451 4814 1487 4858 ao
1502 4797 1634 4879 pertulit

78 4895 240 4959 toralibus
257 4892 458 4968 veritatibus,
470 4912 541 4975 que
556 4893 680 4955 scilicet
697 4894 832 4956 naturali
887 4893 1074 4975 Unigenitus
1089 4892 1157 4966 Dei,
1175 4901 1294 4975 quanto
1313 4911 1372 4976 pro
1395 4894 1575 4960 christiana
1594 4895 1633 4958 li-

78 4995 201 5059 ratione
223 5011 286 5057 nec
306 4993 445 5055 inveniri
471 4999 593 5075 queunt
611 5009 670 5055 neo
690 5011 834 5075 eompre-
887 4992 938 5055 dei
959 4991 1202 5056 confirmatione
1223 4992 1398 5074 majorano
1417 4993 1510 5076 plura
1531 4996 1635 5077 prodi-

76 5091 318 5170 hendi,idcirco
331 5111 388 5175 per
401 5092 654 5175 supernaturalia
668 5110 833 5174 argumen·
887 5091 939 5172 gia
966 5091 1091 5173 operari
1121 5091 1269 5172 dignatus
1296 5097 1344 5154 cst
1372 5093 1455 5155 [leus
1484 5101 1632 5168 eternus,

75 5200 107 5256 ta
121 5192 187 5256 luit
206 5191 386 5276 probanda,
403 5209 461 5274 per
480 5209 550 5273 quae
570 5190 706 5254 sciretur
727 5209 796 5254 esse
815 5211 833 5254 a
887 5197 975 5252 tanto
989 5189 1248 5264 damnabiliores,
1265 5190 1451 5272 ingratiores
1472 5191 1632 5272 negligen-

75 5290 140 5356 Dco
163 5291 295 5356 collata.
317 5289 356 5353 llt
375 5288 435 5353 hoc
458 5289 662 5372 omnipotens
680 5290 764 5352 Deus
784 5307 834 5353 co
887 5289 1048 5373 tioresque
1069 5309 1191 5365 sumus,
1208 5289 1270 5352 nisi
1290 5290 1385 5372 digne
1406 5291 1469 5354 Deo
1491 5298 1523 5354 et
1541 5290 1633 5370 juxta

206 5425 243 5478 Τ.
263 5424 303 5476 80.
1475 5424 1504 5474 tt
