4288 6264
417 557 420 560 Ι
443 473 484 538 82
813 491 845 537 m
865 490 917 536 om
939 489 1054 537 seuero
1076 486 1291 535 ramucosras.
1312 503 1352 515 -
1374 486 1473 534 sanxo
1494 486 1620 533 marrus

446 661 627 745 profectum
642 669 674 725 et
689 662 891 725 commodum
908 659 1088 733 hominum,
1100 665 1194 740 prout
1208 657 1235 721 Α
1247 657 1424 720 humanum
1439 674 1541 739 genus
1556 655 1692 718 liberare
1708 669 1900 736 proponens.
1910 651 1993 716 Unde
2103 653 2104 710 l

301 771 432 822 ocaeano.
447 761 480 823 iu
505 761 751 824 Deuteronomio
774 760 895 842 Moyses
920 759 964 820 ait
990 776 997 820 :
1023 758 1068 820 Ne
1092 756 1194 820 oculis
1248 764 1433 837 atcmpore
1458 754 1513 817 illo
1537 773 1664 837 semper
1687 753 1776 816 dedit
1804 750 1993 834 quibusdam

447 859 579 922 elevatis
596 859 628 921 in
644 860 773 933 coelum,
789 858 899 920 adores
914 857 1013 920 solem
1030 864 1060 918 et
1076 856 1194 928 lunam,
1248 855 1358 916 electis
1373 853 1555 917 hominibus
1571 853 1651 915 dona
1665 851 1791 914 diversa
1805 849 1915 931 gratiae
1930 869 1996 923 sua,
2103 847 2104 850 ’

447 965 479 1020 et
503 958 611 1020 omnia
634 965 717 1020 astra
738 957 823 1030 coeli,
840 976 911 1038 quae
933 956 1087 1018 Dominus
1112 954 1194 1015 Deus
1249 952 1443 1014 Patriarcbas
1463 959 1494 1014 et
1518 951 1690 1033 Prophetas
1710 949 1922 1023 constituens,
1945 967 1997 1028 per

448 1064 522 1118 tuus
538 1056 657 1119 creavit
672 1056 704 1117 in
721 1054 935 1118 ministerium
956 1053 1079 1116 cunctis
1094 1051 1195 1133 genti·
1250 1067 1330 1132 quos
1351 1049 1467 1112 Christi
1491 1048 1753 1120 incarnationem,
1769 1046 1946 1109 adventum
1970 1053 1997 1106 et

448 1153 508 1216 bus
530 1173 599 1236 quae
621 1153 681 1216 sub
702 1153 783 1216 coelo
805 1159 889 1214 sunt.
1251 1147 1431 1228 passionem
1459 1145 1685 1228 prenuntiavit
1708 1163 1745 1207 ac
1770 1143 1995 1226 praefiguravit.

486 1253 620 1334 Insuper
639 1252 672 1314 in
692 1252 752 1314 hoc
773 1251 856 1312 Deus
876 1249 1057 1332 specialiter
1077 1247 1196 1311 bonita-
1252 1244 1437 1327 specialiter
1458 1261 1586 1326 quoque
1608 1243 1641 1305 in
1665 1243 1766 1306 veteri
1786 1242 1996 1316 Testamenta,

447 1359 522 1424 tem,
555 1350 718 1412 caritatem
749 1367 786 1411 ac
818 1345 1074 1410 munificentiam
1104 1365 1194 1407 suam
1250 1341 1896 1425 diversaetcopiosamuneragratiarum
1914 1340 1998 1402 dedit

447 1449 635 1511 monstravit
650 1449 683 1510 in
698 1447 835 1511 hominis
850 1444 1109 1526 creatione,quod
1124 1462 1196 1506 eum
1250 1440 1446 1505 hominibus.
1477 1441 1597 1503 Deinde
1628 1447 1774 1522 tempore
1807 1438 1997 1520 evangelice

447 1565 512 1629 prae
528 1546 642 1608 ceteris
662 1545 869 1608 inferioribus
890 1544 1043 1607 creaturis
1063 1542 1102 1604 ad
1118 1541 1195 1603 ima·
1251 1541 1329 1621 legis
1358 1558 1486 1602 omnem
1511 1539 1611 1602 solitae
1635 1538 1843 1620 benignitatis
1868 1537 1996 1600 modum

446 1644 555 1724 ginem
571 1651 603 1706 et
617 1643 864 1706 similitudinem
880 1660 970 1704 suam
987 1640 1197 1714 creavit,dan-
1250 1639 1397 1712 excessit,
1418 1645 1449 1700 et
1471 1637 1646 1719 gratiarum
1670 1637 1862 1699 charismata
1886 1635 1998 1697 ineffa-

447 1743 488 1805 do
503 1743 532 1804 ei
553 1742 708 1804 rationem
730 1760 794 1823 qua
812 1740 992 1804 Creatorem
1012 1759 1105 1801 suum
1125 1756 1196 1821 pos·
1250 1735 1359 1799 hiliter
1376 1736 1504 1819 copiose
1526 1733 1684 1798 universis
1702 1734 1853 1816 gentibus
1872 1743 1923 1796 est
1943 1735 1998 1796 lar·

447 1848 496 1903 set
517 1858 720 1921 cognoscere,
738 1847 770 1902 et
788 1838 984 1903 voluntatem
1006 1857 1070 1919 qua
1089 1837 1195 1919 ipsum
1213 1835 1346 1916 Dgitus,
1362 1842 1394 1896 et
1415 1852 1479 1897 non
1501 1834 1557 1896 uni
1581 1834 1746 1896 dumtaxat
1770 1833 1901 1916 populo,
1919 1833 1999 1896 sicut

447 1945 555 2020 posset
578 1937 723 2019 diligere,
739 1945 835 2019 atque
859 1935 1107 1998 intellectualem
1131 1953 1196 1996 me·
1251 1933 1284 1994 in
1307 1933 1407 1994 veteri
1426 1933 1635 1995 Testamenta.

448 2037 581 2099 moriam
606 2055 669 2119 qua
690 2055 764 2098 eum
787 2042 895 2116 posset
915 2033 1035 2116 jugiter
1059 2033 1196 2096 retinere
1290 2031 1442 2093 Praeterea
1462 2031 1494 2092 in
1514 2031 1574 2092 boc
1594 2029 1838 2112 praeclarissime
1854 2031 1940 2092 Deus
1954 2048 2000 2091 ca-

447 2135 541 2196 etad
566 2141 706 2196 mentem
731 2133 895 2206 reducere,
916 2133 1026 2213 sicque
1051 2131 1084 2192 in
1109 2131 1195 2192 illius
1251 2128 1569 2202 ritatembonitatem
1586 2137 1618 2190 et
1633 2127 1891 2191 munificentiam
1907 2147 1997 2191 suam

447 2233 560 2294 notitia
582 2251 618 2294 ac
640 2250 747 2294 amore
769 2230 908 2292 firmiter
930 2229 997 2310 figi.
1015 2229 1093 2290 ilino
1115 2228 1196 2289 dixit
1251 2227 1481 2290 demonstravit
1495 2227 1691 2300 hominibus,
1707 2227 1793 2308 quod
1808 2227 1855 2290 eis
1871 2245 1935 2289 non
1953 2244 1998 2288 so·

315 2350 433 2404 cennas.
448 2331 602 2393 Dominus
631 2331 714 2392 Deus
740 2347 747 2391 :
774 2329 937 2390 Faciamus
966 2327 1129 2389 hominem
1156 2326 1194 2387 ad
1251 2324 1318 2386 lum
1333 2327 1417 2387 dona
1432 2332 1536 2387 creata
1551 2325 1719 2407 impendit,
1733 2326 1788 2387 sed
1805 2326 1895 2388 Pater
1910 2333 1998 2388 aeter-

448 2429 620 2509 imaginem
651 2434 683 2490 et
711 2426 957 2489 similitudinem
985 2432 1136 2497 nostram,
1164 2433 1195 2486 ct
1251 2424 1422 2486 nusetiam
1439 2424 1640 2504 unigenitum
1660 2423 1886 2486 Filiumsuum
1905 2423 1998 2487 nobis

447 2525 556 2608 presit
581 2524 763 2587 volatilibus
788 2523 873 2597 coeli,
897 2531 929 2585 et
952 2522 1064 2584 bestiis
1091 2529 1192 2595 terre,
1250 2521 1390 2595 donavit,
1407 2523 1490 2584 sicut
1509 2523 1603 2584 lsaias
1623 2521 1767 2604 profatur
1784 2540 1791 2583 :
1808 2523 1889 2585 Puer
1905 2529 1998 2584 natus
2021 2540 2087 2582 nar

447 2642 484 2686 ac
500 2622 643 2706 piscibus
659 2622 764 2684 maris.
781 2621 862 2684 Hinc
881 2621 970 2702 Hugo
985 2620 1024 2682 de
1045 2620 1074 2682 S.
1092 2620 1194 2683 Victo·
1250 2627 1299 2682 est
1317 2618 1420 2694 nohis,
1438 2619 1526 2682 filius
1545 2620 1637 2682 datus
1656 2627 1706 2682 est
1724 2619 1827 2682 nobis.
1846 2620 1885 2682 Et
1903 2621 1934 2682 S.
1951 2621 1998 2682 Jo-

448 2741 481 2784 re
507 2721 617 2783 scribit
635 2737 641 2782 :
659 2720 748 2794 Vide,
771 2738 790 2782 o
813 2720 919 2792 homo,
940 2719 1019 2781 dicit
1044 2717 1192 2792 mundus,
1249 2736 1348 2779 annes
1363 2717 1524 2800 apostolus
1544 2718 1577 2779 in
1596 2737 1653 2780 sua
1671 2719 1776 2800 prima
1796 2725 1930 2781 testatur
1945 2719 1998 2782 Ca-

447 2819 607 2902 quomodo
622 2826 707 2881 amat
723 2826 753 2880 te
773 2819 827 2900 qui
844 2825 1019 2900 propterte
1039 2816 1116 2880 fecit
1131 2835 1190 2879 me.
1250 2817 1365 2877 nonica
1391 2834 1397 2876 :
1424 2817 1458 2878 ln
1483 2817 1543 2878 hoc
1571 2817 1720 2898 apparuit
1744 2817 1858 2880 caritas
1882 2817 1939 2879 Dei
1964 2817 1996 2878 in
2010 2837 2094 2881 inem

446 2917 555 2980 Servio
570 2917 640 2990 tibi,
657 2915 850 3000 quiefactus
865 2935 936 2978 sum
956 2923 1142 2997 propterte,
1159 2922 1194 2976 ut
1249 2912 1352 2986 nobie,
1369 2913 1520 2995 quoniam
1543 2913 1659 2975 Filium
1678 2932 1774 2976 suum
1794 2914 1996 2994 unigenitum
2008 2902 2025 2942 ⁹·

445 3016 565 3078 servias
581 3015 628 3077 illi
644 3015 698 3097 qui
715 3014 792 3076 fecit
807 3033 858 3077 me
873 3021 904 3076 et
925 3021 955 3076 te
972 3031 979 3074 :
998 3031 1048 3076 me
1064 3011 1231 3095 propterC
1250 3011 1337 3072 misit
1359 3011 1440 3072 Deus
1463 3011 1495 3072 iu
1518 3011 1686 3086 mundum,
1710 3019 1745 3074 ut
1770 3012 1915 3074 vivamus
1941 3031 1997 3094 per

444 3122 487 3188 te,
500 3122 531 3176 et
544 3121 575 3176 te
591 3122 721 3196 propter
736 3131 779 3176 se.
793 3113 825 3175 Si
841 3112 940 3176 sentis
955 3111 1114 3184 officium,
1126 3110 1194 3172 red·
1249 3127 1335 3170 eum.
1356 3109 1447 3170 Pater
1468 3126 1596 3190 quoquc
1620 3117 1651 3171 ct
1676 3109 1786 3185 Filius,
1803 3128 1868 3172 non
1892 3111 1998 3174 solum

444 3212 485 3276 de
500 3211 663 3290 debitum;
679 3211 705 3273 si
726 3211 845 3293 accipis
865 3210 1107 3291 benignitatem,
1124 3208 1193 3270 red·
1248 3207 1331 3268 dona
1346 3207 1483 3288 Spiritus
1498 3207 1614 3282 Sancti,
1623 3208 1678 3270 sed
1693 3216 1725 3270 et
1739 3208 1915 3291 ipsummet
1931 3209 2000 3290 Spi-

444 3311 483 3372 de
499 3310 636 3373 Creatori
651 3317 707 3372 ‘tuo
722 3309 939 3382 dilectionem,
951 3327 1010 3391 pro
1024 3307 1193 3370 beneficiis
1250 3305 1346 3366 ritum
1366 3306 1515 3368 Sanctum
1537 3306 1630 3370 nobis
1652 3306 1810 3369 miserunt
1830 3307 2000 3389 atquede-

444 3407 560 3490 gratias
575 3426 641 3488 age.
660 3408 767 3487 ltaque
783 3406 906 3487 probis
926 3407 1124 3468 naturalibus
1139 3405 1193 3468 do·
1250 3403 1374 3464 derunt.
1392 3404 1448 3465 Per
1462 3403 1522 3465 hoc
1538 3405 1625 3467 enim
1640 3405 1776 3468 Persona
1790 3405 1900 3468 divina
1915 3404 2001 3467 mitti

445 3505 496 3566 nis
517 3523 554 3566 ac
577 3504 745 3567 beneficiis
766 3503 822 3565 Dei
843 3504 960 3583 gratias
980 3522 1107 3585 semper
1126 3503 1194 3565 red·
1224 3529 1229 3538 ·
1250 3508 1282 3562 et
1302 3501 1369 3563 dari
1389 3501 1575 3564 bominibus
1597 3502 1796 3584 perhibetur,
1813 3504 1898 3586 quod
1918 3523 2003 3566 novo

444 3604 583 3680 damus3
609 3620 668 3664 nec
692 3601 742 3662 bis
768 3619 839 3681 quaa
867 3599 1003 3662 contulit
1031 3600 1134 3673 nobis,
1161 3600 1192 3661 in
1251 3599 1345 3662 modo
1361 3599 1392 3660 in
1409 3599 1455 3661 eis
1477 3600 1589 3682 incipit
1608 3619 1678 3662 esse
1697 3609 1731 3663 et
1748 3602 1874 3683 operari
1891 3620 1899 3664 :
1914 3602 2002 3685 quod

444 3699 672 3763 contumeliam
688 3707 783 3781 atque
797 3697 955 3761 offensam
971 3698 1042 3778 ejus
1057 3705 1191 3771 utamur,
1249 3697 1299 3771 fit,
1315 3699 1392 3759 dum
1408 3699 1507 3778 gratia
1524 3705 1650 3779 gratum
1663 3698 1785 3762 faciens
1802 3701 1880 3782 ipsis
1896 3701 2003 3763 infun·

444 3799 499 3861 sed
525 3815 657 3880 corpore
676 3805 707 3859 et
726 3797 844 3870 anima,
861 3796 998 3878 totisque
1017 3795 1139 3858 viribus
1164 3795 1193 3858 ei
1250 3795 1346 3869 ditur,
1372 3803 1426 3857 aut
1449 3795 1556 3859 infusa
1579 3796 1748 3878 perficitur
1772 3817 1829 3860 seu
1855 3807 2000 3880 augetur.

442 3896 563 3978 jugiter
584 3895 809 3976 obsequamur.
1251 3893 1407 3975 Denique,
1424 3913 1481 3977 per
1497 3893 1556 3956 boc
1575 3896 1661 3975 quod
1680 3896 1782 3976 gratia
1801 3897 1861 3958 ista
1879 3915 1936 3958 seu
1952 3915 2002 3959 ca·

485 3995 632 4057 Securulo
646 3993 786 4056 ostendit
805 3993 888 4054 Deus
909 3992 1094 4068 bonitatem,
1116 3993 1195 4056 cari·
1249 3992 1327 4054 ritus
1350 3992 1530 4055 infunditur
1551 3993 1685 4068 homini,
1703 3994 1840 4077 ipsemet
1864 3995 2003 4078 Spiritus

445 4101 543 4156 tatem
558 4100 590 4155 et
606 4091 864 4154 munificentiam
885 4110 973 4153 suam
994 4092 1078 4154 circa
1092 4092 1194 4154 homi·
1250 4092 1383 4154 Sanctus
1399 4091 1516 4154 dicitur
1531 4092 1653 4155 homini
1674 4093 1802 4156 infundi
1816 4111 1854 4155 ac
1873 4095 1953 4167 dari,
1971 4102 2002 4157 et

444 4211 511 4265 nes,
528 4192 632 4254 dando
647 4191 694 4253 eis
709 4190 792 4252 dona
805 4190 913 4271 gratiae
928 4197 960 4252 et
974 4199 1194 4272 supernatura·
1210 4197 1234 4258 D
1250 4190 1393 4253 habitare
1410 4191 1442 4252 in
1458 4209 1506 4264 eo,
1520 4191 1562 4252 ita
1577 4191 1662 4273 quod
1677 4199 1726 4254 est
1740 4192 1882 4255 hominis
1896 4193 2002 4275 ipsum

444 4290 486 4353 lia
501 4289 660 4353 beneficia
680 4308 738 4352 sua
759 4288 790 4350 in
807 4287 874 4351 vita
891 4289 960 4351 hac.
978 4289 1143 4370 Siquidem
1161 4290 1192 4351 in
1249 4289 1397 4351 habentis
1415 4307 1421 4350 :
1438 4289 1523 4370 quod
1536 4290 1622 4351 enim
1638 4289 1735 4352 alicui
1750 4290 1854 4366 datur,
1867 4299 1915 4354 est
1928 4292 2001 4372 ejus

443 4389 573 4452 exordio
594 4388 719 4462 muudi,
736 4403 800 4449 non
822 4386 926 4449 solum
952 4387 1072 4449 creavit
1092 4387 1194 4449 homi-
1250 4387 1302 4448 cui
1319 4387 1420 4449 datur.
1439 4388 1521 4449 Deus
1537 4405 1612 4451 vero
1632 4407 1687 4450 seu
1709 4388 1848 4470 Spiritus
1865 4389 2000 4453 Sanctus

443 4507 517 4549 nem
534 4487 566 4549 iu
582 4487 674 4549 donis
689 4493 822 4558 naturae,
839 4486 894 4547 sed
915 4502 988 4547 mox
1004 4493 1191 4566 supernatu—
1249 4493 1298 4546 est
1311 4485 1461 4558 bominis,
1479 4493 1573 4567 prout
1588 4485 1683 4548 homo
1699 4484 1799 4548 libere
1814 4487 1932 4550 fruitur
1947 4507 1997 4563 eo,

443 4584 522 4647 ralia
535 4585 618 4645 dona
637 4583 666 4645 ei
686 4582 814 4665 adjecit,
831 4582 908 4663 quia
926 4581 959 4644 in
978 4581 1124 4662 originali
1141 4581 1191 4664 ju·
1248 4592 1280 4646 et
1302 4585 1440 4666 quiescit
1459 4585 1492 4647 in
1514 4604 1551 4649 eo
1576 4605 1612 4648 ac
1634 4587 1735 4648 utitur
1757 4587 1849 4649 donis
1871 4586 1997 4669 ipsius:

442 4681 530 4744 stitia
553 4680 696 4743 condidit
719 4700 804 4742 eum.
833 4681 866 4742 ln
895 4681 1041 4762 paradiso
1064 4698 1191 4761 quoque
1248 4683 1334 4765 quod
1350 4702 1419 4746 esse
1435 4701 1497 4746 non
1514 4684 1599 4747 valet
1613 4685 1682 4747 sine
1702 4685 1832 4748 caritate
1848 4693 1881 4748 et
1896 4685 1998 4767 gratia

442 4779 584 4842 terrestri
607 4797 682 4841 eum
703 4778 835 4857 locavit;
851 4787 882 4840 et
901 4795 1029 4841 omnem
1049 4778 1119 4859 ejus
1139 4797 1192 4860 po
1247 4781 1457 4862 gratificante.
1477 4783 1563 4845 Unde
1585 4791 1616 4845 et
1636 4784 1718 4846 Deus
1739 4784 1830 4846 Pater
1850 4785 1996 4866 quamvis

443 4877 618 4939 steritatem
636 4875 667 4937 in
684 4875 831 4957 paradiso
846 4882 1073 4948 conservasset,
1090 4875 1116 4936 si
1132 4876 1192 4957 pri·
1247 4898 1311 4941 non
1341 4881 1485 4942 mittatur
1513 4881 1710 4956 hominibus,
1737 4883 1813 4964 quia
1837 4883 1877 4946 de
1906 4882 1997 4945 nullo

443 4995 515 5038 mus
544 4975 640 5037 homo
669 4981 866 5057 preceptum
890 4974 1089 5036 observasset
1113 4975 1191 5037 divi·
1246 4980 1401 5061 procedit,
1418 4979 1470 5041 dat
1489 4988 1596 5044 minen
1616 5000 1649 5045 se
1668 4982 1774 5064 ipsum
1795 4981 1993 5056 hominihus,
2103 5029 2104 5054 ,

443 5095 532 5138 num.
549 5075 636 5149 Quod
659 5092 760 5157 quum
782 5073 897 5135 fuisset
918 5082 1142 5153 transgressus,
1159 5083 1191 5137 ct
1246 5079 1277 5141 in
1299 5087 1453 5162 quantum
1474 5098 1508 5141 se
1528 5081 1574 5142 eis
1594 5081 1810 5144 communicat
1826 5082 1866 5144 ad
1886 5081 1993 5144 fruen-
2103 5069 2104 5160 l

443 5175 550 5258 ipsum
575 5173 614 5236 de
638 5172 786 5256 paradiso
810 5190 882 5235 mox
905 5171 1062 5253 ejecisset,
1079 5193 1189 5237 rursus
1244 5178 1330 5239 dum.
1348 5177 1422 5251 Quae
1442 5178 1549 5241 omnia
1568 5178 1702 5242 Thomas
1724 5181 1882 5263 inprime
1904 5193 1992 5264 parte

442 5275 592 5339 misertus
607 5279 656 5336 est
674 5273 756 5356 ejus,
772 5271 941 5356 poenitenti
962 5271 1139 5355 ignoscens,
1156 5283 1188 5338 et
1244 5276 1384 5340 Summae
1404 5295 1470 5341 suae
1492 5279 1592 5361 magis
1614 5280 1760 5345 declarat.
