4192 6258
483 535 631 582 nouimus
651 536 693 581 xx
714 534 787 582 rosa
806 533 1000 582 saramania.
1021 551 1061 563 —
1081 533 1180 582 annuo
1200 534 1353 584 saomnvs
1632 515 1693 580 tto

140 706 280 781 lustrati,
297 707 426 770 credere
451 706 642 788 inceperunt
664 706 720 770 Dei
744 705 892 788 Unigeni-
906 707 932 770 A
947 713 1050 780 tuum,
1062 705 1214 788 quoniam
1230 706 1378 769 corruisti
1394 706 1427 769 in
1443 705 1610 789 iniquitate
1625 713 1688 768 tua.

140 813 212 868 tum
243 823 313 868 esse
348 805 589 868 incarnandum.
620 806 656 868 ln
688 805 740 868 his
771 804 892 888 nuptiis
946 804 985 868 Et
1013 805 1180 868 verissime
1210 806 1264 880 ait,
1297 805 1451 871 Corruisti
1480 806 1513 868 in
1543 805 1692 888 iniquita·

140 921 279 986 sponsus
304 911 352 966 est
376 903 531 977 Christus,
557 911 589 966 et
613 922 729 987 sponsa
752 911 800 966 est
823 903 892 984 ipsa
945 911 976 965 te
998 911 1060 966 tua.

139 1000 296 1076 Ecclesia,
312 1021 384 1083 quaa
406 1001 530 1065 Christo
553 1002 620 1084 jam
643 1002 734 1065 valde
755 1001 891 1085 gratiose
985 1003 1137 1068 Praeterea
1150 1005 1352 1067 advertamus
1367 1012 1523 1088 quantum
1543 1010 1576 1066 et
1589 1001 1691 1086 quali-

141 1107 175 1163 et
199 1100 364 1164 caritative
388 1101 509 1176 unitur,
525 1108 621 1183 atque
642 1101 683 1164 ab
707 1101 776 1183 ipso
798 1100 890 1184 spiri·
945 1110 994 1165 ter
1006 1102 1126 1165 corruit
1138 1103 1333 1185 quicumque
1345 1103 1520 1166 mortaliter
1532 1110 1649 1186 peccat
1658 1101 1691 1164 Si

140 1199 271 1262 tualiter
288 1217 326 1260 ac
345 1199 437 1262 valde
458 1198 632 1262 liberaliter
651 1199 848 1263 fecundatur.
945 1201 1052 1283 aliqua
1063 1201 1181 1266 nobilis
1193 1201 1395 1283 puella,regis
1408 1200 1477 1264 filio
1489 1201 1689 1283 desponsata,

181 1298 306 1371 Quartae
321 1305 396 1360 sunt
411 1299 531 1380 nuptiae
546 1295 728 1381 spirituales
744 1306 775 1362 et
789 1298 891 1381 quoti·
945 1317 1099 1382 sponsum
1112 1299 1202 1362 illum
1218 1299 1399 1374 dimitteret,
1407 1318 1505 1382 seque
1520 1299 1614 1362 alicui
1627 1317 1691 1380 gar-

140 1397 256 1472 dianae,
272 1396 424 1460 videlicet
438 1397 515 1460 unio
531 1397 646 1461 Christi
665 1398 802 1479 gratiosa
816 1415 889 1459 cum
946 1398 1041 1474 cioni,
1063 1398 1227 1481 pultroni*
1244 1406 1299 1460 ant
1318 1398 1425 1461 lenoni
1445 1398 1596 1461 subderet
1618 1415 1691 1460 con·
1705 1412 1838 1485 *cacam

140 1493 234 1558 fideli
264 1494 441 1577 devotaque
470 1496 585 1558 anima.
612 1496 672 1558 llas
700 1495 838 1578 nuptias,
863 1496 890 1558 si
945 1497 1581 1579 stuprandam,nonnegravissimeruere
1596 1503 1692 1578 atque
1706 1475 1852 1520 ⁶²⁰''“'¹¹‘'¹''

140 1591 319 1656 efficaciter
333 1593 644 1667 volumus,Christus
660 1593 801 1675 quotidie
817 1613 891 1656 cum
946 1595 1102 1658 vilissima
1120 1593 1191 1657 fieri
1213 1599 1415 1658 censereturf
1431 1596 1492 1660 Sed
1514 1614 1588 1660 ecce
1611 1594 1690 1658 inef-

140 1691 261 1754 nostris
283 1691 425 1754 celebrat
444 1691 624 1766 animabus,
641 1711 694 1755 eas
716 1691 889 1766 caritative,
946 1691 1087 1756 labiliter
1100 1693 1228 1774 gravius
1244 1692 1362 1756 labitur
1379 1713 1416 1756 ac
1432 1695 1528 1757 vilius
1543 1700 1692 1777 operatur

140 1790 282 1853 suaviter
296 1808 333 1852 ac
348 1789 460 1852 intime
476 1789 538 1853 sihi
554 1791 763 1872 conjungens,
779 1790 890 1854 fecun-
946 1790 1052 1853 anima
1073 1789 1255 1864 christiana,
1273 1810 1344 1872 qum
1364 1793 1481 1854 summi
1500 1793 1582 1874 regis
1599 1792 1690 1867 Filio,

141 1887 725 1970 dans,amplectens,quemadmodum
741 1908 798 1971 per
813 1889 890 1952 Osee
909 1890 932 1953 B
948 1889 1013 1950 veri
1034 1896 1066 1951 et
1085 1889 1195 1952 aeterni
1217 1887 1315 1950 Patris
1335 1907 1410 1952 vero
1429 1908 1465 1952 ao
1490 1891 1585 1953 unico
1606 1898 1690 1964 nato,

13 2007 128 2059 lucrm,
142 1986 286 2048 affirmat
298 1985 619 2068 dicend0:Sponsabo
632 1995 662 2050 te
675 1987 753 2050 mihi
768 1987 798 2049 in
811 1987 893 2068 judi·
946 1988 1135 2070 desponsata
1155 1995 1204 2050 est
1223 1987 1255 2049 in
1275 1988 1437 2070 Baptismo
1458 2007 1514 2051 seu
1535 1988 1692 2052 Poeniten-

13 2073 26 2112 ’'
143 2086 244 2160 cio,et
257 2085 389 2166 justitia,
399 2093 430 2148 et
446 2086 677 2166 misericordia3
689 2094 720 2149 et
734 2085 892 2168 sponsabo
945 2085 997 2148 tiae
1012 2091 1220 2158 sacramento,
1237 2103 1293 2146 seu
1309 2085 1436 2166 quando
1451 2086 1613 2149 caritatem
1629 2104 1692 2149 sor-

141 2191 173 2244 te
194 2183 275 2245 mihi
296 2183 328 2245 in
351 2181 425 2245 fide.
442 2183 490 2246 Ad
510 2183 591 2245 hanc
614 2183 890 2266 desponsationem
947 2185 1004 2247 tita
1017 2191 1110 2258 estet
1125 2192 1231 2246 tamen
1247 2183 1287 2245 ab
1304 2183 1359 2246 illo
1375 2203 1431 2266 per
1445 2184 1692 2248 inobedientiam

139 2281 257 2344 animae
277 2299 352 2342 cum
368 2280 503 2355 Christo,
521 2282 696 2363 requiritur
711 2283 816 2364 primo
833 2283 891 2344 im·
947 2302 980 2346 se
1005 2281 1130 2356 avertit,
1150 2300 1210 2344 nee
1235 2281 1424 2346 fidelitatem
1449 2290 1552 2346 servat
1574 2283 1690 2356 eidem,

140 2380 281 2443 munitas
297 2398 352 2442 seu
370 2379 516 2462 purgatio
531 2381 646 2444 anime
660 2381 701 2442 ab
717 2381 804 2444 omni
820 2399 891 2463 pec-
946 2381 1001 2443 sed
1013 2381 1112 2462 (sicut
1126 2387 1313 2463 praetactum
1327 2381 1389 2462 est)
1403 2399 1476 2444 cum
1494 2381 1692 2444 daemonibus

139 2487 211 2542 cato
227 2477 363 2541 mortali.
381 2479 449 2541 lmo
464 2497 677 2561 quaecumque
690 2480 797 2542 anima
813 2498 892 2542 mor·
946 2480 1151 2554 adulteratur,
1169 2479 1232 2542 illis
1248 2478 1479 2560 subjicitur,ab
1494 2479 1540 2542 eis
1556 2478 1693 2542 foedatur

138 2575 195 2638 tali
211 2574 355 2656 suhjacet
369 2574 631 2657 culpae,adultera
646 2583 747 2638 exstat
761 2575 888 2650 diaboli,
946 2596 982 2640 ac
998 2579 1136 2660 pessime
1153 2577 1353 2652 fecundatur,
1370 2578 1414 2640 ita
1432 2578 1518 2660 quod
1536 2596 1633 2660 opera
1647 2579 1692 2642 el-

138 2673 191 2736 cui
222 2691 281 2756 per
305 2672 422 2736 mentis
451 2689 643 2735 consensum
672 2673 835 2748 miscetur,
860 2682 892 2736 et
947 2674 1016 2736 ficit
1031 2675 1246 2750 tenebrarum,
1264 2676 1329 2739 imo
1349 2676 1455 2758 potius
1478 2677 1577 2740 instar
1592 2695 1692 2740 mere·

136 2772 313 2836 voluntatis
336 2771 456 2834 affectu
482 2772 709 2847 communicat,
727 2773 891 2856 operibus·
946 2773 1062 2834 tricum
1095 2773 1238 2835 efficitur
1266 2772 1396 2848 sterilis,
1427 2776 1577 2856 quoniam
1610 2775 1692 2838 mala

139 2891 203 2954 que
228 2870 346 2934 obedit.
366 2869 446 2933 Ecce
472 2879 590 2953 quanta
614 2879 663 2933 est
686 2871 810 2934 insania
835 2872 892 2933 im·
946 2889 1038 2952 agere
1067 2871 1218 2934 sterilitas
1247 2873 1354 2955 potius
1386 2891 1482 2954 quam
1513 2871 1692 2936 fecunditas

137 2969 273 3052 piorum.
281 2967 392 3031 Nonne
409 2968 678 3030 insensatissimus
695 2977 893 3051 reputaretur
947 2969 1142 3051 perhibetur.
1160 2969 1304 3052 Denique
1320 2970 1346 3032 si
1360 2989 1439 3033 uxor
1453 2970 1590 3051 alicujus
1605 2971 1692 3033 omni

138 3067 196 3149 qui
216 3067 386 3129 draconem
407 3074 463 3129 aut
481 3065 665 3130 basiliscum
686 3067 891 3150 amplectere·
909 3072 930 3136 C
946 3086 1029 3131 anno
1044 3076 1209 3149 generaret
1224 3087 1288 3131 non
1303 3067 1479 3144 hominem,
1496 3068 1551 3131 sed
1566 3087 1694 3151 serpen-

136 3175 190 3228 tur
212 3172 244 3227 et
268 3183 378 3228 eorum
409 3173 532 3247 potaret
555 3184 689 3240 venena,
718 3186 777 3229 nec
806 3166 891 3228 sanis
948 3173 1023 3240 tem,
1041 3165 1153 3248 lupum
1176 3175 1231 3228 aut
1252 3185 1373 3241 ranam,
1396 3186 1458 3231 non
1479 3167 1617 3230 fecunda
1637 3168 1692 3230 sed

137 3264 359 3346 acquiesceret
391 3263 665 3326 exhortationibus
700 3265 892 3347 persuaden-
946 3264 1171 3328 abominabilis
1194 3272 1289 3346 atque
1318 3265 1498 3328 miserrima
1521 3265 1690 3327 diceretur.

135 3363 220 3424 tium
236 3369 271 3423 ut
292 3379 325 3424 se
346 3360 385 3423 ab
406 3361 470 3422 illis
491 3365 668 3424 averteretf
684 3363 806 3436 Quanto
827 3381 890 3424 ma·
947 3362 1157 3427 Consimiliter
1173 3370 1352 3445 peccatores
1368 3363 1423 3445 qui
1437 3381 1534 3445 opera
1549 3363 1693 3426 bestialia

136 3463 188 3545 gis
213 3461 364 3525 insensati
391 3479 428 3524 ac
458 3460 565 3523 stolidi
592 3469 667 3522 sunt
695 3479 806 3524 omnes
835 3461 891 3542 qui
946 3479 982 3523 ac
997 3460 1155 3523 diabolica
1174 3467 1356 3542 operantur,
1372 3461 1427 3542 qui
1446 3460 1529 3542 gulae
1545 3479 1581 3523 ac
1600 3460 1692 3523 luxu-

136 3567 275 3644 peccant
296 3559 471 3622 mortaliter
490 3567 545 3620 aut
565 3559 598 3621 in
619 3559 744 3622 mortali
767 3579 890 3642 perma-
946 3560 1001 3622 riae
1030 3556 1284 3641 turpitudinibus
1314 3557 1532 3640 inquinantur,
1558 3559 1613 3640 qui
1643 3579 1693 3622 su-

137 3667 217 3722 nent
231 3656 507 3740 culpanuoniam
524 3656 734 3720 infernalibus
749 3658 893 3720 draconi·
947 3657 1069 3740 perhia,
1102 3657 1330 3738 indignatione,
1364 3657 1561 3732 crudelitate,
1593 3659 1691 3740 perti-

137 3757 201 3820 bus
217 3757 395 3818 miscentur
408 3774 445 3818 ac
461 3754 631 3830 basiliscis,
647 3763 742 3837 atque
762 3756 890 3820 illorum
947 3757 1048 3831 nacia,
1066 3755 1164 3818 instar
1185 3756 1366 3818 daemonum
1386 3756 1613 3838 adimplentur,
1629 3775 1693 3820 non

137 3874 174 3918 se
190 3855 327 3936 implent
346 3854 490 3927 venenis,
507 3853 539 3915 id
560 3861 608 3916 est
627 3852 750 3916 vitiosis
769 3854 891 3917 affecti·
947 3852 1077 3916 fecundi
1096 3862 1151 3916 aut
1171 3853 1336 3930 fructuosi,
1353 3855 1407 3916 sed
1428 3854 1552 3917 steriles
1573 3855 1694 3918 abomi-

138 3953 202 4016 bus
226 3953 283 4035 qui
313 3959 449 4014 mortem
479 3950 622 4013 inferunt
650 3951 889 4034 sempiternam,
947 3953 1134 4035 nobilesque
1154 3953 1296 4026 omnino,
1315 3961 1347 4015 et
1368 3971 1498 4036 prorsus
1521 3953 1693 4017 miserrimi

137 4069 246 4133 neque
276 4049 499 4132 obtemperant
524 4049 798 4112 admonitionibus
829 4051 892 4132 piis
947 4059 1022 4114 sunt
1046 4053 1206 4114 censendi.
1234 4053 1321 4114 Unde
1346 4061 1378 4114 et
1402 4054 1501 4134 magis
1531 4060 1694 4116 merentur

140 4157 300 4232 quatenus
325 4167 358 4210 se
383 4146 565 4221 emendent,
585 4148 640 4210 sed
664 4149 772 4210 animo
796 4150 892 4231 perti·
948 4149 1040 4212 bruta
1059 4167 1096 4212 ac
1115 4150 1275 4214 daemones
1291 4169 1386 4232 quam
1408 4151 1554 4214 homines
1572 4171 1693 4215 nuncu·

139 4247 213 4311 naci
238 4247 269 4309 in
290 4247 377 4310 vitiis
398 4253 611 4328 perseverant.
629 4245 757 4308 Talibus
777 4247 892 4310 clamat
907 4254 932 4317 l)
948 4249 1026 4330 pari.

141 4349 177 4410 B.
194 4348 329 4410 loannes
345 4346 485 4428 Baptista
498 4345 682 4426 :Progenies
697 4345 891 4428 viperarum,
987 4347 1108 4420 Ouintae
1124 4356 1199 4409 sunt
1213 4348 1333 4429 nuptiae
1352 4349 1605 4431 supercoelestes,
1623 4369 1693 4432 quae

35 4461 40 4472 ·
142 4449 205 4510 boc
221 4453 268 4508 est
282 4443 444 4526 generatio
459 4462 495 4506 ao
511 4443 572 4506 filii
587 4444 792 4507 infernalium
808 4446 892 4508 colu·
946 4453 1021 4509 sunt
1036 4446 1155 4528 nuptiae
1170 4446 1394 4528 triumphantis
1409 4447 1569 4522 Ecclesia,
1584 4455 1693 4531 utpote

141 4545 288 4618 brorum,
304 4543 377 4626 quis
392 4542 530 4606 ostendit
544 4543 635 4606 vobis
649 4542 760 4624 lugere
775 4563 793 4606 a
808 4543 892 4606 futu·
946 4544 1095 4607 beatifica
1110 4546 1185 4608 unio
1201 4545 1316 4608 mentis
1332 4554 1444 4610 creata
1460 4565 1533 4610 cum
1549 4548 1624 4622 Deo,
1636 4566 1693 4611 seu

139 4662 178 4707 ra
200 4643 269 4705 irat
283 4641 387 4704 Facite
409 4658 484 4722 ergo
506 4640 647 4703 fructum
668 4643 801 4723 dignum
825 4660 891 4725 poe-
945 4644 1023 4706 felix
1043 4652 1075 4706 et
1094 4652 1313 4707 consummata
1332 4647 1450 4708 summi
1469 4666 1505 4709 ac
1525 4648 1692 4730 superdul-

137 4741 295 4805 nitentia.
318 4741 344 4803 A
368 4746 456 4801 tanta
479 4740 576 4820 igitur
599 4739 732 4814 vilitate,
756 4740 889 4815 insania,
946 4743 1067 4806 cissimi
1083 4742 1158 4806 boni
1173 4742 1294 4818 fruitio,
1311 4763 1381 4825 quae
1396 4752 1444 4808 est
1459 4745 1692 4828 plena,aeterna

136 4839 342 4924 turpitudine
361 4846 482 4902 avertat
502 4857 535 4901 se
555 4838 659 4901 omnis
679 4846 892 4920 transgressor
945 4842 1274 4924 inaestimabiliterque
1296 4843 1448 4907 deliciosa
1470 4844 1603 4909 refectio
1626 4864 1692 4910 om·

138 4939 220 5021 legis
240 4938 369 5012 divinae,
385 4955 426 5000 ne
442 4935 548 5000 anima
567 4937 637 5018 ejus
658 4956 675 5000 a
692 4937 891 5001 daemonibus
946 4941 1036 5003 nium
1052 4941 1220 5003 Beatorum
1235 4941 1267 5002 in
1283 4942 1426 5005 Domino.
1440 4943 1484 5006 De
1499 4944 1617 5026 quihus
1633 4965 1691 5007 nu·

136 5038 281 5121 amplius
304 5043 539 5118 constupretur,
556 5036 612 5098 sed
633 5035 750 5099 Christi
775 5055 891 5119 sponsa
946 5039 1022 5121 ptiis
1045 5039 1077 5100 in
1096 5038 1286 5123 Apocalypsi
1308 5040 1423 5121 legitur
1440 5059 1447 5102 :
1464 5041 1551 5103 Beati
1572 5043 1627 5124 qui
1652 5044 1690 5106 ad
1714 5060 1838 5116 amm,

136 5137 313 5202 efficiatur.
331 5136 378 5198 hd
393 5135 477 5217 quod
493 5153 551 5216 per
566 5134 644 5197 Osee
660 5134 797 5216 Spiritus
817 5137 891 5198 San·
946 5157 1069 5201 emnam
1093 5138 1277 5220 nuptiarum
1302 5138 1382 5219 Agni
1405 5141 1507 5202 vocati
1531 5149 1614 5203 sunt.
1633 5143 1692 5204 Un-
1706 5128 1726 5168 ⁹'

137 5243 211 5300 etus
235 5235 381 5298 hortatur
404 5232 581 5315 quemlibet
606 5241 817 5315 peccatorem,
844 5235 889 5296 di·
945 5237 995 5310 de,
1013 5237 1187 5299 secundum
1206 5236 1445 5318 Hieronymum,
1462 5238 1544 5299 nihil
1564 5239 1691 5302 felicius

16 5367 120 5414 aenae.
136 5336 243 5399 cendo
271 5351 278 5396 :
305 5333 494 5396 Convertere
523 5333 562 5394 ad
587 5332 758 5394 Dominum
788 5333 889 5398 Deum
946 5334 1134 5408 Christiano,
1149 5335 1200 5396 cui
1217 5353 1349 5414 regnum
1367 5335 1519 5399 coelorum
1537 5338 1693 5419 promitti·
