4288 6264
450 483 491 548 34
836 500 984 548 nonrmca
1005 502 1024 546 v
1045 501 1118 548 ross
1140 499 1269 546 nascar.
1290 516 1331 528 -
1351 499 1451 546 sunno
1473 499 1626 546 sncuvnns

453 679 486 735 et
500 671 653 736 confusus
668 679 734 751 est;
747 679 801 734 aut
816 671 887 753 quis
904 671 1062 734 invocavit
1077 689 1163 746 cum,
1173 677 1205 732 et
1217 670 1245 734 Δ
1259 669 1418 732 beneficia
1437 670 1604 751 erogando.
1622 669 1701 732 Cum
1721 669 1810 732 omni
1832 686 1908 750 crgo
1928 667 2007 730 fidu·
2112 733 2113 738 ,

454 771 601 854 despexit
623 770 737 833 illumt
757 771 792 832 ln
817 770 988 850 Evangelio
1009 788 1137 852 qnoque
1160 769 1204 832 lo·
1259 769 1309 830 cia
1324 770 1422 832 Deum
1439 769 1552 831 devote
1567 787 1604 830 ac
1616 767 1736 848 jugiter
1750 768 1949 830 invocemus.
1960 767 2007 828 Ad

321 889 398 933 aran.
411 903 440 938 ιι.
455 871 565 952 quitur
580 870 724 932 Christus
741 887 748 930 :
765 869 877 931 Omnia
892 888 1102 950 quecumque
1118 887 1206 930 oran·
1259 867 1343 948 quod
1366 867 1471 948 primo
1494 867 1644 928 inducere
1669 873 1701 928 et
1723 883 1852 928 movere
1877 883 1935 928 nos
1955 865 2007 926 de·
2112 865 2113 936 ᾗ

307 955 342 996 ²⁴·
456 974 503 1028 tes
521 965 640 1048 petitis,
657 965 777 1027 credite
793 965 868 1046 quia
885 964 1061 1046 accipietis,
1078 973 1110 1026 ct
1125 965 1205 1027 fient
1259 964 1323 1038 bet,
1350 965 1435 1047 quod
1459 965 1542 1026 Deus
1571 972 1619 1027 est
1649 972 1713 1026 tam
1742 964 1827 1046 pius,
1853 963 2006 1036 liberalis,
2112 955 2113 1020 l

306 1085 440 1139 amatia.
456 1063 565 1142 vobis;
587 1063 738 1145 itemque,
760 1063 792 1124 Si
815 1081 870 1126 vos
895 1081 996 1143 quum
1021 1063 1091 1124 sitis
1116 1062 1203 1136 mali,
1259 1062 1442 1124 caritativus
1462 1069 1494 1124 et
1513 1071 1681 1144 promptus
1701 1061 1740 1123 ad
1760 1060 2006 1135 exaudiendum,
2112 1137 2113 1148 ἵ

455 1163 554 1224 nostis
575 1160 658 1224 bona
672 1161 743 1223 data
760 1161 835 1222 dare
851 1160 928 1222 filiis
945 1161 1069 1234 vestris,
1086 1168 1205 1242 quanto
1260 1168 1294 1220 ut
1308 1160 1428 1221 dictum
1445 1168 1502 1221 est.
1521 1160 1685 1241 Siquidem
1700 1158 1895 1222 abundantia
1911 1159 2008 1240 pieta·

455 1260 557 1340 magis
571 1260 661 1322 Pater
675 1268 781 1322 vester
796 1257 935 1322 coelestis
951 1258 1038 1320 dabit
1054 1259 1204 1341 spiritum
1260 1258 1301 1319 tis
1317 1277 1393 1332 suae,
1411 1277 1521 1340 preces
1537 1257 1720 1340 supplicum
1737 1256 1863 1319 excedit
1878 1265 1910 1318 et
1926 1265 2004 1319 vota.
2112 1261 2113 1344 l

455 1358 575 1421 bonum
591 1357 774 1440 petentibus
789 1357 1124 1438 sefl'ertio,quoniam
1140 1365 1204 1419 tam
1259 1357 1332 1418 ldeo
1357 1354 1498 1438 loquitur
1517 1357 1737 1437 Augustinus:
1757 1355 1932 1418 Erubescat
1953 1356 2007 1416 hu·
2112 1345 2113 1422 l

455 1455 557 1518 multa
575 1464 607 1518 et
628 1474 742 1538 magna
763 1454 922 1517 beneficia
944 1455 1079 1517 contulit
1099 1454 1203 1530 nobis,
1260 1473 1353 1516 mana
1372 1454 1509 1536 pigritia,
1527 1455 1599 1536 plus
1614 1455 1685 1516 vult
1704 1456 1787 1518 Deus
1806 1454 1893 1528 dare,
1910 1473 2006 1536 quam
2112 1469 2113 1496 ε

455 1560 490 1616 ut
504 1553 644 1616 dubitari
659 1571 724 1616 non
739 1560 835 1635 queat
855 1553 934 1635 quin
950 1553 1100 1634 deinceps
1116 1571 1206 1615 exau·
1260 1552 1356 1614 homo
1379 1553 1534 1634 accipere.
1556 1553 1643 1614 Unde
1665 1552 1750 1634 apud
1767 1552 1940 1614 Jercmiam
1966 1551 2008 1614 lo

454 1652 524 1714 dire
543 1661 575 1714 et
594 1652 669 1714 dare
689 1659 817 1734 paratus
837 1652 887 1714 sit.
905 1652 994 1714 Pater
1012 1652 1099 1713 enim
1119 1651 1206 1713 dedit
1260 1651 1369 1732 quitur
1389 1651 1472 1712 Deus
1493 1651 1608 1714 animae
1628 1650 1799 1733 peccatrici
1817 1651 1888 1714 :Tu
1913 1649 2008 1713 forni-
2029 1675 2113 1716 ram,

454 1749 547 1813 nobis
562 1749 766 1832 Unigenitum
781 1770 874 1811 suum
890 1750 923 1811 in
939 1750 1076 1831 pretium
1091 1757 1205 1814 nostrae
1260 1755 1328 1809 cata
1355 1767 1389 1810 es
1418 1767 1494 1810 cum
1521 1748 1717 1812 amatoribus
1746 1748 1875 1828 multis;
1901 1755 2007 1810 umen

454 1849 695 1931 redemptionis,
711 1849 796 1910 sicut
817 1848 959 1930 loquitur
979 1849 1074 1910 isaias
1096 1867 1103 1912 :
1124 1849 1205 1910 Puer
1221 1846 1246 1911 B
1260 1854 1418 1908 revertere
1442 1847 1481 1908 ad
1506 1865 1568 1921 me,
1595 1847 1673 1909 dicit
1697 1847 1861 1909 Dominus.
1890 1847 2006 1909 Secun·
2112 1859 2113 1904 t

454 1954 547 2009 natus
562 1955 611 2009 est
625 1946 729 2021 nobis,
741 1945 829 2009 filius
845 1946 937 2008 datus
952 1953 1001 2008 est
1015 1946 1117 2009 nobis.
1128 1946 1205 2020 Quo
1260 1945 1311 2019 do,
1327 1945 1366 2006 ad
1386 1945 1471 2007 idem
1491 1964 1619 2008 movere
1639 1963 1696 2008 nos
1716 1945 1811 2008 debet
1832 1945 2008 2027 indigentia

335 2067 340 2078 ·
455 2045 662 2108 modoetiam
676 2062 740 2108 non
755 2045 864 2108 omnia
879 2044 972 2107 nobis
987 2063 1060 2107 cum
1079 2044 1135 2107 illo
1150 2045 1204 2108 do·
1260 2051 1377 2118 nostra,
1402 2045 1477 2125 quia
1505 2044 1715 2126 spiritualiter
1738 2063 1777 2106 ex
1806 2043 1901 2108 nobis
1930 2044 2008 2126 ipsis
2112 2069 2113 2082 ¹

455 2143 565 2206 navitf
581 2144 672 2206 Dedit
692 2144 823 2206 demum
842 2142 935 2205 nobis
954 2143 1109 2224 Spiritum
1128 2144 1205 2205 San·
1260 2141 1475 2204 infirmissimi
1498 2150 1593 2224 atque
1618 2142 1814 2224 pauperrimi
1836 2161 1960 2217 sumus,
1977 2149 2009 2204 et

454 2249 542 2305 ctum
579 2243 612 2304 in
647 2242 763 2324 pignus
794 2249 827 2303 et
859 2242 985 2302 arrham
1019 2241 1203 2304 hereditatis
1259 2241 1421 2304 adomnia
1437 2249 1567 2322 peccata
1584 2241 1752 2323 proclives,
1769 2248 1911 2304 errantes
1928 2241 2006 2302 etin
2112 2285 2113 2326 3

454 2360 613 2423 supernae,
643 2348 739 2422 atque
769 2339 1013 2402 inhabitatorem
1042 2348 1074 2402 et
1103 2348 1202 2403 recto·
1258 2357 1398 2403 errorem
1417 2340 1588 2402 trahentes.
1605 2341 1679 2402 ldeo
1698 2339 1933 2403 incessabiliter
1952 2339 2006 2401 Dei

454 2457 521 2501 rem
549 2438 728 2501 animarum
758 2445 950 2512 nostrarum,
975 2438 1100 2500 dicente
1124 2438 1204 2520 Apo·
1257 2437 1426 2518 adjutorio,
1443 2437 1689 2513 illuminatione,
1705 2437 1958 2512 conservatione,
1976 2443 2006 2500 et
2112 2455 2113 2520 ς

319 2564 437 2620 agga,
453 2537 535 2601 stolo
550 2557 557 2601 :
575 2537 693 2601 Caritas
714 2536 770 2600 nei
791 2535 912 2598 diffusa
931 2543 978 2598 est
999 2536 1031 2597 in
1053 2536 1202 2599 cordibus
1257 2536 1358 2616 gratia
1381 2555 1493 2618 magna
1512 2555 1548 2599 ac
1570 2537 1672 2599 multa
1696 2537 1907 2599 ineffabiliter
1927 2537 2007 2599 indi·

453 2636 569 2700 nostris
594 2655 652 2718 per
676 2635 831 2717 Spiritum
856 2635 1007 2697 Sanctum
1031 2635 1085 2716 qui
1111 2635 1202 2696 datus
1257 2653 1380 2716 gemus.
1402 2635 1534 2717 Nempe,
1555 2643 1591 2697 ut
1610 2636 1655 2698 ait
1676 2637 1857 2719 Apostolus,
1879 2637 2007 2700 lnsuffi-
2027 2660 2101 2704 uani

452 2743 501 2798 est
515 2734 619 2798 nobis.
630 2735 765 2816 lnsuper
780 2734 945 2816 deputavit
960 2733 1134 2815 unicuique
1149 2733 1202 2795 ho
1258 2733 1377 2795 cientes
1406 2753 1519 2795 sumus
1547 2734 1685 2814 cogitare
1714 2735 1837 2816 aliquid
1865 2755 1886 2798 a
1913 2735 2006 2799 nobis
2020 2727 2037 2768 ⁵·

452 2833 530 2896 mini
552 2841 699 2896 sanctum
720 2831 870 2914 angelum
893 2849 951 2914 pro
973 2832 1121 2912 custode3
1143 2839 1202 2894 tot·
1257 2831 1347 2913 quasi
1372 2850 1410 2892 ex
1435 2831 1539 2894 nobis.
1559 2833 1634 2896 ldco
1658 2833 1796 2895 consulit
1819 2833 1905 2896 idem
1925 2835 2007 2916 Apo·
2112 2863 2113 2882 r

450 2951 512 3014 que
526 2932 701 3014 gratiarum
717 2931 908 2994 charismata
922 2931 1052 2993 donavit
1068 2931 1203 2993 homini·
1257 2929 1356 2992 stolus
1374 2949 1380 2992 :
1397 2929 1471 2992 Sine
1493 2930 1729 2993 intermissione
1747 2940 1844 2994 orate.
2026 2968 2104 3013 mm„

448 3029 521 3106 bus,
540 3038 572 3094 et
591 3031 684 3094 toties
705 3049 742 3092 ac
763 3029 884 3092 tamdiu
906 3028 1000 3092 nobis
1021 3028 1174 3111 pepercit.
1217 3032 1240 3097 (l
1297 3028 1412 3102 Tertio,
1429 3029 1544 3092 adhoc
1560 3047 1688 3092 movere
1704 3029 1872 3093 nosdebet
1888 3030 2049 3113 imper-¹⁷·

488 3130 534 3192 Ex
557 3129 676 3212 quibus
701 3129 880 3193 certissime
910 3128 1080 3191 innotescit
1105 3147 1201 3210 quam
1257 3126 1558 3202 tunitas,f0rtitudo,
1572 3128 1753 3203 multitudo,
1765 3128 1939 3192 crudelitas
1953 3130 2007 3192 ho

448 3228 669 3311 paratissimus
689 3227 731 3290 sit
750 3245 861 3308 preces
881 3233 1005 3289 nostras
1024 3227 1199 3308 suscipere,
1256 3224 1354 3286 stium
1375 3233 1490 3289 nostra
1507 3227 1630 3302 salutis,
1647 3226 1796 3289 videlicet
1810 3228 2005 3303 demonum,
2045 3295 2048 3300 ,

448 3327 602 3389 fiduciam
626 3334 767 3390 nostram
790 3326 936 3408 implere,
952 3326 1091 3408 peccatis
1114 3327 1201 3407 igno·
1256 3323 1311 3405 qui
1337 3324 1429 3388 nobis
1455 3325 1657 3407 ultraquam
1683 3345 1796 3408 capere
1820 3345 2006 3409 possumus,

450 3443 549 3499 scere,
571 3425 705 3505 gratiam
730 3431 762 3486 et
785 3423 921 3486 salutem
947 3431 1095 3505 praestare
1116 3443 1123 3487 :
1147 3442 1200 3506 po·
1256 3423 1458 3497 insidiantur,
1489 3423 1707 3500 inimicantur,
1733 3433 1764 3488 et
1792 3424 1942 3488 fortiores
1970 3445 2007 3488 ac

450 3522 612 3585 tissimum
630 3541 728 3604 quum
751 3522 886 3604 ipsemet
901 3522 994 3584 toties
1014 3522 1046 3583 in
1062 3522 1201 3604 Scriptu-
1256 3520 1435 3584 callidiores
1469 3530 1554 3598 sunt,
1587 3522 1866 3605 crudelissimique
1901 3526 2006 3587 consi-

451 3621 496 3684 ris
516 3621 629 3684 invitet
648 3639 684 3683 ac
705 3628 832 3683 moneat
848 3638 906 3683 nos
927 3621 966 3682 ad
984 3621 1150 3695 orandum,
1167 3629 1202 3683 ut
1256 3620 1444 3694 stuntaliud
1460 3639 1590 3702 prorsus
1606 3639 1670 3684 non
1685 3621 1828 3684 sitientes
1844 3623 1909 3684 nisi
1924 3624 2009 3686 darn·

452 3719 654 3783 confidamus
679 3720 713 3783 in
737 3737 786 3795 eo,
810 3725 906 3801 atquc
931 3719 1075 3781 inomni
1101 3719 1202 3782 tribu·
1256 3719 1417 3782 nationem
1434 3727 1575 3783 nostram
1590 3721 1852 3784 aeternamUnde
1867 3722 1912 3784 ait
1927 3724 2009 3806 Apo·

453 3819 569 3882 latione
585 3825 617 3881 et
630 3817 776 3899 augustia
791 3815 1015 3899 confugiamus
1029 3818 1068 3879 ad
1084 3818 1199 3900 ipsum.
1256 3817 1356 3879 stolus
1374 3838 1380 3881 :
1397 3817 1465 3880 Non
1481 3827 1530 3880 est
1545 3818 1637 3882 nobis
1654 3819 1838 3883 colluctatio
1853 3820 2008 3884 adversus
2029 3853 2087 3910 gp„
2097 3841 2113 3892 ,i

451 3917 553 3997 Hujus
571 3934 699 3998 quoque
717 3923 766 3978 est
780 3915 842 3978 alia
861 3915 942 3978 ratio
958 3933 965 3978 :
983 3935 1056 3978 nam
1074 3935 1112 3978 ea
1130 3937 1202 3999 quae
1256 3934 1385 3978 carnem
1409 3924 1441 3978 et
1464 3917 1663 3998 sanguinem,
1687 3919 1742 3980 sed
1765 3919 1920 3982 adversus
1945 3921 2008 4003 spi·
2022 3922 2051 3961 ¹²·

452 4017 536 4078 Deus
560 4014 651 4102 nobis
681 4015 844 4097 precepit,
871 4022 903 4076 et
925 4033 996 4096 quac
1026 4016 1160 4098 requirit
1183 4035 1202 4078 a
1257 4013 1383 4075 ritualia
1411 4016 1561 4097 nequitia
1591 4016 1624 4077 in
1653 4015 1848 4092 coelestibus,
1874 4017 1936 4081 hoc
1959 4027 2009 4082 est
2112 4023 2113 4108 l

451 4113 556 4186 nobis,
581 4112 757 4195 adimplere
787 4130 851 4175 non
881 4131 1052 4195 possumus
1080 4114 1201 4196 absque
1257 4112 1425 4176 daemones.
1443 4114 1564 4188 Quibus
1581 4114 1699 4190 verbis,
1715 4115 1807 4196 quasi
1827 4133 1887 4198 pro
1905 4119 2008 4180 consi-
2112 4109 2113 4162 l

449 4210 569 4274 auxilio
591 4211 699 4292 gratiae
723 4210 805 4291 ejus,
826 4209 938 4274 saltem
961 4229 998 4274 ec
1020 4213 1114 4275 modo
1138 4229 1202 4294 quo
1217 4215 1241 4275 D
1258 4210 1300 4272 lio
1320 4219 1415 4293 atque
1438 4212 1589 4286 remedio,
1611 4212 1756 4294 protinus
1780 4214 1903 4276 addidit
1924 4216 2007 4298 Apo·

449 4311 519 4372 vult
539 4327 577 4373 ea
598 4309 737 4392 impleri,
754 4316 832 4391 puta
853 4329 893 4371 cx
915 4310 1045 4372 caritate
1069 4319 1101 4372 et
1122 4329 1203 4393 pura
1257 4310 1357 4371 stolus
1384 4328 1391 4372 :
1418 4310 1509 4372 Orate
1537 4311 1793 4393 omnitempore
1818 4313 1852 4374 in
1876 4315 2004 4396 spiritu,
2033 4339 2079 4384 rm
2096 4331 2113 4392 a}

451 4408 627 4470 intentione
645 4408 684 4469 ad
705 4407 840 4488 gloriam
860 4416 892 4470 et
913 4409 1067 4471 honorem
1088 4409 1199 4490 ipsius.
1255 4408 1425 4488 vigilantes
1445 4409 1582 4471 inomni
1603 4410 1753 4473 instantia
1769 4418 1800 4472 et
1814 4410 2006 4477 obsecratio
2112 4399 2113 4406 ἵ

452 4506 484 4569 Si
506 4524 581 4586 crgo
602 4524 665 4568 non
690 4513 773 4568 essct
795 4513 924 4588 paratus
949 4506 1042 4569 nobis
1067 4507 1201 4588 gratiam
1257 4525 1306 4567 ne.
1322 4508 1443 4587 Jugiter
1463 4508 1569 4590 itaque
1587 4527 1660 4571 cum
1679 4509 1766 4572 ornni
1784 4511 1959 4574 attentione
1974 4523 2006 4576 et

453 4604 623 4685 impertiri,
639 4605 827 4686 preciperet
842 4612 874 4666 et
890 4605 1068 4686 requireret
1087 4605 1203 4687 impos·
1258 4604 1381 4667 fervore
1401 4606 1500 4667 Deum
1524 4626 1703 4688 precemur,
1720 4615 1756 4669 ut
1775 4607 1816 4669 ab
1838 4609 2007 4674 invisibili·
2112 4591 2113 4682 i

452 4702 560 4765 sibilia
575 4703 719 4783 quaedam
733 4721 752 4763 a
766 4702 859 4765 nobis
877 4721 884 4766 :
900 4703 985 4784 quod
1002 4703 1139 4785 impium
1155 4712 1203 4766 est
1257 4702 1317 4764 bus
1342 4703 1486 4766 hostibus
1511 4705 1580 4767 istis
1604 4723 1661 4768 nos
1687 4714 1823 4781 tueatur,
1843 4715 1876 4770 et
1897 4719 2006 4772 contra
2112 4703 2113 4772 i

453 4800 608 4882 suspicari
624 4800 663 4861 de
678 4800 730 4881 pio
743 4807 774 4862 et
788 4801 1116 4881 supersapientissimo
1129 4803 1200 4865 Deo.
1256 4820 1310 4865 ecs
1331 4820 1389 4865 nos
1409 4802 1557 4866 roborare
1571 4822 1608 4865 ac
1623 4823 1746 4867 armare
1765 4805 1927 4886 dignetur,
1943 4809 2005 4872 vir·

494 4897 650 4980 Deinceps
665 4896 785 4960 fiducia
800 4899 859 4960 ista
875 4898 907 4959 in
924 4900 1114 4982 De0,utpote
1129 4919 1202 4983 spes
1257 4907 1340 4962 tutes
1360 4908 1392 4962 ct
1411 4901 1494 4964 dona
1516 4903 1651 4984 Spiritus
1673 4903 1780 4966 Sancti
1799 4905 1914 4982 dando,
1932 4925 2005 4970 con·
2112 4889 2113 4912 ³

454 4998 600 5071 formata,
612 4995 828 5058 confidentem
843 5014 907 5059 non
923 5006 1028 5079 potest
1041 4999 1199 5081 decipere,
1256 4999 1412 5061 servando
1430 5019 1467 5062 ac
1487 4999 1685 5082 perficiendo
1704 5002 1737 5064 in
1755 5002 1858 5066 nobis.
1876 5005 2002 5080 Quarto,
2112 5001 2113 5006 ’

453 5096 606 5180 quoniam
626 5095 727 5158 Deum
752 5095 860 5157 nullus
882 5104 986 5178 potest
1005 5096 1132 5159 sinistre
1155 5099 1201 5160 in·
1255 5098 1295 5160 ad
1320 5098 1405 5162 idem
1430 5116 1487 5161 nos
1512 5098 1606 5161 debet
1629 5100 1780 5165 inducere
1806 5103 2003 5168 immensitas

453 5196 603 5270 formare,
634 5212 693 5256 nec
723 5194 791 5277 ipse
821 5195 936 5257 mutari
965 5202 1071 5277 potest
1098 5216 1201 5279 neque
1256 5197 1356 5260 nostri
1374 5197 1518 5279 periculi.
1536 5198 1568 5261 Si
1584 5199 1670 5263 enirn
1686 5203 1929 5267 succumbimus
1948 5206 2002 5268 ho

454 5295 594 5372 mentiri,
621 5312 725 5380 neque
754 5294 918 5376 opulentia
946 5295 1017 5378 ejus
1047 5296 1202 5361 minuitur
1257 5297 1360 5361 stibus
1384 5297 1463 5374 istis,
1483 5297 1509 5359 si
1535 5317 1554 5360 a
1577 5298 1642 5363 Deo
1664 5319 1727 5364 non
1750 5301 1953 5385 adjuvamur,
1974 5307 2002 5369 si
