4206 6258
155 825 572 952 DOMINIGA
617 825 842 950 XXIII
889 825 1102 950 POST
1149 827 1670 954 TRINITATEM

556 1499 861 1586 ENAIIIIATIO
893 1499 948 1586 IN
981 1499 1274 1587 EPISTOLAM

261 1766 442 1814 rmmronns
462 1765 518 1813 aar
539 1766 662 1824 nsrore,
685 1766 722 1812 nr
742 1766 918 1814 onsmvcrr
938 1766 1004 1826 nos,
1023 1767 1087 1816 mc.
1103 1751 1240 1834 Philipp.
1257 1769 1302 1826 ur,
1319 1749 1430 1833 17-213
1446 1770 1487 1828 rr,
1506 1750 1567 1816 l-3.

207 2046 432 2112 bostonus
447 2046 480 2109 in
496 2045 645 2130 prasenti
665 2062 723 2109 nos
742 2043 886 2108 hortatur
901 2045 927 2110 Α
941 2045 1156 2128 confusionis;
1176 2049 1235 2128 qai
1255 2057 1386 2110 terrena
1407 2049 1553 2126 sapiant,
1574 2048 1606 2111 id
1628 2056 1686 2123 est,

222 2146 357 2230 epistole
372 2152 408 2208 ut
421 2145 523 2227 Ipsius
539 2163 712 2227 sequamur
726 2142 883 2224 vestigia:
942 2145 975 2207 in
994 2145 1201 2209 sensibilibus
1223 2146 1323 2228 magis
1342 2166 1439 2229 quem
1459 2148 1493 2210 in
1515 2147 1688 2230 spirituali-

135 2249 336 2316 Imitatorcs,
362 2244 523 2327 inquiens,
548 2245 613 2304 mei
636 2252 743 2314 estote,
768 2242 884 2317 idest,
941 2243 1002 2306 bus
1020 2245 1228 2308 delectentur.

135 2346 279 2408 virtuosa
301 2361 398 2426 opera
427 2361 498 2406 moa
525 2341 706 2425 sequamini
736 2341 768 2403 In
797 2340 886 2405 omni
980 2343 1105 2407 Nostra
1125 2353 1235 2404 autem
1256 2344 1513 2406 conversatioem
1532 2346 1620 2405 cael-is
1641 2355 1687 2408 cst

136 2443 331 2517 bumilitate,
362 2441 619 2516 mansuetudine,
645 2441 785 2516 caritate,
810 2447 884 2514 etc,
941 2441 1062 2504 ratione
1083 2440 1214 2522 objecti,
1236 2440 1268 2503 id
1290 2449 1348 2516 est,
1365 2461 1422 2524 per
1443 2443 1687 2525 contemplatio-

136 2553 168 2604 et
183 2545 360 2613 observate,
377 2542 408 2604 id
428 2549 486 2616 est,
502 2541 673 2623 diligenter
688 2540 886 2603 considerate
941 2559 1014 2604 nem
1028 2548 1060 2602 et
1075 2548 1217 2603 sanctam
1236 2540 1441 2604 dilectionem
1461 2542 1525 2606 Deo
1545 2561 1582 2604 ac
1597 2543 1690 2606 coele-

136 2660 174 2704 ac
195 2640 287 2723 sequi
308 2646 427 2714 curate,
444 2642 568 2720 eosqui
586 2641 636 2700 ita
655 2641 838 2710 ambutant,
853 2638 886 2701 id
941 2638 1043 2701 stibus
1058 2639 1260 2703 inhaeremus.
1277 2639 1324 2702 lbi
1339 2640 1426 2703 enim
1442 2647 1490 2703 est
1504 2649 1611 2704 noster
1625 2641 1690 2704 the·
1711 2673 1836 2726 ΜΝ,

135 2747 196 2814 est,
216 2739 322 2802 taliter
343 2738 468 2812 vivunt,
489 2739 573 2800 sicat
597 2739 721 2798 habetis
743 2739 886 2814 formam
941 2755 1064 2811 saurus,
1081 2755 1157 2818 ergo
1178 2745 1210 2800 et
1228 2755 1283 2802 cor
1303 2745 1457 2801 nostrum.
1479 2742 1571 2802 Unde
1589 2742 1688 2802 etiam
1703 2739 1736 2780 ²¹·

136 2847 297 2908 nostram,
319 2836 351 2900 id
372 2844 421 2898 est
442 2836 573 2900 modum
595 2855 631 2900 ao
652 2835 794 2918 regulam
813 2834 887 2898 vitae
940 2839 1146 2902 Salvatorem
1176 2845 1396 2914 caspectamas
1424 2839 1600 2900 Dominum
1632 2859 1689 2900 mo·

136 2943 265 3011 nostres,
291 2935 365 3018 quia
389 2953 428 2998 ex
453 2934 560 2998 verbis
584 2941 615 2998 et
638 2934 767 3018 scriptis
792 2941 886 3016 atque
941 2945 1048 2996 stram
1060 2939 1171 2996 Jesam
1187 2937 1354 2998 Christum
1369 2943 1540 2999 venturum
1561 2937 1600 3000 ad
1620 2939 1690 3001 uni-

136 3034 291 3118 operibus
315 3034 395 3097 meis
419 3033 508 3097 scitis
531 3032 636 3115 qualis
660 3033 702 3095 sit
722 3050 888 3096 conversa·
941 3033 1062 3096 versele
1083 3032 1252 3113 judicium,
1269 3040 1301 3096 et
1317 3034 1393 3096 item
1413 3035 1605 3117 particulare
1619 3037 1690 3118 ejus

137 3135 184 3198 tio
202 3142 319 3198 nostra.
336 3133 423 3197 Unde
442 3134 482 3218 ad
500 3131 678 3196 Corinthios
697 3131 742 3194 ait
756 3131 887 3214 Aposto-
942 3131 1161 3215 praestolamur
1187 3132 1357 3213 judicium.
1383 3133 1527 3217 Denique
1553 3153 1689 3217 quorum

12 3257 123 3310 ourani.
140 3235 190 3297 lus
208 3251 215 3296 :
232 3231 345 3307 Quales
364 3250 476 3294 sumus
495 3231 527 3294 in
543 3229 650 3294 verbis
668 3229 826 3304 absentes,
842 3237 887 3292 ta-
902 3228 926 3294 B
943 3230 1140 3294 conversatio
1154 3237 1203 3293 est
1217 3230 1366 3305 ooelestis,
1379 3250 1490 3294 secure
1505 3240 1691 3315 exspectant

139 3333 187 3396 les
208 3340 241 3394 et
261 3330 295 3393 in
317 3329 402 3393 fecto
422 3337 605 3413 praesentes.
942 3329 1058 3392 Christi
1077 3330 1260 3393 adventum.
1279 3330 1345 3399 Qci
1363 3332 1556 3407 reformabit
1573 3351 1690 3409 corpus

6 3447 122 3502 tarasii,
179 3431 284 3494 Metti
304 3430 392 3490 emim
414 3430 584 3490 ambutant
606 3447 664 3511 per
686 3427 782 3490 latam
801 3428 886 3491 viam
941 3429 1142 3488 hamilitatis
1157 3439 1288 3500 nostra,
1305 3428 1337 3491 id
1356 3436 1415 3504 est,
1432 3429 1554 3493 humile
1575 3437 1606 3493 et
1624 3449 1690 3494 cor·

6 3515 19 3554 ¹·
138 3549 210 3612 quae
225 3527 314 3591 ducit
332 3527 371 3590 ad
391 3535 538 3601 mortem,
555 3547 634 3606 quos
648 3545 729 3603 scope
742 3529 888 3588 dicebam
942 3525 1095 3608 ruptibile
1116 3526 1202 3588 istud
1222 3544 1338 3609 corpus
1358 3533 1502 3591 nostrum
1523 3527 1556 3590 in
1574 3528 1625 3591 die
1639 3529 1689 3609 ju-

137 3627 240 3698 vabis,
255 3627 331 3689 dum
353 3643 441 3688 eram
464 3623 631 3688 vobiscum
652 3623 755 3706 (auae
778 3635 885 3686 actem
941 3623 1018 3686 dicii
1047 3623 1224 3699 suscitabit,
1249 3631 1344 3707 atque
1368 3625 1408 3688 cd
1433 3625 1602 3708 pristinam
1627 3626 1691 3690 for-

136 3735 167 3786 et
187 3727 271 3802 flens
291 3726 376 3797 dico,
391 3723 467 3805 quia
488 3730 553 3785 tam
573 3722 620 3786 cis
642 3741 738 3806 quam
760 3722 810 3785 bis
831 3722 887 3805 qui
940 3741 1023 3785 mam
1035 3722 1102 3785 sive
1114 3721 1258 3804 effigiem
1273 3723 1690 3806 reparabitcoaflacratcm

135 3825 293 3888 falluntur
320 3822 361 3886 ab
391 3823 481 3906 ipsis,
512 3821 679 3886 lacrimose
708 3821 884 3902 condoleo).
941 3823 1072 3899 corpori
1094 3822 1261 3882 claritatis
1285 3842 1364 3894 saa,
1389 3821 1422 3885 id
1447 3822 1505 3897 est,
1533 3823 1576 3886 ita
1604 3824 1690 3906 quod

134 3925 248 4006 ltaque
262 3923 334 3986 dico
349 3938 403 3985 eos
423 3940 492 3984 esse
510 3921 660 3982 inimicos
673 3922 780 3982 crucis
796 3922 888 3983 cort·
941 3928 1018 3982 tunc
1038 3919 1143 3983 simile
1163 3918 1224 3982 erit
1245 3919 1425 4001 glorificato
1443 3940 1480 3984 ac
1500 3921 1689 4004 splendidis-

134 4024 193 4094 sti,
211 4022 243 4085 id
263 4027 312 4084 est
330 4019 527 4083 adversarios
550 4017 709 4093 crucifixi,
726 4018 801 4101 quia
822 4026 886 4082 tem
941 4018 1024 4082 simo
1043 4018 1168 4101 corpori
1184 4017 1311 4094 Christi,
1328 4019 1404 4102 qula
1423 4019 1455 4082 in
1476 4037 1608 4102 corpore
1624 4022 1689 4102 glo·

134 4120 245 4184 verbis
262 4138 359 4201 quam
378 4118 472 4182 factis
490 4124 566 4180 sunt
580 4116 704 4180 Christo
723 4116 885 4192 contrarii,
941 4117 1025 4180 rioso
1040 4115 1146 4179 Sancti
1163 4124 1337 4200 resurgent.
1354 4117 1410 4180 Vel
1426 4117 1498 4180 ideo
1511 4118 1567 4193 eit,
1584 4141 1601 4178 a
1618 4137 1690 4182 con·

134 4220 316 4301 falluntque
340 4217 506 4301 plurimos.
533 4215 588 4278 Isti
617 4215 794 4298 prasertim
822 4215 887 4278 fue·
940 4213 1113 4296 figuratum
1129 4215 1254 4297 corpori
1270 4215 1422 4278 claritatis
1437 4217 1690 4298 suaeo‚quonlam

134 4325 213 4382 runt
234 4316 375 4382 haretici
400 4315 456 4398 qui
479 4313 593 4396 legalia
617 4333 690 4376 cum
716 4314 887 4397 Evangelio
941 4314 1042 4377 sancti
1062 4313 1123 4375 viri
1146 4313 1179 4375 in
1199 4313 1265 4375 vita
1285 4312 1344 4376 bac
1365 4331 1422 4396 per
1441 4312 1575 4390 labores,
1592 4315 1688 4379 absti-

134 4416 335 4482 observanda
348 4414 514 4478 docebant.
532 4417 677 4483 Quorum
691 4415 770 4492 fiais
785 4414 924 4479 inter-C
941 4411 1076 4486 nentias,
1102 4411 1239 4492 vigilias,
1265 4410 1451 4493 discipliuae
1476 4430 1609 4496 corpora
1632 4435 1690 4479 sua

136 4519 218 4587 itus,
235 4514 267 4577 id
289 4522 348 4589 est,
369 4512 446 4576 finis
465 4531 522 4575 seu
544 4511 652 4574 finalis
674 4529 785 4574 eorum
804 4530 886 4574 mer·
941 4507 1101 4591 affligunt,
1109 4509 1219 4591 sicque
1233 4508 1451 4572 assimilantur
1466 4511 1592 4595 corpori
1607 4512 1691 4577 Chri-

135 4631 203 4688 ces,
218 4611 281 4675 erit
302 4619 420 4676 aterna
444 4609 615 4674 damnatio.
638 4612 783 4679 Quorum
807 4612 887 4670 deae
941 4608 981 4670 sti
997 4615 1128 4691 propter
1142 4625 1199 4670 nos
1215 4607 1438 4690 multipliciter
1451 4627 1554 4694 passo.
1566 4611 1618 4675 Sic
1632 4612 1690 4694 igi-

134 4720 250 4773 oenter
278 4719 336 4782 cst,
365 4710 398 4774 id
427 4716 485 4784 est,
516 4708 604 4772 vitiis
633 4707 814 4770 carnalibus
843 4707 887 4770 ita
941 4715 992 4769 tur
1007 4706 1103 4770 faciet
1117 4706 1261 4770 Christus
1275 4710 1455 4770 secumdum
1469 4711 1689 4786 operationem

134 4810 323 4874 deserviunt
343 4808 435 4892 quasi
462 4807 494 4870 in
519 4807 566 4870 eis
589 4806 631 4870 sit
652 4807 821 4870 hominurn
838 4825 886 4870 sa·
940 4805 1068 4868 virtutis
1095 4825 1171 4880 suae,
1194 4826 1259 4886 qua
1278 4807 1382 4883 possit
1404 4808 1505 4870 etiam
1529 4811 1690 4889 subjicere

134 4909 199 4985 lus,
215 4916 248 4972 et
270 4908 438 4992 proprium
459 4912 604 4971 ventrem
628 4904 702 4988 plus
725 4913 834 4969 emant
855 4913 887 4968 et
940 4907 1004 4966 sibi
1024 4906 1148 4976 amaia,
1168 4904 1200 4967 id
1224 4911 1273 4968 est
1295 4904 1474 4969 secundum
1498 4927 1563 4972 sua
1588 4912 1689 4974 omni·

134 5009 249 5072 colunt
272 5025 369 5089 quam
394 5005 506 5069 Deum.
523 5009 568 5068 Et
586 5007 697 5083 aleria
718 5005 753 5066 ia
775 5007 887 5082 confa-
940 5003 1091 5086 potentiae
1114 5002 1336 5078 efficientiam,
1358 5004 1433 5086 quie
1456 5013 1561 5088 potest
1583 5005 1688 5074 fecere
1701 5036 1836 5096 capam,

135 5109 227 5168 sicae
242 5109 401 5184 ipsorum,
417 5105 449 5167 id
464 5111 522 5180 est,
534 5103 649 5168 vitiosa
663 5102 809 5186 gloriatio
824 5123 886 5187 qua
940 5103 1098 5186 quidquid
1119 5102 1182 5166 sibi
1203 5102 1367 5186 placuerit.

136 5208 178 5271 ad
201 5215 329 5290 tempus
348 5203 518 5279 exsultant,
535 5203 596 5267 erit
617 5202 819 5268 confusibilis
840 5203 886 5267 eis
979 5205 1109 5283 Itaque,
1133 5203 1258 5278 fratres
1281 5202 1347 5262 mei
1368 5203 1535 5265 carissimi
1558 5213 1689 5289 propter

138 5307 174 5370 in
189 5305 300 5370 divino
312 5302 576 5387 judicio,eritque
591 5303 638 5367 eis
653 5321 749 5366 eausa
762 5309 887 5369 aterna
941 5302 1024 5366 bona
1043 5300 1152 5384 gratia
1171 5299 1203 5362 in
1223 5299 1383 5383 praesenti,
1400 5310 1431 5362 et
1449 5303 1689 5368 desideratissi·
