4140 6258
489 492 636 542 noumxea
655 493 676 539 x
697 493 770 541 rosr
789 491 984 540 ιιιιιτιιιιι.
1004 511 1044 524 -
1065 493 1164 543 ιιιιο
1185 497 1295 546 narsus
1610 485 1671 550 339

125 661 282 725 caritative
311 659 528 724 communicet
556 661 719 744 proximis.
746 661 867 724 Idcirco
882 664 908 726 Α
923 671 1015 728 tuum
1031 666 1142 729 dicunt
1162 665 1263 730 sancti
1278 667 1383 730 Patres
1402 676 1497 751 atque
1513 669 1667 744 doctores,

126 759 174 843 qui
199 760 331 834 doctior,
348 758 532 842 sapientior,
550 760 582 822 in
608 759 779 823 virtutibus
803 759 866 823 for·
922 763 1007 844 quod
1032 765 1159 847 quando
1182 763 1314 846 spiritus
1336 765 1386 827 vel
1410 766 1542 846 angelus
1566 766 1669 830 bonus

125 859 190 934 tior,
207 859 240 922 in
256 859 408 922 exercitio
428 858 501 922 vitae
521 858 697 940 spiritualis
716 877 752 922 ao
767 866 866 922 tenta·
921 869 1063 943 apparet,
1080 862 1229 944 quamvis
1245 862 1277 925 in
1293 862 1453 946 principio
1468 883 1532 927 suae
1547 865 1670 948 appari-

126 959 241 1021 tionum
270 958 432 1040 expertior
459 963 571 1030 exstat,
596 956 695 1020 alium
722 974 865 1020 amorose
921 957 1017 1022 tionis
1033 967 1149 1022 terreat
1164 960 1327 1023 bominem
1343 961 1394 1023 cui
1410 969 1669 1044 apparettamen

125 1056 279 1130 informet,
292 1055 427 1118 consilio
440 1055 541 1135 juvet,
553 1055 586 1117 in
601 1054 694 1118 bonis
709 1055 866 1119 confortet
923 1073 995 1119 mox
1016 1055 1173 1120 confortat
1192 1065 1223 1119 et
1242 1058 1423 1121 consolatur
1438 1060 1598 1136 eumdem,
1616 1061 1669 1124 de-

126 1160 154 1216 ct
176 1153 226 1235 pie
250 1159 427 1236 supportet,
453 1161 548 1235 atque
578 1153 610 1214 in
636 1152 865 1215 tentationibus
921 1153 1044 1235 pellens
1063 1154 1281 1230 formidinem,
1298 1164 1329 1218 et
1348 1156 1611 1239 tranquillitatem
1631 1159 1668 1222 il-

125 1251 255 1334 qualiter
276 1251 424 1314 reluctari
447 1259 479 1313 et
497 1249 614 1312 habere
636 1269 669 1312 se
691 1250 796 1323 debet,
812 1251 866 1313 do·
922 1251 1229 1334 inminutionemque
1253 1253 1418 1334 ingerens;
1443 1255 1498 1318 sed
1523 1257 1667 1321 demone

126 1369 191 1412 cere
206 1368 269 1414 non
285 1349 434 1432 negligat.
452 1349 531 1412 llinc
547 1349 667 1432 quippe
686 1350 726 1411 ad
741 1348 864 1412 Galatas
923 1349 955 1412 in
971 1349 1078 1432 speeie
1092 1351 1196 1431 angeli
1216 1359 1399 1434 apparente,
1412 1353 1507 1416 timor
1520 1353 1669 1420 incussus

87 1482 111 1519 a,
124 1448 163 1511 ait
184 1448 353 1531 Apostolus
370 1466 377 1511 :
394 1449 529 1522 Fratres,
546 1447 604 1510 etsi
624 1455 864 1530 preoccupatus
922 1455 1113 1529 perseverat,
1130 1467 1188 1512 nec
1205 1449 1320 1512 mentis
1335 1451 1456 1514 recedit
1469 1451 1549 1532 (imo
1568 1453 1669 1533 magis

124 1547 216 1611 fuerit
230 1548 326 1610 homo
342 1547 375 1610 in
390 1545 498 1630 aliquo
513 1547 640 1621 delicto,
657 1565 713 1609 vos
729 1547 784 1628 qui
800 1546 864 1629 spi·
921 1547 1068 1627 augetur)
1087 1546 1236 1610 turbatio.
1259 1549 1315 1610 Per
1333 1549 1394 1612 hoc
1413 1549 1511 1631 igitur
1529 1549 1669 1615 discerni

123 1647 248 1710 rituales
269 1647 357 1721 estis,
372 1645 557 1727 hujusmodi
580 1645 727 1708 instruite
747 1645 780 1707 in
802 1645 865 1728 spi·
921 1652 1025 1726 potest
1041 1664 1122 1708 unus
1138 1645 1178 1708 ab
1193 1646 1265 1710 alio.
1278 1647 1365 1711 Unde
1380 1648 1478 1732 aliqui
1495 1651 1600 1732 magni
1616 1653 1668 1720 do·

124 1746 182 1808 ritu
201 1746 351 1819 lenitatis,
368 1745 572 1807 considerans
592 1753 623 1807 tc
640 1745 757 1827 ipsum,
774 1763 814 1807 ne
833 1751 865 1807 et
921 1751 1024 1806 ctores
1038 1745 1240 1826 querunt:Si
1253 1745 1397 1809 diabolus
1410 1747 1506 1810 alicui
1519 1759 1669 1832 appareat

122 1853 154 1906 tu
175 1844 326 1923 tenteris;
344 1843 424 1907 alter
444 1843 576 1906 alterius
597 1861 695 1906 onera
716 1850 861 1926 portate:
883 1847 906 1910 Β
922 1841 954 1904 in
975 1843 1082 1923 specie
1102 1843 1229 1918 Christi,
1244 1844 1419 1927 jubeatque
1438 1865 1472 1908 se
1486 1847 1621 1925 adorari,
1638 1857 1670 1912 et

123 1961 192 2024 ergo
207 1943 284 2006 dum
299 1949 427 2025 tempus
441 1941 608 2016 hebemus,
624 1959 795 2024 operemur
809 1941 863 2005 bo
921 1939 1016 2004 homo
1032 1950 1146 2024 putans
1162 1943 1246 2024 quod
1263 1942 1406 2006 Christus
1422 1945 1473 2020 sit,
1491 1944 1582 2008 illum
1598 1949 1669 2010 ado

122 2060 194 2104 ιιι]
218 2041 259 2103 ad
281 2058 402 2104 omnes.
419 2041 567 2122 lfagnum
590 2048 621 2103 et
642 2041 706 2104 Deo
724 2040 863 2122 gratissi·
922 2047 979 2112 ιιι,
995 2058 1035 2102 au
1054 2044 1188 2122 peccetf
1203 2041 1249 2103 Ad
1271 2043 1355 2124 quod
1370 2044 1565 2126 respondent
1583 2044 1668 2128 quod

124 2159 206 2203 mum
222 2148 282 2214 est,
299 2140 461 2223 proximos
476 2139 529 2223 pie
543 2146 575 2202 ot
589 2139 755 2202 humiliter
768 2139 864 2202 infor·
922 2137 997 2212 imo,
1014 2139 1089 2220 quia
1105 2139 1230 2202 incaute
1246 2158 1280 2202 se
1295 2139 1399 2203 habet.
1416 2141 1484 2204 Non
1500 2142 1587 2205 enim
1608 2150 1669 2205 sta-

123 2257 215 2314 mare,
232 2239 338 2322 lapsos
359 2255 417 2321 pro
436 2254 528 2320 posse
548 2237 680 2320 erigere,
696 2245 863 2321 peccantes
921 2237 980 2299 tim
996 2238 1190 2300 credendum
1207 2245 1255 2300 est
1270 2239 1396 2321 spiritui
1411 2241 1575 2322 apparenti
1589 2259 1597 2321 ;
1613 2242 1669 2304 sed

123 2337 253 2401 discrete
272 2337 442 2420 corripere.
460 2335 581 2400 ldoirco
599 2336 722 2399 Danieli
737 2336 864 2400 Gabriel
921 2333 1016 2398 homo
1031 2336 1083 2398 eui
1098 2336 1347 2419 apparetprimo
1361 2336 1457 2400 debet
1470 2356 1503 2400 se
1517 2338 1555 2401 ad
1570 2340 1669 2402 Deum

15 2459 107 2506 «naqa.
121 2438 248 2519 angelus
264 2443 481 2501 contestatur:
498 2435 556 2510 uui
572 2436 611 2498 ad
624 2435 781 2516 justitiam
796 2455 866 2498 eru·
921 2442 1117 2509 convertere,
1134 2442 1166 2497 et
1181 2453 1255 2498 eum
1275 2451 1364 2498 orare
1381 2443 1415 2497 ut
1434 2435 1496 2498 sibi
1512 2437 1668 2520 inspirare

121 2537 209 2598 diunt
228 2535 396 2618 plurimos,
414 2533 505 2617 qnasi
525 2533 623 2598 stellas
643 2533 812 2616 fulgebunt
832 2536 865 2598 in
921 2549 977 2594 seu
993 2533 1134 2595 revelare
1153 2533 1301 2614 dignetur
1316 2533 1400 2616 quod
1421 2551 1533 2598 verum
1553 2543 1612 2610 est,
1628 2555 1668 2598 an

121 2642 286 2716 perpetuas
301 2631 639 2697 eternitatesfacobus
654 2650 779 2716 quoque
793 2634 867 2696 scri·
922 2631 963 2693 sit
979 2631 1086 2694 illusio
1100 2633 1207 2714 aliqua
1224 2650 1231 2694 :
1248 2642 1388 2714 tuncque
1404 2633 1570 2715 piissimus
1585 2635 1668 2698 Deus

14 2757 107 2812 cama
120 2733 165 2796 hit
187 2751 194 2795 :
217 2732 276 2808 Oui
302 2732 445 2796 converti
469 2730 581 2795 fecerit
604 2739 803 2813 peccatorem
824 2732 865 2795 ab
922 2729 955 2791 in
970 2737 1057 2792 unta
1072 2729 1260 2792 necessitate
1275 2746 1338 2794 non
1355 2732 1480 2794 deseret
1493 2733 1666 2796 hominem.

14 3045 79 3090 ieelim

120 2849 222 2895 errore
248 2830 309 2894 vite
333 2849 408 2904 suae,
432 2829 568 2892 salvabit
590 2829 729 2893 animaru
753 2831 823 2911 ejus
847 2849 866 2892 a
965 2827 1094 2909 Legitur
1117 2829 1202 2912 quod
1224 2828 1369 2892 diabolus
1392 2829 1551 2893 interdum
1575 2849 1677 2914 appa--

121 2939 229 3006 morte,
255 2936 288 2992 et
313 2929 437 3011 operiet
459 2928 699 2992 multitudinem
724 2938 866 3012 peccato
921 2926 985 2988 ruit
999 2926 1077 2989 viris
1092 2903 1313 3001 sanctissimls,
1330 2935 1406 3011 puta
1420 2928 1668 3003 fdartino‚Anto

81 3061 105 3098 a,
120 3049 198 3092 rum.
216 3030 251 3091 ln
272 3027 496 3090 Ecclesiastico
516 3028 612 3091 etiam
637 3027 753 3108 legitur
769 3045 776 3089 :
793 3028 865 3092 Cor·
883 3028 906 3093 C
921 3025 985 3100 nio,
1005 3025 1184 3107 Apollonio,
1206 3031 1278 3099 ete,
1296 3025 1329 3088 in
1353 3026 1460 3108 specie
1485 3026 1612 3102 Christi,
1636 3035 1668 3092 et

14 3115 23 3150 ²·
120 3128 187 3210 ripe
200 3127 354 3202 amicum,
372 3145 412 3189 ne
431 3125 513 3190 forte
534 3143 597 3189 non
614 3126 816 3198 intellexerit,
834 3134 866 3189 et
918 3123 1014 3204 jussit
1028 3143 1061 3185 se
1076 3123 1198 3187 adorari
1215 3123 1255 3186 ab
1271 3124 1344 3186 illis.
1362 3124 1422 3187 Sed
1438 3124 1485 3186 illi
1505 3125 1667 3189 discretio

15 3833 59 3878 Cor.
69 3849 93 3878 ιιι

14 3897 39 3939 l0.

14 4129 73 4181 afran,

14 4195 29 4236 l.

119 3227 210 3302 dieat,
227 3225 298 3290 Nou
323 3224 403 3305 feci3
419 3231 474 3287 aut
495 3225 522 3288 si
544 3224 667 3299 fecerit,
685 3243 725 3288 ne
748 3225 864 3288 iterum
919 3241 960 3284 ne
984 3221 1157 3305 spirituum
1181 3222 1349 3296 radiantes,
1375 3222 1443 3286 falli
1468 3241 1532 3286 non
1557 3231 1667 3306 potue·

118 3325 208 3387 addat
229 3323 347 3387 facere.
920 3327 1004 3394 runt,
1020 3321 1174 3403 quianon
1190 3320 1296 3383 stetim
1312 3321 1501 3401 credebant;
1518 3323 1573 3385 sod
1588 3323 1668 3385 deli·

154 3423 273 3496 urano
292 3422 384 3484 docet
402 3420 583 3503 Apostolus,
599 3428 717 3502 quauta
736 3419 778 3483 sit
798 3439 864 3482 cer·
919 3419 1082 3483 beratione
1107 3419 1281 3503 premissa,
1307 3419 1533 3483 intellexerunt
1557 3421 1666 3484 dolum

117 3521 217 3582 titudo
236 3527 270 3583 et
290 3518 427 3581 firmitas
449 3517 527 3581 fidei
549 3518 740 3593 christiane,
758 3537 866 3602 quaea
919 3525 951 3581 et
975 3517 1220 3601 increpaverunt
1241 3518 1416 3593 diabolum,
1439 3519 1495 3602 qui
1520 3520 1667 3602 protinus

116 3619 178 3681 fleo
192 3627 259 3681 tarn
277 3616 447 3700 multiplex
462 3615 558 3679 habet
576 3617 796 3680 testimonium
812 3635 864 3680 ve·
919 3616 1001 3698 fugit
1025 3623 1120 3699 atque
1145 3616 1311 3699 disparuit.
1328 3614 1457 3697 Legitur
1481 3634 1609 3700 qnoque
1633 3617 1666 3680 in

116 3717 306 3800 rimisque
320 3723 367 3779 tot
381 3721 430 3778 est
443 3715 630 3778 confirmata
644 3715 866 3790 miraculistot
919 3714 985 3778 fine
1015 3714 1119 3797 quarti
1149 3714 1222 3776 libri
1245 3715 1471 3796 Vitaspatrurn,
1497 3715 1582 3797 quod
1605 3714 1668 3778 luit

96 3815 293 3898 ,approbata
316 3813 480 3898 prodigiis,
498 3822 609 3897 utpote
629 3815 730 3896 gratia
752 3815 866 3878 sanita-
919 3813 1050 3896 quidam
1066 3813 1173 3875 Frater
1192 3812 1224 3874 in
1245 3830 1364 3889 eremo,
1380 3813 1436 3895 qui
1456 3814 1668 3877 seducebatur

115 3913 387 3997 tum,operatione
403 3913 661 3988 virtutum,douo
676 3913 862 3996 prophetiae,
919 3931 937 3974 a
956 3911 1155 3976 demonibus
1174 3929 1233 3994 per
1251 3912 1407 3994 plurimos
1423 3929 1535 3988 annos,
1551 3920 1666 3995 putans

112 4031 230 4095 genere
254 4013 449 4094 linguarum,
465 4012 657 4074 discretione
679 4011 861 4094 spirituum.
919 4012 1003 4092 quod
1024 4011 1130 4092 angeli
1151 4017 1266 4073 essent.
1285 4010 1424 4075 Carnalis
1448 4019 1554 4075 autern
1577 4020 1667 4095 pater

81 4110 862 4181 r,UndeadHebraeosinducitur:Abundantius
919 4110 1035 4173 Fratris
1064 4109 1162 4185 illius,
1193 4109 1284 4172 illum
1313 4109 1484 4192 aliquando
1513 4110 1664 4174 visitavit.

111 4229 168 4274 nos
187 4217 319 4295 oportet
337 4207 506 4272 ohservare
526 4227 564 4271 ea
578 4227 649 4291 que
668 4209 862 4284 audivimus,
878 4212 904 4276 D
919 4209 1058 4284 Quadam
1081 4225 1158 4271 vero
1178 4208 1230 4271 die
1251 4208 1324 4271 tulit
1348 4227 1457 4272 secum
1480 4209 1664 4292 bipennem,

110 4331 149 4375 ne
178 4310 265 4374 forte
298 4307 529 4393 pereffluamus
556 4326 562 4370 :
589 4309 749 4390 quomodo
776 4309 862 4372 enim
919 4315 954 4370 ut
979 4308 1116 4382 rediens,
1142 4306 1248 4388 aliqua
1272 4307 1357 4388 ligna
1381 4325 1490 4372 secum
1515 4315 1663 4391 portaret.

110 4411 323 4492 effugiemus,
340 4408 367 4471 si
385 4415 504 4471 tanum
525 4407 760 4488 neglexerimus
780 4408 863 4470 salu·
919 4408 1021 4481 Quum
1038 4423 1112 4486 ergo
1127 4413 1211 4468 esset
1230 4405 1340 4480 invia,
1357 4406 1480 4470 demon
1497 4406 1577 4469 dixit
1595 4406 1666 4470 filio

109 4519 185 4586 tem,
203 4510 238 4572 id
263 4514 314 4572 est
334 4515 399 4570 tam
421 4507 591 4570 salutarem
612 4506 727 4570 Christi
748 4507 863 4570 doctri·
918 4505 988 4587 ejus
1006 4522 1012 4567 :
1031 4504 1111 4566 Ecce
1127 4503 1272 4566 diabolus
1288 4505 1377 4567 venit
1395 4504 1434 4567 ad
1454 4511 1485 4567 te
1501 4505 1534 4567 in
1554 4505 1666 4568 simili-

108 4607 863 4693 nam,quaeinnosconfirmataest,contestan·
918 4605 1029 4667 tudine
1059 4603 1158 4687 patris
1189 4603 1245 4677 tui,
1276 4603 1396 4667 habens
1427 4603 1601 4688 bipennem
1631 4605 1665 4668 in

107 4719 137 4773 te
153 4711 221 4773 Deo
237 4708 352 4790 signis,
364 4715 396 4769 et
411 4708 577 4790 portentis,
589 4715 621 4769 et
634 4705 817 4782 virtutibus,
832 4714 864 4769 et
919 4713 1025 4787 sporta
1046 4722 1103 4766 sua
1123 4708 1159 4764 ut
1178 4703 1345 4786 impugnet
1365 4709 1414 4782 te;
1435 4710 1470 4765 tu
1492 4720 1568 4766 vero
1589 4704 1665 4768 tolle

108 4809 251 4890 Spiritus
278 4807 385 4870 Sancti
409 4805 711 4869 distributionibusf
727 4805 791 4868 Hoc
815 4812 863 4867 est
918 4803 958 4866 ab
980 4821 1018 4866 eo
1038 4802 1223 4884 bipennem,
1240 4810 1271 4864 et
1293 4811 1424 4884 percute
1445 4821 1531 4865 eum.
1547 4803 1665 4876 Quum-

14 4931 94 4974 v-xu.
107 4909 194 4971 enim
218 4907 310 4991 quod
334 4906 366 4968 in
390 4905 561 4987 Evangelio
584 4905 722 4987 legitur:
740 4905 788 4968 llli
808 4924 862 4968 au·
918 4920 981 4985 que
1003 4910 1093 4985 peter
1114 4901 1184 4982 ejus
1203 4900 1345 4964 venisset
1365 4900 1404 4964 ad
1424 4921 1510 4977 eum,
1526 4901 1600 4964 tulit
1620 4901 1666 4964 hi·

14 5257 50 5310 fcr.
60 5277 85 5309 ιι

106 5017 170 5072 tem
180 5009 282 5092 (puta
295 5005 452 5090 Apostoli)
461 5005 594 5088 profecti
611 5005 864 5088 predicaverunt
919 5020 1069 5084 pannem,
1086 5007 1118 5063 et
1137 5000 1296 5084 percussit
1313 5007 1436 5082 patrem
1456 5019 1550 5064 suum
1565 5019 1601 5063 ac
1618 5001 1665 5064 irr-

106 5108 243 5190 nbique,
261 5105 400 5169 Domino
414 5113 615 5188 cooperante,
632 5111 664 5167 et
683 5120 862 5168 sermonem
918 5100 1052 5163 terlecit.
1064 5100 1240 5181 Statimque
1255 5099 1401 5162 diabolus
1417 5099 1557 5162 Fratrem
1572 5099 1664 5164 illurn

106 5205 329 5270 confirmante
348 5201 555 5286 sequentihus
576 5201 686 5283 signis.
919 5201 1036 5263 invasit
1056 5208 1088 5262 et
1109 5199 1288 5263 suffocavit.

86 5299 92 5319 ’
144 5307 319 5370 Postremo
342 5303 381 5365 de
409 5302 510 5384 gratia
539 5301 741 5365 discretionis
770 5301 863 5384 spiri·
960 5299 1005 5362 Ex
1020 5300 1081 5363 hoo
1096 5304 1181 5381 patet
1196 5297 1354 5380 exemplo,
1371 5317 1466 5381 quam
1486 5297 1664 5360 necessaria
