4192 6258
503 517 650 565 nonmxcx
670 517 724 564 xxx
744 516 818 563 rosr
837 515 1030 564 minuamur.
1052 534 1093 546 -
1114 516 1212 564 senaa
1231 515 1355 564 mnrms
1642 497 1702 565 5³3

11 711 134 760 >raxam
149 690 273 755 verbiis
288 709 427 773 quoqne,
443 689 603 752 Latantur
617 708 716 771 quum
733 687 939 751 malatera-A
955 707 1021 770 prae
1041 688 1247 752 multitudine
1265 688 1440 771 impiorum
1461 707 1525 754 non
1547 697 1651 773 potest
1669 691 1701 754 id

150 791 222 864 rint,
230 796 261 852 et
276 789 436 852 exsultant
450 787 483 850 in
499 787 595 850 rebus
611 786 796 869 pessimis.0
808 805 900 868 quam
953 787 1140 870 adimplere,
1158 789 1233 870 quia
1253 788 1461 869 impeditura
1475 790 1582 871 pravis
1601 790 1702 853 homi-

149 897 273 952 remote
294 887 327 950 hi
350 887 468 950 distant
487 905 505 948 a
525 885 642 950 Christi
664 883 808 946 doctrina
830 891 862 947 et
882 903 900 946 a
954 885 1061 960 nibus,
1083 887 1138 968 qni
1161 905 1199 950 ex
1223 887 1385 970 proposito
1406 887 1537 951 trahunt
1558 897 1701 971 peccato

147 987 202 1050 via
224 985 336 1050 salutis
354 991 361 1048 1
954 1003 1020 1046 rem
1042 985 1081 1046 ad
1097 1003 1177 1047 vana
1197 992 1228 1047 et
1247 985 1285 1048 ad
1306 985 1558 1067 permanendum
1580 987 1613 1048 in
1634 987 1700 1049 cul-

189 1085 353 1158 Praeterea,
370 1081 467 1164 hujus
483 1081 645 1156 doctrina,
660 1081 811 1144 videlicet
826 1099 900 1164 qua·
955 1101 1003 1163 pa.
1022 1081 1082 1144 Sed
1098 1089 1174 1144 tunc
1195 1082 1291 1146 homo
1310 1083 1444 1146 devotus
1464 1092 1496 1146 at
1514 1084 1698 1148 caritativus

149 1181 223 1245 liter
238 1181 352 1244 debeat
366 1180 588 1262 unusquisque
608 1180 753 1262 proximo
773 1196 831 1241 suo
848 1196 900 1240 co·
953 1179 1048 1243 debet
1068 1181 1239 1244 ascendere
1263 1189 1394 1256 tectum,
1411 1182 1442 1244 id
1465 1189 1513 1245 est
1533 1183 1572 1245 ad
1595 1181 1700 1246 altitu·

147 1280 275 1363 operari
297 1279 336 1342 ad
356 1278 488 1353 bonum,
505 1278 660 1341 habemus
681 1279 714 1339 in
734 1277 899 1359 evangelio
953 1279 1062 1341 dinem
1086 1278 1203 1342 divinae
1227 1279 1355 1362 pietatis
1378 1279 1562 1361 coningere,
1582 1288 1614 1342 et
1637 1281 1700 1344 alta

147 1379 304 1442 hodierno
319 1376 435 1441 efficax
450 1377 645 1458 evidensque
661 1375 897 1458 exemplum,in
953 1377 1231 1459 contemplationis
1247 1378 1612 1452 intrare,considerando
1626 1398 1700 1461 qua·

148 1485 286 1562 quatuor
305 1477 384 1539 viris
405 1475 474 1538 istis
495 1475 549 1559 qui
571 1475 780 1558 paralyticum
804 1473 835 1537 in
857 1474 898 1538 le·
953 1475 1025 1537 liter
1044 1475 1398 1558 supersapientissimus
1417 1476 1501 1538 lleus
1522 1477 1630 1539 omnia
1652 1477 1698 1538 in-

147 1584 199 1639 cto
219 1575 378 1657 jacentem
400 1574 542 1637 tulerunt
561 1573 600 1635 ad
615 1573 825 1651 Salvatorem;
841 1573 896 1655 qui
952 1581 1089 1648 tueatur,
1106 1592 1165 1635 nec
1187 1581 1350 1656 sperantes
1375 1574 1407 1637 in
1432 1593 1466 1638 se
1488 1575 1696 1658 derelinquat,

146 1693 249 1758 quum
275 1693 340 1757 pra
365 1673 572 1735 multitudine
600 1671 701 1735 turbae
726 1690 787 1734 non
813 1673 896 1734 vale·
952 1671 1062 1754 sicque
1087 1671 1304 1735 indesinenter
1329 1691 1385 1755 pro
1408 1680 1574 1755 peccatore
1595 1691 1695 1748 orare,

146 1781 220 1836 rent
239 1772 401 1846 accedere,
417 1771 630 1834 ascenderunt
648 1778 779 1844 tectum,
796 1779 828 1832 et
842 1770 897 1833 illo
952 1788 1091 1852 eumque
1114 1770 1230 1834 divinae
1255 1771 1382 1852 pietatis
1406 1772 1590 1853 conspectui
1621 1790 1698 1853 prae-

146 1872 279 1945 nudato,
301 1889 359 1952 per
379 1868 502 1951 tegulas
526 1868 747 1931 submiserunt
766 1888 840 1931 eum
863 1866 933 1931 inB
953 1877 1087 1942 sentare,
1105 1887 1164 1931 nec
1186 1888 1309 1932 cessare
1328 1889 1346 1932 a
1363 1869 1446 1933 bono
1465 1869 1603 1952 incepto,
1620 1887 1696 1952 quo·

148 1969 344 2032 medicante
362 1969 480 2031 lesum.
498 1967 606 2050 ltaque
621 1967 697 2029 dum
713 1967 894 2041 Christiani,
952 1986 1054 2050 usque
1074 1966 1256 2030 obtineatur
1279 1967 1415 2031 allectus
1433 1988 1439 2032 :
1457 1968 1616 2051 siquidem
1640 1987 1698 2050 per

144 2066 325 2151 praesertim
341 2065 462 2149 praelati
478 2065 579 2147 etqui
595 2064 773 2127 animarum
789 2083 896 2126 curam
952 2065 1175 2147 hujuscemodi
1211 2073 1300 2128 actus
1336 2073 1476 2128 meretur
1513 2064 1697 2149 frequenter

147 2165 279 2240 habent,
295 2183 332 2227 ao
355 2164 496 2227 seniores
520 2170 615 2246 atque
638 2169 795 2245 parentes,
812 2163 897 2225 vide·
952 2153 1037 2226 unus'
1053 2163 1143 2226 alteri
1162 2164 1296 2245 gratiam
1316 2163 1542 2227 conversionis.

146 2265 214 2326 rint
235 2263 419 2346 quempiam
444 2260 652 2344 spiritualiter
673 2261 895 2344 paralyticum,
992 2263 1136 2344 insuper,
1152 2281 1239 2325 nuno
1260 2262 1459 2344 pensandum
1475 2262 1530 2344 qui
1546 2281 1604 2344 per
1620 2262 1696 2326 istos

145 2362 179 2425 id
204 2369 252 2426 est
276 2361 471 2434 acediosum,
495 2359 661 2434 lascivum,
686 2367 741 2421 ant
764 2359 897 2441 quibus·
952 2369 1088 2444 quatuor
1110 2361 1280 2443 portitores
1306 2360 1403 2441 hujus
1428 2361 1592 2444 paralytici
1616 2361 1697 2424 desi-

145 2479 287 2543 cumque
303 2458 426 2540 magnis
442 2457 581 2540 peccatis
597 2457 896 2539 loedatum,portare
951 2466 1098 2542 gnentur.
1115 2459 1173 2521 Per
1188 2476 1268 2541 quos
1288 2459 1392 2541 primo
1408 2458 1543 2540 intelligi
1563 2465 1697 2541 possunt

146 2577 224 2621 eum
253 2558 399 2641 protinus
424 2556 543 2620 debent
570 2556 608 2619 ad
632 2556 751 2630 lesum,
777 2556 896 2618 orando
951 2557 1080 2620 divinus
1102 2557 1273 2620 instinctus
1295 2557 1458 2620 hominem
1483 2557 1522 2618 ad
1544 2556 1628 2620 bona
1649 2557 1696 2619 in·

144 2675 205 2741 pro
230 2657 300 2739 ejus
324 2657 543 2728 conversione,
560 2673 615 2717 seu
641 2653 795 2717 hortando
820 2672 893 2716 eum
951 2657 1070 2736 stigans
1093 2655 1197 2736 (juxta
1223 2654 1302 2716 illud
1326 2655 1359 2717 in
1383 2654 1506 2717 Psalmo
1530 2673 1537 2719 :
1560 2655 1696 2717 Audiam
1710 2669 1750 2715 rs.
1760 2685 1843 2724 nutv,

144 2757 186 2818 ad
207 2755 475 2828 emendationem,
491 2760 523 2814 et
539 2751 697 2834 loquendo
717 2751 745 2814 ei
766 2752 806 2814 de
827 2771 895 2833 per·
951 2754 1027 2836 quid
1052 2753 1199 2835 loquatur
1221 2753 1253 2814 in
1277 2771 1327 2814 me
1347 2753 1500 2815 Dominus
1523 2753 1621 2832 Deua;
1639 2771 1696 2836 pro
1711 2737 1731 2777 ⁹·

144 2853 324 2916 tinentibns
343 2852 382 2916 ad
402 2852 549 2925 salutem,
567 2851 643 2912 item
659 2850 805 2912 ducendo
820 2868 893 2912 enm
950 2869 1013 2934 qno
1036 2859 1106 2914 orat
1130 2850 1293 2933 Propheta,
1310 2851 1445 2914 dicendo
1466 2870 1473 2916 :
1495 2851 1616 2914 lnclina
1643 2869 1697 2914 cor
1722 2867 1843 2921 raam,

144 2953 184 3016 ad
201 2951 382 3025 ecclesiam,
399 2952 438 3013 ad
458 2967 631 3022 sermones,
649 2957 680 3011 et
694 2949 732 3010 ad
748 2948 894 3010 homines
951 2969 1058 3012 meum
1082 2949 1114 3010 in
1134 2948 1318 3012 testimonia
1336 2957 1405 3028 tua3
1422 2957 1454 3011 et
1470 2968 1591 3025 rursus,
1607 2950 1697 3014 Gres-
1711 2934 1782 3038 Ἕω,
1796 2997 1833 3038 ,33

144 3049 342 3133 spirituales,
368 3065 505 3131 quorum
535 3047 693 3129 exemplo,
719 3047 815 3121 lama,
840 3047 931 3112 doc
950 3067 1004 3110 sus
1028 3065 1116 3110 meos
1137 3047 1238 3128 dirige
1261 3047 1437 3110 secundum
1459 3047 1622 3130 eloquium
1648 3055 1696 3110 tu·
1835 3025 1841 3038 ⁸

144 3149 262 3222 ctrina,
278 3147 402 3210 meritis
424 3165 461 3210 ac
480 3145 629 3229 precibus
649 3145 750 3227 possit
764 3163 894 3207 conver·
950 3147 1036 3226 um);
1057 3145 1133 3207 item
1154 3144 1297 3226 angelica
1322 3145 1499 3228 inspiratio,
1520 3146 1697 3210 exhortatio

141 3248 179 3310 ti.
213 3247 245 3310 Si
276 3245 394 3309 etenim
424 3245 625 3308 caritativum
654 3251 686 3305 et
713 3243 803 3326 pium
834 3243 895 3305 luit
948 3243 1697 3327 quoquesuperiorum,etnatnralisinstinctus

142 3345 303 3428 corporali
328 3342 465 3426 paralysi
490 3341 683 3404 tabefactum
709 3359 768 3424 pro
786 3359 894 3423 corpo·
948 3344 988 3405 ad
1013 3342 1133 3405 bonum
1158 3341 1248 3423 (quia
1271 3342 1451 3424 synderesis
1480 3361 1607 3424 semper
1631 3360 1698 3405 mo-

143 3465 199 3508 rea
229 3445 362 3506 sanitate
386 3441 470 3504 lerre
493 3441 532 3503 ad
557 3441 762 3514 Salvatorem,
788 3458 893 3504 nonna
948 3446 1003 3504 vet
1023 3441 1063 3503 ad
1087 3438 1219 3514 bonum,
1244 3440 1421 3502 secundum
1442 3440 1694 3523 Hieronymum),

143 3544 248 3607 multo
278 3541 350 3624 plus
379 3557 560 3603 amorosum
590 3547 685 3621 atque
710 3539 893 3622 piissimum
949 3557 1005 3600 seu
1031 3537 1160 3620 propria
1187 3537 1266 3600 ratio
1290 3555 1348 3619 per
1377 3537 1555 3619 Scripturas
1580 3537 1696 3600 instru-

144 3648 206 3716 est,
228 3639 437 3723 spiritualiter
458 3637 668 3719 paralyticum
685 3655 742 3699 seu
762 3637 794 3698 in
813 3655 894 3700 mor·
949 3643 999 3698 cta
1019 3654 1075 3698 seu
1098 3635 1234 3698 naturali
1258 3634 1326 3718 lege
1347 3636 1467 3698 edocta.
1489 3636 1597 3718 ltaque
1621 3654 1696 3718 qua-

144 3740 203 3802 tali
224 3738 302 3800 vitio
319 3735 535 3808 exsistentem,
554 3733 693 3816 praelatis
713 3735 814 3797 modis
836 3751 894 3817 pro
948 3742 1021 3796 tuor
1045 3733 1105 3795 ista
1129 3733 1272 3814 quotidie
1296 3733 1430 3795 incitant
1457 3751 1515 3796 nos
1538 3733 1578 3795 ad
1602 3733 1694 3807 bona,

144 3835 307 3920 spirituali
336 3834 498 3897 curatione
528 3833 681 3896 Salvatori
710 3834 893 3895 adduceret
949 3831 1100 3896 videlicet
1115 3850 1122 3894 :
1140 3833 1223 3894 Deus
1245 3831 1447 3914 omnipotens
1472 3851 1528 3894 seu
1554 3832 1624 3913 ejus
1649 3833 1695 3894 in·

142 3937 228 3999 Hinc
248 3933 334 3996 zelus
353 3931 532 3995 animarum
552 3938 600 3993 est
618 3930 813 3993 sacrificium
829 3931 894 3992 Deo
949 3931 1095 4005 stinctus,
1112 3929 1216 4011 angeli
1238 3929 1351 4002 sancti,
1369 3929 1515 3992 homines
1536 3929 1623 4004 boni,
1640 3948 1695 4013 po·

141 4033 381 4117 gratissimum3
403 4037 509 4111 atque,
531 4037 565 4090 ut
580 4028 707 4090 divinus
725 4029 893 4111 Dionysius
948 4029 1110 4091 tissimum
1140 4027 1359 4110 praesidentes,
1385 4035 1417 4090 et
1440 4029 1520 4091 ratio
1543 4029 1696 4094 naturalis

7 4153 127 4200 meatur.
143 4137 350 4216 protestatur,
367 4128 512 4192 omnium
532 4126 712 4189 divinornm
733 4127 893 4189 divinissi-
949 4128 1016 4190 sive
1046 4127 1235 4210 synderesis.
1264 4127 1301 4188 Et
1325 4135 1409 4190 certe
1433 4128 1524 4190 valde
1555 4129 1695 4210 ingratus

7 4219 115 4262 ¹³²²·‘·¹'¹·
143 4250 238 4294 mum
254 4236 302 4292 est
317 4229 381 4290 Deo
396 4226 558 4308 cooperari
576 4225 607 4286 in
624 4224 808 4288 reductione
826 4226 892 4288 ani·
908 4227 932 4288 D
948 4245 984 4288 ac
1007 4227 1105 4288 durus
1128 4233 1185 4299 est,
1206 4226 1261 4308 qui
1284 4233 1329 4288 tot
1348 4233 1477 4309 tamque
1497 4228 1695 4308 dignissimis

143 4347 273 4393 marum
292 4327 331 4389 ad
347 4344 431 4388 eum.
449 4325 522 4387 ldeo
540 4323 744 4385 beatissimus
758 4323 892 4386 lacobus
948 4325 986 4387 ad
1012 4325 1131 4387 bonum
1162 4324 1383 4386 incitatoribus
1413 4342 1475 4386 non
1504 4325 1612 4387 obedit
1636 4345 1695 4388 nec

7 4451 126 4502 acolaco.
142 4430 190 4494 ait
205 4425 367 4510 apostolus
385 4441 392 4485 τ
410 4423 467 4498 oui
489 4422 631 4484 converti
653 4422 765 4484 lecerit
784 4441 893 4504 pecca·
948 4422 1132 4504 acquiescit,
1158 4423 1213 4484 sed
1242 4422 1439 4485 damonibus
1464 4423 1695 4507 desideriisque

142 4537 247 4590 torem
263 4523 303 4586 ab
316 4540 422 4586 errore
437 4521 496 4584 viae
512 4539 588 4596 suaa,
604 4520 739 4583 salvabit
753 4521 892 4583 animam
950 4521 1069 4602 iniquis
1089 4519 1209 4601 praehet
1227 4539 1404 4583 assensum.

141 4625 216 4707 ejus
232 4643 250 4686 a
265 4628 416 4696 morte,et
431 4619 553 4702 operiet
569 4619 808 4683 multitudinem
825 4639 895 4702 pec·
989 4619 1134 4700 Amplius
1151 4637 1207 4701 per
1223 4621 1279 4682 hos
1295 4628 1426 4701 quatuor
1445 4622 1613 4704 portitores
1628 4644 1696 4707 pos·

142 4731 301 4787 catorum.
320 4720 357 4781 Et
371 4720 455 4780 sicut
474 4718 559 4780 istud
580 4725 627 4779 est
642 4717 733 4780 valde
748 4718 893 4781 divinum
949 4724 1024 4780 sunt
1044 4716 1177 4798 intelligi
1199 4725 1334 4799 quatuor
1354 4720 1601 4785 novissimorum
1623 4724 1694 4786 dili-

142 4828 176 4884 et
202 4825 361 4890 sanctum,
387 4816 430 4879 ita
458 4815 604 4879 homines
628 4816 666 4877 ad
696 4815 893 4896 peccandum
950 4823 1059 4898 gentes
1084 4815 1364 4892 considerationes,
1385 4839 1455 4900 quaa
1478 4821 1505 4882 si
1529 4822 1601 4903 quis
1626 4840 1696 4904 pro-

143 4919 310 4990 inducere,
331 4935 349 4978 a
372 4915 425 4977 via
449 4913 561 4976 salutis
585 4921 738 4986 avertere,
764 4913 895 4976 diaboli·
951 4915 1049 4977 tunde
1079 4915 1268 4989 consideret,
1297 4925 1426 4998 peccata
1454 4919 1578 4993 vitabit,
1605 4920 1695 5001 juxta

143 5037 221 5080 cum
252 5023 300 5077 est
327 5013 460 5078 omnino
488 5019 520 5074 et
549 5010 776 5094 impiissimum
802 5013 895 5074 veho·
951 5013 1031 5075 illud
1053 5013 1267 5076 Ecclesiastici
1290 5033 1297 5077 :
1319 5015 1353 5077 ln
1375 5017 1524 5080 omnibus
1545 5018 1696 5100 operibus
1723 5025 1788 5070 dcco
1791 5037 1843 5074 .....

144 5122 280 5180 menter.
952 5112 1015 5173 tuis
1035 5129 1211 5174 memorare
1231 5114 1406 5176 novissima
1425 5124 1489 5187 tua,
1505 5124 1536 5179 et
1557 5117 1588 5179 in
1608 5125 1696 5182 eter-
1710 5093 1744 5134 ‘⁰‘

186 5215 351 5284 Praeterea,
372 5229 455 5294 saepe
475 5209 631 5290 contingit
655 5218 689 5271 ut
708 5229 807 5291 quum
825 5210 897 5291 quis
952 5229 1030 5272 num
1055 5227 1119 5272 non
1149 5211 1305 5293 peccabis.
1332 5213 1403 5276 llaee
1428 5233 1502 5276 vero
1526 5215 1698 5278 novissima

145 5313 221 5378 vult
239 5311 381 5392 aliquem
401 5309 445 5370 ita
464 5308 503 5370 ad
520 5307 681 5371 Christum
702 5316 896 5381 convertere,
954 5315 1028 5371 sunt
1045 5328 1052 5372 τ
1071 5326 1166 5383 mora,
1183 5309 1327 5371 divinum
1348 5310 1518 5391 judicium,
1536 5331 1629 5394 poena
1651 5313 1698 5376 in-
