4140 6258
433 463 495 530 346
799 483 948 532 nourruca
968 484 990 531 x
1009 483 1083 534 rear
1102 482 1298 532 rmurrarmr.
1317 501 1358 514 -
1379 484 1478 535 suarm
1498 485 1622 536 rrnrrus

2049 479 2050 510 l

2049 539 2050 630 l

437 654 521 718 dem.
539 654 704 731 Similiter,
721 653 749 718 si
768 655 908 738 aliquem
927 654 1051 737 justum
1066 653 1187 718 contin·
1201 653 1227 716 A
1241 661 1304 732 tur,
1316 663 1349 720 et
1362 663 1480 740 quante
1494 657 1601 720 minus
1616 655 1723 722 sciunt
1737 656 1807 721 sive
1821 657 1962 724 advertunt
2049 653 2050 746 i

437 761 491 837 gat
513 754 682 818 tentationi
707 753 917 817 succumbere
941 753 1032 816 etad
1058 759 1188 836 peccata
1243 772 1301 817 cur
1320 754 1511 819 defleantur.
1529 755 1552 820 0
1574 774 1670 840 quam
1693 755 1773 818 felix
1794 763 1842 819 est
1860 757 1907 820 cni
1924 759 1962 822 dr
2049 751 2050 794 l

438 853 567 928 reverti,
584 852 754 917 deflendus
775 861 824 917 est
844 853 1061 927 vehementer,
1078 860 1111 915 et
1130 869 1187 934 pro
1243 858 1312 915 tum
1332 859 1380 915 est
1404 853 1447 915 ita
1471 852 1606 935 plorare,
1627 860 1724 936 atque
1744 860 1901 936 praetactas
1920 855 1961 920 fle-

438 952 509 1033 ejus
524 951 710 1016 reductione
726 950 943 1016 indesinenter
957 951 1188 1015 orandumlmo
1243 958 1336 1015 tuum
1356 952 1480 1034 species
1502 952 1630 1028 bebere,
1653 953 1680 1016 si
1702 959 1810 1016 tamen
1832 957 1961 1036 usquein

439 1058 526 1116 tanto
541 1051 713 1114 cordialius
731 1051 966 1114 condolendum
980 1058 1029 1115 est
1044 1056 1188 1133 peccato·
1244 1049 1345 1114 finem
1366 1058 1549 1132 perseveret
1568 1051 1601 1113 in
1621 1051 1668 1114 eis
1687 1070 1764 1114 cum
1782 1052 1869 1114 omni
1882 1052 1962 1116 buni-
2049 1035 2050 1102 l

439 1151 578 1228 ribus,et
591 1149 783 1233 plorandum
798 1169 835 1212 uc
850 1150 1119 1233 interpellandum
1132 1168 1190 1233 pro
1243 1150 1351 1213 litate!
1372 1149 1502 1232 Propter
1522 1151 1607 1232 quod
1630 1151 1776 1214 hortetur
1794 1151 1960 1234 Apostolus:

439 1250 499 1326 eis,
522 1255 641 1332 quanto
663 1248 736 1332 plus
757 1256 956 1314 excecantur
977 1268 1014 1312 ac
1040 1248 1188 1314 induran·
1242 1247 1301 1322 Oui
1323 1253 1395 1324 stat,
1412 1247 1518 1311 videat
1539 1267 1579 1311 ne
1601 1248 1700 1311 cadat.
1971 1241 2050 1322 lte-nd

976 1678 1169 1764 SERMO
1208 1679 1457 1766 TERTIUS

486 1949 526 1994 brt
548 1947 647 1994 cluse
669 1946 855 1993 seruiturus
877 1942 1116 2002 excaecationis,
1136 1943 1174 1989 ΕΤ
1195 1913 1357 1991 ANGUSlllS
1379 1945 1474 1992 lrtrrts
1495 1945 1765 2010 surenvertrttltts3
1786 1947 1823 1992 ΕΤ
1842 1947 1935 1994 but!

810 2044 882 2100 Qum
904 2043 936 2090 ΙΝ
957 2042 1101 2090 noctuam
1122 2041 1291 2089 uersurum
1312 2042 1461 2090 tendutur
1482 2045 1539 2104 SIT,
1560 2045 1625 2092 E'l'G.

514 2325 633 2389 OMUS
656 2343 728 2383 mea
750 2326 865 2384 domus
885 2323 1045 2383 orationis
1067 2321 1190 2382 vocabi·
1208 2320 1345 2396 Bdocet,
1353 2322 1503 2387 videlicet
1517 2325 1602 2407 quod
1618 2325 1746 2407 reprobi
1762 2333 1793 2389 et
1808 2325 1903 2409 iniqui
1917 2344 1968 2408 pro

528 2432 595 2484 ter.
612 2422 650 2484 ls.
668 2439 727 2495 cvr,
744 2420 781 2501 73
797 2420 871 2483 Luc.
888 2438 952 2494 xix,
970 2418 1019 2482 te.
1245 2428 1415 2502 sperantur
1434 2421 1467 2483 in
1487 2423 1604 2487 seculo
1619 2423 1690 2497 isto,
1707 2431 1739 2486 et
1759 2443 1816 2506 per
1833 2424 1888 2488 boc
1901 2425 1967 2487 dan

483 2522 625 2586 Salvator
640 2519 673 2581 in
689 2519 854 2600 evangelio
873 2519 970 2601 hujus
990 2517 1066 2590 diei,
1083 2515 1190 2579 multi·
1245 2518 1408 2582 nutionem
1442 2520 1611 2583 incurrunt
1643 2530 1805 2586 aeternam.
1838 2522 1967 2604 Loquitur

428 2620 571 2703 'pliciter
585 2636 643 2681 nos
659 2616 811 2680 informat
825 2616 932 2680 verbis
948 2623 980 2679 et
995 2614 1190 2678 fectisznam
1245 2636 1384 2700 namque
1407 2619 1561 2682 ieremias
1585 2619 1740 2702 propbeta
1764 2621 1828 2684 Deo
1852 2640 1858 2684 :
1880 2622 1967 2684 iustus
1982 2639 2041 2678 rum

443 2727 475 2782 et
489 2737 586 2802 opere
605 2717 675 2799 ejus
697 2722 771 2778 sunt
791 2715 1001 2778 saluberrima
1021 2715 1192 2776 documen·
1247 2717 1376 2799 quidem
1392 2735 1426 2780 es
1441 2717 1641 2792 tuliomine,
1650 2717 1677 2780 si
1693 2719 1852 2802 disputem
1866 2726 1966 2798 tecum3

444 2825 483 2880 ta.
502 2816 607 2879 Primo
627 2815 733 2896 itaque
755 2813 938 2895 docetque
960 2813 1003 2874 sit
1023 2830 1119 2874 cause
1139 2830 1191 2873 ex·
1245 2822 1467 2879 verumtamen
1490 2814 1576 2895 justa
1600 2816 1714 2898 loquar
1736 2817 1777 2880 ed
1803 2824 1833 2880 te
1856 2835 1863 2878 :
1885 2817 1967 2891 Quare

444 2914 624 2980 cecationis
639 2912 818 2995 impiorum,
827 2912 956 2994 propria
971 2910 1114 2994 pericula
1128 2927 1191 2972 non
1246 2914 1298 2976 via
1328 2913 1500 2994 impiorum
1530 2922 1746 2997 prosperatur,
1777 2922 1809 2978 et
1836 2915 1907 2978 bene
1931 2923 1967 2977 est

444 3012 688 3077 attendentium.
706 3011 809 3085 Quum
833 3009 920 3072 enim
945 3008 1085 3073 deflebat
1106 3009 1193 3070 leru-
1246 3011 1396 3076 omnibus
1422 3011 1478 3093 qui
1502 3012 1750 3095 prevaricantur
1776 3013 1809 3076 in
1832 3018 1884 3076 tel
1903 3013 1966 3076 Hinc

301 3130 429 3182 truncia.
445 3113 545 3178 selem
569 3111 735 3184 ruituram,
759 3107 912 3171 dicebat:
934 3108 966 3171 Si
991 3106 1193 3187 cognovisses
1247 3110 1343 3173 etiam
1368 3116 1496 3172 sanctus
1519 3110 1577 3174 tob
1601 3111 1646 3174 eit
1667 3129 1675 3175 ε
1697 3110 1858 3194 Numquid
1880 3119 2048 3174 contraeunt

446 3220 477 3276 et
501 3218 547 3284 tu,
564 3216 596 3271 et
618 3207 748 3291 quidem
772 3207 805 3269 in
827 3207 885 3270 bac
907 3205 959 3268 die
980 3213 1044 3279 tua,
1061 3223 1131 3286 quse
1152 3205 1192 3266 ad
1247 3209 1411 3272 bominem
1440 3208 1613 3290 disputatio
1638 3229 1708 3272 mea
1737 3217 1796 3284 est,
1822 3218 1855 3273 ut
1876 3193 2005 3273 merite³'⁹·

446 3328 558 3393 pacem
580 3306 656 3386 tibi;
673 3325 758 3368 nunc
780 3311 888 3368 eutem
910 3303 1097 3366 abscondita
1118 3308 1192 3364 sunt
1247 3325 1310 3370 non
1331 3306 1464 3379 debeam
1488 3307 1697 3371 contristarit
1717 3309 1819 3383 Quare
1839 3327 1905 3390 ergo
1923 3308 1966 3369 im-

444 3407 485 3470 ab
501 3407 603 3470 oculis
619 3405 683 3467 tuis
698 3404 803 3485 (juxta
822 3421 953 3466 sensum
973 3402 1006 3463 in
1025 3399 1193 3483 expositio·
1247 3406 1292 3487 pii
1323 3405 1446 3480 vivunt,
1477 3404 1634 3468 sublevati
1663 3415 1738 3469 sunt
1765 3407 1966 3488 confortatique

446 3525 487 3568 ne
506 3505 620 3568 litterae
640 3501 880 3582 introductum).
897 3501 932 3562 ln
952 3498 1070 3581 quibus
1085 3498 1192 3561 verbis
1211 3499 1396 3567 Cdivitiisf
1421 3504 1536 3567 Semen
1560 3520 1671 3567 eorum
1701 3513 1864 3586 permanet
1883 3523 1966 3568 coram

446 3602 552 3665 innuit
572 3601 726 3674 Christus,
742 3600 827 3683 qnod
846 3597 1040 3660 abundantia
1059 3603 1192 3659 terrente
1247 3603 1305 3677 eis,
1331 3609 1362 3664 et
1386 3619 1449 3664 non
1477 3609 1525 3664 est
1549 3620 1646 3684 super
1670 3621 1724 3668 eos
1747 3605 1836 3685 virga
1859 3603 1914 3666 lici.
1934 3603 1966 3664 lle

448 3699 668 3784 prosperitatis
683 3705 777 3780 utque
793 3697 928 3760 carnalis
943 3695 1042 3778 pacis,
1052 3702 1100 3756 est
1115 3693 1194 3755 mul·
1247 3699 1365 3783 quibus
1389 3700 1492 3763 fertur
1515 3700 1548 3763 in
1573 3701 1696 3765 Psalmo
1722 3703 1788 3766 :ln
1812 3703 1908 3766 labore
1927 3701 2046 3764 herim:

447 3799 489 3862 tis
504 3796 639 3872 occesi0,
656 3796 721 3859 imo
740 3803 771 3858 el
786 3814 891 3870 eausa,
908 3795 1040 3856 interme
1059 3810 1194 3856 exeaeca·
1248 3799 1373 3861 minum
1397 3816 1460 3861 non
1483 3807 1567 3872 sunt,
1584 3806 1615 3862 et
1636 3819 1710 3862 cum
1729 3800 1904 3863 hominibus
1918 3789 1990 3860 non²

447 3896 544 3959 tionis
568 3903 599 3957 et
620 3893 820 3974 negligentiae
840 3892 977 3975 proprie
998 3890 1108 3953 salutis
1126 3907 1133 3952 t
1151 3890 1194 3951 ita
1248 3896 1497 3978 flagellabuntur
1515 3915 1522 3960 :
1539 3897 1611 3960 ideo
1632 3899 1737 3962 tenuit
1756 3917 1812 3962 eos
1834 3894 1964 3980 superbis,

449 3995 534 4077 quod
556 4011 590 4056 se
612 3993 697 4075 ipsos
719 4009 782 4054 non
802 3990 933 4065 deflent,
951 4008 1009 4053 nec
1030 3987 1195 4051 immensi·
1248 3997 1350 4078 operti
1367 4003 1441 4059 sunt
1457 3996 1624 4078 iniquitate
1640 4005 1671 4060 et
1684 3997 1846 4080 impietate
1859 3994 1966 4058 suapte

447 4100 546 4155 tatem
561 4089 776 4173 periculorum
792 4088 854 4151 sibi
870 4087 1106 4151 imminentium
1122 4105 1195 4170 pen·
1250 4094 1310 4157 diit
1324 4094 1415 4176 qu'asi
1430 4113 1469 4157 ex
1484 4095 1578 4178 adipe
1594 4095 1746 4178 iniquitas
1761 4102 1965 4173 eornm3trans

448 4199 529 4266 sant,
560 4191 615 4254 sed
646 4190 679 4252 in
709 4187 890 4252 carnalibus
921 4187 1129 4263 delectantur,
1161 4187 1194 4249 in
1250 4195 1356 4258 ierunt
1376 4193 1407 4255 in
1427 4192 1582 4257 effectum
1603 4195 1716 4258 cordis.
1735 4195 1796 4259 Sed
1817 4193 1887 4276 quid
1905 4191 1964 4252 banc

447 4289 680 4375 temporalibus
696 4289 909 4363 resolvuntur,
927 4287 960 4349 in
975 4288 1110 4350 terrenis
1125 4305 1195 4369 pro·
1252 4292 1495 4376 prosperitatem
1511 4300 1542 4355 et
1557 4292 1760 4374 iniquitatem
1775 4287 1965 4375 sequaturbe

448 4389 654 4473 speritatibus
674 4408 708 4452 se
728 4387 894 4451 extollunt.
911 4386 1032 4469 Nempe
1051 4388 1127 4449 dum
1144 4388 1196 4449 dc·
1250 4401 1321 4455 atus
1339 4391 1396 4456 Job
1417 4399 1620 4474 protestatur,
1641 4390 1778 4455 dicendo
1795 4409 1802 4454 ε
1820 4392 1926 4453 Ducunt
1941 4385 2021 4446 iureu
2035 4391 2046 4407 ·“

450 4491 543 4552 licate
568 4509 601 4552 se
623 4489 781 4562 nutriunt,
801 4487 939 4568 pretiose
961 4493 993 4548 et
1016 4487 1140 4550 curiose
1161 4506 1195 4549 sc
1252 4492 1335 4555 bono
1349 4491 1417 4553 dies
1433 4508 1518 4564 suos,
1534 4497 1566 4553 et
1585 4491 1618 4552 in
1638 4497 1758 4572 puncto
1779 4491 1818 4552 ad
1834 4487 1963 4550 infemun

448 4585 818 4662 vestiunt-otiositatibus
834 4584 1142 4667 loquacitatibusque
1154 4586 1197 4648 in·
1251 4590 1453 4653 descendent.
1472 4588 1518 4650 Ex
1537 4589 1587 4651 bis
1608 4587 1780 4652 Christiani
1802 4584 1963 4670 perpendere

448 4685 528 4750 tenti
549 4693 634 4759 sunt,
650 4684 885 4749 obliviscuntur
903 4682 1028 4747 Domini
1049 4684 1105 4748 Dei
1124 4685 1195 4765 sni;
1212 4688 1471 4770 Ddebent,quod
1488 4687 1671 4770 temporalis
1686 4677 1965 4769 prosperilasdiviti·

450 4804 511 4848 nec
534 4784 672 4867 desuper
699 4782 908 4857 illustrantur,
935 4782 991 4846 sed
1015 4783 1048 4846 in
1072 4783 1198 4847 diversa
1251 4806 1342 4852 arum
1357 4806 1394 4849 ac
1410 4785 1597 4849 deliciarum
1612 4784 1964 4860 affluentiubonormun

451 4892 582 4968 peccata
600 4883 766 4962 labuntur3
782 4890 814 4944 et
828 4889 915 4945 tanto
935 4881 1129 4947 infeliciores
1145 4903 1198 4947 ex·
1251 4887 1363 4961 danus,
1382 4885 1575 4948 formidandi
1600 4891 1675 4947 sunt
1699 4885 1806 4966 potius
1828 4897 1909 4965 qnam
1925 4893 1963 4955 op

450 4984 577 5058 sistunt,
594 4988 713 5064 quanto
732 4981 804 5063 plus
823 4980 856 5042 in
876 4981 1106 5063 temporalibus
1125 5001 1197 5064 pro·
1251 4984 1351 5059 tandi,
1381 5003 1481 5065 quum
1510 4982 1620 5046 multis
1649 4991 1682 5046 et
1709 4973 1963 5046 innumerabilibus

451 5088 631 5164 sperantur,
657 5087 690 5141 et
717 5083 835 5161 quanto
865 5077 1023 5144 feliciores
1053 5099 1087 5144 se
1116 5081 1198 5144 arbi·
1253 5083 1317 5145 sint
1337 5100 1432 5145 causa
1452 5080 1665 5145 damnationis
1687 5087 1823 5155 aeternaa,
1838 5085 1867 5141 et
1884 5087 1963 5156 repre

449 5187 582 5245 trantur.
1253 5181 1304 5244 bis
1326 5180 1427 5262 magis
1452 5200 1548 5264 quarn
1572 5179 1683 5244 electis
1706 5180 1827 5242 soleant
1847 5168 1963 5240 conferri.

482 5279 624 5364 Denique
637 5296 725 5343 sacra
735 5277 897 5362 Scriptura
909 5279 992 5343 istud
1004 5278 1202 5361 apertissime
1255 5281 1361 5356 Porro,
1372 5279 1400 5344 si
1415 5280 1512 5345 alicui
1526 5281 1593 5346 bec
1607 5278 1760 5354 arrident,
1777 5275 1897 5361 impleat
1908 5265 1966 5334 illud
