4192 6258
333 514 481 564 nanuum
501 515 554 562 xur
575 515 649 563 rosr
668 513 862 562 raruusrnrr.
883 531 923 542 -
944 513 987 560 an
1007 513 1203 578 nscrcrosos3
1225 513 1323 563 saruc
1343 515 1480 572 ausurus
1619 497 1679 562 537

130 707 194 771 que
218 687 397 750 cavendum
422 694 470 750 est
493 685 586 750 nobis
615 705 656 750 ne
681 685 713 748 in
739 684 879 768 capitulo
893 683 919 750 A
934 685 1040 749 locum
1057 687 1218 769 peccando
1232 687 1401 752 venialiter
1415 697 1447 752 et
1461 690 1607 754 babendo
1622 707 1679 753 nos

130 795 186 850 aut
205 785 282 848 alibi
299 804 317 847 a
332 785 552 868 superioribus
572 785 689 848 nostris
708 792 763 848 aut
782 784 877 847 etiam
933 783 1176 860 remisse‚tarde
1190 803 1226 849 ac
1242 786 1533 871 negligenter,quia
1547 806 1605 870 per
1619 788 1679 850 boc

128 905 148 948 a
178 882 393 948 confratribus
422 883 571 967 correpti,
602 901 791 947 excusemus
821 899 879 947 uos
934 883 1140 947 concedimus
1160 883 1190 948 ei
1210 884 1409 948 occasionem
1430 893 1461 948 et
1475 885 1597 949 aditum
1614 894 1680 950 ten·

129 1000 195 1046 uon
217 1001 304 1056 vere,
320 989 352 1044 et
374 982 576 1044 incurramus
598 998 729 1045 enorme
752 981 879 1044 menda·
933 981 1021 1044 tandi
1045 1001 1082 1045 ac
1107 983 1310 1065 pertrahendi
1335 1001 1393 1048 nos
1417 985 1457 1047 ad
1479 985 1597 1068 pejora.
1620 984 1679 1060 oui

130 1079 228 1143 cium.
245 1079 309 1143 Nec
325 1079 433 1162 aliqua
447 1078 620 1142 calliditate
640 1078 810 1162 palliamus
825 1087 881 1142 aut
934 1087 1040 1144 autem
1060 1082 1207 1164 protinus
1222 1089 1254 1144 et
1269 1081 1486 1146 indesinenter
1505 1102 1542 1146 ac
1558 1083 1679 1146 fervide

129 1178 330 1243 occultemus
351 1186 475 1242 nostros
497 1197 647 1242 excessus
666 1197 706 1242 es
726 1196 879 1260 quocum·
934 1178 1054 1241 resistit
1077 1179 1164 1242 omni
1189 1179 1383 1261 suggestioni
1409 1181 1565 1262 maligna,
1591 1181 1679 1244 omni

130 1297 193 1360 que
209 1276 391 1349 rubore‚vel
408 1285 443 1339 ut
457 1277 661 1359 disciplinam
676 1277 878 1359 effugiamus,
934 1277 1099 1340 affectioni
1130 1278 1327 1352 inordinatas,
1353 1279 1442 1342 omni
1465 1279 1677 1361 negligentia,

16 1403 61 1432 er.
75 1402 113 1438 ιιι,
130 1394 233 1458 quum
252 1374 338 1436 dicat
355 1374 525 1457 Apostolus
542 1392 549 1436 :
566 1375 601 1437 ln
621 1374 793 1458 disciplina
811 1393 880 1458 per·
935 1395 998 1440 non
1028 1376 1080 1438 dat
1104 1376 1211 1439 locum
1238 1375 1374 1440 diabolo.
1398 1377 1436 1440 Et
1460 1377 1544 1440 istud
1569 1377 1680 1459 utique

23 1483 29 1496 ·
130 1480 293 1552 severate3
310 1474 394 1554 quod
415 1473 441 1536 si
458 1481 546 1536 extra
566 1472 770 1555 disciplinam
790 1473 878 1548 estis,
935 1475 1152 1538 necessarium
1176 1481 1224 1538 est
1247 1475 1367 1538 volenti
1392 1475 1550 1558 proficere
1573 1495 1580 1540 :
1604 1475 1681 1557 quia

129 1590 206 1654 ergo
220 1571 365 1646 adulteri,
381 1579 413 1635 et
428 1588 491 1636 non
507 1571 569 1635 filii
584 1573 670 1636 estis.
688 1572 878 1655 impleamus
935 1574 961 1636 si
982 1573 1054 1655 quis
1075 1592 1138 1635 una
1158 1573 1236 1636 bora
1255 1574 1388 1638 devotus
1410 1593 1447 1637 ac
1466 1575 1602 1656 diligens
1620 1582 1678 1649 est,

10 1687 38 1729 'os
75 1700 112 1736 m.
130 1689 207 1753 ergo
223 1671 308 1753 quod
322 1671 416 1735 losue
435 1671 480 1732 ait
496 1689 503 1735 :
521 1670 578 1734 llili
595 1671 651 1744 mi,
668 1671 707 1734 da
725 1671 878 1734 bonorem
933 1672 996 1735 alia
1013 1689 1090 1734 vero
1108 1672 1261 1734 remissus
1282 1680 1314 1735 et
1334 1691 1432 1755 vagus
1452 1691 1488 1736 ac
1507 1673 1598 1746 levis,
1616 1690 1679 1736 non

10 1779 13 1790 '
130 1771 208 1844 Deo,
225 1777 258 1832 et
277 1769 432 1832 confitere
452 1776 548 1852 atque
570 1769 676 1832 indica
698 1769 775 1852 quid
796 1768 879 1832 fece·
934 1769 1081 1854 proficit3
1102 1770 1157 1833 scd
1180 1771 1264 1853 quod
1290 1788 1354 1834 uno
1378 1779 1521 1854 ternpore
1546 1771 1678 1853 colligit,

130 1869 188 1942 ris,
214 1886 272 1931 nec
296 1867 481 1930 abscondas.
508 1867 565 1942 oui
592 1875 757 1950 peccatum
782 1887 876 1931 suum
896 1869 996 1934 Balio
1018 1868 1134 1932 stultus
1156 1868 1320 1951 dispergit,
1341 1877 1453 1952 estque
1472 1869 1587 1932 similis
1608 1870 1679 1932 mit·
1708 1893 1827 1949 sepse.

130 1972 236 2047 negat,
252 1965 429 2038 abscondit,
446 1965 557 2047 palliat
571 1965 620 2029 vel
636 1973 776 2039 excusat,
792 1965 879 2028 simi·
933 1967 1012 2031 tenti
1029 1985 1151 2030 merces
1170 1966 1203 2029 in
1223 1967 1386 2030 sacculum
1406 1974 1581 2050 pertusum.
1600 1967 1680 2030 Hinc

130 2065 172 2126 lis
196 2071 244 2127 est
269 2064 436 2127 vulnerato
465 2071 496 2126 et
523 2064 642 2128 infecto
669 2065 724 2147 qui
755 2065 879 2128 medico
933 2066 1047 2130 asserit
1066 2065 1224 2129 Climacus
1247 2083 1253 2127 :
1276 2066 1548 2140 Quemadmodum
1573 2066 1680 2128 cancri

129 2181 196 2226 non
211 2163 280 2224 vult
295 2162 441 2244 detegere
456 2161 588 2225 vulnera
603 2181 671 2238 sua,
688 2181 792 2245 neque
807 2181 879 2226 evo·
935 2165 998 2227 cito
1022 2163 1169 2246 progredi
1193 2172 1367 2245 nequeunt,
1391 2163 1466 2246 quia
1490 2164 1680 2246 quandoque

129 2279 220 2324 mere
236 2261 359 2342 ingesta
374 2261 436 2322 sibi
451 2279 583 2324 venena.
596 2261 789 2344 impleamus
805 2279 880 2344 quc
935 2271 1020 2336 aute,
1036 2261 1228 2343 quandoque
1250 2267 1334 2324 retro
1355 2261 1554 2343 gradiuntur,
1571 2268 1604 2324 et
1625 2281 1682 2344 per

128 2380 194 2444 que
210 2360 566 2442 compendiosissimum
583 2361 662 2424 illud
677 2361 791 2443 dogma
804 2361 881 2444 Ape
935 2362 996 2425 boc
1017 2361 1156 2424 faciliter
1177 2360 1365 2442 capiuntur3
1386 2359 1433 2422 sic
1457 2360 1565 2422 anima
1585 2379 1684 2442 quan-

10 2473 12 2482 ’
54 2486 111 2522 en.
128 2458 205 2523 stoli
224 2478 230 2522 :
247 2457 357 2521 Omnis
380 2475 486 2522 sermo
511 2458 614 2521 malus
637 2477 676 2522 en
700 2477 756 2522 ore
774 2467 881 2523 vestro
936 2460 1040 2542 doque
1060 2459 1178 2532 ridens,
1195 2458 1387 2540 quandoque
1406 2458 1526 2539 lugens,
1543 2459 1684 2540 quando

10 2567 11 2576 ’
128 2575 195 2620 non
219 2557 379 2639 procedat,
396 2559 452 2621 sed
473 2557 528 2639 qui
548 2557 636 2619 utilis
654 2564 702 2620 cst
720 2558 760 2621 ad
779 2557 879 2622 aedifi·
936 2577 999 2640 que
1021 2557 1145 2620 deliciis
1165 2563 1269 2629 utens,
1286 2556 1476 2638 quandoque
1496 2555 1685 2638 poeniteutia

128 2656 302 2730 cntionem,
320 2663 354 2718 ut
373 2656 427 2718 det
444 2655 578 2738 gratiam
595 2655 747 2719 audienti.
936 2674 971 2719 se
984 2655 1233 2737 aiiligeus,nibil
1249 2653 1407 2736 proficere
1423 2661 1536 2736 potest.
1548 2653 1684 2716 Necesse

171 2753 431 2835 Praeterea‚justa
445 2754 621 2817 doctrinam
638 2755 803 2836 praesentis
817 2755 880 2837 epi·
936 2761 984 2817 est
998 2771 1073 2834 ergo
1089 2761 1123 2815 ut
1138 2753 1238 2815 simus
1253 2751 1373 2833 jugiter
1388 2751 1549 2826 custoditi,
1560 2759 1591 2814 et
1605 2759 1681 2814 tunc

23 2877 29 2916 r
48 2879 96 2918 .s.
126 2852 230 2928 stolae,
248 2852 295 2915 sic
311 2852 487 2914 irascamur
502 2859 537 2914 ut
552 2871 615 2916 non
631 2871 813 2935 peccemus,
825 2872 879 2916 ne·
935 2853 1008 2934 plus
1031 2851 1087 2914 ubi
1110 2851 1212 2932 major
1231 2857 1279 2913 est
1301 2849 1520 2913 dissolutionis
1543 2850 1679 2924 occasio,

125 2951 247 3035 quein
273 2951 319 3013 ira
343 2969 597 3033 perseveremus,
618 2951 693 3033 quia
719 2952 797 3014 iram
822 2973 880 3035 per
935 2970 994 3013 uec
1009 2950 1217 3012 immoderate
1232 2956 1359 3011 utamur
1374 2948 1498 3011 indulto
1513 2947 1682 3011 solatiollt

124 3049 235 3112 zelum
255 3049 389 3112 licenter
404 3067 567 3112 assumere
583 3066 764 3132 possumus,
782 3052 879 3114 maxi·
897 3052 918 3116 C
935 3049 1017 3111 sicut
1033 3048 1104 3110 fons
1119 3065 1158 3110 ex
1173 3047 1286 3110 eodem
1304 3045 1460 3108 foramine
1475 3062 1539 3108 non
1554 3051 1681 3109 emanat
1708 3065 1783 3109 eaeor.
1794 3078 1824 3118 ut,

125 3167 180 3210 me
205 3154 317 3210 contra
345 3147 474 3230 propria
498 3147 585 3210 vitia.
610 3149 692 3211 lram
716 3165 792 3212 vero
821 3169 879 3232 per
934 3166 1073 3212 amaram
1096 3154 1128 3209 et
1149 3144 1276 3208 dulcem
1299 3163 1425 3227 aquam,
1442 3145 1485 3207 ita
1507 3163 1546 3207 ex
1567 3145 1680 3208 eodem
1697 3131 1729 3171 ¹¹·

122 3247 244 3309 vitium
269 3263 399 3328 prorsus
425 3246 586 3308 eradicare
610 3247 752 3309 nitamur
768 3265 775 3310 ι
792 3249 878 3331 quod
934 3263 988 3310 ore
1007 3253 1115 3308 nostro
1139 3261 1203 3307 non
1228 3244 1401 3326 procedant
1421 3242 1519 3307 verba
1537 3243 1680 3306 veritatis

122 3345 199 3408 sine
214 3343 395 3406 humilitate
413 3361 477 3406 nou
492 3344 636 3407 valemus
656 3345 802 3427 implere,
818 3346 879 3410 (lli-
933 3351 965 3407 et
993 3342 1091 3406 verba
1119 3342 1276 3417 falsitatis,
1302 3340 1400 3405 verba
1427 3341 1621 3424 exemplaria
1648 3349 1682 3404 et

122 3460 221 3506 macc
235 3449 441 3524 protestante,
457 3441 730 3516 Quemadmodum
751 3461 814 3507 non
830 3453 878 3508 est
933 3442 1031 3506 verba
1054 3440 1310 3516 scandalizantia,
1328 3440 1424 3504 verba
1447 3440 1503 3504 Dei
1528 3446 1560 3503 et
1582 3440 1681 3503 verba

121 3539 282 3626 possibile
310 3541 379 3604 siue
407 3548 569 3604 armatura
597 3541 712 3605 fortem
741 3542 876 3606 bestiam
932 3539 1060 3604 diaboli.

121 3657 242 3722 capere
266 3647 321 3702 aut
345 3657 470 3716 necare,
492 3639 538 3702 sic
562 3657 625 3704 non
651 3649 699 3703 est
723 3641 876 3724 possibile
973 3639 1104 3712 Rursus,
1123 3637 1267 3700 bortatur
1283 3637 1453 3720 Apostolus
1470 3637 1578 3720 utqui
1597 3637 1681 3700 fura·
1705 3664 1827 3720 rpr,.,.„

120 3741 197 3800 sine
219 3736 401 3800 bumilitate
422 3737 709 3802 inirascibilitatem
736 3739 876 3821 posside·
934 3737 1037 3811 batur,
1058 3737 1124 3818 jam
1148 3752 1212 3799 nou
1235 3736 1369 3811 iuretur,
1391 3736 1445 3800 sed
1470 3736 1591 3800 laboret
1615 3755 1680 3799 ma·
1695 3729 1729 3771 ²⁸·

119 3856 170 3900 re.
188 3837 298 3910 Porro,
315 3837 370 3918 qui
387 3844 517 3919 propter
535 3837 667 3900 alterius
681 3837 809 3920 culpam
830 3839 877 3901 in·
933 3835 1029 3898 uibus
1044 3835 1123 3910 suis,
1139 3841 1176 3896 ut
1188 3832 1308 3897 tribuat
1322 3835 1545 3899 necessitatem
1560 3836 1681 3918 patien-

119 3936 272 3999 crdinate
294 3935 452 4010 irascitur,
469 3943 501 3998 et
515 3953 589 3998 cum
609 3936 767 4018 passionis
783 3938 876 4001 vebe·
933 3935 967 3996 ti.
986 3935 1037 3997 Sic
1059 3933 1217 4017 quidquid
1241 3941 1345 4015 potest
1370 3953 1483 3997 manus
1508 3941 1625 4008 nostra,
1648 3934 1680 3996 id
1707 3951 1820 4003 aarum,

120 4033 250 4097 mentia
265 4031 357 4095 illum
378 4033 550 4115 redarguit,
568 4052 602 4096 se
619 4034 725 4116 ipsum
742 4035 827 4099 laedit
843 4044 877 4099 ut
933 4041 982 4096 est
995 4051 1207 4116 quacumque
1221 4031 1271 4096 vis
1286 4051 1341 4095 seu
1358 4033 1500 4116 potentia
1514 4032 1590 4097 boni
1605 4051 1679 4116 ope·
1695 4017 1729 4058 ¹⁰·

119 4133 227 4195 alium
250 4137 350 4194 sanet.
932 4132 1043 4205 nativa,
1061 4133 1215 4194 instanter
1235 4150 1376 4213 agamus,
1394 4139 1550 4214 quatenus
1572 4132 1605 4194 in
1628 4131 1681 4196 bo

13 4273 18 4300 .
38 4263 91 4303 ,2,
163 4231 341 4304 Postremo,
363 4237 399 4292 ut
421 4231 514 4294 docet
532 4231 713 4314 Apostolus,
734 4250 799 4296 uon
823 4233 875 4297 de·
891 4237 915 4300 D
932 4231 982 4294 nis
997 4231 1122 4294 actibus
1142 4229 1248 4293 taliter
1265 4229 1477 4304 abundemus,
1494 4231 1578 4314 quod
1595 4231 1678 4305 aliis,

120 4347 198 4392 mus
215 4327 322 4392 locum
338 4328 475 4392 diabolo.
488 4329 545 4393 Cui
562 4330 667 4394 locum
684 4331 796 4395 damus
812 4349 874 4396 non
932 4330 1107 4412 prasertim
1138 4327 1405 4400 benefactoribus,
1431 4329 1620 4410 propinquis
1649 4337 1681 4392 et

119 4427 231 4490 solum
256 4427 418 4508 peccando
443 4429 629 4504 mortaliter,
653 4430 729 4513 quia
752 4430 798 4492 sic
823 4431 875 4494 da·
932 4427 1123 4502 commissis,
1151 4444 1187 4488 ac
1213 4433 1320 4488 nostra
1348 4424 1501 4507 suffragia
1525 4426 1679 4508 cupienti-

120 4545 197 4589 mus
214 4525 244 4588 ei
262 4524 369 4588 locum
385 4526 424 4588 ad
440 4527 669 4608 possidendum
691 4547 749 4592 nos
764 4529 826 4592 sibi
843 4529 874 4591 in
932 4525 1002 4599 bus,
1030 4524 1218 4606 cunctisque
1248 4522 1476 4604 indigentibus,
1508 4522 1679 4588 subvenire

119 4640 253 4704 servos;
270 4623 327 4687 sed
347 4623 443 4687 etiam
463 4626 698 4707 quodammodo
717 4628 829 4691 damus
845 4627 875 4690 ei
931 4623 1100 4708 possimus.
