4192 6258
453 525 600 573 nonnisi
620 525 696 572 xvru
717 525 790 572 rosr
809 522 1003 594 ramusculi.
1024 539 1064 551 -
1085 522 1184 570 sunno
1204 522 1358 571 snonnnns
1622 503 1680 568 blf

8 721 114 772 inus.
129 695 226 758 lsaias
247 695 390 778 loquitur
404 696 468 759 Deo
485 715 492 760 :
508 695 630 760 Nomen
650 703 742 758 tuum
763 702 794 756 et
814 693 919 758 meh
935 693 1019 766 dam,
1046 693 1173 774 quando
1201 693 1240 756 de
1265 693 1321 756 Dei
1350 691 1518 774 praesentia
1546 689 1684 772 gratiosa

130 794 264 858 moriale
288 802 391 870 tuum,
413 795 559 870 Domine,
580 795 613 857 in
635 793 793 857 desiderio
815 793 881 856 ani-
935 791 1070 873 ejusque
1090 791 1243 854 fruitione
1263 790 1400 874 gloriosa
1418 789 1564 854 habenda
1583 787 1683 852 confi-

130 913 202 957 mae.
233 894 367 976 Insuper
397 895 431 956 in
461 894 565 958 cordis
596 891 755 976 profundo
786 891 882 956 babet
935 890 982 952 dit
1004 907 1043 951 er
1069 889 1322 953 consideratione
1347 888 1508 962 bonitatis,
1529 887 1681 960 caritatis,

129 992 241 1055 oculos
271 1010 346 1055 suos
376 991 608 1056 intellectuales
639 992 746 1054 anima
776 990 882 1053 taliter
936 988 1163 1051 misericordiae
1193 987 1491 1070 beneficiorumque
1522 985 1602 1068 ejus.
1637 985 1683 1048 Ex

128 1108 287 1165 amorosa,
313 1097 349 1152 ut
373 1090 552 1154 consideret
576 1098 608 1153 et
636 1089 812 1172 perpendat
840 1107 881 1152 ne
935 1087 1021 1170 quali
1043 1086 1215 1149 allectione
1235 1087 1316 1150 dixit
1336 1086 1517 1169 Propheta:
1539 1085 1599 1149 Cor
1620 1103 1683 1147 me·
1701 1105 1829 1158 rammi,

129 1188 209 1270 quid
234 1189 267 1251 in
290 1207 327 1251 ea
352 1189 393 1250 sit
414 1189 499 1271 quod
523 1187 645 1262 coelesti
670 1188 803 1270 Sponsa,
825 1186 881 1268 qui
936 1205 990 1248 um
1012 1192 1045 1247 et
1066 1203 1140 1248 caro
1165 1204 1236 1248 mea
1259 1185 1499 1249 exsultaverunt
1523 1184 1556 1247 in
1580 1184 1682 1247 Deum
1698 1171 1717 1213 ³·

128 1287 218 1350 solus
242 1305 298 1350 cor
323 1287 475 1360 intuetur,
497 1287 675 1369 displiceat.
698 1285 882 1349 considerat
935 1284 1257 1359 vivum.Porro,dum
1274 1283 1595 1356 animeamorosa,e1
1611 1300 1683 1345 con·

128 1403 259 1468 quoque
283 1386 436 1468 adspectu
463 1384 595 1448 interius
620 1383 812 1467 profundato
832 1399 881 1444 oc·
935 1384 1127 1447 sideratione
1147 1384 1285 1466 propriae
1305 1383 1556 1447 defectuosilatis
1573 1389 1605 1444 et
1619 1380 1685 1444 cul-

128 1483 233 1546 cultos
258 1502 405 1546 accessus
427 1490 459 1546 et
481 1501 625 1546 recessus
650 1481 764 1564 Sponsi
789 1480 881 1544 coele
935 1501 994 1564 pae,
1020 1501 1056 1544 ac
1081 1482 1320 1544 difficultatum
1340 1480 1505 1544 obtinendi
1535 1480 1682 1554 salutem,

127 1581 186 1644 stis
197 1601 204 1646 :
215 1582 270 1664 qui
286 1581 409 1644 accedit
424 1581 500 1644 dum
517 1581 644 1644 insolita
658 1587 713 1642 aut
727 1577 880 1660 singulari
935 1580 1086 1643 formidat
1101 1581 1140 1642 de
1155 1582 1222 1643 suis
1238 1580 1398 1663 periculis,
1416 1597 1553 1662 pensans
1572 1579 1683 1642 melio-

127 1680 310 1754 devotione‚
328 1679 563 1743 illuminatione
583 1697 638 1742 seu
655 1677 881 1740 inflammatio·
936 1698 986 1741 res
1002 1697 1036 1742 se
1052 1678 1221 1752 corruisse,
1238 1687 1315 1741 tunc
1336 1677 1432 1740 habet
1446 1679 1538 1760 quasi
1558 1678 1685 1742 tardum

128 1797 169 1840 ne
197 1785 339 1840 mentem
362 1778 474 1859 tangit,
501 1777 671 1840 visitatae
696 1775 879 1858 perfundit;
936 1776 1078 1859 pulsum,
1096 1777 1128 1838 id
1150 1784 1198 1839 est
1220 1776 1343 1840 lentum
1364 1776 1528 1840 affectum.

127 1877 253 1938 recedit
271 1892 347 1939 vero
366 1876 443 1938 dum
466 1875 651 1957 hujusmodi
671 1873 804 1956 gratiam
828 1873 917 1956 piaB
977 1875 1108 1938 Sextum
1133 1875 1259 1956 signum
1286 1875 1421 1938 carnalis
1445 1875 1563 1937 amoris
1588 1883 1686 1938 ecsta-

128 1973 291 2036 subtrahit
305 1973 553 2056 dispensatione.
570 1972 616 2034 Ex
631 1971 681 2034 his
699 1972 795 2034 homo
810 1991 881 2053 per·
936 1973 1003 2048 tici,
1024 1979 1073 2036 est
1095 1972 1254 2056 profunda
1278 1973 1425 2054 cogitatio
1450 1981 1481 2036 et
1502 1973 1685 2038 sollicitudo

128 2073 271 2154 pendere
291 2078 395 2155 potest
409 2090 449 2134 an
470 2071 620 2134 ecstatice
641 2070 752 2152 diligat
767 2071 878 2132 Deum.
935 2090 1027 2133 versa
1040 2071 1079 2133 ad
1100 2071 1262 2146 interiora,
1280 2071 1323 2134 ita
1337 2072 1423 2154 quod
1439 2072 1545 2135 taliter
1562 2090 1685 2136 amoro

127 2171 188 2244 Qui
205 2171 293 2233 enim
308 2169 493 2234 incustoditi
509 2177 558 2232 est
573 2169 688 2243 cordis,
698 2167 880 2244 dissolutus,
935 2189 988 2231 sus
1009 2187 1119 2251 gerere
1140 2170 1267 2232 videtur
1288 2170 1460 2252 imaginem
1482 2170 1681 2234 dormientis.

127 2269 285 2333 verbosus
306 2276 338 2332 et
357 2269 448 2343 levis,
465 2287 501 2332 ac
521 2267 670 2331 sensibus
685 2285 795 2349 vagus,
813 2285 883 2349 pro·
934 2269 992 2342 Oui
1008 2268 1159 2350 evigilare
1173 2269 1226 2332 vix
1242 2277 1357 2352 potest,
1367 2270 1428 2332 nisi
1444 2269 1502 2333 fiat
1517 2269 1546 2332 ei
1562 2270 1684 2333 mentio

128 2369 181 2431 cul
206 2367 303 2430 nimis
326 2367 366 2430 ab
388 2368 447 2431 isto
469 2367 621 2430 ecstatico
642 2367 738 2429 distat
760 2383 878 2430 amore.
934 2367 973 2428 de
995 2367 1131 2446 dilecto;
1152 2374 1257 2430 cetera
1281 2384 1344 2431 non
1369 2367 1516 2442 advertit,
1533 2369 1683 2450 quoniam

168 2468 322 2541 Quartum
343 2467 470 2548 signum
490 2465 609 2530 amoris
628 2465 764 2528 carnalis
782 2473 880 2528 ecsta-
934 2472 999 2528 tota
1022 2484 1080 2528 sua
1104 2467 1254 2547 cogitatio
1277 2474 1309 2530 et
1332 2465 1463 2529 affectio
1487 2466 1554 2529 fixa
1578 2474 1626 2529 est
1650 2467 1684 2529 in

126 2566 196 2638 tici,
223 2571 272 2628 est
300 2564 427 2628 siccitas
457 2564 624 2628 oculorum
654 2583 711 2626 seu
740 2563 881 2626 carentia
934 2571 1048 2626 amato.
1067 2563 1118 2626 Sic
1134 2564 1241 2627 anima
1256 2564 1405 2628 ecstatice
1420 2582 1566 2628 amorosa
1587 2565 1630 2627 ila
1650 2565 1684 2626 in

127 2664 335 2727 lacrimarum
348 2683 355 2728 :
368 2663 453 2726 unde
469 2682 529 2726 uec
545 2681 629 2726 mors
646 2662 878 2746 proximorum,
934 2663 998 2724 Deo
1018 2668 1067 2724 est
1087 2661 1164 2736 fixa,
1181 2663 1266 2745 quod
1287 2680 1367 2725 vana
1386 2669 1418 2726 et
1437 2663 1601 2726 secularia
1616 2682 1686 2726 ver-

127 2781 189 2826 nec
209 2763 326 2825 damna
346 2781 465 2836 rerum,
482 2762 516 2824 in
533 2762 640 2824 taliter
660 2761 814 2824 amorosis
838 2761 879 2823 la·
934 2761 974 2824 ba
993 2778 1058 2824 non
1083 2769 1183 2834 curat,
1205 2779 1263 2823 nec
1283 2762 1385 2825 otiosa
1402 2761 1557 2840 advertit3
1579 2763 1606 2824 si
1629 2780 1683 2824 au·

126 2861 246 2924 crimes
268 2869 391 2943 queunt
410 2867 569 2924 excutere.
597 2858 751 2923 Similiter
773 2859 880 2922 anima
934 2867 998 2922 tem
1014 2861 1053 2922 de
1068 2860 1133 2923 Deo
1148 2860 1190 2921 sit
1204 2877 1320 2934 sermo,
1333 2877 1405 2922 mox
1421 2859 1512 2942 quasi
1528 2860 1683 2941 evigilans

125 2978 274 3024 amorosa
289 2960 417 3024 caritate
432 2959 709 3034 ecstatica,omnia
724 2957 880 3021 exteriora
933 2959 1022 3021 audit
1042 2959 1191 3032 libenter,
1213 2966 1245 3020 et
1266 2958 1305 3020 de
1327 2958 1396 3040 ipso
1418 2958 1502 3021 fatur
1526 2958 1681 3022 hilariter.

125 3061 246 3122 damna
265 3061 332 3122 sive
346 3059 479 3122 adversa
498 3059 589 3142 parvi
611 3058 731 3140 pendit,
749 3075 808 3120 uec
822 3056 878 3120 ali·
897 3060 918 3125 G
934 3058 986 3120 Vae
1012 3057 1109 3138 igitur
1132 3056 1179 3120 eis
1204 3056 1260 3138 qui
1284 3057 1323 3118 ad
1348 3056 1545 3138 loquendum
1569 3075 1605 3118 ac
1631 3076 1684 3120 au·

125 3159 208 3240 quid
230 3156 292 3220 tale
315 3176 385 3220 eam
405 3157 581 3230 contristat,
603 3156 678 3238 quia
700 3163 765 3218 tam
786 3154 880 3217 vehe·
934 3157 1087 3219 diendum
1112 3156 1150 3218 de
1176 3154 1271 3217 rebus
1293 3155 1474 3218 carnalibus
1495 3174 1532 3218 ac
1552 3157 1683 3219 munda-

126 3265 255 3320 menter
284 3257 369 3318 circa
400 3256 501 3319 Deum
533 3254 688 3329 afficitur,
718 3255 803 3336 quod
833 3253 879 3316 nil
934 3255 995 3328 nis,
1021 3253 1156 3317 curiosis
1185 3261 1217 3316 et
1240 3255 1332 3317 vanis
1361 3261 1435 3317 sunt
1464 3255 1617 3338 prompti,
1643 3255 1682 3317 ad

125 3356 217 3418 aliud
243 3355 313 3436 ejus
344 3354 581 3438 comparatione
610 3353 823 3436 appretiatum
848 3361 880 3416 et
935 3353 1131 3436 loquendum
1155 3370 1232 3415 vero
1259 3371 1297 3416 ac
1323 3352 1520 3416 audiendum
1549 3355 1589 3417 de
1617 3355 1682 3416 Deo

124 3454 288 3537 quidquid
308 3473 326 3518 a
344 3455 409 3517 fleo
428 3472 491 3517 non
512 3453 638 3534 elongat
658 3471 717 3515 nec
733 3452 878 3534 impedit,
933 3471 970 3514 ao
994 3451 1090 3514 rebus
1120 3450 1355 3533 pertinentibus
1384 3452 1423 3513 ad
1448 3450 1583 3515 salutem
1608 3459 1683 3514 sunt

124 3555 190 3617 hoc
206 3571 265 3635 pro
279 3552 382 3616 nihilo
396 3551 580 3626 arbitratur,
596 3551 771 3614 dummodo
787 3551 816 3613 ei
832 3569 879 3612 re·
933 3549 1023 3613 tardi.
1037 3550 1101 3612 Hoc
1115 3549 1264 3631 equidem
1281 3549 1408 3630 signum
1424 3557 1480 3625 cst,
1488 3551 1572 3632 quod
1587 3550 1620 3612 in
1637 3550 1683 3612 eis

127 3659 259 3715 maneat
275 3652 399 3714 salvum
420 3651 504 3733 quod
524 3667 651 3714 summo
671 3657 703 3712 et
720 3649 881 3731 incompa·
934 3647 1045 3710 deficit
1064 3665 1153 3710 amor
1172 3647 1239 3721 Dei,
1257 3654 1431 3729 regnatque
1450 3665 1539 3710 amor
1559 3647 1681 3711 mundi.

125 3750 225 3814 rabili
255 3750 344 3833 cupit
366 3767 486 3824 amore,
512 3749 663 3812 videlicet
687 3748 752 3811 Deo
781 3748 878 3822 uniri,
974 3745 1154 3829 Septimum
1179 3745 1307 3826 signum
1330 3745 1466 3808 carnalis
1491 3745 1608 3810 amoris
1633 3764 1684 3809 ec·

124 3869 205 3914 eum
221 3849 352 3912 intrase
367 3847 881 3931 retinere,amplecti,contempla·
934 3845 1038 3908 statici
1063 3849 1120 3918 est,
1146 3844 1231 3925 quod
1256 3842 1361 3907 taliter
1389 3861 1554 3908 amorosus
1584 3862 1685 3926 quum

124 3948 413 4030 ri,gustare.Unde
428 3947 484 4029 qui
500 3945 638 4028 amplius
654 3945 882 4008 contristantur
934 3943 1022 4006 videt
1041 3961 1109 4005 rem
1129 3942 1175 4004 rei
1195 3950 1308 4005 amatae
1330 3942 1541 4018 consimilem,
1559 3943 1686 4006 inflam-

125 4049 169 4111 de
185 4046 412 4129 temporalium
433 4063 541 4107 rerum
560 4043 732 4106 amissione
752 4061 807 4106 seu
828 4043 881 4106 ad·
935 4049 1050 4116 matur,
1067 4047 1295 4115 commovetur,
1311 4048 1343 4104 et
1363 4041 1454 4123 quasi
1477 4041 1616 4104 insanire
1638 4041 1684 4105 vi·

125 4145 281 4210 versitate
296 4151 431 4218 terrena,
447 4162 543 4225 quam
559 4143 598 4205 de
614 4141 670 4204 Dei
686 4141 810 4204 offensa
824 4159 881 4204 seu
934 4141 1036 4203 detur.
1058 4138 1275 4202 Pariformiter
1296 4139 1402 4202 anime
1427 4139 1575 4202 ecstatice
1597 4158 1684 4204 emo·

125 4243 343 4327 culpa,longe
358 4241 487 4305 suntab
504 4241 563 4304 ista
575 4241 723 4304 ecstatice
738 4240 877 4303 caritate.
895 4239 1016 4312 lirosa,
1033 4239 1109 4301 dum
1132 4237 1165 4300 in
1184 4237 1250 4299 vita
1267 4237 1415 4319 presenti
1431 4237 1487 4300 llei
1508 4237 1683 4301 bonitatem

170 4343 324 4417 Quintum
345 4341 473 4422 signum
492 4339 610 4402 amoris
630 4338 765 4402 carnalis
784 4345 881 4401 ecsta-
935 4345 1030 4419 atque
1055 4334 1258 4398 dulcedinem
1288 4335 1451 4417 experitur
1474 4335 1559 4417 (quae
1588 4354 1682 4418 expe·

126 4441 199 4516 tici,
221 4447 270 4502 est
290 4439 488 4502 inordinatus
511 4437 633 4521 pulsus.
658 4436 767 4499 Omnis
792 4436 881 4518 equi·
935 4434 1178 4506 rientiafuturae
1193 4432 1399 4496 beatitudinis
1414 4433 1591 4515 prelibatio
1606 4453 1684 4516 qua-

124 4543 207 4606 dem
231 4538 338 4600 taliter
360 4555 527 4600 amorosus
552 4536 648 4599 habet
673 4535 803 4618 pulsum
827 4542 881 4598 aut
935 4534 1008 4596 dam
1038 4540 1086 4594 est
1114 4549 1150 4594 ac
1179 4549 1314 4594 summae
1342 4530 1506 4594 suavitatis
1536 4533 1682 4613 quaedam

126 4640 231 4704 nimis
261 4637 386 4700 tardum
410 4642 442 4698 et
466 4653 584 4708 rarum,
611 4641 665 4698 aut
693 4633 790 4696 nimis
820 4632 880 4695 fre·
936 4633 1063 4713 imago),
1087 4648 1162 4694 mox
1183 4630 1351 4704 alienetur,
1372 4630 1569 4705 accenditur,
1590 4640 1622 4694 et
1643 4633 1683 4696 ad

125 4744 285 4821 quantem
303 4743 398 4817 atque
414 4734 568 4807 velocem,
585 4733 763 4795 seeundum
778 4731 881 4794 diver·
936 4740 1086 4794 aternam
1111 4728 1297 4791 felicitatem
1320 4747 1393 4790 cum
1419 4729 1542 4812 impetu
1567 4739 1684 4798 sancta

126 4857 183 4902 sas
198 4835 470 4918 apprehensiones
485 4852 564 4915 quas
580 4832 721 4914 concipit
737 4832 776 4894 de
796 4850 881 4894 ama·
936 4828 1116 4892 dilectionis
1138 4827 1289 4891 afficitur.

126 4948 164 5001 to
183 4955 189 4998 :
208 4935 334 4998 tardum
356 4933 444 4996 enim
466 4931 563 4996 babet
584 4930 727 5013 pulsum,
743 4929 819 4992 dum
842 4929 882 4992 de
976 4929 1096 5009 ltaque,
1116 4927 1206 5007 juxta
1228 4925 1384 5005 evangelii
1404 4925 1550 4989 hodierni
1572 4927 1685 4992 doctri·

126 5038 221 5102 illius
236 5033 405 5116 adeptione
420 5029 883 5114 desperat;velocem,quando
937 5045 1021 5099 nem,
1039 5025 1072 5087 in
1087 5043 1163 5088 vera
1182 5024 1237 5086 Dei
1257 5041 1294 5086 ec
1313 5023 1534 5106 proximorum
1554 5027 1684 5090 caritate

125 5139 171 5202 de
186 5133 358 5215 adeptione
378 5130 521 5195 confidit.
539 5129 591 5192 Sic
611 5129 718 5190 anima
733 5127 883 5190 ecstatice
936 5143 1016 5198 esse,
1048 5141 1246 5206 permanere,
1278 5121 1437 5204 proficere
1466 5122 1684 5188 indesinenter

125 5250 280 5300 amorosa
300 5231 428 5314 pulsum
450 5228 546 5291 habet
560 5227 713 5301 velocem,
731 5226 762 5288 id
778 5232 826 5288 est
840 5225 883 5288 af·
937 5241 1086 5286 curemus
1110 5240 1147 5284 ac
1171 5220 1341 5294 enitamur,
1364 5236 1557 5303 omnemque
1577 5241 1684 5287 carna-

127 5332 308 5400 fectionem
337 5329 527 5404 ferventem,
549 5334 742 5410 promptam,
766 5325 881 5406 jucun·
937 5323 1001 5386 lem
1020 5320 1210 5403 abjiciamus
1229 5337 1380 5382 amorem.
1398 5318 1456 5394 Qui
1470 5327 1559 5384 tanto
1573 5329 1622 5384 est
1636 5321 1682 5388 vi·
