4154 6258
443 469 504 536 492
788 493 936 540 neutrum
956 495 1021 541 XVII
1041 493 1113 540 POST
1133 492 1327 540 retundunt.
1347 510 1388 522 -·
1407 492 1506 540 statuo
1525 493 1649 541 TERTIUS

442 661 495 743 jus
511 661 561 728 vir
575 663 668 729 miles
683 664 755 740 luit,
772 672 804 728 et
818 665 918 727 iidem
938 665 1061 729 violans
1080 665 1191 746 conju·
1205 664 1231 728 Α
1244 664 1461 747 Praeparcmus
1495 665 1525 727 ei
1555 663 1673 727 lectum
1703 662 1919 726 mollissimum
1942 673 1965 728 et
2057 689 2058 710 ι

443 761 548 842 galem
563 762 758 846 frequenter,
775 770 870 846 atque
885 771 958 846 post
971 764 1087 827 bellica
1102 782 1191 826 exer·
1246 763 1413 846 pulchram
1429 763 1580 845 puellam.
1598 762 1775 844 Statimque
1790 761 1868 824 vidit
1881 763 1963 824 rimu
2057 765 2058 788 ¹

444 858 520 922 citia
535 859 658 925 balneis
676 870 709 924 et
725 862 860 924 luxuriis
878 881 1004 924 vacans.
1024 862 1091 936 Quo
1111 878 1192 924 mor·
1245 881 1340 926 suum
1361 863 1436 945 poni
1457 880 1554 944 super
1569 861 1709 924 ferreum
1727 860 1846 924 lectum
1863 868 1891 923 et
1906 869 1965 924 tola·
2057 883 2058 896 ι

443 965 509 1033 tuo,
522 977 603 1022 uxor
617 959 718 1043 ipsius
734 961 890 1023 instanter
904 961 1004 1023 Deum
1020 960 1142 1042 rogavit
1157 967 1192 1022 ut
1246 960 1319 1023 liter
1337 960 1585 1035 inflammatum,
1604 969 1637 1023 et
1655 961 1747 1042 juxta
1762 979 1836 1023 eum
1854 959 1966 1021 interna-

446 1057 551 1121 mariti
571 1058 620 1120 sui
641 1065 759 1120 statum
779 1058 841 1121 sibi
861 1060 1028 1122 ostendere
1047 1059 1192 1140 dignare·
1246 1059 1309 1123 lem
1325 1059 1489 1124 bufonem.
1504 1059 1563 1134 Oui
1578 1078 1679 1141 quum
1694 1058 1966 1143 apprehenderetet
2057 1103 2058 1106 ,

444 1162 506 1220 tur.
524 1155 622 1237 Cujus
638 1156 788 1238 precibus
806 1157 919 1220 annuit
938 1158 1031 1221 Deus.
1049 1158 1128 1221 Nam
1145 1177 1191 1220 ra·
1245 1158 1490 1240 amplecteretur
1509 1158 1611 1220 virum
1630 1158 1732 1232 illurn,
1749 1157 1896 1220 sustinuit
1910 1159 1966 1222 ine
2057 1159 2058 1204 ἕ

446 1263 501 1336 pta
517 1255 552 1316 in
568 1255 694 1337 spiritu,
711 1255 806 1318 ducta
825 1263 873 1318 est
892 1256 926 1317 in
945 1257 1068 1320 risione
1087 1257 1126 1319 ad
1146 1255 1194 1318 in·
1246 1256 1533 1320 stimabilissimam
1548 1274 1687 1340 poenarn.
1702 1255 1769 1330 Oua
1783 1255 1899 1319 visione
1910 1273 1967 1318 con-

446 1352 543 1427 leros,
570 1353 716 1436 viditque
745 1353 791 1416 ibi
819 1353 958 1417 animam
987 1354 1049 1418 viri
1079 1354 1129 1416 sni
1159 1355 1192 1416 in
1248 1363 1367 1438 specta,
1393 1355 1551 1418 intellexit
1573 1356 1688 1418 devota
1713 1354 1767 1418 illa
1793 1357 1966 1418 matronain
2057 1399 2058 1442 ι

447 1451 585 1534 quodam
610 1452 806 1516 calidissimo
830 1453 972 1516 sulfureo
991 1453 1105 1517 balneo
1127 1453 1193 1515 bal·
1247 1455 1376 1536 quantis
1391 1452 1560 1536 suppliciis
1576 1461 1659 1517 esset
1673 1453 1723 1517 vir
1737 1453 1808 1534 ejus
1820 1471 1827 1515 ε
1839 1454 1902 1516 ideo
1915 1453 1967 1535 ipsa
2057 1451 2058 1520 i

448 1549 546 1613 neeri.
570 1550 689 1614 Deinde
708 1551 830 1616 audivit
849 1552 1008 1616 demones
1025 1552 1166 1616 dicentes
1184 1569 1191 1614 :
1248 1552 1287 1615 de
1303 1561 1408 1617 cetero
1425 1553 1464 1616 ad
1480 1553 1703 1617 virtuosiorem
1720 1551 1819 1617 vitam
1840 1571 1872 1615 se
1889 1552 1966 1614 dedit.
2057 1565 2058 1614 ἕ

985 1980 1178 2068 SERMO
1215 1981 1463 2070 TERTIUS

603 2249 642 2295 ntt
663 2248 766 2295 vaurts
788 2248 964 2294 vrnrurreus
986 2249 1092 2304 oureus
1114 2246 1309 2294 doeuusrruus
1330 2247 1449 2296 durrus
1470 2249 1684 2297 DlSPONllN'l'UR
1704 2251 1838 2299 ninutas.

515 2529 660 2591 EATUS
674 2528 765 2587 lromo
776 2528 835 2605 qui
847 2526 972 2585 r'rtuem't
987 2525 1193 2601 sapientiam.
1210 2524 1233 2586 B
1250 2527 1377 2608 semper
1398 2535 1546 2609 corrupta
1567 2536 1663 2610 atque
1684 2529 1723 2592 ad
1746 2531 1886 2613 proprias
1904 2547 1970 2592 com·

528 2626 616 2688 Prov.
635 2643 680 2699 ιιι,
698 2623 745 2686 13.
1249 2625 1417 2688 moditates
1448 2626 1577 2702 reflexa,
1603 2644 1831 2711 necunquam
1856 2647 1969 2712 purear

487 2725 637 2789 Doctrina
651 2742 747 2786 saorra
763 2723 933 2804 Scripturae
949 2721 1064 2784 merito
1078 2721 1197 2801 sapien·
1249 2730 1334 2785 reete
1354 2723 1502 2786 leruntur
1522 2725 1553 2786 in
1574 2724 1684 2788 Deum.
1701 2725 1740 2787 lli
1760 2727 1868 2789 miseri
1889 2726 1970 2788 horni-

447 2825 492 2888 tia
506 2823 695 2906 appellatur,
713 2840 788 2883 nam
803 2821 896 2883 docet
909 2820 1010 2882 Deum
1028 2837 1195 2900 eognosce-
1249 2839 1306 2884 nes
1328 2820 1465 2884 laoiliter
1488 2822 1633 2886 invident
1655 2823 1739 2898 aliis,
1755 2832 1788 2886 et
1810 2824 1970 2887 melioribus

449 2941 482 2984 re
502 2928 532 2984 et
552 2939 680 3002 eaquae
699 2920 738 2982 ad
764 2919 899 2981 salutem
921 2925 995 2980 sunt
1018 2917 1196 2980 necessaria

448 3019 539 3082 scire.
558 3018 644 3080 llanc
669 3017 860 3099 sapientiam
884 3015 1002 3077 dehent
1026 3014 1195 3078 Christiani

448 3116 652 3198 singulariter
665 3116 824 3188 adamare,
834 3132 898 3176 non
913 3113 1016 3175 solum
1033 3121 1069 3174 ut
1083 3113 1194 3185 sciant,

448 3217 504 3280 sed
520 3222 555 3277 ut
567 3215 658 3296 juxta
673 3213 788 3278 Christi
804 3219 961 3295 praecepta
977 3211 1044 3274 sive
1064 3210 1196 3273 consilia

450 3315 569 3388 vivant,
587 3313 696 3393 sicque
717 3312 750 3374 in
771 3311 887 3374 divinae
907 3309 1056 3373 honitatis
1076 3325 1194 3382 amore,

449 3414 482 3476 in
498 3412 614 3474 divinae
629 3409 786 3492 equitatis
802 3408 928 3483 timore,
946 3408 977 3469 in
997 3407 1113 3469 divinae
1133 3425 1197 3468 ma-

448 3510 572 3593 jestatis
593 3507 797 3571 veneratione
819 3513 963 3569 crescant
982 3505 1133 3586 quotidie.

490 3609 644 3690 Denique,
662 3605 808 3689 quamvis
823 3604 921 3667 verba
936 3603 1042 3685 aliqua
1057 3604 1196 3684 Evange-

1250 2918 1452 2995 insidiantur,
1469 2919 1667 2984 observando
1681 2920 1766 2984 lacta
1785 2927 1817 2985 et
1830 2922 1918 2985 rerba
1932 2939 1970 2982 eo

1250 3035 1321 3079 rum
1338 3023 1374 3078 ut
1388 3035 1442 3080 eos
1457 3017 1582 3080 valeant
1595 3037 1755 3082 accusare.
1772 3019 1969 3084 Adrerunthi

1250 3115 1335 3196 quod
1359 3115 1508 3179 Salomon
1533 3116 1675 3198 loquitur
1699 3135 1706 3180 :
1729 3117 1788 3191 Qui
1814 3118 2053 3181 observantiae:

1250 3219 1298 3273 est
1329 3211 1497 3287 malorum,
1527 3213 1730 3294 opprimetur
1756 3213 1797 3277 ab
1827 3214 1880 3276 eis.
1907 3213 1969 3275 llurn

1251 3310 1338 3372 enim
1352 3309 1488 3373 aliorum
1509 3317 1639 3391 peecata
1656 3311 1814 3386 observat,
1831 3311 1920 3393 ipsea
1935 3309 1969 3370 ri·

1251 3406 1303 3468 tiis
1324 3414 1502 3488 superatur,
1519 3413 1550 3469 et
1573 3407 1683 3469 multis
1701 3405 1970 3471 defectuositatibus

1250 3504 1453 3586 adimpletur,
1470 3505 1667 3587 negligitque
1682 3524 1716 3568 se
1733 3507 1847 3588 ipsum.
1862 3505 1970 3584 lusuper

1251 3620 1290 3665 ex
1305 3602 1355 3664 his
1370 3602 1432 3664 duo
1453 3603 1644 3666 documenta
1659 3604 1839 3667 trahuntur.
1855 3603 1970 3666 Primum

450 3708 485 3770 lii
511 3706 671 3768 interdum
693 3705 862 3768 videantur
881 3721 950 3765 esse
971 3718 1035 3763 non
1059 3702 1196 3764 multum
1212 3699 1233 3762 C
1251 3707 1310 3774 est,
1328 3707 1362 3761 ut
1379 3701 1525 3764 homines
1545 3701 1680 3764 virtuosi
1700 3721 1737 3764 ac
1757 3703 1906 3784 sapientes
1921 3716 1969 3760 non

450 3804 650 3875 sententiose,
658 3803 684 3866 si
700 3810 805 3865 tamen
820 3800 989 3881 diligenter
1004 3800 1199 3863 consideren—
1251 3800 1437 3880 frangantur
1462 3818 1519 3881 per
1543 3800 1790 3882 impatientiam,
1814 3799 1927 3882 qnando
1944 3814 1969 3856 sa

437 3911 514 3977 tur,
535 3900 757 3985 spiritualibus
776 3898 923 3964 sensibus
941 3897 1197 3979 salutaribusque
1251 3897 1394 3961 sentiunt
1417 3897 1590 3973 observari,
1613 3899 1758 3962 accusari
1783 3906 1814 3962 et
1835 3892 1970 3961 diffamari

452 4000 605 4064 doctrinis
625 4007 699 4062 sunt
722 3999 824 4080 plena.
846 3998 954 4078 ltaque
980 3997 1012 4058 in
1033 3994 1198 4076 evangelio
1251 3995 1291 4057 ab
1306 3995 1389 4071 aliis,
1406 3998 1461 4060 sed
1476 3997 1554 4079 quid
1569 4016 1682 4079 passus
1700 3997 1742 4060 sit
1757 3997 1892 4060 Christus
1905 4009 1971 4055 rece

452 4100 606 4163 hodierno
628 4097 850 4179 multipliciter
869 4096 1040 4160 edocemur
1057 4112 1064 4156 ε
1081 4094 1196 4169 Primo,
1251 4094 1362 4175 gitent,
1379 4103 1411 4157 et
1430 4096 1515 4177 quod
1535 4114 1645 4158 servus
1666 4113 1733 4159 non
1755 4104 1803 4158 est
1823 4094 1914 4174 major
1930 4091 2020 4153 dora·
2034 4115 2055 4144 a

452 4206 569 4284 quauta
593 4197 636 4262 sit
663 4196 827 4278 fragilitas,
853 4197 917 4260 imo
943 4204 976 4260 et
1000 4195 1198 4258 malitiositas
1253 4194 1340 4257 mino
1364 4211 1422 4257 suo
1447 4194 1658 4258 considerent.
1678 4194 1857 4258 Secundum
1879 4197 1929 4261 est,
1945 4177 2002 4248 ιΗἱ

452 4297 556 4361 cordis
576 4295 718 4359 humani.
736 4295 817 4356 Ecce
840 4294 1014 4376 legisperiti
1035 4312 1072 4356 ae
1094 4293 1198 4356 Phari·
1252 4293 1308 4376 qui
1324 4293 1414 4375 cupit
1428 4294 1491 4356 Deo
1507 4293 1632 4375 plaeere
1648 4298 1679 4355 et
1697 4292 1728 4355 in
1745 4291 1908 4355 virtutibus
1919 4305 1970 4350 rre-

452 4397 518 4470 saei,
530 4413 593 4459 non
609 4395 754 4458 obstante
770 4394 854 4474 quod
870 4393 1013 4456 Christus
1028 4401 1093 4456 tam
1110 4393 1199 4455 innu-
1252 4411 1351 4467 scere,
1369 4392 1451 4455 hona
1465 4391 1601 4454 aliorum
1617 4399 1730 4473 penset
1744 4392 1783 4454 ad
1798 4386 1968 4452 imitandum

452 4494 620 4557 merabilia
641 4512 678 4557 ac
698 4491 942 4575 preclarissima
966 4491 1042 4555 lecit
1063 4492 1198 4555 miracu·
1253 4498 1284 4552 et
1307 4490 1347 4553 ab
1371 4508 1564 4572 unoquoque
1584 4489 1716 4553 homine
1737 4489 1872 4552 virtuoso
1891 4483 1970 4547 diseat

453 4593 493 4667 la,
513 4593 609 4654 etiam
627 4598 724 4654 totam
743 4597 855 4654 creatae
876 4598 995 4654 naturae
1015 4590 1198 4653 facultatem
1252 4589 1404 4652 virtutem
1420 4589 1454 4651 in
1467 4607 1530 4671 qua
1546 4587 1600 4650 ille
1621 4588 1721 4669 magis
1736 4586 1880 4658 abundat,
1895 4578 1970 4642 utdi·

452 4690 715 4764 transcendentia,
724 4690 844 4771 solique
859 4690 924 4752 Deo
940 4689 1198 4772 possibilia,quod
1253 4696 1319 4750 scat
1342 4687 1382 4750 ab
1407 4687 1466 4750 isto
1490 4686 1717 4760 humilitatem,
1737 4685 1777 4748 ab
1801 4683 1852 4746 illo
1875 4678 1969 4762 patien-

450 4797 539 4854 tanta
567 4789 743 4862 sanctitate,
774 4789 931 4870 sapientia
959 4796 991 4851 et
1018 4789 1200 4871 eloquentia
1253 4787 1342 4861 tiam,
1359 4786 1399 4848 ab
1423 4785 1486 4849 alio
1510 4786 1686 4858 caritatem,
1701 4783 1743 4847 ab
1766 4783 1826 4846 alio
1847 4777 1972 4843 sobrieta-

452 4889 552 4963 fulsit,
570 4888 654 4970 quod
670 4895 783 4950 cuncta
799 4895 924 4950 terrena
940 4888 1140 4969 contempsit,
1156 4888 1201 4949 ni·
1214 4882 1238 4944 D
1253 4894 1330 4960 tem,
1345 4884 1386 4947 ab
1406 4885 1461 4948 illo
1483 4883 1680 4965 spiritualem
1706 4882 1854 4952 laetitiam,
1869 4875 1905 4940 ab
1925 4873 1971 4934 isit

452 4988 519 5052 hilo
535 4987 641 5050 minus
658 4985 891 5050 insidiabantur
905 4986 934 5048 ei
950 4985 1080 5068 ubique.
1093 4987 1201 5048 Ambi-
1254 4984 1475 5059 constantiam,
1499 4983 1610 5065 sicque
1634 4983 1674 5045 de
1697 4981 1770 5045 aliis
1793 4977 1906 5044 actibus
1925 4971 1971 5032 rir-

452 5087 526 5151 tiosi
556 5103 694 5168 namque
719 5092 750 5148 et
778 5084 887 5166 cupidi
913 5083 1015 5146 laudis
1041 5084 1198 5159 humanae,
1254 5083 1364 5146 tuosis.

455 5185 701 5248 innumerabilia
722 5183 867 5246 incidunt
884 5182 977 5262 vitia3
994 5189 1026 5244 et
1044 5182 1200 5264 quidquid
1305 5181 1461 5256 Secundo,
1492 5198 1532 5243 ex
1563 5176 1728 5260 evangelio
1759 5177 1818 5240 isto
1845 5175 1972 5238 docemur

455 5285 531 5349 boni
552 5304 645 5367 agere
669 5285 848 5358 videantur,
865 5299 976 5345 eorum
1000 5282 1134 5346 intentio
1153 5291 1201 5346 est
1255 5289 1373 5365 quanta
1387 5280 1428 5344 sit
1447 5279 1640 5361 negligentia
1659 5284 1754 5360 atque
1774 5275 1910 5358 impietas
1922 5285 1971 5333 nu·
