4154 6258
431 489 493 556 lot
770 507 917 557 uoumrcu
938 508 993 554 xur
1014 507 1087 554 rosr
1106 505 1300 554 raruururuu.
1319 525 1359 536 —
1380 507 1478 555 seruo
1499 507 1652 555 sacounus

949 924 1141 1011 SERMO
1179 923 1477 1011 SECUNDUS

495 1191 536 1237 DE
556 1190 760 1238 tucuantrahn
781 1190 912 1237 VlSlONlS
933 1190 1058 1246 hlvttlm,
1079 1190 1119 1236 nn
1140 1189 1315 1237 FELICITATE
1336 1189 1593 1246 chatsrtauonolt,
1614 1187 1714 1245 choos
1734 1186 1902 1234 Notoutmrs

1008 1289 1185 1336 Montanum
1205 1287 1412 1336 Peucarotttm.

501 1571 615 1633 aar!
630 1570 700 1630 viri
716 1571 777 1640 tat,
793 1577 824 1630 et
840 1570 928 1629 beati
942 1570 1031 1629 servi
1045 1569 1107 1638 tat,
1124 1565 1221 1646 qaitl
1237 1566 1421 1630 monellinc
1435 1567 1575 1630 Christus
1591 1566 1623 1629 in
1635 1567 1803 1648 Evangelio
1815 1567 1948 1649 reprehen-

510 1670 564 1728 bie
582 1671 714 1729 adstant
738 1687 847 1727 eoram
872 1676 902 1726 te
920 1685 1056 1742 semper,
1076 1675 1106 1725 et
1126 1685 1183 1725 aa·
1237 1665 1284 1726 dit
1301 1666 1424 1728 ludaeos
1445 1664 1637 1740 increduIOS,
1660 1665 1746 1746 quod
1767 1665 1946 1746 predicationi

435 1769 534 1828 diunt
553 1767 747 1843 sapientiam
769 1775 870 1826 taam.
886 1764 925 1827 lll
941 1765 1014 1845 Reg.
1031 1784 1062 1838 x,
1078 1765 1107 1826 8.
1238 1763 1401 1845 sapientiae
1417 1783 1482 1827 suaa
1496 1781 1560 1827 non
1575 1762 1781 1827 attendebant
1794 1781 1884 1845 noque
1896 1781 1946 1824 cre·

475 1864 578 1928 Verba
599 1864 660 1926 ista
683 1865 723 1926 ad
744 1864 882 1926 litteram
905 1863 1024 1945 scripta
1047 1870 1122 1924 sunt
1145 1862 1184 1924 de
1238 1861 1365 1937 debant,
1390 1862 1500 1925 dicens
1526 1881 1533 1926 :
1560 1861 1679 1943 Regina
1709 1863 1790 1924 Saba
1815 1869 1904 1942 surget
1922 1861 2020 1922 inuam

301 1983 422 2038 urinas,
436 1964 603 2027 Salomone
619 1980 703 2043 rege,
715 1963 770 2045 qui
787 1962 819 2024 in
835 1961 990 2044 sapientia
1005 1961 1067 2022 fuit
1081 1961 1124 2024 ita
1139 1959 1184 2022 la·
1235 1961 1359 2041 judicio
1372 1969 1482 2024 contra
1495 1961 1736 2042 generationem
1753 1961 1882 2034 istam,et
1894 1943 1977 2021 mn-⁸²‘

289 2052 420 2161 {H‘fflj
436 2080 554 2136 mosne,
572 2062 657 2145 quod
679 2061 788 2142 regina
812 2060 892 2123 Saba
913 2060 1001 2123 venit
1022 2079 1040 2122 a
1062 2057 1183 2122 linibus
1238 2059 1402 2122 damnabit
1416 2078 1498 2135 earn,
1515 2061 1591 2142 quia
1605 2060 1694 2123 venit
1713 2079 1734 2122 a
1752 2058 1863 2121 finibus
1878 2066 1946 2120 terra

288 2180 311 2220 a
321 2187 367 2232 seq.
435 2169 527 2225 terrae
543 2179 616 2222 cunr
632 2159 744 2241 grandi
759 2159 922 2233 comitatu,
939 2165 971 2220 et
984 2175 1062 2220 auro
1078 2157 1183 2239 copio—
1237 2158 1347 2220 audire
1363 2157 1551 2240 sapientiam
1568 2157 1764 2237 Salomonis3
1777 2165 1807 2220 et
1819 2174 1881 2219 ecce
1894 2155 1947 2238 plus

435 2276 469 2322 so
484 2277 521 2320 ac
537 2257 777 2340 pretiosissimis
792 2255 999 2330 aromatibus,
1010 2255 1120 2318 audire
1136 2274 1184 2318 sa·
1237 2275 1333 2339 quam
1356 2257 1504 2320 Salomon
1527 2257 1591 2332 hic,
1609 2257 1640 2319 id
1661 2264 1721 2332 est,
1739 2274 1796 2338 ego
1815 2255 1947 2319 Salonem

434 2356 589 2438 pientiam
605 2355 685 2436 ejus.
703 2355 777 2428 011ae
792 2374 891 2438 quum
913 2355 1055 2435 ingressa
1069 2353 1184 2416 fuisset
1237 2374 1309 2418 sum
1339 2355 1441 2436 major
1470 2375 1506 2418 ac
1535 2356 1719 2438 sapientior.
1748 2355 1858 2418 Deinde
1877 2371 1949 2435 opera

433 2455 472 2517 ad
498 2453 711 2528 Salomonem,
732 2453 899 2536 proposuit
920 2453 949 2515 ei
970 2452 1183 2516 difficillimas
1237 2451 1414 2515 Salomonis
1429 2452 1581 2535 operibus
1596 2452 1713 2515 Christi
1729 2451 1889 2534 comparari
1900 2450 1950 2512 uul-

434 2552 626 2635 questiones
651 2571 688 2614 ao
712 2551 838 2614 diversa
860 2551 1039 2632 enigmata,
1059 2558 1092 2613 et
1113 2551 1183 2612 uni·
1238 2550 1361 2613 latenus
1378 2558 1520 2632 possunt.
1540 2551 1600 2614 Sed
1619 2551 1670 2613 bis
1692 2551 1849 2614 immorari
1866 2565 1949 2631 super-

433 2669 526 2715 versa
546 2670 616 2733 qum
638 2657 729 2712 erant
748 2651 782 2712 in
802 2649 896 2713 eorde
917 2649 1027 2732 ipsius.
1045 2650 1091 2711 lld
1113 2668 1183 2731 quaa
1237 2648 1341 2711 lluum
1367 2667 1447 2712 reor.
1472 2651 1592 2731 ltaque,
1615 2650 1699 2712 sieut
1723 2648 1872 2713 Salomoni
1891 2647 1949 2708 dixit

434 2748 541 2812 omnia
555 2767 610 2811 rex
625 2747 773 2811 Salomon
785 2748 958 2811 clarissime
973 2755 1068 2829 atque
1084 2749 1220 2828 prom-B
1239 2747 1347 2828 regina
1363 2747 1454 2822 Saba,
1471 2769 1489 2807 a
1500 2747 1586 2810 Beati
1602 2747 1664 2809 viri
1679 2748 1741 2822 tui,
1758 2756 1789 2810 et
1803 2745 1876 2810 beati
1887 2743 1949 2807 serti
1967 2755 2031 2809 hflm

434 2848 580 2930 ptissime
600 2865 674 2910 mox
695 2847 867 2928 respondit.
885 2847 1053 2927 Quumque
1076 2846 1183 2927 regina
1238 2847 1297 2921 tui,
1314 2846 1369 2929 qui
1385 2846 1438 2909 bio
1453 2853 1538 2908 stant
1552 2864 1659 2909 coram
1675 2853 1706 2908 te
1722 2864 1877 2928 semper»,
1890 2825 1972 2918 etc.;³·

435 2945 489 3007 illa
517 2945 769 3028 prudentissima
797 2951 927 3027 experta
956 2952 1039 3006 esset
1063 2950 1182 3006 tantam
1238 2945 1285 3006 sic
1304 2943 1429 3008 Christo
1453 2943 1486 3006 in
1509 2944 1630 3007 mundo
1651 2942 1712 3007 hoo
1733 2943 1832 3006 adhue
1851 2957 1950 3004 conrar-

435 3044 624 3127 sapientiam
655 3043 844 3117 Salomonis,
875 3042 1071 3124 vidissetque
1101 3050 1183 3105 tem·
1238 3043 1447 3118 sauti,multo
1461 3042 1671 3106 excellentius
1687 3042 1753 3105 dici
1768 3039 1950 3124 quiricum·

434 3142 526 3224 plum
550 3143 635 3225 quod
664 3141 847 3216 edificavit,
874 3148 906 3204 et
929 3141 1061 3204 domum
1087 3160 1182 3222 quam
1238 3143 1281 3204 ati
1303 3141 1364 3204 viri
1384 3141 1444 3216 tui,
1469 3149 1500 3205 et
1524 3141 1608 3204 beati
1631 3141 1717 3204 servi
1742 3140 1789 3203 tui
1806 3161 1833 3214 a,
1852 3139 1902 3201 hoe
1918 3143 1951 3198 cst

434 3239 512 3302 lecit
535 3240 657 3303 sibiae
682 3240 812 3322 conjugi
841 3259 917 3314 sum,
943 3238 1032 3301 cibos
1055 3257 1183 3321 quoque
1238 3238 1381 3321 Apostoli
1397 3239 1558 3323 ceterique
1574 3238 1738 3321 discipuli,
1751 3239 1805 3321 qui
1819 3237 1884 3310 lide,
1895 3233 1951 3296 mri-

435 3356 553 3402 mensae
578 3338 690 3421 ipsius,
716 3347 749 3401 et
772 3338 901 3402 ordines
931 3337 1183 3400 ministrantium
1239 3346 1302 3400 tate
1318 3346 1349 3401 ot
1367 3356 1463 3420 opere
1478 3336 1682 3420 pertinebant
1697 3337 1739 3400 ad
1755 3337 1907 3401 Christum.
1920 3333 1950 3394 lle

434 3455 472 3500 ac
486 3445 590 3500 vestes
606 3455 728 3513 eorum,
745 3445 777 3500 et
790 3437 886 3500 etiam
907 3437 968 3498 alia
988 3437 1087 3498 multa
1107 3455 1184 3519 praa
1238 3435 1357 3517 quibus
1377 3435 1445 3518 ipsc
1469 3436 1551 3498 dixit
1573 3435 1612 3498 ad
1637 3435 1762 3498 Patrem
1788 3434 1818 3496 in
1835 3447 1950 3495 sermone

436 3535 531 3610 clara,
558 3555 623 3618 prm
652 3537 862 3599 admiratione
891 3535 1019 3610 defecit,
1044 3543 1075 3597 et
1101 3535 1184 3598 ultra
1239 3540 1311 3615 post
1325 3533 1454 3597 Coenam
1472 3552 1478 3597 :
1496 3533 1554 3595 'lui
1571 3539 1670 3606 erant,
1688 3540 1721 3594 et
1737 3531 1815 3595 mihi
1829 3547 1876 3594 eos
1888 3526 2035 3614 dedi-ase.

436 3650 500 3696 nou
523 3633 635 3696 babuit
656 3635 817 3717 spiritum,
838 3635 894 3697 sed
916 3633 1007 3716 quasi
1029 3633 1062 3696 in
1086 3641 1184 3696 easta·
1240 3633 1295 3711 sti;
1312 3640 1344 3694 et
1357 3649 1537 3694 sermonem
1553 3638 1645 3694 tuum
1661 3612 1993 3704 servaverunt,etco‘’⁵·

436 3733 498 3794 sim
514 3731 603 3814 lapsa
619 3740 676 3795 est.
692 3732 811 3795 Deinde
826 3739 898 3815 post
912 3740 1040 3814 tempus
1058 3751 1184 3795 reversa
1239 3739 1419 3812 gnoverunt
1431 3731 1506 3813 quia
1521 3749 1560 3792 ex
1574 3738 1605 3792 te
1620 3729 1715 3792 exivi.
1727 3731 1782 3793 lsti
1798 3728 1906 3794 Christo
1916 3722 1953 3785 ad·

436 3830 476 3892 ad
492 3849 537 3905 se,
553 3830 634 3892 dixit
647 3830 686 3893 ad
704 3849 810 3912 regern
828 3850 835 3894 :
853 3830 951 3912 Major
966 3839 1014 3893 est
1028 3831 1185 3913 sapientia
1240 3831 1388 3892 stiterunt
1411 3847 1513 3911 usque
1536 3829 1576 3891 ad
1601 3829 1795 3911 passionem,
1815 3825 1916 3911 quibus
1931 3828 1953 3882 et

436 3937 491 3992 tua
506 3936 538 3991 et
553 3946 648 4010 opera
663 3937 727 4005 tua,
746 3948 841 4012 quam
860 3947 970 3992 rumor
985 3949 1080 4012 quem
1095 3930 1183 3993 audi·
1199 3927 1221 3991 C
1239 3936 1311 4010 post
1331 3927 1598 3991 resurrectionem
1619 3928 1780 4009 apparuit.

436 4027 484 4107 vi3
502 4026 585 4090 beati
601 4027 661 4091 viri
676 4029 735 4103 tui,
745 4035 776 4091 et
791 4028 876 4090 beati
891 4028 975 4091 servi
990 4028 1049 4103 tui,
1060 4029 1116 4110 qui
1132 4029 1184 4090 hie
1278 4026 1441 4101 Praeterea,
1458 4025 1556 4088 verba
1573 4025 1640 4089 hmo
1660 4025 1699 4088 ad
1716 4025 1852 4088 litteram
1869 4023 1901 4084 de
1917 4020 1955 4080 Sa·

436 4127 562 4190 adstant
583 4144 688 4191 coram
714 4135 745 4190 te
767 4146 905 4210 semper,
926 4135 958 4190 et
979 4127 1115 4190 audiunt
1139 4146 1185 4190 sa·
1239 4125 1365 4190 lomene
1380 4123 1570 4206 conscripta,
1578 4130 1610 4186 et
1623 4123 1794 4204 allegorice
1809 4123 1845 4185 de
1858 4118 1955 4184 Christo

437 4225 591 4308 pientiam
612 4233 710 4290 tuam.
1239 4225 1391 4307 exposita,
1409 4230 1543 4306 possunt
1565 4229 1597 4284 et
1615 4221 1788 4305 anagogiae
1809 4215 1954 4302 exponite

478 4324 510 4386 Si
532 4343 608 4406 ergo
629 4324 713 4387 beati
736 4324 867 4387 luerunt
888 4323 1065 4386 Salomonis
1090 4323 1184 4386 mini·
1239 4325 1303 4387 Deo
1322 4329 1472 4404 regnante
1492 4340 1548 4384 seu
1569 4321 1696 4384 Christo
1715 4319 1915 4402 triumphante
1932 4313 1955 4374 iu

438 4423 506 4498 stri,
533 4424 588 4505 qui
618 4442 656 4486 ex
685 4441 739 4486 ore
768 4422 870 4505 ipsius
895 4422 993 4484 verba
1021 4422 1184 4504 sapientiae
1239 4423 1340 4497 coelis,
1354 4429 1386 4484 et
1400 4420 1725 4502 comprehensoribus
1740 4417 1897 4487 universis,
1910 4414 1954 4473 hoc

438 4520 617 4595 audierunt,
641 4529 759 4603 quanto
784 4521 885 4601 magis
908 4520 1050 4602 Apostoli
1074 4521 1184 4582 ceteri·
1239 4527 1287 4583 est
1310 4520 1493 4584 caelestibus
1517 4519 1654 4582 civibus.
1676 4519 1708 4582 Si
1729 4536 1804 4601 crgo
1826 4515 1900 4579 beati
1920 4511 1956 4572 ln·

292 4634 425 4690 remma.
439 4637 501 4700 que
520 4618 683 4701 discipuli,
700 4620 755 4701 qui
777 4619 919 4701 quotidie
939 4618 1111 4692 Christum,
1129 4617 1184 4679 Dei
1239 4626 1333 4681 erunt
1346 4618 1496 4700 discipuli
1509 4619 1637 4692 Christi,
1655 4617 1711 4700 qui
1725 4636 1800 4680 eum
1814 4633 1867 4698 per
1878 4611 1955 4675 lidan

439 4717 591 4778 virtutem
615 4725 647 4779 et
670 4717 726 4780 Dei
751 4717 953 4800 sapientiam,
980 4716 1185 4798 corporaliter
1239 4725 1271 4779 et
1284 4716 1390 4778 visum
1410 4734 1447 4777 aa
1462 4715 1607 4778 auditum
1624 4715 1820 4797 corporalem
1836 4712 1955 4774 viderunt

438 4815 709 4898 spiritualiterque
724 4816 874 4879 viderunt
887 4834 924 4878 ae
939 4815 1116 4888 audierunt,
1133 4813 1185 4877 be·
1238 4834 1275 4878 ac
1290 4814 1533 4896 audierunt,qui
1549 4814 1652 4877 nihilo
1668 4814 1774 4876 minus
1789 4813 1884 4875 adbuc
1896 4821 1957 4869 mar

437 4914 481 4977 ati
500 4913 652 4978 lueruntt
673 4914 816 4978 Christus
838 4933 977 4996 namque
996 4931 1060 4976 non
1080 4913 1184 4976 solum
1238 4915 1317 4976 tales
1333 4923 1364 4976 ct
1381 4913 1492 4976 multis
1511 4913 1643 4976 luerunt
1663 4912 1801 4993 subjecti
1820 4905 1955 4972 miseriis:

437 5014 564 5096 sapiens
586 5013 648 5076 luit
668 5021 703 5076 ut
721 5015 881 5088 Salomon,
899 5014 954 5076 scd
976 5012 1008 5075 iu
1027 5019 1183 5095 quantum
1239 5032 1335 5095 quam
1351 5011 1645 5093 incomparabiliter
1659 5010 1819 5074 feliciores
1833 5011 1958 5070 suntun-

436 5113 531 5190 Deus,
547 5112 610 5175 fuit
624 5113 780 5196 sapientia
800 5114 869 5196 ipsa
887 5119 1014 5186 aeterna,
1031 5111 1181 5186 increata,
1198 5116 1223 5179 D
1239 5131 1295 5175 nes
1314 5111 1400 5175 cives
1421 5111 1576 5185 eoelestes,
1598 5110 1655 5193 qui
1678 5109 1806 5182 Christi,
1827 5108 1885 5169 imo
1901 5097 1956 5162 toti

436 5213 611 5293 immensa3
627 5213 805 5275 seeundum
820 5217 966 5274 naturam
984 5227 1110 5292 quoque
1125 5209 1183 5271 bu·
1238 5230 1276 5273 us
1290 5209 1624 5292 supergloriosissima
1637 5207 1798 5270 Trinitatis
1812 5200 1956 5268 essentiam

436 5330 576 5388 menam,
591 5311 654 5375 luit
678 5311 885 5374 ineffabiliter
905 5309 1078 5392 sapientior
1100 5308 1184 5374 Salo·
1238 5309 1369 5372 clareac
1382 5328 1440 5392 per
1452 5308 1593 5392 speciem
1606 5301 1955 5370 inavertibilitervident,
