4140 6258
318 1311 364 1352 ldl.

463 448 524 515 ata
827 469 976 519 noumrea
996 471 1017 518 x
1037 469 1112 520 rosr
1131 469 1324 520 ruminarunt.
1346 489 1386 502 -
1406 469 1506 522 annuo
1526 473 1651 524 rmrrus

463 648 530 708 toto
545 643 665 726 populo
679 644 725 707 eis
739 644 910 708 commisso
927 643 1087 726 precipue
1107 651 1138 706 et
1153 659 1211 726 pro
1225 643 1251 708 Α
1267 645 1352 726 quod
1372 652 1516 729 ternpore
1538 645 1640 710 divini
1658 645 1767 710 Officii
1785 645 1893 728 pernisit
1905 645 1940 709 ni·

464 741 535 804 aliis
550 743 724 806 solenniter
738 750 839 817 orent,
853 750 1002 824 totusque
1018 742 1155 825 populus
1170 741 1210 804 si·
1266 743 1382 807 nistros
1402 762 1476 808 suos
1496 744 1559 808 sibi
1578 744 1684 828 aliqua
1698 745 1838 808 exteriora
1851 745 1940 808 insinua·

465 841 533 928 mul
553 849 585 904 et
604 841 802 906 concorditer
819 841 989 905 Dominum
1009 842 1209 924 deprecetur,
1267 861 1311 915 re,
1337 850 1369 905 et
1393 843 1438 905 eis
1464 843 1654 926 quandoque
1684 842 1839 926 respondit.
1858 843 1881 906 si
1897 861 1942 925 argu

465 941 617 1022 quoniam
632 940 870 1004 communitatis
885 940 985 1004 oratio
1000 938 1211 1003 exaudibilior
1266 948 1394 1004 sanctus
1418 942 1468 1004 vir
1491 942 1544 1005 ille
1569 951 1700 1026 propter
1723 943 1781 1006 hoc
1800 949 1866 1004 unu
1885 944 1942 1005 susti·

465 1039 615 1102 creditur.
628 1040 785 1115 Secundo,
798 1047 832 1102 ut
847 1041 880 1102 in
895 1058 932 1102 ea
947 1040 1030 1102 [leus
1046 1039 1141 1102 certis
1156 1039 1211 1102 ho·
1267 1039 1349 1116 nuit,
1372 1040 1427 1122 qui
1449 1048 1556 1104 tamen
1580 1059 1782 1124 nequaquam
1800 1040 1874 1104 verba
1888 1041 1942 1103 inse

464 1135 508 1199 ris
523 1136 680 1214 laudetur,
690 1145 766 1220 puta
782 1138 815 1201 in
830 1138 917 1201 horis
933 1137 1105 1212 canonicis
1120 1139 1211 1220 juxta
1267 1139 1367 1202 otiosa
1381 1148 1433 1201 aut
1446 1139 1559 1204 vitiosa
1573 1141 1607 1203 in
1623 1141 1762 1204 ecclesia
1774 1139 1944 1222 protulitquu·

327 1244 365 1288 1³³·
380 1258 450 1299 arur.
465 1235 545 1298 illud
559 1237 703 1320 :Septies
719 1237 752 1300 in
767 1237 819 1300 die
835 1237 961 1300 laudem
977 1237 1042 1299 dixi
1058 1237 1128 1299 tibi.
1139 1238 1210 1300 Ter·
1266 1243 1298 1300 ta
1313 1238 1374 1300 erit
1388 1256 1498 1301 eorum
1516 1239 1641 1322 punitio
1656 1239 1712 1321 qui
1726 1239 1814 1303 verba
1825 1257 1945 1311 vanasour·

465 1335 520 1408 tio,
538 1343 574 1396 ut
593 1335 638 1397 ibi
657 1335 824 1398 Missarum
843 1335 986 1399 solennia
1006 1335 1095 1410 fiant,
1112 1343 1143 1398 et
1158 1336 1211 1398 Sa·
1267 1335 1349 1410 riba,
1367 1336 1481 1400 vitiosa
1503 1335 1671 1420 proferunt
1692 1336 1767 1400 ibit

465 1433 627 1496 orificium
641 1433 749 1496 altaris
764 1435 802 1496 ad
818 1434 874 1496 Dei
888 1433 1021 1515 gloriam
1038 1452 1096 1515 pro
1111 1452 1211 1517 popu·
1307 1435 1477 1509 Postremo,
1510 1434 1542 1497 in
1570 1434 1703 1499 homilia
1733 1434 1865 1516 evangelii
1885 1435 1945 1515 hujus

465 1533 496 1596 lo
521 1531 686 1608 offeratur,
713 1532 850 1615 populus
879 1549 1006 1614 quoque
1035 1532 1211 1595 oblationes
1267 1531 1365 1594 refert
1389 1531 1570 1614 Gregorius,
1594 1533 1679 1615 quod
1702 1541 1771 1596 erat
1791 1531 1946 1614 quidenna

465 1651 538 1694 suas
560 1639 625 1693 tarn
647 1630 829 1714 spirituales
852 1649 946 1713 quam
969 1630 1148 1712 corporales
1166 1630 1212 1694 ol·
1267 1631 1387 1694 nachus
1403 1638 1531 1694 sanetus
1545 1632 1676 1695 nomine
1690 1629 1947 1714 Martyrius,quiquo

464 1731 545 1792 ferat
561 1729 615 1792 ibi.
629 1730 755 1804 Quarto,
768 1736 803 1791 ut
818 1728 925 1812 aliqua
940 1729 1002 1791 alia
1016 1737 1211 1793 sacramenta
1267 1730 1339 1792 dam
1365 1730 1416 1792 die
1440 1748 1576 1811 pergens
1600 1731 1639 1792 ad
1664 1729 1869 1792 monasterium
1885 1729 1947 1809 quod·

464 1828 509 1892 ibi
530 1847 601 1891 eum
622 1827 770 1911 ampliori
791 1827 958 1891 devotione
979 1846 1015 1890 ae
1035 1829 1211 1891 reverentia
1229 1830 1252 1892 B
1267 1828 1351 1902 dam,
1377 1827 1499 1890 invenit
1523 1828 1556 1889 in
1580 1828 1633 1891 via
1658 1827 1812 1909 Jacentem
1831 1827 1946 1908 quendam

464 1926 665 1990 celebrentur
680 1933 711 1988 et
726 1926 1144 2008 ministrentur‚quauquam
1159 1927 1213 1989 ali·
1267 1927 1442 2008 leprosum,
1460 1926 1527 1989 solo
1542 1927 1695 2009 adspectu
1710 1926 1798 1990 valde
1811 1925 1946 1987 horreudun

465 2025 498 2088 bi
519 2025 550 2087 id
574 2024 647 2087 fieri
671 2024 772 2106 possit
797 2025 873 2086 dum
897 2023 1094 2087 rationabilis
1118 2044 1213 2088 causa
1268 2025 1335 2087 sive
1351 2023 1766 2099 deformem,affirmantem
1780 2022 1948 2087 sehaberele

465 2123 614 2187 occurrit.
640 2123 767 2197 Quinto,
793 2130 828 2185 ut
852 2123 985 2185 verbum
1011 2123 1066 2185 Dei
1091 2123 1211 2186 ibidem
1267 2123 1400 2204 spitium
1426 2123 1458 2184 in
1483 2123 1598 2186 itinere
1626 2142 1684 2205 per
1713 2123 1795 2205 quod
1819 2121 1894 2183 iturus
1910 2121 1947 2182 lul

466 2222 640 2287 solenniter
672 2221 790 2304 populo
824 2220 1023 2303 predicetur.
1057 2222 1145 2285 Unde
1178 2222 1210 2285 in
1267 2222 1444 2305 llartyrius‚
1465 2222 1520 2284 sed
1543 2241 1608 2304 praa
1631 2221 1811 2284 lassitudine
1828 2220 1949 2301 etagritu·

465 2320 630 2402 evangelio
648 2319 707 2383 isto
724 2319 868 2393 habetur,
885 2321 970 2402 quod
986 2319 1128 2384 Christus
1146 2329 1212 2384 erat
1268 2321 1342 2383 dine
1361 2336 1425 2383 non
1445 2337 1538 2402 posse
1558 2321 1741 2403 procedere.
1759 2318 1890 2402 llartyrius
1902 2335 1948 2398 ergo

465 2419 608 2503 quotidie
623 2420 740 2481 doeens
756 2417 789 2479 in
803 2419 932 2500 templo.
951 2419 997 2480 lla
1012 2418 1061 2482 his
1078 2426 1210 2494 constat,
1267 2419 1337 2500 ejus
1354 2418 1514 2492 misertus,
1529 2418 1661 2500 pallium
1678 2437 1772 2481 suum
1785 2436 1863 2500 super
1873 2425 1948 2478 eran

465 2537 562 2601 quam
594 2515 888 2598 reprehensibiliter
921 2536 957 2580 ae
988 2517 1212 2580 damnabiliter
1267 2517 1429 2599 expandit,
1445 2524 1541 2598 atqua
1561 2516 1595 2578 in
1614 2535 1652 2580 eo
1669 2517 1762 2579 illum
1780 2516 1904 2598 leprosum
1917 2531 1948 2574 ac·

464 2622 568 2698 agant,
585 2615 642 2697 qui
664 2613 696 2676 in
719 2614 853 2677 eeclesia
876 2615 1023 2678 indevote
1042 2622 1074 2678 et
1095 2616 1211 2678 irreve·
1268 2615 1364 2697 cepit,
1395 2621 1426 2676 et
1455 2632 1552 2696 super
1580 2632 1654 2677 suos
1683 2615 1824 2678 humeros
1847 2612 1946 2695 portarit

466 2720 572 2776 renter
592 2731 625 2776 se
645 2710 775 2784 habent,
793 2712 847 2794 qui
864 2712 966 2775 oculis
985 2712 1030 2775 ibi
1050 2720 1124 2775 sunt
1140 2713 1210 2794 vagi
1268 2714 1435 2795 Quumque
1451 2712 1643 2776 monasterio
1658 2713 1872 2795 propinquaret,
1884 2708 1947 2772 abhas

464 2819 496 2875 et
512 2819 619 2874 mente
635 2810 818 2872 incustoditi
837 2827 843 2872 :
860 2811 1037 2892 prasertim
1053 2811 1108 2892 qui
1123 2810 1212 2887 fabu·
1269 2810 1452 2874 monasterii
1476 2810 1666 2874 exclamavit
1692 2830 1699 2875 :
1727 2811 1844 2884 Currite,
1863 2807 1945 2878 fratres

463 2909 636 2973 lotionibus
651 2916 684 2971 et
698 2908 806 2972 verbis
821 2909 1010 2972 scurrilibus
1027 2910 1072 2973 ibi
1087 2928 1141 2973 ora
1155 2929 1212 2972 sua
1266 2909 1378 2991 januas
1401 2907 1532 2990 aperite,
1553 2908 1706 2990 quoniam
1728 2909 1816 2971 frater
1832 2905 1947 2988 llartprius

464 3009 606 3071 relaxant
625 3014 680 3070 aut
701 3026 793 3070 aures
814 3007 967 3089 prebent,
985 3008 1086 3090 etqui
1107 3007 1211 3070 libidi-
1231 3006 1355 3076 Creuit
1373 3005 1544 3069 Dominum
1562 3008 1671 3071 lesum
1691 3007 1837 3070 Christum
1852 3012 1946 3087 portam.

463 3125 540 3170 nose
563 3105 747 3189 adspiciunt
770 3105 946 3187 vitioseque
970 3113 1135 3188 appetunt,
1158 3113 1212 3168 aut
1266 3105 1420 3168 Veniente
1434 3111 1541 3167 autem
1557 3105 1704 3189 Martyrio
1720 3105 1797 3168 circa
1810 3101 1947 3168 cenohim.

463 3223 520 3269 suo
535 3213 649 3268 ornatu
663 3204 804 3286 aliquem
820 3211 993 3286 provocant
1007 3205 1045 3266 ad
1061 3203 1212 3267 affectum
1268 3203 1294 3266 is
1316 3203 1371 3284 qui
1392 3202 1560 3265 videbatur
1583 3203 1739 3285 leprosus,
1758 3204 1835 3265 lasus
1852 3200 1948 3264 Christus
2020 3205 2021 3232 ³

464 3303 677 3367 immundum.
695 3303 803 3385 ltaque
824 3320 898 3364 curn
918 3303 1005 3365 omni
1027 3303 1141 3365 mentis
1157 3321 1211 3366 cu·
1267 3301 1422 3363 Dominus
1437 3307 1554 3374 noster,
1571 3300 1610 3362 de
1626 3300 1708 3363 eollo
1723 3301 1789 3383 ejus
1802 3297 1949 3369 exsiliente

464 3402 576 3476 stodia‚
594 3400 762 3464 devotione
778 3407 810 3464 et
825 3399 949 3463 fervore
970 3400 1118 3462 intersint
1132 3401 1211 3463 fide·
1268 3399 1301 3460 in
1317 3396 1419 3459 forma
1434 3417 1496 3480 qua
1511 3397 1592 3461 solet
1604 3400 1734 3480 agnosci
1748 3415 1887 3481 apparens,
1898 3393 1949 3456 dixit

465 3500 509 3562 les
525 3499 634 3562 divino
649 3499 877 3580 obsequio,neo
892 3497 1014 3579 aliquid
1030 3498 1061 3560 in
1077 3499 1212 3562 eeclesia
1267 3497 1414 3579 Martyria
1437 3513 1445 3557 :
1470 3497 1608 3580 Martyri,
1634 3505 1668 3559 tu
1694 3517 1744 3560 me
1766 3513 1821 3560 non
1840 3489 1949 3557 erubuisti

464 3605 559 3679 agant
577 3597 639 3660 nisi
659 3598 697 3660 ad
715 3598 799 3679 quod
820 3597 888 3679 ipsa
903 3605 951 3659 est
967 3605 1157 3660 consecrata.
1175 3598 1210 3660 ln
1268 3601 1506 3676 superterram,
1523 3601 1554 3656 et
1570 3612 1628 3676 ego
1642 3603 1674 3658 te
1692 3613 1754 3658 non
1768 3593 1915 3658 erubescam
1929 3589 1949 3647 iu

465 3696 600 3759 eeclesia
617 3714 742 3778 quoque
758 3695 1015 3759 meditationibus
1031 3695 1147 3758 sanctis
1164 3715 1213 3758 va·
1267 3693 1356 3755 coelo¹
1382 3692 1448 3766 Quo
1472 3691 1567 3768 dicto,
1590 3693 1719 3756 vidente
1741 3691 1875 3775 llartyrio,
1892 3684 1949 3751 Chri·

465 3795 603 3858 candum
618 3802 683 3873 est;
700 3793 789 3875 sigua
806 3801 912 3856 tamen
933 3795 1102 3876 singularis
1120 3796 1212 3858 dero·
1267 3798 1334 3853 stus
1353 3791 1496 3853 ascendit
1515 3792 1547 3854 in
1569 3792 1696 3856 eoelum.
1713 3793 1859 3872 Quumque
1875 3789 1949 3864 flarty-

463 3893 561 3956 tionis
582 3893 707 3955 vitanda
730 3901 803 3955 sunt
822 3910 926 3956 eoram
946 3893 1029 3956 aliis.
1267 3890 1333 3952 rius
1349 3889 1531 3953 ooenobium
1546 3898 1630 3954 esset
1645 3881 1950 3973 ingressusahbasdirit

509 3991 653 4073 Denique
683 3990 793 4054 multis
823 3990 901 4053 viris
931 3991 1048 4054 sanctis
1077 3999 1211 4056 ostensae
1266 3991 1404 4052 adeum
1431 4009 1438 4054 :
1465 3991 1572 4052 Frater
1594 3990 1731 4074 Martyri‚
1756 3989 1805 4052 uhi
1830 3994 1868 4050 est
1886 3999 1950 4064 quen

464 4096 539 4154 sunt
563 4089 713 4164 visiones,
735 4089 767 4152 in
792 4089 910 4171 quibus
933 4091 1082 4152 viderunt
1105 4090 1211 4153 diabo
1267 4089 1443 4175 portabast
1466 4089 1641 4173 Respondit
1669 4090 1823 4174 Martyrius
1845 4104 1851 4148 :
1872 4085 1918 4165 lgr
1934 4081 1951 4143 sl

464 4191 531 4253 lum
551 4189 745 4252 scribentem
766 4188 862 4252 verba
881 4188 1155 4251 confabulantium
1177 4189 1210 4250 in
1228 4194 1252 4256 D
1267 4189 1432 4252 scivissem
1448 4190 1520 4272 quis
1535 4189 1660 4264 fuisset,
1678 4191 1769 4272 pedes
1784 4189 1857 4250 illius
1869 4183 1950 4247 tenuis·

464 4289 607 4352 ecclesia.
625 4289 691 4352 lmo
706 4288 745 4350 de
759 4287 792 4349 B.
805 4287 956 4351 Severino
971 4289 1210 4370 archiepiscopo
1266 4307 1343 4351 sem.
1354 4291 1439 4354 Dixit
1453 4309 1580 4374 quoque
1595 4291 1767 4374 Martyrius,
1779 4288 1851 4371 quod
1863 4281 1951 4366 quaudo

464 4387 645 4450 Coloniensi
665 4386 792 4467 legitur,
808 4387 893 4468 quod
913 4394 984 4468 post
1006 4395 1140 4450 mortem
1159 4408 1211 4450 su·
1265 4391 1434 4454 [lominum
1460 4391 1506 4452 sio
1531 4389 1679 4472 portavit,
1703 4388 1817 4470 pondus
1837 4384 1892 4464 ejus
1910 4397 1951 4441 non

464 4504 515 4547 am
539 4485 687 4567 apparuit
710 4483 932 4547 archidiacono
956 4503 1024 4559 suo,
1043 4484 1209 4560 affirmans
1266 4489 1373 4552 sensit.
1392 4489 1473 4552 Ecce
1493 4495 1647 4571 quantum
1668 4483 1871 4550 misericordia
1887 4495 1952 4561 opert

465 4602 499 4645 se
514 4601 583 4645 esse
599 4582 632 4645 in
648 4581 771 4662 magnis
787 4583 960 4664 purgatorii
975 4585 1078 4666 poenis
1094 4584 1135 4648 ob
1150 4585 1210 4647 hoe
1266 4589 1393 4671 placent
1415 4588 1488 4651 Deo.
