4154 6258
428 451 489 518 sta
634 479 782 529 nouimus
802 482 855 528 xv1
876 482 949 530 ross
969 482 1162 530 rnrmrnmu.
1182 501 1222 513 -
1241 482 1284 529 nn
1304 481 1498 547 nrc1u10s0s3
1519 481 1618 530 annuo
1637 481 1774 539 cunnrus

874 850 988 933 AD
1030 849 1531 933 RELIGIOSOS

973 1310 1146 1398 SERMO
1181 1308 1424 1413 QUARTUS

669 1569 708 1614 btt
733 1567 962 1615 'flilBULA'l'lONlS
989 1566 1167 1631 usturam
1188 1567 1225 1612 ET
1245 1566 1388 1622 ooouobo
1414 1565 1559 1614 CHRISTUS
1584 1565 1617 1613 IN
1642 1565 1741 1613 conob

959 1666 996 1712 ΕΤ
1023 1666 1158 1713 CORPORE
1185 1665 1364 1713 consulibus
1390 1666 1445 1712 slr.

488 1933 626 1994 Lucro
636 1949 745 2007 penca
759 1947 830 1989 meo
842 1933 886 1989 ool
895 1932 1030 1992 Patrem
1041 1931 1177 1991 Domini
1190 1929 1216 1991 Α
1230 1927 1473 1990 tribulationum
1498 1925 1630 1999 utilitas,
1657 1932 1776 2007 quauta
1802 1924 1909 1987 electio
1928 1943 1956 1986 ac

498 2029 606 2088 nostri
618 2031 695 2088 Jescc
710 2029 843 2089 Christi.
862 2027 975 2110 Ephes.
994 2045 1038 2101 111,
1056 2025 1103 2088 tl.
1230 2026 1392 2089 beatitudo
1416 2024 1639 2108 aequanimiter
1662 2023 1885 2086 sustinentium
1904 2042 1956 2086 eas.

466 2127 614 2189 Hortatur
636 2131 764 2188 sanctus
783 2124 951 2206 Apostolus
974 2125 1007 2186 in
1027 2123 1174 2206 praesenti
1229 2125 1310 2188 Hinc
1339 2123 1525 2188 electissimi
1554 2123 1612 2186 Dei
1639 2121 1827 2204 gravissima
1856 2122 1886 2183 in
1909 2122 1957 2184 hoc

427 2226 572 2308 epistola,
589 2243 629 2287 ne
650 2224 722 2306 quis
737 2232 801 2285 tam
823 2223 960 2305 pusillus
976 2230 1008 2285 et
1027 2222 1175 2304 imperie·
1230 2224 1350 2287 mundo
1377 2223 1577 2305 pertulerunt
1603 2221 1746 2284 adversa.
1773 2220 1957 2294 Quemadmc

427 2331 496 2387 ctus
513 2323 653 2396 exsistat,
670 2329 705 2384 ut
720 2340 757 2384 ex
773 2321 1025 2384 consideratione
1042 2320 1174 2382 tribula·
1230 2323 1306 2385 dum
1328 2338 1402 2403 ergo
1425 2319 1648 2382 beatificamus
1671 2327 1777 2402 patres
1799 2327 1837 2380 et
1853 2325 1958 2381 sanctos

427 2423 563 2494 tionum,
594 2419 853 2502 persecutionum
885 2426 917 2481 et
946 2419 1173 2482 adversitatum
1230 2421 1352 2484 dudum
1367 2417 1534 2482 defunctos
1555 2418 1610 2500 qui
1627 2419 1660 2480 in
1680 2418 1800 2482 seculo
1817 2418 1874 2481 isto
1888 2418 1957 2499 passi

423 2507 506 2602 ⁴quas
530 2518 591 2581 viri
614 2516 747 2580 virtuosi
770 2516 928 2578 sustinent
952 2517 985 2578 in
1008 2516 1072 2578 vita
1096 2535 1173 2598 prae-
1229 2526 1304 2581 sunt
1318 2519 1447 2600 gravia3
1466 2518 1513 2580 sic
1530 2524 1561 2580 et
1581 2517 1730 2580 homines
1751 2517 1876 2580 devotos
1893 2533 1957 2597 quos

428 2617 521 2690 senti,
547 2614 762 2698 pusillanimis
792 2613 848 2676 fiat
877 2621 932 2675 aut
956 2615 1132 2677 retrahatur
1155 2633 1173 2676 a
1229 2638 1315 2681 nunc
1330 2616 1572 2681 infirmitatibus
1588 2614 1957 2698 corporis,tentatiouibus

427 2715 520 2779 bonis
537 2731 545 2777 ε
561 2713 645 2776 sicut
659 2712 789 2795 quidam
806 2713 948 2775 nondum
964 2712 1039 2775 satis
1054 2712 1172 2774 illumi·
1228 2718 1420 2790 daemonum,
1433 2713 1711 2798 persecutionibus
1727 2713 1913 2796 iniquorum,
1921 2713 1956 2773 in·

427 2813 504 2887 nati,
522 2814 599 2875 dum
617 2811 719 2892 justos
734 2817 766 2872 et
785 2809 943 2872 studiosos
958 2828 994 2872 ac
1014 2809 1171 2892 sapientes
1228 2814 1466 2898 crepationibus
1493 2821 1526 2875 et
1554 2811 1809 2875 correctionibus
1836 2811 1957 2893 superio

427 2910 630 2993 conspiciunt
644 2909 677 2972 in
693 2909 751 2972 bac
767 2909 831 2972 vita
845 2907 1106 2971 tribulationibus
1121 2928 1173 2971 ex·
1227 2933 1299 2975 rum
1321 2930 1453 2975 suorum
1472 2911 1615 2974 exerceri
1635 2909 1862 2992 conspicimus,
1876 2907 1956 2971 beati·

426 3010 539 3082 arceri,
565 3014 725 3071 terrentur
746 3013 842 3089 atquc
866 3026 883 3068 a
908 3006 991 3068 bono
1015 3006 1172 3068 deficiunt
1226 3011 1362 3074 ficamus
1383 3010 1417 3072 in
1440 3008 1589 3072 cordibus
1608 3008 1739 3082 nostris,
1755 3025 1869 3090 eosque
1885 3014 1956 3068 unm

427 3108 585 3180 inchoato,
602 3105 692 3187 quasi
715 3106 808 3167 inane
831 3105 871 3167 sit
892 3106 957 3168 Deo
979 3105 1098 3169 servire
1117 3113 1171 3168 aut
1187 3110 1211 3172 B
1225 3110 1418 3172 arbitremur
1447 3107 1617 3182 feliciores,
1644 3115 1765 3188 quanto
1787 3106 1889 3169 omnia
1913 3104 1955 3164 illa

427 3205 590 3289 sapientiae
612 3220 740 3286 operam
762 3204 847 3276 dare,
864 3223 964 3285 quum
988 3204 1021 3265 bi
1045 3204 1101 3285 qui
1120 3205 1172 3266 de·
1224 3207 1431 3270 abundantius
1442 3225 1480 3268 ac
1490 3204 1696 3288 aequanimius
1710 3205 1955 3287 patiuntur,quum

426 3303 563 3368 votionis
587 3321 623 3364 ac
652 3301 815 3383 sapientiae
839 3301 945 3363 studio
972 3302 1071 3382 magis
1095 3302 1170 3364 insi·
1225 3313 1256 3368 et
1272 3306 1415 3369 Christus
1430 3305 1464 3367 in
1479 3304 1650 3386 Evangelio
1665 3299 1954 3385 protestetur:lteati
1975 3317 2043 3361 narsi.

426 3409 523 3476 stunt,
539 3409 571 3463 et
594 3400 662 3463 zelo
683 3399 738 3462 Dei
762 3407 857 3482 atque
877 3399 1009 3480 justitiae
1033 3400 1171 3481 amplius
1226 3404 1301 3467 estis
1326 3422 1426 3486 quum
1452 3401 1676 3465 maledixerint
1700 3401 1793 3464 vobis
1816 3399 1952 3472 homines,
1965 3387 1989 3425 ¹¹·

427 3502 640 3572 inardescunt,
657 3497 819 3561 multoties
839 3517 904 3580 prae
924 3497 1036 3560 ceteris
1054 3516 1072 3559 a
1091 3505 1188 3578 cete,
1226 3511 1285 3565 etc.
1302 3502 1437 3564 Jacobus
1453 3518 1581 3584 quoque
1597 3500 1761 3582 apostolus
1778 3517 1785 3561 :
1803 3499 1894 3562 Omne
1906 3497 2039 3576 (in-nac

426 3597 470 3657 ris
486 3597 677 3658 irrideantur
691 3615 727 3658 ac
742 3597 954 3659 molestentur.
962 3597 1028 3658 lmo
1042 3596 1171 3677 quidam
1226 3601 1309 3683 quit)
1323 3601 1475 3682 gandium
1490 3600 1656 3672 aestimate,
1669 3617 1771 3681 quum
1787 3597 1953 3660 indiversus

426 3693 685 3768 defectuosiores,
702 3694 801 3755 instar
818 3713 1022 3776 squamarum
1041 3694 1102 3756 sibi
1122 3712 1172 3756 co·
1226 3698 1416 3760 tentationes
1438 3697 1625 3759 incideritis.
1642 3696 1739 3758 Porro
1762 3696 1873 3777 impios
1890 3709 1953 3775 quos

427 3791 548 3854 horrent
560 3791 599 3853 ad
615 3793 871 3873 persequendum
891 3811 965 3855 eum
981 3794 1014 3855 in
1030 3810 1093 3874 quo
1111 3792 1171 3855 for·
1225 3795 1406 3879 prosperari
1431 3802 1463 3858 et
1488 3793 1632 3857 deliciari
1656 3794 1817 3868 videmus,
1841 3793 1952 3855 miseros

427 3896 456 3950 te
475 3888 595 3969 aliquid
616 3888 763 3970 specialis
781 3891 889 3970 gratiae
907 3891 1033 3954 videtur
1052 3891 1168 3964 lucere,
1225 3895 1427 3968 arbitremur,
1444 3901 1477 3956 et
1495 3911 1554 3976 pro
1573 3892 1653 3974 ipsis
1672 3893 1842 3955 Dominum
1861 3891 1952 3971 deprc

426 3987 460 4048 in
475 3993 598 4047 tantum
619 3986 703 4068 quod
724 3987 853 4068 quidam
872 3989 1083 4071 simpliciores
1099 3990 1170 4051 Fra·
1225 4011 1344 4055 cemur.

425 4092 489 4146 tres
505 4084 642 4146 Fratrem
660 4083 735 4146 talia
750 4087 922 4166 patientem
937 4088 1171 4169 quodammodo
1264 4093 1398 4173 insuper
1425 4089 1582 4170 gloriosus
1607 4090 1778 4173 Apostolus
1807 4089 1880 4152 dicit
1903 4103 1953 4149 om
1973 4094 2042 4152 istu·

427 4181 580 4244 miserum
602 4189 759 4265 reputent,
776 4190 808 4246 et
829 4185 899 4265 ejus
922 4188 1056 4269 vestigia
1078 4189 1169 4272 sequi
1225 4209 1300 4254 nem
1326 4189 1549 4271 paternitatem
1573 4188 1608 4250 in
1632 4189 1715 4254 coelo
1738 4196 1771 4253 et
1795 4189 1826 4251 iu
1849 4196 1922 4250 terra
1939 4165 1987 4244 ³¹²

425 4299 489 4344 non
504 4282 651 4358 audeant,
668 4301 708 4344 ne
723 4290 755 4345 et
769 4283 815 4346 eis
836 4285 1021 4366 contingant
1040 4287 1167 4350 similia.
1187 4287 1208 4350 C
1224 4288 1313 4350 Patre
1327 4295 1444 4349 aeterno
1458 4287 1615 4349 nominari
1631 4305 1668 4350 ac
1682 4287 1876 4360 derivariita
1889 4281 1954 4367 quod

426 4380 486 4443 Sed
503 4381 556 4442 isti
572 4387 646 4443 sunt
660 4381 751 4444 valde
772 4382 963 4464 imperfecti,
980 4386 1061 4448 sicut
1076 4394 1108 4448 et
1122 4389 1169 4450 illi
1225 4403 1343 4448 nomen
1359 4392 1391 4446 et
1406 4385 1486 4447 ratio
1505 4385 1707 4467 paternitatis
1725 4387 1839 4468 primo,
1856 4381 1954 4467 princi·

427 4485 644 4560 persecutores
673 4487 747 4541 sunt
771 4480 862 4542 valde
892 4481 1033 4562 maligni.
1059 4483 1169 4546 Nonne
1226 4482 1390 4565 palissime
1412 4501 1449 4544 ac
1474 4483 1644 4546 verissime
1668 4484 1734 4546 Deo
1757 4484 1837 4547 Patri
1860 4495 1954 4545 conae

426 4576 510 4637 Deus
533 4575 650 4639 electos
675 4595 747 4640 suos
769 4579 801 4640 in
821 4578 886 4640 vita
905 4579 964 4641 hac
984 4599 1041 4662 per
1060 4583 1169 4644 adver·
1225 4581 1329 4655 niunt,
1346 4581 1494 4662 quamvis
1510 4600 1568 4663 per
1582 4582 1716 4644 modum
1731 4581 1952 4645 eminentiorem

426 4690 460 4734 sa
480 4678 511 4734 ct
524 4692 635 4754 aspera
650 4683 774 4756 purgat,
791 4684 917 4739 exercet
931 4696 967 4739 ac
984 4677 1121 4759 perficit,
1138 4688 1170 4742 et
1225 4698 1322 4762 quam
1338 4681 1610 4762 comprehendere
1624 4681 1873 4764 valeamuslpsc
1885 4677 1953 4741 cuin

425 4788 484 4853 per
498 4770 572 4832 talia
587 4771 727 4853 disponit
741 4791 795 4836 eos
810 4775 952 4857 qnotidie
967 4776 1006 4838 cd
1022 4777 1169 4858 perfecti·
1225 4786 1274 4841 est
1289 4779 1393 4860 prima
1407 4779 1513 4841 omnis
1528 4779 1737 4843 fecunditatis
1752 4789 1783 4843 et
1801 4775 1953 4843 communi-

425 4887 480 4932 ora
503 4870 611 4951 gratim
640 4870 722 4933 dona
750 4872 1046 4958 beatitudinemque
1072 4878 1169 4959 majo·
1226 4877 1398 4939 cubilitatis
1417 4878 1516 4959 origo,
1534 4879 1640 4942 omnis
1659 4879 1851 4942 causalitatis
1868 4884 1897 4940 et
1913 4891 1954 4956 pa·

425 4987 505 5042 rem,
528 4967 667 5050 facitque
688 4987 742 5032 eos
764 4980 910 5053 expertos
930 4982 961 5035 et
984 4975 1169 5038 exercitatos
1226 4971 1384 5037 ternitatis
1404 4975 1615 5059 principium,
1632 4977 1691 5059 qui
1712 4997 1747 5040 se
1770 4978 1871 5060 ipsum
1889 4974 1955 5034 intu-

426 5065 460 5127 in
481 5065 533 5128 via
551 5065 717 5141 virtutum,
733 5075 828 5149 atque
849 5088 867 5131 a
889 5070 997 5132 multis
1017 5071 1103 5134 vitiis
1123 5092 1170 5136 re·
1227 5073 1309 5136 endo
1323 5081 1356 5136 et
1370 5073 1590 5154 intelligendo,
1602 5075 1653 5137 sui
1668 5075 1772 5158 ipsius
1787 5079 1954 5155 conceptum

427 5163 522 5226 trahit
544 5182 607 5239 eoS,
629 5172 659 5226 et
683 5183 702 5226 a
725 5167 899 5248 purgatorii
923 5169 1027 5252 poenis
1051 5169 1171 5232 salubri
1226 5179 1258 5234 et
1272 5171 1408 5235 verbum
1427 5173 1620 5236 eternaliter
1635 5173 1669 5236 iu
1688 5193 1723 5238 se
1742 5173 1859 5257 profert
1875 5167 1954 5249 acgi-

429 5262 617 5342 compendio
631 5280 685 5325 eos
700 5268 887 5344 praeservatl
898 5265 978 5328 Ecce
993 5274 1110 5348 quanta
1124 5275 1172 5331 est
1225 5269 1302 5350 gnit.
1320 5269 1408 5343 Quod
1424 5271 1560 5334 verbum
1576 5279 1625 5335 est
1646 5272 1762 5348 unicus
1777 5272 1870 5336 Filius
1887 5268 1953 5349 eJ'us
