4214 6254
464 496 613 545 noumrca
635 497 644 541 ι
664 496 739 542 rosr
758 494 953 542 mmrrarau.
974 511 1015 524 -
1033 493 1209 542 manuario
1228 493 1262 541 m
1282 493 1477 542 evaserumt
1687 473 1746 540 133

192 667 344 748 quoniam
359 667 429 751 ipse
444 670 626 752 specialiter
641 675 730 752 pater
745 668 942 732 credentium
955 667 981 732 A
996 668 1268 742 Quemadmodum
1282 675 1386 732 autern
1402 667 1612 752 parochianus
1627 669 1679 732 Dei
1695 687 1746 734 vo

192 765 432 850 multarumque
455 768 599 850 gentium
622 767 812 850 appellatur,
829 785 942 829 secun·
997 775 1096 840 catur,
1115 768 1170 849 qui
1185 767 1256 847 ejus
1273 767 1435 850 Baptismo
1454 766 1608 830 intinctus
1627 774 1686 843 est,
1703 769 1750 838 ei-¹

13 880 176 933 σαιιιιιιι.
191 864 270 927 dum
286 864 366 928 illud
381 866 421 929 ad
436 867 560 942 Galatas
578 885 584 928 :
602 866 659 940 Qui
675 886 714 929 ex
729 866 794 928 fide
810 873 894 936 sunt,
907 865 940 926 hi
996 883 1058 945 que
1088 865 1247 947 primitias
1276 865 1371 928 solvit
1393 884 1430 928 ac
1454 865 1606 940 decimas,
1631 873 1664 929 et
1686 866 1744 930 Ho

190 962 346 1026 suntfilii
365 964 685 1028 abrahamduos
705 965 822 1027 etenim
843 963 940 1026 Abra·
996 981 1046 1023 ras
1066 963 1136 1044 ejus
1156 982 1192 1026 ac
1212 963 1321 1026 Missas
1341 965 1431 1026 audit
1444 964 1593 1038 libenter,
1613 971 1744 1046 propter

189 1060 266 1123 ham
282 1061 464 1144 specialiter
479 1064 518 1126 de
534 1062 754 1144 magnitudine
771 1061 846 1124 fidei
863 1080 937 1124 sum
996 1061 1080 1142 quod
1101 1062 1240 1125 moriens
1260 1063 1375 1144 dignus
1395 1071 1443 1126 est
1457 1063 1489 1124 in
1510 1063 1611 1145 ipsius
1627 1081 1742 1126 coeme-

9 1175 123 1218 nm
126 1179 173 1228 ..ιε
188 1159 321 1272 Propter
336 1162 420 1244 quod
441 1162 520 1224 dicit
532 1160 713 1244 Apostolus
731 1161 815 1243 quod
830 1167 940 1222 contra
994 1160 1076 1223 torio
1092 1161 1233 1242 sepeliri,
1249 1161 1426 1224 videlicet'
1419 1181 1450 1224 ιιι
1472 1169 1556 1224 terra
1577 1181 1741 1225 consecra-

11 1241 108 1288 '‘¹²''
188 1277 281 1341 spem
305 1260 337 1322 in
360 1279 451 1341 spem
476 1260 621 1334 credidit,
639 1267 670 1322 et
693 1259 778 1342 quod
803 1277 865 1320 non
891 1266 940 1320 est
994 1265 1037 1332 ta,
1067 1267 1223 1340 quantum
1252 1259 1292 1322 ad
1321 1277 1448 1342 corpus,
1473 1267 1568 1342 atque
1598 1259 1630 1322 in
1659 1261 1741 1325 coelo

189 1355 406 1420 infirmatus
399 1377 431 1420 ιιι
456 1356 533 1431 fide,
549 1358 605 1420 sed
628 1356 816 1440 plenissime
840 1357 939 1418 credi·
994 1357 1143 1420 constitui
1167 1365 1320 1439 quantum
1346 1358 1384 1420 ad
1409 1357 1566 1436 animam;
1582 1357 1628 1420 sic
1652 1377 1742 1440 paro-

186 1453 244 1516 dit.
263 1454 342 1516 Hinc
366 1455 409 1517 ait
430 1455 626 1537 Augustinus
644 1473 651 1518 :
669 1455 781 1518 Sinum
805 1455 938 1518 Abrahae
993 1456 1126 1517 chianus
1142 1454 1244 1518 fertur
1258 1455 1388 1528 diaboli,
1404 1455 1459 1537 qui
1478 1456 1570 1537 aquis
1590 1457 1740 1538 concupi-

186 1551 333 1634 intelligo
349 1562 501 1617 remotam
518 1555 625 1617 sedem
642 1554 760 1637 quietis
779 1561 874 1635 atque
890 1573 937 1615 se·
993 1553 1185 1616 scentiarum
1202 1554 1381 1635 intingitur,
1398 1553 1602 1636 etprimitias
1618 1573 1674 1616 seu
1689 1573 1740 1616 ex-

185 1658 319 1724 cretam,
337 1651 392 1714 ubi
408 1653 529 1714 exstitit
543 1652 701 1715 Abraham
720 1670 727 1714 :
744 1671 815 1735 quae
835 1652 936 1734 ipsius
991 1653 1081 1716 ordia
1095 1670 1228 1735 operum
1244 1670 1374 1715 suorum
1391 1653 1488 1715 offert
1502 1653 1740 1734 diabolo,agens

185 1747 273 1811 diota
293 1757 352 1823 est,
369 1768 432 1812 non
455 1751 539 1832 quod
561 1751 662 1833 ipsius
682 1751 724 1812 sit
743 1751 858 1822 solum,
880 1751 935 1812 sed
992 1769 1063 1832 quaa
1087 1751 1116 1812 ei
1141 1758 1215 1813 suut
1240 1751 1366 1832 placita,
1383 1751 1529 1832 bonaque
1552 1751 1740 1833 temporalia

184 1849 339 1928 quoniam
361 1849 429 1932 ipse
449 1849 493 1910 ibi
513 1849 685 1910 multarum
710 1849 854 1931 gentium
880 1867 934 1930 pa·
954 1843 1106 1912 Bvitiose
1129 1849 1298 1922 consumit,
1315 1857 1347 1912 et
1368 1849 1535 1911 cantilenis
1556 1850 1738 1923 mundanis,

182 1953 234 2008 ter
254 1954 303 2008 est
321 1948 455 2028 positus,
473 1946 590 2028 quihus
611 1955 659 2009 est
682 1947 721 2008 ad
742 1946 931 2008 imitandum
991 1946 1098 2010 verbis
1123 1947 1324 2020 scurrilibus,
1342 1946 1540 2010 detractoriis
1562 1953 1594 2008 et
1618 1945 1738 2027 iniquis

183 2043 264 2107 fidei
294 2045 510 2128 principatum
543 2045 741 2127 praepositus.
773 2046 933 2107 Verumta-
990 2043 1079 2126 quasi
1097 2045 1215 2107 diaboli
1230 2045 1321 2107 Horis
1337 2045 1582 2108 intendit:ideo
1598 2044 1737 2108 moriens

184 2163 272 2218 men,
290 2145 465 2207 secundum
479 2145 602 2207 Petrum
619 2145 870 2216 Ravenneusem,
887 2144 933 2206 di·
989 2143 1144 2225 sepelitur
1158 2143 1192 2205 in
1212 2143 1396 2206 coemeterio
1416 2142 1577 2216 infernali,
1595 2143 1735 2225 sepultu·
1748 2163 1883 2216 ιιιιιιιιιι,

183 2240 271 2303 citur
290 2242 380 2304 sinus
398 2242 542 2316 Abrahae,
560 2250 690 2326 propter
709 2241 933 2324 hospitalitatis
989 2261 1022 2302 ra
1041 2241 1135 2315 asini,
1152 2241 1212 2303 hoc
1232 2249 1280 2304 est
1299 2241 1369 2303 sine
1388 2241 1517 2305 honore.
1534 2241 1645 2303 Merito
1661 2259 1735 2322 ergo

182 2339 345 2412 officium,
364 2341 395 2402 in
417 2359 480 2422 quo
499 2341 657 2403 Abraham
679 2341 741 2403 fuit
760 2340 931 2416 excellens,
987 2340 1033 2401 ait
1047 2339 1212 2403 Psalmista
1229 2358 1235 2401 :
1252 2339 1333 2402 hlors
1354 2347 1558 2423 peccatorum
1576 2340 1734 2422 pessima;
1761 2364 1882 2417 Ριιιιιιι,

184 2440 229 2500 ita
255 2439 339 2521 quod
366 2445 399 2501 ct
422 2458 508 2502 nunc
538 2458 571 2502 se
600 2439 728 2502 beatum
753 2439 843 2520 quasi
868 2456 932 2501 non
987 2444 1018 2499 et
1044 2438 1160 2500 iterum
1187 2455 1193 2499 :
1220 2439 1308 2500 Sicut
1330 2455 1406 2500 oves
1432 2437 1465 2500 in
1489 2437 1616 2500 inferno
1639 2438 1735 2520 positi
1748 2427 1801 2532 ἧς..
1813 2501 1874 2532 mm

181 2538 339 2610 crederet,
365 2535 392 2600 si
416 2556 435 2600 a
463 2555 522 2600 suo
546 2545 683 2600 cessaret
706 2537 932 2619 hospitalitatis
988 2543 1072 2608 sunt,
1096 2553 1182 2598 mors
1203 2536 1353 2619 depascet
1374 2553 1438 2599 eos.
1750 2551 1782 2593 rs.
1876 2520 1883 2542 ¹

182 2635 305 2698 officio,
321 2637 482 2710 Praeterea,
496 2637 647 2718 quoniam
668 2636 826 2698 Abraham
846 2653 931 2697 nunc
1027 2635 1122 2697 Porro
1138 2632 1282 2696 infernus
1299 2642 1435 2716 quatuor
1450 2634 1552 2697 modis
1566 2633 1733 2716 accipitur,

181 2734 224 2795 de
239 2732 340 2796 limbo
359 2733 476 2797 inferni
492 2734 530 2795 ad
551 2733 679 2796 coeleste
699 2733 869 2795 translatus
884 2739 932 2794 est
988 2732 1165 2794 secundum
1185 2732 1269 2814 quod
1290 2740 1426 2814 quatuor
1445 2739 1536 2795 erant
1556 2733 1624 2796 loca
1639 2732 1735 2794 infer-

182 2851 330 2913 regnum,
356 2852 442 2896 nunc
467 2851 524 2914 per
544 2832 650 2894 sinum
675 2831 808 2894 Abrahae
834 2831 931 2912 signi·
988 2831 1031 2892 ui.
1049 2831 1164 2904 Primo,
1185 2849 1244 2913 pro
1266 2831 1335 2894 loco
1358 2832 1591 2905 damnatorum,
1610 2831 1665 2913 qui
1687 2839 1736 2894 est

181 2931 303 2992 licetur
326 2931 417 3012 quies
440 2929 660 2993 Sanctorum
654 2949 684 2990 ιιι
711 2930 821 3012 patria.
844 2930 931 2992 Unde
988 2928 1121 2991 infimus
1143 2930 1231 2992 locus
1252 2929 1452 2992 inferorum:
1469 2931 1508 2992 de
1528 2947 1591 3011 quo
1605 2929 1650 2991 art
1663 2930 1735 2992 Pro

6 3049 163 3106 (·...spron
182 3031 214 3093 S
233 3029 385 3092 hiartrnus
405 3029 510 3091 dunt
528 3027 660 3091 Abrahae
680 3047 732 3090 me
753 3046 842 3090 sinus
864 3047 932 3089 sus
948 3028 1093 3109 Cpheta,
1111 3028 1145 3088 ln
1165 3027 1291 3091 inferno
1310 3034 1417 3090 autem
1435 3046 1508 3109 quis
1528 3027 1736 3091 confitebitur
1761 3047 1831 3092 Ριιι
1835 3052 1869 3100 a

181 3128 291 3209 cipiet.
319 3127 399 3189 Ecce
422 3145 517 3208 quam
540 3125 667 3188 salubre
691 3127 769 3188 est'
762 3147 793 3188 tn
816 3126 932 3188 seculo
987 3125 1069 3187 tibil
1085 3126 1242 3200 Secundo,
1259 3125 1612 3208 prolocopurgatorii:
1624 3126 1734 3208 sicque

181 3228 246 3290 isto
261 3244 365 3308 egere,
382 3226 551 3300 infirmari,
568 3226 741 3300 contemni,
758 3227 931 3289 dummodo
987 3231 1055 3287 orat
1071 3224 1223 3297 Ecclesia,
1240 3224 1374 3286 Domine
1389 3224 1462 3287 Jesu
1484 3223 1617 3298 Christe,
1634 3222 1735 3286 libera

11 3355 161 3405 J„00‚.‚4‚
180 3333 315 3409 propter
328 3326 430 3387 Deum
446 3325 602 3406 patienter
617 3325 689 3406 quis
706 3325 793 3387 ferat.
811 3325 931 3388 Patien-
986 3322 1110 3384 animas
1133 3321 1282 3384 fidelium
1310 3320 1536 3384 defunctorum
1562 3321 1601 3383 de
1630 3321 1734 3404 poenis

179 3423 226 3484 tie
241 3423 392 3504 equidem
407 3441 488 3504 opus
504 3420 681 3504 perfectum
697 3420 801 3483 habet.
820 3421 857 3482 Et
872 3422 931 3484 uti·
988 3419 1115 3482 inferni.
1142 3420 1258 3494 Tertio,
1283 3437 1341 3502 pro
1367 3417 1467 3482 limbo
1492 3436 1676 3500 puerorum,
1702 3419 1734 3480 id

178 3539 245 3604 que
261 3520 300 3583 ad
315 3521 566 3602 deportationem
588 3519 704 3582 animae
722 3519 829 3582 Lazari
847 3538 930 3580 unus
987 3527 1035 3582 est
1064 3519 1236 3581 infantium
1265 3517 1305 3581 ab
1335 3518 1482 3598 originali
1512 3527 1643 3600 peccato
1671 3535 1735 3582 non

177 3619 355 3682 suffecerat
378 3617 520 3699 angelus,
542 3618 596 3680 sed
622 3625 657 3680 ut
680 3617 725 3680 ait
747 3617 930 3700 chrysosto
987 3618 1222 3680 mundatorum.
1239 3617 1367 3691 Quarto,
1388 3635 1446 3699 pro
1471 3615 1570 3680 limbo
1594 3625 1732 3698 patrum,

178 3735 266 3792 mus,
284 3717 377 3779 multi
397 3714 500 3797 angeli
521 3715 725 3789 advenerunt,
742 3723 778 3777 ut
796 3715 928 3776 chorum
987 3716 1042 3796 qui
1062 3714 1125 3777 fuit
1144 3716 1291 3797 superior
1309 3715 1397 3777 locus
1417 3714 1533 3776 inferni
1552 3715 1615 3776 :ad
1637 3734 1733 3797 quem

176 3815 298 3880 laetities
313 3815 503 3888 facerent‚et
518 3813 667 3896 pauperis
681 3813 818 3875 animam
832 3812 930 3874 abun-
986 3811 1120 3874 limbum
1136 3813 1277 3875 Christus
1293 3811 1517 3890 descendit3ad
1532 3829 1624 3892 quem
1639 3812 1733 3872 etiam

176 3913 309 3977 dantius
332 3913 573 3976 consolarentur
593 3930 629 3973 ac
651 3911 851 3974 honorarent.
869 3911 929 3973 hle-
985 3908 1120 3971 limbum
1136 3909 1364 3972 descenderant
1379 3909 1492 3972 animm
1507 3927 1677 3990 puerorum
1692 3908 1732 3970 ah

174 4015 242 4076 rito
265 4012 385 4094 quippe
410 4011 485 4072 huic
509 4027 609 4091 egeno
633 4009 776 4091 angelica
800 4010 928 4072 exhibe·
984 4007 1130 4088 originali
1147 4015 1278 4090 peccato
1293 4007 1640 4090 purgatorum3animcc
1655 4026 1732 4089 quo-

174 4113 294 4174 hantur
307 4109 534 4191 obsequia,cui
550 4114 660 4189 negata
676 4116 765 4171 erant
781 4108 925 4170 humana.
984 4125 1046 4188 que
1068 4105 1145 4168 satis
1170 4106 1290 4188 punitae
1313 4105 1573 4187 ingrediebantur
1594 4106 1731 4169 limbum

218 4212 373 4271 Mortuus
392 4217 437 4267 est
457 4215 566 4266 autem
586 4215 616 4266 et
635 4209 737 4276 dives,
753 4214 853 4268 morte
874 4225 927 4268 na·
943 4213 968 4275 1)
984 4205 1075 4267 illum
1101 4224 1202 4287 usque
1227 4206 1265 4268 ad
1289 4212 1417 4286 tempus
1439 4205 1608 4270 dominicae
1626 4225 1730 4269 resur-

175 4317 266 4380 turae,
288 4325 351 4388 qua
374 4305 481 4368 anima
504 4311 670 4387 separatur
693 4323 711 4366 a
735 4322 878 4386 corpore,
896 4312 927 4368 et
983 4305 1143 4368 rectionis.

173 4413 281 4469 morte
306 4405 419 4486 culpae,
445 4422 507 4485 qua
536 4409 701 4484 separatur
726 4421 744 4464 a
768 4404 925 4479 Creatore,
1024 4409 1165 4467 Eteonos
1191 4416 1297 4465 autem
1323 4411 1429 4466 oculos
1452 4428 1525 4466 suos
1549 4406 1729 4484 interiores,

174 4513 280 4568 morte
300 4521 428 4585 quoque
447 4501 612 4564 infernalis
632 4501 780 4576 miseriae,
797 4521 860 4584 qua
879 4522 926 4564 se·
982 4505 1014 4566 id
1034 4510 1093 4576 est,
1109 4502 1221 4565 altiora
1243 4503 1447 4566 considerans
1465 4521 1471 4565 :
1489 4523 1606 4588 nempe
1628 4525 1727 4588 quum

172 4610 308 4686 paratur
326 4601 432 4663 anima
453 4618 626 4682 asuperna
645 4599 815 4680 felicitate3
831 4611 862 4660 ct
880 4623 925 4660 se·
981 4603 1047 4665 sola
1076 4602 1184 4663 divitis
1208 4601 1314 4663 anima
1338 4600 1436 4664 fuerit
1465 4603 1521 4678 ibi,
1548 4607 1728 4688 corporales

167 4706 290 4781 pullus
305 4709 350 4760 est
371 4701 405 4759 fn
427 4701 560 4777 inferno
576 4719 587 4758 :
603 4697 634 4760 id
654 4705 713 4771 est,
729 4699 837 4760 anima
854 4700 924 4779 ejus
981 4701 1090 4763 oculos
1106 4719 1165 4762 nec
1181 4699 1291 4761 habuit
1307 4719 1366 4761 nec
1383 4700 1516 4782 levavit3
1533 4724 1633 4782 quum
1649 4716 1727 4767 esset

172 4803 208 4864 in
226 4798 387 4882 profundo
402 4796 606 4860 infernalium
627 4796 779 4859 collocata
798 4807 846 4860 est
862 4805 923 4860 tor·
983 4803 1017 4859 in
1033 4801 1202 4858 corruentis
1216 4798 1323 4861 damni
1339 4807 1370 4860 et
1390 4819 1513 4875 sensus,
1529 4801 1678 4866 videlicet
1694 4805 1725 4866 in

172 4904 371 4969 mentorum,
387 4903 419 4957 et
433 4895 515 4957 infra
530 4903 646 4957 terram
663 4895 752 4976 quasi
769 4895 801 4956 in
821 4903 925 4958 tumu-
980 4897 1120 4959 carentia
1145 4896 1302 4960 beatificae
1326 4897 1460 4961 visionis
1486 4900 1553 4973 Dei,
1575 4911 1670 4983 atque
1692 4904 1725 4966 in

38 5017 90 5058 eze
90 5017 130 5060 ιιι.
173 4999 206 5061 lo
227 4997 347 5068 clausa
364 4993 448 5055 sicut
468 5013 500 5054 ιιι
522 4993 685 5056 Ezechielc
706 4995 861 5076 propheta
878 5015 925 5056 se
979 4994 1187 5057 sensibilibus
1203 4995 1371 5076 suppliciis
1387 4998 1504 5059 tartari.
1522 4997 1576 5059 Est
1590 5001 1675 5062 enim
1693 5002 1725 5064 in

10 5094 142 5198 ¹¹:¹¹²
93 5085 117 5123 ¹⁸
128 5083 154 5122 '²²
173 5096 289 5180 pulcra
304 5111 415 5202 regum
431 5091 555 5174 AEgypti
576 5098 607 5152 et
620 5091 718 5154 Assur
732 5111 769 5154 ac
788 5093 923 5155 aliorum
981 5093 1044 5154 illis
1059 5093 1251 5156 eternaliter
1270 5094 1490 5156 condemnatis
1510 5097 1600 5160 valde
1621 5100 1726 5161 multi-

173 5197 331 5257 dicuntur
347 5190 378 5250 in
395 5189 521 5252 inferno
542 5189 742 5252 consistere
735 5211 766 5252 in
782 5209 859 5272 gyro
874 5209 925 5253 co-
980 5191 1053 5272 plex
1068 5191 1168 5264 dolor,
1180 5210 1218 5253 ex
1235 5191 1380 5254 horribili
1396 5193 1576 5256 demonum
1591 5197 1725 5270 visione,

174 5313 259 5357 rum.
287 5289 334 5354 lbi
360 5287 560 5370 sepeliuntur
585 5289 767 5369 parochiani
794 5288 923 5352 diaboli.
981 5309 1019 5352 cx
1036 5297 1121 5352 certa
1134 5289 1290 5370 gravioris
1309 5308 1412 5373 poenae
1431 5292 1545 5356 futurae
1564 5303 1725 5377 exspecta·
