4214 6254
484 495 630 546 nouuum
653 495 675 542 ιι
695 495 769 542 rosr
787 491 982 542 ιιιιιιιιιιιειι.
1002 511 1042 522 -
1063 491 1162 540 annuo
1183 492 1335 542 accusans
1625 473 1684 540 tac

133 670 266 732 modum
287 668 320 730 in
335 665 467 730 Actibus
486 666 709 750 Apostolorum
729 663 881 728 describi·
897 663 920 725 Α
937 673 994 724 tur
1009 667 1123 724 doinus
1139 684 1221 734 mea,
1234 663 1264 725 id
1280 671 1339 736 est,
1351 681 1504 724 numerus
1520 661 1681 745 praedesti-

132 775 194 830 tur.
212 769 257 830 Et
271 767 380 828 adbuc
401 770 488 826 locus
508 775 566 836 est,
582 765 613 826 id
634 771 692 837 est,
708 763 811 826 adbuc
832 779 883 824 va·
936 769 1082 824 natorum
1102 761 1300 843 compleatur
1325 761 1358 822 in
1378 761 1458 824 coelo
1475 779 1482 824 :
1500 759 1539 822 de
1558 779 1621 842 qua
1639 759 1684 821 ait

132 873 206 928 cant
229 865 298 928 loca
317 872 349 927 et
369 863 460 926 sedes
485 863 517 924 in
539 879 636 943 regno
660 861 792 924 coelesti.
813 860 881 922 Non
936 859 1088 932 Salvator,
1115 861 1149 922 ln
1173 859 1268 923 domo
1292 859 1390 922 Patris
1415 859 1477 921 mei
1503 858 1683 921 mansiones
1696 875 1829 926 renam,

132 963 221 1025 enim
234 980 389 1025 numerus
404 961 571 1024 bominum
585 959 881 1042 predestinatorum
937 959 1045 1022 multae
1065 965 1149 1020 sunt.
1167 958 1210 1020 De
1227 975 1288 1040 qua
1304 965 1335 1018 et
1349 956 1428 1019 illud
1443 956 1564 1018 baruch
1581 963 1684 1038 potest
1697 941 1717 982 ²·

132 1068 165 1122 ει
179 1059 366 1142 angelorum
383 1057 485 1132 ruina,
502 1077 541 1120 ex
562 1057 637 1120 solis
657 1055 774 1119 ludatis
793 1063 883 1118 erant
937 1057 1053 1140 exponi
1072 1074 1079 1118 :
1096 1056 1119 1118 0
1135 1055 1241 1130 lsrael,
1257 1073 1353 1138 quam
1375 1071 1487 1136 magna
1508 1063 1556 1117 est
1570 1054 1684 1117 domus
1704 1072 1830 1124 caracam,

132 1158 301 1242 implendi.
938 1155 1005 1230 Dei,
1022 1162 1053 1216 et
1068 1155 1179 1236 ingens
1195 1153 1283 1218 locus
1298 1152 1507 1236 possessionis
1521 1152 1602 1234 ejus,
1620 1171 1683 1214 ma·
1697 1138 1731 1186 ²⁴·
1742 1137 1775 1178 ²⁵·

174 1261 219 1320 Er
239 1259 288 1317 ait
307 1258 461 1317 dominus
480 1275 597 1315 aereo:
614 1255 684 1316 uui
703 1255 739 1312 t'n
762 1255 832 1312 cias
852 1259 882 1310 et
937 1271 1019 1335 gnus
1043 1260 1074 1315 et
1099 1269 1162 1316 non
1192 1251 1313 1314 babens
1341 1251 1453 1325 linem,
1479 1252 1624 1314 excelsus
1653 1257 1684 1313 et

132 1375 234 1432 sepes,
256 1354 287 1417 id
310 1362 359 1416 est
379 1354 418 1417 ad
437 1353 572 1435 gentiles
590 1371 647 1434 per
668 1351 730 1414 lata
752 1347 884 1413 carnali·
939 1353 1136 1414 immensusl
1154 1351 1214 1414 Sed
1234 1350 1260 1412 si
1281 1350 1381 1413 linem
1402 1367 1465 1414 nou
1486 1349 1685 1432 habetque

133 1455 208 1518 tatis
227 1472 264 1516 ae
285 1451 473 1536 perditionis
496 1451 610 1513 itinera
626 1449 817 1532 gradientes,
838 1449 884 1510 di·
939 1452 1034 1514 modo
1056 1457 1158 1532 potest
1183 1448 1332 1532 implerit
1353 1449 1391 1510 llt
1415 1448 1683 1532 respondendum,

132 1555 210 1616 vina
235 1553 304 1633 lege
328 1558 471 1614 carentes
496 1569 503 1614 :
530 1549 767 1633 propterquod
794 1547 884 1630 quasi
938 1549 1023 1632 quod
1047 1550 1223 1610 immensus
1243 1554 1384 1622 vocatur,
1401 1565 1464 1612 non
1489 1554 1618 1630 propter
1640 1547 1685 1609 in-

132 1659 275 1733 agrestes
299 1650 440 1723 luerunt,
457 1657 489 1710 et
508 1667 565 1731 per
583 1667 675 1730 sepes
698 1647 811 1710 merito
831 1665 884 1708 ex·
938 1647 1244 1721 terminabilitatem,
1277 1648 1331 1710 sed
1362 1646 1404 1708 ob
1435 1646 1622 1709 latissimam
1653 1653 1685 1708 et

133 1749 329 1833 primuntur.
359 1748 464 1811 Primo
494 1747 614 1830 quippe
646 1745 883 1828 praedicandum
940 1748 1111 1810 maximam
1133 1746 1352 1828 capacitatem.

132 1849 197 1910 fuit
224 1847 352 1920 Judaeis,
377 1845 492 1908 deinde
521 1844 707 1926 gentilibus,
738 1843 821 1905 sicut
850 1843 925 1908 inB
979 1848 1058 1908 Dico
1078 1855 1186 1906 autem
1206 1847 1408 1925 vobia,qu0d
1426 1865 1518 1906 nemo
1536 1845 1685 1905 virorum

132 1946 268 2009 Actibus
290 1945 405 2008 Paulus
425 1951 457 2006 et
475 1943 633 2006 Barnabas
651 1943 767 2006 ludaeis
788 1941 884 2004 dixis·
939 1947 1074 2005 illorum
1089 1945 1148 2023 qui
1158 1945 1264 2003 uocati
1276 1943 1406 2014 suntid
1422 1951 1471 2005 est
1485 1942 1593 2005 nullus
1608 1961 1685 2025 prat-

33 2077 117 2112 um,
133 2065 169 2108 se
193 2043 380 2107 scribuntur
402 2060 409 2104 :
431 2042 528 2106 Vobis
552 2039 718 2124 oportebat
743 2042 883 2123 primum
938 2044 1096 2105 dictorum
1126 2041 1181 2124 qui
1206 2061 1239 2104 se
1263 2050 1496 2106 excusaverunt
1520 2049 1551 2104 et
1577 2040 1685 2104 venire

12 2131 24 2176 ‘¹
47 2130 65 2168 ⁷·
135 2143 224 2226 loqui
240 2141 374 2206 verbum
392 2142 466 2220 Dei3
482 2142 537 2204 sed
553 2141 705 2224 quoniam
722 2139 884 2222 repulistis
938 2149 1123 2214 renuerunt,
1137 2143 1283 2218 qualebit
1298 2161 1420 2202 cunam
1441 2161 1556 2210 meam,
1573 2140 1604 2202 id
1624 2147 1682 2214 cst,

133 2243 228 2317 illud,
254 2259 328 2304 ecce
358 2241 577 2304 convertimur
601 2240 639 2302 ad
668 2247 779 2320 gentes
804 2259 811 2302 ε
838 2239 883 2300 sic
937 2249 1062 2304 aeterne
1075 2239 1236 2302 felicitatis
1252 2239 1458 2303 relectionem
1470 2239 1685 2302 dulcissimam

133 2341 224 2404 enim
240 2339 392 2424 precepit
407 2337 499 2402 nobis
515 2339 678 2402 Dominus.
700 2341 740 2400 Ει
755 2341 885 2414 compcl-
938 2339 1135 2422 experietur3
1156 2339 1211 2400 sed
1226 2355 1337 2402 omnes
1358 2339 1404 2400 illi
1425 2339 1543 2422 pariter
1557 2339 1684 2401 damna-

134 2445 165 2500 te
181 2443 325 2509 intrare,
343 2437 373 2501 id
390 2445 448 2512 est,
465 2437 555 2520 quasi
573 2437 766 2519 importune,
782 2443 813 2497 et
828 2455 886 2518 per
939 2437 1068 2500 buntur.
1085 2437 1148 2500 lloc
1164 2454 1290 2520 quoque
1306 2438 1492 2512 notandum,
1503 2437 1588 2520 quod
1603 2437 1686 2500 Deus

133 2538 401 2602 comminationes
430 2535 642 2599 damnationis
671 2543 807 2608 aeternae,
839 2534 886 2597 in·
939 2543 1075 2618 quatuor
1090 2536 1193 2598 modis
1207 2543 1299 2600 vocat
1314 2536 1460 2599 homines
1473 2535 1513 2598 ad
1529 2537 1684 2600 salntem:

133 2639 219 2718 stiga
235 2636 306 2698 illos
322 2643 357 2697 ut
372 2642 598 2698 convertantur
611 2651 617 2695 :
630 2633 713 2696 sicut
727 2633 766 2696 ad
781 2633 885 2696 Timo·
940 2635 1054 2718 primo,
1077 2629 1285 2717 inspiratione
1308 2635 1445 2709 interna,
1462 2635 1558 2718 idque
1581 2635 1687 2717 dupli-

12 2751 14 2794 ι
44 2755 79 2796 m.
91 2769 119 2802 a,
135 2737 248 2798 theum
264 2733 376 2796 scribit
389 2733 570 2816 Apostolus,
586 2733 723 2796 Praedica
737 2732 884 2806 verbum,
940 2733 1030 2807 citer,
1047 2741 1156 2815 utpote
1177 2753 1235 2816 per
1255 2752 1289 2796 se
1310 2733 1415 2815 ipsum
1434 2741 1465 2796 ει
1482 2753 1539 2816 ρει
1557 2735 1686 2815 angelos

136 2837 221 2897 insta
235 2830 884 2916 opportune,importune,argue,obsecra,
940 2840 1083 2910 sauet0s3
1104 2833 1254 2906 secundo,
1273 2831 1496 2914 predicatione
1517 2832 1685 2912 exteriori3

135 2934 269 3014 increpa
292 2931 325 2993 in
349 2931 437 2992 omni
463 2929 624 3013 patientia.
646 2929 884 3002 Verumtamen,
941 2930 1044 3004 tertio,
1062 2928 1231 2992 beneficiis
1249 2937 1344 3012 atque
1365 2930 1545 3010 miraculis3
1561 2939 1684 3013 quartu,

134 3031 222 3113 quod
238 3028 292 3103 ait,
311 3051 328 3088 a
343 3029 506 3110 Compelle
522 3027 640 3090 intrare
655 3049 684 3101 n,
697 3044 760 3090 non
775 3035 823 3090 est
840 3026 922 3090 ιιι-(1
941 3029 1186 3092 adversitatibus
1208 3047 1244 3091 ac
1266 3028 1412 3110 flagellis.
1429 3029 1475 3092 Ad
1498 3029 1583 3111 quod
1607 3028 1686 3091 desi·

133 3129 346 3210 telligendum
373 3128 412 3190 de
442 3127 604 3190 coactione
630 3126 774 3188 absoluta
796 3127 887 3208 (quia
940 3127 1101 3209 gnandum
1127 3127 1270 3190 Christus
1294 3135 1406 3209 quater
1428 3128 1482 3202 ait,
1505 3127 1684 3202 Revertens,
1718 3170 1722 3178 -

133 3227 182 3290 sic
199 3227 338 3289 liberum
354 3225 521 3288 arbitrium
537 3225 605 3306 cogi
622 3242 686 3289 non
701 3231 816 3307 potest,
828 3243 887 3287 nec
941 3225 1075 3307 loquens
1096 3226 1210 3288 animae
1233 3224 1321 3287 fideli
1345 3225 1376 3286 in
1395 3225 1532 3288 Canticis
1550 3245 1557 3289 :
1574 3225 1687 3289 Rever·
1702 3246 1832 3299 cantara.

134 3327 201 3388 Deo
224 3324 352 3407 placent
373 3332 481 3387 coacta
502 3323 680 3405 obsequia),
697 3323 752 3385 sed
775 3324 814 3386 de
836 3341 886 3385 co
941 3331 1018 3396 tere,
1046 3329 1215 3395 revertere,
1238 3321 1422 3396 Sunamitis,
1449 3330 1618 3398 revertere,
1641 3343 1687 3386 re·

133 3425 261 3487 actione
282 3421 413 3504 aliquali
435 3429 466 3484 et
488 3421 659 3485 inductiva.
689 3425 728 3484 Ut
754 3424 886 3498 implea-
940 3427 1073 3484 vertere.

646 3851 841 3940 Sillllltl
880 3849 1179 3940 SECUNDUS

720 4119 759 4164 DE
779 4117 981 4174 ouanuttrctct
1003 4117 1108 4166 COENA.

203 4403 383 4482 EATIqur'
397 4403 576 4462 maenam
591 4401 786 4476 nuptiarum
797 4399 887 4476 Aqui
901 4399 926 4461 D
941 4397 1086 4460 lecerunt
1110 4395 1139 4458 ei
1165 4413 1288 4459 coenam
1319 4396 1375 4471 ibi,
1402 4395 1434 4458 in
1464 4416 1526 4480 qua
1553 4393 1687 4460 Lazarus

219 4503 326 4563 vocati
344 4511 431 4562 aunt.
448 4501 544 4582 Apoc.
562 4517 625 4573 ιιιιι,
642 4498 670 4560 9.
941 4495 1036 4579 paulo
1051 4503 1124 4558 ante
1138 4513 1155 4556 a
1171 4493 1295 4556 Christo
1316 4495 1533 4570 resuscitatus,
1549 4496 1612 4559 fuit
1625 4497 1687 4559 dis-

177 4603 275 4665 Sacra
288 4599 452 4681 Scriptura
465 4600 505 4662 de
524 4595 725 4680 quadruplici
746 4595 887 4678 loquitur
941 4593 1162 4658 cumbentium
1178 4612 1272 4668 unus,
1284 4593 1466 4676 llartbaque
1483 4595 1685 4659 ministravit.

135 4701 314 4766 relectione
332 4715 387 4760 seu
408 4715 506 4760 coena.
525 4695 629 4759 Prima
647 4703 696 4758 est
710 4713 800 4758 coena
819 4694 887 4756 sive
941 4691 1054 4764 Oarales
1073 4699 1179 4754 autem
1198 4691 1236 4752 ad
1253 4691 1336 4753 banc
1351 4693 1547 4774 corporalem
1563 4711 1686 4758 coenam

134 4799 272 4864 reiectio
300 4795 481 4880 corporalis.
508 4795 595 4858 Unde
623 4794 775 4856 scribitur
802 4793 886 4874 apud
941 4809 996 4852 seu
1017 4789 1187 4872 prandium
1209 4797 1284 4852 sunt
1301 4791 1447 4865 vocandi,
1468 4791 1560 4854 docet
1581 4791 1686 4856 Salva·

12 4937 118 4984 ΗΜ,
134 4901 270 4971 Lucam,
286 4896 371 4978 quod
385 4896 475 4958 lesus
494 4894 624 4956 intravit
639 4893 671 4954 in
686 4892 817 4955 domum
834 4910 888 4952 cu·
941 4897 1000 4962 tor,
1019 4889 1151 4970 loquens
1168 4889 1197 4950 ei
1217 4889 1272 4970 qui
1292 4907 1327 4950 se
1347 4889 1547 4964 invitaverat,
1563 4891 1686 4954 scilicet

131 4999 266 5082 jusdam
286 4994 442 5078 principis
461 4993 735 5066 Pharisaeoruma
755 5008 818 5072 quo
838 4989 886 5051 lu·
941 4987 1079 5070 principi
1101 4987 1328 5050 Pharisaeorum
1347 5005 1354 5050 :
1370 4987 1474 5060 Quum
1494 4988 1573 5052 iacis
1593 5010 1685 5072 pran-
1725 5017 1833 5075 tuear,

133 5105 207 5161 erat
221 5095 386 5168 invitatus,
403 5099 438 5154 ut
458 5092 664 5154 manducaret
679 5108 752 5151 eum
769 5089 832 5151 illo.
851 5089 886 5150 ln
940 5085 1029 5148 dium
1045 5093 1099 5148 aut
1115 5086 1323 5159 coenam,noli
1339 5103 1452 5148 vocare
1466 5088 1586 5150 amicos
1601 5097 1683 5165 tuos,
1700 5083 1766 5125 ¹²⁴⁴·

12 5239 117 5276 m,
132 5198 257 5260 loanne
282 5209 409 5275 quoque
435 5190 560 5271 legitur,
580 5188 666 5271 quod
689 5206 789 5269 quum
813 5193 886 5249 ante
941 5203 1045 5266 neque
1069 5184 1315 5266 [retrususque
1338 5193 1497 5266 cognatos,
1514 5205 1617 5270 neque
1639 5189 1685 5251 vi·

20 5294 40 5333 ²·
133 5314 193 5359 sex
208 5294 278 5357 dies
291 5291 417 5354 Pascha
431 5289 572 5352 venisset
584 5288 674 5350 lesus
689 5285 886 5360 bethaniam,
942 5283 1031 5347 cinos
1055 5283 1182 5358 divites,
1204 5301 1243 5346 ne
1268 5283 1349 5346 torte
1374 5291 1406 5346 et
1430 5286 1490 5367 ipsi
1516 5293 1547 5350 te
1569 5288 1685 5352 reinvi-
