4288 6264
627 499 775 548 uoxmrm
796 501 826 546 rv
847 499 920 548 rosr
941 500 1070 548 Pascua.
1091 515 1130 528 -
1152 499 1250 548 sunno
1271 501 1381 548 rarum
1760 487 1780 552 t

231 679 266 734 ut
285 690 368 733 unus
390 671 486 734 homo
504 669 662 734 audiendo
681 669 822 734 bonade
840 670 914 745 alio,
932 669 1106 747 inASed,
1129 672 1202 746 beu,
1226 673 1300 746 beu,
1324 679 1355 734 et
1379 671 1495 734 iterum
1520 673 1583 736 beu
1601 679 1608 734 t
1629 673 1780 755 quoniam

230 769 415 832 flammetur
430 767 517 830 illius
531 785 639 830 amore
656 787 663 831 :
680 775 798 849 quanto
814 768 914 850 magis
928 786 979 830 au·
1034 769 1126 831 multi
1148 770 1311 852 proniores
1331 771 1459 832 suntad
1473 771 1667 834 audiendum
1683 772 1781 835 verba

230 868 347 930 diendo
369 867 466 931 verba
488 885 585 930 sacrae
606 867 788 950 Scriptura,
806 867 838 929 in
860 867 978 949 quibus
1033 867 1190 942 scurrilia,
1207 886 1287 930 vana
1302 876 1333 930 et
1350 867 1472 943 lrivola,
1490 868 1554 932 imo
1569 869 1735 951 pungitiva
1749 878 1782 932 et

231 967 359 1030 infinita
374 967 428 1030 Ilei
447 966 583 1040 bonitas,
601 966 755 1048 perfectio
770 974 802 1028 et
816 966 978 1030 beatitudo
1033 966 1232 1040 detractoria,
1250 985 1345 1048 quam
1367 966 1465 1029 verba
1486 967 1559 1031 vitae
1583 975 1677 1049 atque
1699 967 1780 1030 salu-

231 1066 387 1128 immensa
401 1063 603 1138 describitur,
620 1063 754 1146 ejusque
769 1064 927 1127 beneficia
941 1083 978 1126 ac
1034 1065 1084 1138 tls,
1110 1083 1211 1146 quum
1239 1073 1345 1127 tamen
1375 1065 1460 1128 dicat
1483 1066 1646 1147 Scriptura
1672 1083 1678 1127 :
1705 1065 1777 1148 Sepi
1819 1084 1892 1128 accis.

231 1164 387 1246 promissa
408 1170 586 1237 narrantur,
603 1170 634 1224 et
655 1170 810 1244 quantum
832 1163 979 1225 dilexerit
1032 1178 1124 1224 aures
1148 1169 1215 1224 tuas
1238 1162 1350 1243 spinis,
1367 1169 1397 1224 et
1419 1162 1484 1226 noli
1505 1164 1615 1225 audire
1637 1162 1779 1245 linguam
1792 1148 1905 1198 ”””¹·²⁸·

230 1279 287 1324 nos
311 1261 472 1334 recitatur,
493 1260 648 1323 debemus
669 1261 887 1324 sincerissimo
907 1261 977 1342 ejus
1033 1278 1180 1341 nequam.
1199 1260 1354 1322 Emendat
1367 1279 1400 1323 se
1416 1279 1491 1342 ergo
1506 1261 1561 1343 qui
1577 1261 1649 1324 telis
1664 1269 1722 1336 est,
1739 1281 1779 1326 ne

230 1377 338 1422 amore
352 1359 457 1422 valide
473 1357 678 1432 inflammari,
691 1359 774 1420 sicut
787 1359 831 1420 ait
845 1359 979 1440 Prophe·
1034 1365 1141 1438 pereat
1162 1357 1195 1419 in
1217 1365 1381 1421 aeteruum.

115 1500 120 1510 -
174 1457 469 1522 vu1‚ta:Concaluit
493 1475 548 1520 cor
572 1476 680 1519 meum
705 1457 786 1519 intra
808 1475 870 1530 me,
891 1465 923 1519 et
944 1457 977 1518 in
1073 1455 1234 1530 Praeterea,
1258 1457 1350 1537 juxte
1375 1456 1551 1519 doctrinam
1575 1458 1682 1521 Jacobi
1706 1478 1781 1542 apo-

231 1557 437 1620 meditatione
461 1574 532 1618 mea
554 1556 737 1618 exardescet
757 1555 850 1634 iguis,
866 1555 898 1616 id
918 1563 976 1630 est,
1033 1552 1117 1625 stoli,
1135 1553 1235 1615 simus
1251 1554 1331 1616 tardi
1352 1555 1391 1617 ad
1411 1553 1618 1636 loquendum,
1635 1555 1699 1618 nisi
1717 1558 1781 1619 suf-

230 1655 262 1718 in
279 1655 469 1735 cogitatione
486 1671 556 1716 mea
572 1654 611 1716 de
627 1652 873 1716 Deolervorsui
892 1670 977 1716 amo·
1033 1649 1146 1712 liciens
1177 1651 1256 1714 ratio
1286 1651 1391 1733 exigat
1421 1652 1508 1734 loqui
1535 1672 1541 1716 :
1570 1653 1646 1735 quia
1676 1661 1710 1715 ut
1737 1655 1781 1717 ait

229 1753 273 1816 ris
294 1753 485 1814 accendetur
507 1752 539 1813 in
562 1769 622 1814 mc.
1033 1749 1212 1830 Gregorius,
1236 1751 1324 1813 Sicut
1348 1751 1475 1813 incauta
1499 1750 1617 1815 locutio
1641 1753 1673 1816 in
1698 1772 1781 1817 erro

269 1851 373 1913 'lertio
397 1849 551 1913 debemus
576 1849 700 1912 veloces
724 1868 793 1912 esse
818 1849 856 1911 ad
879 1849 975 1922 idem,
995 1846 1101 1910 Brem
1125 1849 1290 1930 pertrabit,
1316 1849 1359 1910 ita
1384 1849 1592 1912 indiscretum
1617 1851 1781 1914 silentium

230 1949 381 2032 quoniam
401 1947 535 2010 verbum
555 1948 611 2010 [lei
632 1955 721 2009 curat
742 1955 881 2010 mentem
898 1967 916 2010 a
931 1947 977 2010 vi·
1032 1964 1087 2008 eos
1108 1947 1164 2028 qui
1185 1947 1305 2009 erudiri
1332 1955 1485 2030 poterant,
1504 1949 1536 2010 in
1558 1966 1665 2013 errore
1686 1951 1781 2014 relin-

229 2048 326 2120 tiis‚a
346 2046 506 2128 superbia,
523 2045 563 2108 ab
578 2045 720 2120 avaritia,
736 2065 754 2108 a
774 2045 910 2120 luxuria,
928 2065 977 2109 ce·
1034 2046 1112 2126 quit.
1130 2045 1184 2107 Est
1199 2064 1274 2128 ergo
1292 2065 1430 2128 congruo
1446 2055 1589 2130 tempore
1609 2050 1779 2124 silendum,

229 2144 978 2227 terisquepeccatisb'amcontrasingulavitia
1033 2149 1064 2204 et
1098 2151 1241 2225 tempore
1274 2151 1455 2226 opportuno
1489 2146 1694 2228 loquendum.
1730 2148 1782 2210 Ait

229 2243 466 2306 continenturin
479 2241 651 2324 Scripturis
667 2241 873 2321 saluberrima
888 2243 979 2304 docu·
1034 2241 1153 2323 quippe
1174 2242 1361 2305 Ambrosius
1385 2243 1565 2306 :Patientia
1589 2245 1704 2308 silendi
1728 2264 1782 2328 op-

229 2349 332 2404 menta
345 2349 376 2404 et
387 2340 550 2403 salutifera
564 2358 689 2422 prorsus
705 2340 975 2414 remediaQuartn
1034 2338 1275 2421 portunitasque
1295 2340 1456 2422 loquendi,
1473 2350 1505 2404 et
1519 2350 1721 2425 contemptus
1735 2345 1781 2407 di-

229 2439 380 2522 quoniam
395 2438 529 2502 verbum
546 2438 600 2500 Ilei
618 2437 777 2500 ferventer
792 2437 913 2512 audire,
931 2446 978 2500 est
1034 2437 1195 2510 vitiarum,
1224 2457 1338 2518 magna
1361 2438 1452 2502 valde
1477 2449 1552 2502 sunt
1575 2440 1782 2504 fundamenta

229 2539 357 2619 signum
372 2535 534 2610 bonitatis,
551 2534 717 2617 probitatis
732 2543 826 2617 atque
841 2537 977 2618 prudon-
1033 2534 1200 2596 virtutum.
1217 2535 1348 2598 Pronior
1363 2536 1457 2612 debet
1474 2545 1579 2600 tamen
1598 2538 1694 2602 bomo
1709 2557 1782 2602 con·

229 2637 290 2708 tire,
310 2634 400 2716 juxta
422 2633 501 2696 illud
525 2631 738 2695 Ecclesiastici
756 2653 763 2696 :
780 2634 874 2695 Auris
896 2633 979 2697 bona
1034 2633 1145 2694 sistere
1168 2633 1207 2694 ad
1237 2633 1431 2697 audiendum
1457 2654 1552 2717 quam
1583 2636 1621 2697 ad
1651 2635 1781 2718 loquen-

106 2741 112 2751 '
229 2733 413 2797 cumomni
439 2730 699 2814 concupiscentia
723 2731 831 2792 audiet
855 2731 978 2812 sapien·
1034 2731 1121 2804 dum,
1145 2731 1258 2794 celeris
1283 2732 1425 2813 paribus,
1450 2733 1526 2815 quia
1548 2733 1674 2796 facilius
1699 2737 1783 2798 cadit

229 2834 316 2895 tiam.
334 2831 407 2894 ldeo
422 2831 546 2892 tardum
563 2847 633 2892 esse
648 2829 687 2890 ad
702 2829 897 2890 audiendum
912 2847 979 2890 ver·
1033 2827 1128 2890 bomo
1145 2828 1303 2910 loquendo
1317 2848 1413 2910 quam
1428 2829 1635 2906 audiendo,et
1651 2832 1781 2914 majoris

228 2929 304 2992 bum
319 2928 387 3002 Dei,
403 2934 451 2990 est
467 2927 593 3008 signum
615 2926 744 2990 malitiae
764 2933 858 3008 atque
876 2925 977 2988 stulti·
1033 2925 1221 2988 humilitatis
1242 2945 1278 2989 ac
1299 2927 1479 2990 securitatis
1498 2935 1546 2990 est
1560 2935 1665 2992 tacere
1685 2949 1781 3012 quarn

228 3028 288 3090 tiae.
307 3027 434 3102 Quinto,
451 3025 602 3107 quoniam
619 3023 753 3087 verbum
769 3025 823 3086 Dei
841 3024 977 3088 libenter
993 3031 1015 3094 G
1034 3023 1130 3106 loqui.
1151 3025 1224 3086 ldeo
1245 3025 1323 3086 dicit
1345 3025 1531 3088 Ambrosius
1553 3045 1560 3089 :
1581 3028 1694 3092 llultos
1716 3029 1781 3092 vidi

228 3126 349 3198 audire,
366 3130 414 3186 est
436 3123 562 3203 signum
589 3122 753 3204 probabile
775 3123 977 3204 praedestina·
1034 3122 1192 3203 loquendo
1213 3123 1246 3184 in
1271 3130 1438 3204 peccatum
1465 3124 1577 3198 ruisse,
1595 3127 1647 3187 vix
1670 3145 1781 3208 quern-

92 3249 184 3312 gmnav
229 3224 324 3286 tionis
340 3223 466 3294 divinae,
479 3221 604 3284 Christo
619 3221 841 3294 dicente:0ui
858 3240 896 3282 ex
912 3222 976 3284 Deo
1033 3239 1128 3301 quam
1144 3221 1288 3282 tacendo.
1306 3221 1515 3283 Taciturnitas
1530 3241 1658 3304 quoque
1673 3232 1721 3286 est
1736 3243 1781 3287 sa-

108 3333 112 3340 '
229 3331 287 3396 est,
305 3321 400 3384 verba
415 3321 471 3382 Dei
491 3320 588 3382 audit.
606 3319 727 3382 Timeat
742 3337 816 3398 ergo
837 3321 890 3400 qui
907 3339 975 3383 ver·
1033 3319 1160 3400 pientiae
1182 3320 1318 3400 signum.
1335 3319 1466 3401 Propter
1485 3321 1570 3402 quod
1590 3341 1608 3385 a
1626 3322 1684 3386 lob
1704 3324 1780 3386 scri-

229 3423 307 3485 bum
327 3421 384 3484 Dei
405 3420 494 3482 audit
515 3419 625 3490 invite,
643 3437 742 3501 quum
763 3419 905 3480 Christus
928 3439 974 3482 re·
1032 3424 1124 3498 ptum
1139 3424 1187 3478 est
1203 3436 1210 3479 :
1229 3416 1352 3479 Utinam
1370 3418 1525 3492 taceretis,
1537 3427 1572 3480 ut
1587 3421 1779 3501 putaremini
1804 3441 1925 3495 vernis.

135 3548 201 3590 rav.
229 3521 338 3604 probis
353 3519 469 3582 dixerit
486 3538 492 3582 :
509 3518 675 3599 Propterea
691 3534 746 3579 vos
763 3535 826 3579 non
845 3519 973 3592 auditis,
1031 3534 1100 3576 esse
1116 3514 1284 3596 sapientes.
1296 3514 1439 3596 Denique
1456 3516 1494 3578 de
1509 3516 1559 3578 bis
1575 3517 1694 3581 Seneca
1709 3538 1782 3601 pru-

228 3621 303 3703 quia
326 3638 365 3682 ex
390 3619 453 3680 Deo
478 3635 542 3680 non
572 3615 658 3678 estis.
684 3616 788 3690 Sexto,
815 3617 890 3697 quia
918 3635 975 3698 per
1031 3611 1217 3674 dentissime
1237 3611 1279 3674 ait
1298 3629 1304 3673 :
1321 3611 1354 3674 ln
1375 3612 1435 3675 boc
1457 3613 1607 3677 incumbe
1627 3623 1661 3677 ut
1681 3615 1780 3680 liben-

227 3718 387 3780 assiduam
416 3715 610 3778 audientiam
643 3714 732 3776 verbi
764 3714 829 3786 Dei,
857 3715 975 3776 duritia
1031 3711 1093 3772 tius
1115 3709 1226 3772 audias
1248 3727 1343 3790 quam
1366 3709 1515 3791 loquaris.
1537 3711 1624 3784 Quod
1647 3714 1779 3777 tacitum

227 3817 384 3897 frangitur
403 3814 507 3877 cordis
528 3820 559 3874 et
580 3812 741 3875 emollitur
761 3812 800 3873 ad
821 3830 974 3894 compun-
1030 3827 1099 3872 esse
1129 3808 1221 3882 velis,
1247 3808 1368 3870 nemini
1395 3809 1523 3870 dixeris.
1549 3810 1689 3872 Auribus
1717 3811 1778 3875 lre-

227 3913 366 3977 ctionem
391 3919 423 3973 et
446 3910 646 3973 devotionem
673 3927 680 3970 ε
704 3910 973 3990 quemadmodum
1030 3905 1180 3988 quentius
1200 3924 1296 3987 quam
1317 3906 1425 3986 lingua
1444 3913 1542 3968 utere.
1561 3906 1720 3988 Quidquid
1735 3910 1780 3971 di-

228 4011 319 4092 lapis,
343 4008 489 4091 quamvis
512 4009 553 4070 sit
578 4009 687 4082 duruS,
710 4015 870 4088 guttarum
896 4007 973 4069 inci·
1030 4013 1139 4066 cturus
1159 4023 1203 4076 es,
1221 4003 1279 4065 tibi
1300 4003 1385 4065 dicas
1405 4011 1575 4086 antequam
1596 4005 1677 4068 aliis.
1695 4007 1780 4069 Taci-

227 4111 334 4172 dcntia
357 4107 544 4190 perforatur.
563 4107 641 4168 llinc
663 4125 720 4187 per
740 4106 910 4168 Jeremiam
932 4107 974 4168 lo·
1031 4102 1165 4163 turnitas
1188 4101 1285 4163 stulto
1309 4101 1430 4163 homini
1456 4120 1514 4184 pro
1538 4104 1693 4185 sapientia
1718 4115 1775 4168 est.

106 4237 139 4266 er.
154 4237 212 4274 ιιιιι.
227 4211 337 4292 quitur
361 4210 444 4271 [leus
471 4227 477 4271 :
504 4205 665 4288 Numquid
695 4222 758 4267 non
782 4203 879 4267 verba
904 4224 974 4267 mea
989 4204 1014 4265 ll
1029 4200 1087 4274 Qui
1112 4200 1215 4262 nescit
1239 4207 1353 4274 tacere,
1381 4200 1483 4262 nescit
1507 4201 1604 4283 loqui.
1632 4203 1776 4285 lusuper,

108 4319 112 4327 '
227 4314 301 4370 sunt
323 4307 413 4390 quasi
439 4305 571 4368 malleus
594 4311 760 4366 conterens
783 4305 933 4384 petraml
1029 4318 1126 4380 quam
1148 4298 1316 4361 laudabilis
1336 4307 1385 4360 est
1405 4300 1604 4362 taciturnitas
1625 4301 1695 4375 ista,
1712 4310 1777 4364 ‘tam

265 4406 342 4470 Alias
361 4413 436 4466 sunt
453 4403 598 4485 plurimas
620 4402 772 4464 utilitates
789 4409 821 4462 ct
836 4401 973 4463 rationes
1029 4396 1250 4478 vituperabilis
1266 4405 1314 4458 est
1330 4397 1513 4478 loquacitas,
1531 4400 1606 4480 quia
1626 4400 1778 4482 insipien-

225 4503 374 4566 audiendi
391 4501 488 4564 verba
503 4501 622 4572 divina,
635 4500 709 4581 quia
726 4518 782 4581 per
796 4519 832 4561 ea
848 4498 974 4560 instrui·
1030 4495 1079 4558 tias
1102 4495 1313 4576 vanitatisque
1336 4495 1461 4576 signum
1485 4504 1544 4571 ost,
1561 4498 1704 4560 animum
1727 4500 1777 4564 lm-

226 4611 278 4665 tur
297 4603 394 4664 bomo
413 4599 549 4682 qualiter
571 4599 695 4660 resistat
714 4597 849 4668 diabolo,
871 4596 973 4678 quali·
1028 4595 1084 4668 dit,
1097 4593 1297 4656 devotionem
1315 4594 1496 4675 exstinguit,
1512 4595 1729 4676 evagationem
1745 4606 1777 4660 et

226 4711 274 4763 ter
293 4701 376 4762 iuter
396 4699 525 4762 bonnet
547 4697 628 4758 mala
647 4695 814 4757 discernat.
832 4695 971 4756 Verbum
1028 4691 1268 4754 instabilitatem
1285 4691 1371 4753 cordi
1388 4691 1533 4774 ingignit‚
1549 4700 1581 4754 et
1597 4694 1776 4758 innumera·

226 4800 322 4862 etiam
339 4798 406 4872 Dei,
424 4797 587 4859 bominem
604 4794 784 4857 consolatur
802 4801 833 4855 et
848 4793 971 4856 conlor-
1027 4791 1104 4853 bilia
1126 4791 1209 4852 mala
1229 4790 1376 4852 oriuntur
1396 4808 1433 4851 ex
1456 4810 1501 4852 ea.
1526 4793 1645 4856 ldcirco
1666 4795 1699 4856 in
1721 4795 1776 4858 Ec·

226 4904 271 4960 tat
295 4897 326 4958 in
349 4915 413 4977 spe.
437 4893 556 4956 ldcirco
580 4893 624 4954 ait
646 4891 840 4974 Apostolus:
862 4892 971 4954 Omnis
1027 4889 1205 4952 clesiastico
1231 4888 1397 4950 verissime
1427 4889 1581 4970 scriptum
1611 4900 1658 4954 est
1684 4911 1690 4956 :
1717 4894 1775 4967 Qui
1792 4909 1921 4964 acervans

226 4997 389 5076 Scriptura
408 4992 561 5055 divinitus
582 4992 745 5072 inspirata,
763 4991 849 5052 utilis
869 4998 916 5051 est
932 4990 970 5051 ad
1025 4989 1093 5051 odit
1109 4986 1514 5070 loquacitatemexstingult
1530 4989 1775 5054 malitiamllinc

226 5094 416 5165 docendum,
440 5091 478 5154 ad
501 5090 710 5170 arguendum,
735 5090 773 5151 ad
800 5089 971 5168 corripien-
1025 5089 1070 5149 ait
1086 5086 1274 5167 Gregorius:
1288 5085 1376 5146 Pravi
1393 5085 1539 5148 homines
1558 5088 1641 5149 sicut
1657 5091 1688 5152 iu
1704 5111 1774 5154 sen-

226 5194 314 5263 dum,
335 5191 372 5252 ad
398 5189 607 5252 erudiendum
636 5188 667 5248 in
690 5187 825 5266 justitia,
847 5194 880 5246 ut
906 5205 972 5266 per·
1026 5207 1063 5248 su
1091 5193 1164 5247 suut
1190 5184 1286 5256 levae,
1314 5185 1356 5246 ita
1385 5184 1416 5244 in
1444 5184 1603 5247 locutione
1634 5189 1775 5270 praecipi-

228 5291 330 5353 lectus
354 5289 395 5352 sit
421 5289 517 5350 bmno
543 5287 582 5348 ad
607 5303 703 5348 omne
732 5303 812 5366 opus
840 5283 970 5346 bonum.
1028 5293 1086 5358 tes,
1103 5284 1178 5365 quia
1193 5283 1277 5364 quod
1299 5283 1378 5345 levis
1399 5302 1488 5345 mens
1510 5285 1660 5367 concipit,
1678 5286 1777 5350 levior
