<?xml version="1.0" encoding="UTF-8"?>
<!DOCTYPE html PUBLIC "-//W3C//DTD XHTML 1.0 Transitional//EN"
    "http://www.w3.org/TR/xhtml1/DTD/xhtml1-transitional.dtd">
<html xmlns="http://www.w3.org/1999/xhtml" xml:lang="en" lang="en">
 <head>
  <title>
</title>
<meta http-equiv="Content-Type" content="text/html;charset=utf-8" />
  <meta name='ocr-system' content='tesseract 3.04.00' />
  <meta name='ocr-capabilities' content='ocr_page ocr_carea ocr_par ocr_line ocrx_word'/>
</head>
<body>
  <div class='ocr_page' id='page_1' title='image "./doctorisecstati01unkngoog/doctorisecstati01unkngoog_0662.png"; bbox 0 0 4206 6258; ppageno 0'>
   <div class='ocr_carea' id='block_1_1' title="bbox 471 497 1696 562">
    <p class='ocr_par' dir='ltr' id='par_1_1' title="bbox 471 497 1696 562">
     <span class='ocr_line' id='line_1_1' title="bbox 471 497 1696 562; baseline 0.005 -6"><span class='ocrx_word' id='word_1_1' title='bbox 471 505 619 556; x_wconf 83' lang='lat' dir='ltr'><strong>uoruuma</strong></span> <span class='ocrx_word' id='word_1_2' title='bbox 640 509 714 556; x_wconf 86' lang='lat' dir='ltr'><strong>xxrv</strong></span> <span class='ocrx_word' id='word_1_3' title='bbox 735 509 810 556; x_wconf 86' lang='lat' dir='ltr'><strong>rosr</strong></span> <span class='ocrx_word' id='word_1_4' title='bbox 829 509 1023 556; x_wconf 81' lang='lat' dir='ltr'><strong>rnrurrarrx.</strong></span> <span class='ocrx_word' id='word_1_5' title='bbox 1045 527 1085 542; x_wconf 88' lang='lat'>-</span> <span class='ocrx_word' id='word_1_6' title='bbox 1106 511 1205 560; x_wconf 81' lang='lat' dir='ltr'><strong>sanxo</strong></span> <span class='ocrx_word' id='word_1_7' title='bbox 1226 511 1380 560; x_wconf 84' lang='lat' dir='ltr'><strong>srcuuous</strong></span> <span class='ocrx_word' id='word_1_8' title='bbox 1638 497 1696 562; x_wconf 84' lang='lat'><strong>631</strong></span> 
     </span>
    </p>
   </div>
   <div class='ocr_carea' id='block_1_2' title="bbox 2 669 1847 5388">
    <p class='ocr_par' dir='ltr' id='par_1_2' title="bbox 11 669 1699 863">
     <span class='ocr_line' id='line_1_2' title="bbox 11 669 1697 766; baseline 0.005 -27"><span class='ocrx_word' id='word_1_9' title='bbox 11 669 131 748; x_wconf 54' lang='lat' dir='ltr'><strong>rorate.</strong></span> <span class='ocrx_word' id='word_1_10' title='bbox 147 685 182 741; x_wconf 95' lang='lat' dir='ltr'><strong>et</strong></span> <span class='ocrx_word' id='word_1_11' title='bbox 204 685 383 761; x_wconf 89' lang='lat' dir='ltr'><strong>acceptum,</strong></span> <span class='ocrx_word' id='word_1_12' title='bbox 400 678 525 741; x_wconf 88' lang='lat' dir='ltr'><strong>dicente</strong></span> <span class='ocrx_word' id='word_1_13' title='bbox 546 677 697 760; x_wconf 85' lang='lat' dir='ltr'><strong>Apostolo</strong></span> <span class='ocrx_word' id='word_1_14' title='bbox 713 696 720 741; x_wconf 93' lang='lat'>:</span> <span class='ocrx_word' id='word_1_15' title='bbox 738 678 812 742; x_wconf 86' lang='lat' dir='ltr'><strong>Sine</strong></span> <span class='ocrx_word' id='word_1_16' title='bbox 833 678 899 742; x_wconf 89' lang='lat' dir='ltr'><strong>fide</strong></span> <span class='ocrx_word' id='word_1_17' title='bbox 913 679 939 744; x_wconf 87' lang='grc' dir='ltr'><strong>Α</strong></span> <span class='ocrx_word' id='word_1_18' title='bbox 953 679 1130 760; x_wconf 74' lang='lat' dir='ltr'><strong>presertim</strong></span> <span class='ocrx_word' id='word_1_19' title='bbox 1150 681 1225 763; x_wconf 90' lang='lat' dir='ltr'><strong>quia</strong></span> <span class='ocrx_word' id='word_1_20' title='bbox 1245 682 1364 746; x_wconf 83' lang='lat' dir='ltr'>directe</span> <span class='ocrx_word' id='word_1_21' title='bbox 1383 683 1537 766; x_wconf 79' lang='lat' dir='ltr'><strong>exstirpat</strong></span> <span class='ocrx_word' id='word_1_22' title='bbox 1554 684 1697 766; x_wconf 91' lang='lat' dir='ltr'><strong>superbi·</strong></span> 
     </span>
     <span class='ocr_line' id='line_1_3' title="bbox 148 775 1699 863; baseline 0.003 -23"><span class='ocrx_word' id='word_1_23' title='bbox 148 777 351 860; x_wconf 90' lang='lat' dir='ltr'><strong>impossibile</strong></span> <span class='ocrx_word' id='word_1_24' title='bbox 366 784 415 840; x_wconf 89' lang='lat' dir='ltr'><strong>est</strong></span> <span class='ocrx_word' id='word_1_25' title='bbox 428 776 492 840; x_wconf 86' lang='lat' dir='ltr'><strong>Deo</strong></span> <span class='ocrx_word' id='word_1_26' title='bbox 508 775 642 858; x_wconf 90' lang='lat' dir='ltr'><strong>placere.</strong></span> <span class='ocrx_word' id='word_1_27' title='bbox 652 777 719 839; x_wconf 93' lang='lat' dir='ltr'><strong>lmo</strong></span> <span class='ocrx_word' id='word_1_28' title='bbox 732 777 811 840; x_wconf 92' lang='lat' dir='ltr'><strong>alibi</strong></span> <span class='ocrx_word' id='word_1_29' title='bbox 826 777 899 858; x_wconf 92' lang='lat' dir='ltr'><strong>plus</strong></span> <span class='ocrx_word' id='word_1_30' title='bbox 951 795 1015 851; x_wconf 94' lang='lat' dir='ltr'><strong>am,</strong></span> <span class='ocrx_word' id='word_1_31' title='bbox 1027 779 1172 841; x_wconf 91' lang='lat' dir='ltr'><strong>omnium</strong></span> <span class='ocrx_word' id='word_1_32' title='bbox 1187 780 1338 843; x_wconf 92' lang='lat' dir='ltr'><strong>vitiorum</strong></span> <span class='ocrx_word' id='word_1_33' title='bbox 1353 781 1521 863; x_wconf 81' lang='lat' dir='ltr'><strong>originem.</strong></span> <span class='ocrx_word' id='word_1_34' title='bbox 1538 783 1618 844; x_wconf 86' lang='lat' dir='ltr'><strong>llinc</strong></span> <span class='ocrx_word' id='word_1_35' title='bbox 1633 799 1699 844; x_wconf 91' lang='lat' dir='ltr'><strong>om-</strong></span> 
     </span>
    </p>

    <p class='ocr_par' dir='ltr' id='par_1_3' title="bbox 11 874 1697 962">
     <span class='ocr_line' id='line_1_4' title="bbox 11 874 1697 962; baseline 0.004 -26"><span class='ocrx_word' id='word_1_36' title='bbox 11 885 72 928; x_wconf 76' lang='lat' dir='ltr'><strong>flom·</strong></span> <span class='ocrx_word' id='word_1_37' title='bbox 85 899 133 938; x_wconf 76' lang='lat' dir='ltr'><strong>nv.</strong></span> <span class='ocrx_word' id='word_1_38' title='bbox 148 874 314 938; x_wconf 86' lang='lat' dir='ltr'><strong>affirmare</strong></span> <span class='ocrx_word' id='word_1_39' title='bbox 329 874 465 950; x_wconf 89' lang='lat' dir='ltr'><strong>videtur,</strong></span> <span class='ocrx_word' id='word_1_40' title='bbox 482 875 617 938; x_wconf 92' lang='lat' dir='ltr'><strong>dicendo</strong></span> <span class='ocrx_word' id='word_1_41' title='bbox 633 894 640 938; x_wconf 92' lang='lat'>:</span> <span class='ocrx_word' id='word_1_42' title='bbox 659 875 818 957; x_wconf 82' lang='lat' dir='ltr'><strong>Quidquid</strong></span> <span class='ocrx_word' id='word_1_43' title='bbox 834 892 897 938; x_wconf 91' lang='lat' dir='ltr'><strong>non</strong></span> <span class='ocrx_word' id='word_1_44' title='bbox 952 894 1026 938; x_wconf 92' lang='lat' dir='ltr'><strong>nem</strong></span> <span class='ocrx_word' id='word_1_45' title='bbox 1047 877 1230 958; x_wconf 74' lang='lat' dir='ltr'><strong>superbiam</strong></span> <span class='ocrx_word' id='word_1_46' title='bbox 1251 896 1308 942; x_wconf 93' lang='lat' dir='ltr'><strong>nos</strong></span> <span class='ocrx_word' id='word_1_47' title='bbox 1323 886 1447 962; x_wconf 90' lang='lat' dir='ltr'><strong>oportet</strong></span> <span class='ocrx_word' id='word_1_48' title='bbox 1461 879 1572 955; x_wconf 88' lang='lat' dir='ltr'><strong>vitare,</strong></span> <span class='ocrx_word' id='word_1_49' title='bbox 1589 887 1626 942; x_wconf 91' lang='lat' dir='ltr'><strong>ut</strong></span> <span class='ocrx_word' id='word_1_50' title='bbox 1638 898 1697 943; x_wconf 95' lang='lat' dir='ltr'><strong>nec</strong></span> 
     </span>
    </p>

    <p class='ocr_par' dir='ltr' id='par_1_4' title="bbox 10 951 1844 1843">
     <span class='ocr_line' id='line_1_5' title="bbox 10 951 1844 1060; baseline 0.003 -24"><span class='ocrx_word' id='word_1_51' title='bbox 10 951 28 990; x_wconf 77' lang='lat'><strong>³·</strong></span> <span class='ocrx_word' id='word_1_52' title='bbox 149 981 200 1036; x_wconf 91' lang='lat' dir='ltr'><strong>est</strong></span> <span class='ocrx_word' id='word_1_53' title='bbox 222 991 261 1036; x_wconf 88' lang='grc' dir='ltr'><strong>θι</strong></span> <span class='ocrx_word' id='word_1_54' title='bbox 284 973 360 1048; x_wconf 88' lang='lat' dir='ltr'><strong>fide,</strong></span> <span class='ocrx_word' id='word_1_55' title='bbox 377 981 543 1056; x_wconf 88' lang='lat' dir='ltr'><strong>peccatum</strong></span> <span class='ocrx_word' id='word_1_56' title='bbox 566 981 622 1036; x_wconf 88' lang='lat' dir='ltr'><strong>est.</strong></span> <span class='ocrx_word' id='word_1_57' title='bbox 644 973 800 1048; x_wconf 88' lang='lat' dir='ltr'><strong>Secundo,</strong></span> <span class='ocrx_word' id='word_1_58' title='bbox 821 990 899 1056; x_wconf 95' lang='lat' dir='ltr'><strong>quo·</strong></span> <span class='ocrx_word' id='word_1_59' title='bbox 952 973 986 1036; x_wconf 92' lang='lat' dir='ltr'><strong>in</strong></span> <span class='ocrx_word' id='word_1_60' title='bbox 1010 975 1254 1056; x_wconf 81' lang='lat' dir='ltr'><strong>cogitationibus</strong></span> <span class='ocrx_word' id='word_1_61' title='bbox 1283 979 1422 1060; x_wconf 92' lang='lat' dir='ltr'><strong>propriis</strong></span> <span class='ocrx_word' id='word_1_62' title='bbox 1445 979 1635 1042; x_wconf 78' lang='lat' dir='ltr'><strong>extollamur</strong></span> <span class='ocrx_word' id='word_1_63' title='bbox 1662 985 1844 1049; x_wconf 67' lang='lat' dir='ltr'><strong>uenerem.</strong></span> 
     </span>
     <span class='ocr_line' id='line_1_6' title="bbox 149 1071 1698 1154; baseline 0.003 -20"><span class='ocrx_word' id='word_1_64' title='bbox 149 1072 237 1135; x_wconf 87' lang='lat' dir='ltr'><strong>niam</strong></span> <span class='ocrx_word' id='word_1_65' title='bbox 266 1071 335 1154; x_wconf 89' lang='lat' dir='ltr'><strong>ipsa</strong></span> <span class='ocrx_word' id='word_1_66' title='bbox 357 1079 405 1135; x_wconf 94' lang='lat' dir='ltr'><strong>est</strong></span> <span class='ocrx_word' id='word_1_67' title='bbox 428 1072 482 1134; x_wconf 90' lang='lat' dir='ltr'><strong>lux</strong></span> <span class='ocrx_word' id='word_1_68' title='bbox 509 1078 542 1135; x_wconf 91' lang='lat' dir='ltr'><strong>et</strong></span> <span class='ocrx_word' id='word_1_69' title='bbox 563 1072 676 1135; x_wconf 88' lang='lat' dir='ltr'><strong>oculus</strong></span> <span class='ocrx_word' id='word_1_70' title='bbox 700 1071 828 1147; x_wconf 90' lang='lat' dir='ltr'><strong>mentis,</strong></span> <span class='ocrx_word' id='word_1_71' title='bbox 849 1089 898 1135; x_wconf 92' lang='lat' dir='ltr'><strong>os·</strong></span> <span class='ocrx_word' id='word_1_72' title='bbox 952 1073 1046 1146; x_wconf 90' lang='lat' dir='ltr'><strong>tauri,</strong></span> <span class='ocrx_word' id='word_1_73' title='bbox 1062 1091 1121 1135; x_wconf 90' lang='lat' dir='ltr'><strong>nec</strong></span> <span class='ocrx_word' id='word_1_74' title='bbox 1143 1074 1176 1138; x_wconf 93' lang='lat' dir='ltr'><strong>in</strong></span> <span class='ocrx_word' id='word_1_75' title='bbox 1198 1074 1424 1139; x_wconf 80' lang='lat' dir='ltr'><strong>effectionibus</strong></span> <span class='ocrx_word' id='word_1_76' title='bbox 1446 1077 1562 1140; x_wconf 87' lang='lat' dir='ltr'><strong>nostris</strong></span> <span class='ocrx_word' id='word_1_77' title='bbox 1583 1083 1620 1140; x_wconf 93' lang='lat' dir='ltr'><strong>ut</strong></span> <span class='ocrx_word' id='word_1_78' title='bbox 1639 1076 1698 1139; x_wconf 93' lang='lat' dir='ltr'><strong>Lu-</strong></span> 
     </span>
     <span class='ocr_line' id='line_1_7' title="bbox 148 1167 1699 1257; baseline 0.004 -26"><span class='ocrx_word' id='word_1_79' title='bbox 148 1170 285 1232; x_wconf 89' lang='lat' dir='ltr'><strong>tendens</strong></span> <span class='ocrx_word' id='word_1_80' title='bbox 308 1168 432 1231; x_wconf 94' lang='lat' dir='ltr'><strong>bomini</strong></span> <span class='ocrx_word' id='word_1_81' title='bbox 457 1167 607 1230; x_wconf 90' lang='lat' dir='ltr'><strong>ultimum</strong></span> <span class='ocrx_word' id='word_1_82' title='bbox 630 1167 743 1243; x_wconf 91' lang='lat' dir='ltr'><strong>finem,</strong></span> <span class='ocrx_word' id='word_1_83' title='bbox 768 1175 899 1252; x_wconf 93' lang='lat' dir='ltr'><strong>propter</strong></span> <span class='ocrx_word' id='word_1_84' title='bbox 953 1169 1043 1245; x_wconf 89' lang='lat' dir='ltr'><strong>oifer,</strong></span> <span class='ocrx_word' id='word_1_85' title='bbox 1064 1190 1168 1253; x_wconf 91' lang='lat' dir='ltr'><strong>neque</strong></span> <span class='ocrx_word' id='word_1_86' title='bbox 1193 1172 1225 1234; x_wconf 94' lang='lat' dir='ltr'><strong>in</strong></span> <span class='ocrx_word' id='word_1_87' title='bbox 1247 1173 1354 1236; x_wconf 92' lang='lat' dir='ltr'><strong>verbis</strong></span> <span class='ocrx_word' id='word_1_88' title='bbox 1376 1180 1411 1237; x_wconf 90' lang='lat' dir='ltr'><strong>ut</strong></span> <span class='ocrx_word' id='word_1_89' title='bbox 1433 1174 1467 1237; x_wconf 94' lang='lat' dir='ltr'><strong>hi</strong></span> <span class='ocrx_word' id='word_1_90' title='bbox 1489 1175 1545 1257; x_wconf 94' lang='lat' dir='ltr'><strong>qui</strong></span> <span class='ocrx_word' id='word_1_91' title='bbox 1569 1174 1699 1238; x_wconf 89' lang='lat' dir='ltr'><strong>laudant</strong></span> 
     </span>
     <span class='ocr_line' id='line_1_8' title="bbox 147 1265 1843 1354; baseline 0.004 -26"><span class='ocrx_word' id='word_1_92' title='bbox 147 1286 248 1349; x_wconf 87' lang='lat' dir='ltr'><strong>quem</strong></span> <span class='ocrx_word' id='word_1_93' title='bbox 272 1266 380 1330; x_wconf 89' lang='lat' dir='ltr'><strong>onmia</strong></span> <span class='ocrx_word' id='word_1_94' title='bbox 403 1266 498 1329; x_wconf 92' lang='lat' dir='ltr'><strong>debet</strong></span> <span class='ocrx_word' id='word_1_95' title='bbox 526 1284 686 1348; x_wconf 89' lang='lat' dir='ltr'><strong>peragere.</strong></span> <span class='ocrx_word' id='word_1_96' title='bbox 712 1266 770 1328; x_wconf 91' lang='lat' dir='ltr'><strong>Per</strong></span> <span class='ocrx_word' id='word_1_97' title='bbox 798 1265 897 1330; x_wconf 89' lang='lat' dir='ltr'><strong>fidem</strong></span> <span class='ocrx_word' id='word_1_98' title='bbox 952 1275 983 1330; x_wconf 88' lang='lat' dir='ltr'><strong>et</strong></span> <span class='ocrx_word' id='word_1_99' title='bbox 996 1268 1117 1348; x_wconf 89' lang='lat' dir='ltr'><strong>jactant</strong></span> <span class='ocrx_word' id='word_1_100' title='bbox 1131 1288 1165 1332; x_wconf 93' lang='lat' dir='ltr'><strong>se</strong></span> <span class='ocrx_word' id='word_1_101' title='bbox 1180 1271 1278 1352; x_wconf 92' lang='lat' dir='ltr'><strong>ipsos,</strong></span> <span class='ocrx_word' id='word_1_102' title='bbox 1294 1289 1399 1354; x_wconf 91' lang='lat' dir='ltr'><strong>neque</strong></span> <span class='ocrx_word' id='word_1_103' title='bbox 1414 1271 1446 1334; x_wconf 93' lang='lat' dir='ltr'><strong>in</strong></span> <span class='ocrx_word' id='word_1_104' title='bbox 1462 1272 1554 1336; x_wconf 88' lang='lat' dir='ltr'><strong>factis</strong></span> <span class='ocrx_word' id='word_1_105' title='bbox 1575 1280 1611 1335; x_wconf 92' lang='lat' dir='ltr'><strong>ut</strong></span> <span class='ocrx_word' id='word_1_106' title='bbox 1624 1290 1698 1336; x_wconf 90' lang='lat' dir='ltr'><strong>cna·</strong></span> <span class='ocrx_word' id='word_1_107' title='bbox 1724 1293 1843 1344; x_wconf 66' lang='lat' dir='ltr'><strong>cotnra</strong></span> 
     </span>
     <span class='ocr_line' id='line_1_9' title="bbox 148 1364 1699 1452; baseline 0.004 -24"><span class='ocrx_word' id='word_1_108' title='bbox 148 1365 239 1428; x_wconf 90' lang='lat' dir='ltr'><strong>enim</strong></span> <span class='ocrx_word' id='word_1_109' title='bbox 267 1364 489 1446; x_wconf 81' lang='lat' dir='ltr'><strong>cognoscimus</strong></span> <span class='ocrx_word' id='word_1_110' title='bbox 513 1383 550 1428; x_wconf 88' lang='lat' dir='ltr'><strong>ea</strong></span> <span class='ocrx_word' id='word_1_111' title='bbox 573 1383 645 1446; x_wconf 79' lang='lat' dir='ltr'><strong>qum</strong></span> <span class='ocrx_word' id='word_1_112' title='bbox 673 1365 836 1447; x_wconf 90' lang='lat' dir='ltr'><strong>pertinent</strong></span> <span class='ocrx_word' id='word_1_113' title='bbox 857 1365 898 1428; x_wconf 92' lang='lat' dir='ltr'><strong>ad</strong></span> <span class='ocrx_word' id='word_1_114' title='bbox 951 1367 1000 1448; x_wconf 91' lang='lat' dir='ltr'><strong>gri</strong></span> <span class='ocrx_word' id='word_1_115' title='bbox 1020 1367 1053 1430; x_wconf 92' lang='lat' dir='ltr'><strong>in</strong></span> <span class='ocrx_word' id='word_1_116' title='bbox 1069 1367 1204 1444; x_wconf 89' lang='lat' dir='ltr'><strong>deserto,</strong></span> <span class='ocrx_word' id='word_1_117' title='bbox 1222 1388 1326 1452; x_wconf 91' lang='lat' dir='ltr'><strong>neque</strong></span> <span class='ocrx_word' id='word_1_118' title='bbox 1347 1370 1595 1434; x_wconf 90' lang='lat' dir='ltr'><strong>investimentis</strong></span> <span class='ocrx_word' id='word_1_119' title='bbox 1615 1371 1699 1434; x_wconf 90' lang='lat' dir='ltr'><strong>sicut</strong></span> 
     </span>
     <span class='ocr_line' id='line_1_10' title="bbox 148 1462 1698 1550; baseline 0.005 -25"><span class='ocrx_word' id='word_1_120' title='bbox 148 1463 297 1537; x_wconf 88' lang='lat' dir='ltr'><strong>salutem,</strong></span> <span class='ocrx_word' id='word_1_121' title='bbox 314 1469 346 1526; x_wconf 89' lang='lat' dir='ltr'><strong>et</strong></span> <span class='ocrx_word' id='word_1_122' title='bbox 367 1463 452 1545; x_wconf 91' lang='lat' dir='ltr'><strong>quod</strong></span> <span class='ocrx_word' id='word_1_123' title='bbox 475 1462 515 1526; x_wconf 90' lang='lat' dir='ltr'><strong>ad</strong></span> <span class='ocrx_word' id='word_1_124' title='bbox 538 1470 689 1526; x_wconf 85' lang='lat' dir='ltr'><strong>aeternam</strong></span> <span class='ocrx_word' id='word_1_125' title='bbox 711 1462 897 1526; x_wconf 71' lang='lat' dir='ltr'><strong>felicitatem</strong></span> <span class='ocrx_word' id='word_1_126' title='bbox 953 1483 1091 1548; x_wconf 92' lang='lat' dir='ltr'><strong>pavones</strong></span> <span class='ocrx_word' id='word_1_127' title='bbox 1117 1467 1150 1528; x_wconf 89' lang='lat' dir='ltr'><strong>in</strong></span> <span class='ocrx_word' id='word_1_128' title='bbox 1173 1467 1240 1530; x_wconf 92' lang='lat' dir='ltr'><strong>suis</strong></span> <span class='ocrx_word' id='word_1_129' title='bbox 1264 1468 1388 1550; x_wconf 90' lang='lat' dir='ltr'><strong>pennis.</strong></span> <span class='ocrx_word' id='word_1_130' title='bbox 1411 1469 1468 1542; x_wconf 83' lang='lat' dir='ltr'><strong>Qui</strong></span> <span class='ocrx_word' id='word_1_131' title='bbox 1491 1477 1597 1532; x_wconf 88' lang='lat' dir='ltr'><strong>tamen</strong></span> <span class='ocrx_word' id='word_1_132' title='bbox 1621 1470 1698 1532; x_wconf 94' lang='lat' dir='ltr'><strong>dum</strong></span> 
     </span>
     <span class='ocr_line' id='line_1_11' title="bbox 148 1561 1697 1649; baseline 0.004 -25"><span class='ocrx_word' id='word_1_133' title='bbox 148 1561 272 1625; x_wconf 88' lang='lat' dir='ltr'><strong>conditi</strong></span> <span class='ocrx_word' id='word_1_134' title='bbox 296 1579 420 1635; x_wconf 89' lang='lat' dir='ltr'><strong>sumus,</strong></span> <span class='ocrx_word' id='word_1_135' title='bbox 441 1561 527 1642; x_wconf 92' lang='lat' dir='ltr'><strong>quod</strong></span> <span class='ocrx_word' id='word_1_136' title='bbox 552 1561 630 1624; x_wconf 89' lang='lat' dir='ltr'><strong>item</strong></span> <span class='ocrx_word' id='word_1_137' title='bbox 655 1561 696 1624; x_wconf 97' lang='lat' dir='ltr'><strong>ob</strong></span> <span class='ocrx_word' id='word_1_138' title='bbox 722 1580 792 1624; x_wconf 91' lang='lat' dir='ltr'><strong>cam</strong></span> <span class='ocrx_word' id='word_1_139' title='bbox 817 1561 897 1625; x_wconf 91' lang='lat' dir='ltr'><strong>obti·</strong></span> <span class='ocrx_word' id='word_1_140' title='bbox 952 1566 1070 1646; x_wconf 92' lang='lat' dir='ltr'><strong>pedum</strong></span> <span class='ocrx_word' id='word_1_141' title='bbox 1096 1582 1227 1628; x_wconf 93' lang='lat' dir='ltr'><strong>suorum</strong></span> <span class='ocrx_word' id='word_1_142' title='bbox 1250 1566 1486 1630; x_wconf 87' lang='lat' dir='ltr'><strong>deformitatem</strong></span> <span class='ocrx_word' id='word_1_143' title='bbox 1512 1567 1697 1649; x_wconf 87' lang='lat' dir='ltr'><strong>inspiciunt,</strong></span> 
     </span>
     <span class='ocr_line' id='line_1_12' title="bbox 148 1659 1698 1742; baseline 0.004 -20"><span class='ocrx_word' id='word_1_144' title='bbox 148 1661 289 1723; x_wconf 85' lang='lat' dir='ltr'><strong>nondam</strong></span> <span class='ocrx_word' id='word_1_145' title='bbox 304 1660 453 1722; x_wconf 90' lang='lat' dir='ltr'><strong>universa</strong></span> <span class='ocrx_word' id='word_1_146' title='bbox 468 1659 534 1742; x_wconf 93' lang='lat' dir='ltr'><strong>pati</strong></span> <span class='ocrx_word' id='word_1_147' title='bbox 549 1667 581 1722; x_wconf 93' lang='lat' dir='ltr'><strong>et</strong></span> <span class='ocrx_word' id='word_1_148' title='bbox 594 1661 718 1742; x_wconf 94' lang='lat' dir='ltr'><strong>operari</strong></span> <span class='ocrx_word' id='word_1_149' title='bbox 735 1660 896 1734; x_wconf 87' lang='lat' dir='ltr'><strong>debemus,</strong></span> <span class='ocrx_word' id='word_1_150' title='bbox 953 1669 1162 1738; x_wconf 85' lang='lat' dir='ltr'><strong>exterrentur,</strong></span> <span class='ocrx_word' id='word_1_151' title='bbox 1184 1664 1356 1728; x_wconf 89' lang='lat' dir='ltr'><strong>abhorrent</strong></span> <span class='ocrx_word' id='word_1_152' title='bbox 1378 1673 1410 1727; x_wconf 96' lang='lat' dir='ltr'><strong>et</strong></span> <span class='ocrx_word' id='word_1_153' title='bbox 1434 1666 1581 1728; x_wconf 90' lang='lat' dir='ltr'><strong>clamant.</strong></span> <span class='ocrx_word' id='word_1_154' title='bbox 1603 1667 1650 1729; x_wconf 89' lang='lat' dir='ltr'><strong>lta</strong></span> <span class='ocrx_word' id='word_1_155' title='bbox 1671 1667 1698 1730; x_wconf 94' lang='lat' dir='ltr'><strong>si</strong></span> 
     </span>
     <span class='ocr_line' id='line_1_13' title="bbox 149 1757 1698 1843; baseline 0.005 -23"><span class='ocrx_word' id='word_1_156' title='bbox 149 1767 181 1821; x_wconf 90' lang='lat' dir='ltr'><strong>et</strong></span> <span class='ocrx_word' id='word_1_157' title='bbox 197 1758 375 1840; x_wconf 77' lang='lat' dir='ltr'><strong>presertim</strong></span> <span class='ocrx_word' id='word_1_158' title='bbox 395 1757 437 1821; x_wconf 93' lang='lat' dir='ltr'><strong>oh</strong></span> <span class='ocrx_word' id='word_1_159' title='bbox 452 1758 508 1820; x_wconf 85' lang='lat' dir='ltr'><strong>Dei</strong></span> <span class='ocrx_word' id='word_1_160' title='bbox 528 1758 661 1839; x_wconf 91' lang='lat' dir='ltr'><strong>gloriam</strong></span> <span class='ocrx_word' id='word_1_161' title='bbox 681 1766 714 1822; x_wconf 89' lang='grc' dir='ltr'><strong>θῖ</strong></span> <span class='ocrx_word' id='word_1_162' title='bbox 731 1759 895 1822; x_wconf 90' lang='lat' dir='ltr'><strong>honorem.</strong></span> <span class='ocrx_word' id='word_1_163' title='bbox 953 1761 1025 1843; x_wconf 92' lang='lat' dir='ltr'><strong>quis</strong></span> <span class='ocrx_word' id='word_1_164' title='bbox 1039 1779 1078 1824; x_wconf 89' lang='grc' dir='ltr'><strong>θιι</strong></span> <span class='ocrx_word' id='word_1_165' title='bbox 1098 1761 1351 1826; x_wconf 85' lang='lat' dir='ltr'><strong>consideratione</strong></span> <span class='ocrx_word' id='word_1_166' title='bbox 1369 1764 1565 1828; x_wconf 76' lang='lat' dir='ltr'><strong>excellentiae</strong></span> <span class='ocrx_word' id='word_1_167' title='bbox 1585 1783 1650 1828; x_wconf 81' lang='grc' dir='ltr'><strong>εθθ]</strong></span> <span class='ocrx_word' id='word_1_168' title='bbox 1665 1765 1698 1828; x_wconf 94' lang='lat' dir='ltr'><strong>in</strong></span> 
     </span>
    </p>

    <p class='ocr_par' dir='ltr' id='par_1_5' title="bbox 7 1857 1700 1942">
     <span class='ocr_line' id='line_1_14' title="bbox 7 1857 1700 1942; baseline 0.006 -26"><span class='ocrx_word' id='word_1_169' title='bbox 7 1875 34 1917; x_wconf 81' lang='lat' dir='ltr'><strong>n.</strong></span> <span class='ocrx_word' id='word_1_170' title='bbox 49 1887 96 1926; x_wconf 76' lang='lat' dir='ltr'><strong>m,</strong></span> <span class='ocrx_word' id='word_1_171' title='bbox 109 1876 131 1918; x_wconf 80' lang='lat' dir='ltr'><strong>a.</strong></span> <span class='ocrx_word' id='word_1_172' title='bbox 148 1857 231 1920; x_wconf 86' lang='lat' dir='ltr'><strong>Hinc</strong></span> <span class='ocrx_word' id='word_1_173' title='bbox 247 1857 280 1919; x_wconf 93' lang='lat' dir='ltr'><strong>in</strong></span> <span class='ocrx_word' id='word_1_174' title='bbox 295 1857 375 1920; x_wconf 91' lang='lat' dir='ltr'><strong>lsaia</strong></span> <span class='ocrx_word' id='word_1_175' title='bbox 389 1857 525 1920; x_wconf 91' lang='lat' dir='ltr'><strong>habetur</strong></span> <span class='ocrx_word' id='word_1_176' title='bbox 542 1874 549 1919; x_wconf 95' lang='lat'><strong>:</strong></span> <span class='ocrx_word' id='word_1_177' title='bbox 565 1857 624 1932; x_wconf 83' lang='lat' dir='ltr'><strong>Qui</strong></span> <span class='ocrx_word' id='word_1_178' title='bbox 640 1857 823 1920; x_wconf 89' lang='lat' dir='ltr'><strong>incredulus</strong></span> <span class='ocrx_word' id='word_1_179' title='bbox 838 1866 895 1932; x_wconf 90' lang='lat' dir='ltr'><strong>est,</strong></span> <span class='ocrx_word' id='word_1_180' title='bbox 911 1867 935 1930; x_wconf 86' lang='grc' dir='ltr'>Β</span> <span class='ocrx_word' id='word_1_181' title='bbox 953 1859 1044 1922; x_wconf 92' lang='lat' dir='ltr'><strong>donis</strong></span> <span class='ocrx_word' id='word_1_182' title='bbox 1063 1865 1184 1924; x_wconf 82' lang='lat' dir='ltr'><strong>naturae</strong></span> <span class='ocrx_word' id='word_1_183' title='bbox 1204 1867 1260 1924; x_wconf 91' lang='lat' dir='ltr'><strong>aut</strong></span> <span class='ocrx_word' id='word_1_184' title='bbox 1277 1861 1386 1942; x_wconf 78' lang='lat' dir='ltr'><strong>gratim</strong></span> <span class='ocrx_word' id='word_1_185' title='bbox 1405 1862 1456 1925; x_wconf 96' lang='lat' dir='ltr'><strong>vel</strong></span> <span class='ocrx_word' id='word_1_186' title='bbox 1480 1863 1512 1925; x_wconf 92' lang='lat' dir='ltr'><strong>in</strong></span> <span class='ocrx_word' id='word_1_187' title='bbox 1533 1863 1625 1927; x_wconf 92' lang='lat' dir='ltr'><strong>bonis</strong></span> <span class='ocrx_word' id='word_1_188' title='bbox 1645 1863 1700 1926; x_wconf 84' lang='lat' dir='ltr'><strong>[lc-</strong></span> 
     </span>
    </p>

    <p class='ocr_par' dir='ltr' id='par_1_6' title="bbox 7 1955 1775 3022">
     <span class='ocr_line' id='line_1_15' title="bbox 7 1955 1699 2038; baseline 0.005 -24"><span class='ocrx_word' id='word_1_189' title='bbox 7 1973 133 2024; x_wconf 66' lang='lat' dir='ltr'><strong>umena.</strong></span> <span class='ocrx_word' id='word_1_190' title='bbox 150 1955 327 2018; x_wconf 88' lang='lat' dir='ltr'><strong>infideliter</strong></span> <span class='ocrx_word' id='word_1_191' title='bbox 341 1956 414 2038; x_wconf 86' lang='lat' dir='ltr'><strong>agit.</strong></span> <span class='ocrx_word' id='word_1_192' title='bbox 427 1956 573 2020; x_wconf 88' lang='lat' dir='ltr'><strong>Habacuc</strong></span> <span class='ocrx_word' id='word_1_193' title='bbox 589 1973 716 2038; x_wconf 88' lang='lat' dir='ltr'><strong>quoque</strong></span> <span class='ocrx_word' id='word_1_194' title='bbox 731 1957 775 2018; x_wconf 90' lang='lat' dir='ltr'><strong>ait</strong></span> <span class='ocrx_word' id='word_1_195' title='bbox 792 1976 799 2020; x_wconf 92' lang='lat'>:</span> <span class='ocrx_word' id='word_1_196' title='bbox 816 1957 896 2020; x_wconf 87' lang='lat' dir='ltr'><strong>Ecce</strong></span> <span class='ocrx_word' id='word_1_197' title='bbox 953 1957 1059 2021; x_wconf 82' lang='lat' dir='ltr'><strong>clesire</strong></span> <span class='ocrx_word' id='word_1_198' title='bbox 1077 1977 1133 2022; x_wconf 91' lang='lat' dir='ltr'><strong>seu</strong></span> <span class='ocrx_word' id='word_1_199' title='bbox 1154 1958 1300 2034; x_wconf 78' lang='lat' dir='ltr'><strong>fortunae,</strong></span> <span class='ocrx_word' id='word_1_200' title='bbox 1317 1960 1394 2023; x_wconf 93' lang='lat' dir='ltr'><strong>velit</strong></span> <span class='ocrx_word' id='word_1_201' title='bbox 1413 1961 1565 2025; x_wconf 85' lang='lat' dir='ltr'><strong>extollere</strong></span> <span class='ocrx_word' id='word_1_202' title='bbox 1585 1969 1699 2026; x_wconf 88' lang='lat' dir='ltr'><strong>semet-</strong></span> 
     </span>
     <span class='ocr_line' id='line_1_16' title="bbox 149 2054 1700 2142; baseline 0.005 -26"><span class='ocrx_word' id='word_1_203' title='bbox 149 2055 207 2137; x_wconf 95' lang='lat' dir='ltr'><strong>qui</strong></span> <span class='ocrx_word' id='word_1_204' title='bbox 232 2054 416 2117; x_wconf 92' lang='lat' dir='ltr'><strong>incredulus</strong></span> <span class='ocrx_word' id='word_1_205' title='bbox 441 2061 499 2128; x_wconf 93' lang='lat' dir='ltr'><strong>est,</strong></span> <span class='ocrx_word' id='word_1_206' title='bbox 525 2072 588 2117; x_wconf 93' lang='lat' dir='ltr'><strong>non</strong></span> <span class='ocrx_word' id='word_1_207' title='bbox 612 2054 673 2116; x_wconf 93' lang='lat' dir='ltr'><strong>erit</strong></span> <span class='ocrx_word' id='word_1_208' title='bbox 696 2055 803 2118; x_wconf 91' lang='lat' dir='ltr'><strong>anima</strong></span> <span class='ocrx_word' id='word_1_209' title='bbox 826 2054 896 2136; x_wconf 87' lang='lat' dir='ltr'><strong>ejus</strong></span> <span class='ocrx_word' id='word_1_210' title='bbox 953 2056 1059 2137; x_wconf 92' lang='lat' dir='ltr'><strong>ipsum</strong></span> <span class='ocrx_word' id='word_1_211' title='bbox 1074 2065 1169 2139; x_wconf 90' lang='lat' dir='ltr'><strong>atque</strong></span> <span class='ocrx_word' id='word_1_212' title='bbox 1185 2057 1321 2120; x_wconf 93' lang='lat' dir='ltr'><strong>inaniter</strong></span> <span class='ocrx_word' id='word_1_213' title='bbox 1339 2059 1479 2140; x_wconf 89' lang='lat' dir='ltr'><strong>gloriari,</strong></span> <span class='ocrx_word' id='word_1_214' title='bbox 1497 2060 1587 2142; x_wconf 89' lang='lat' dir='ltr'><strong>quasi</strong></span> <span class='ocrx_word' id='word_1_215' title='bbox 1603 2079 1621 2122; x_wconf 96' lang='lat' dir='ltr'><strong>a</strong></span> <span class='ocrx_word' id='word_1_216' title='bbox 1635 2060 1700 2124; x_wconf 85' lang='lat' dir='ltr'><strong>Deo</strong></span> 
     </span>
     <span class='ocr_line' id='line_1_17' title="bbox 148 2152 1775 2242; baseline 0.004 -27"><span class='ocrx_word' id='word_1_217' title='bbox 148 2159 237 2215; x_wconf 87' lang='lat' dir='ltr'><strong>recta</strong></span> <span class='ocrx_word' id='word_1_218' title='bbox 255 2153 289 2214; x_wconf 93' lang='lat' dir='ltr'><strong>in</strong></span> <span class='ocrx_word' id='word_1_219' title='bbox 313 2152 503 2234; x_wconf 84' lang='lat' dir='ltr'><strong>semetips03</strong></span> <span class='ocrx_word' id='word_1_220' title='bbox 526 2153 633 2234; x_wconf 81' lang='lat' dir='ltr'><strong>justus</strong></span> <span class='ocrx_word' id='word_1_221' title='bbox 656 2159 763 2214; x_wconf 90' lang='lat' dir='ltr'><strong>autem</strong></span> <span class='ocrx_word' id='word_1_222' title='bbox 785 2153 818 2214; x_wconf 94' lang='lat' dir='ltr'><strong>in</strong></span> <span class='ocrx_word' id='word_1_223' title='bbox 840 2172 897 2216; x_wconf 89' lang='lat' dir='ltr'><strong>sua</strong></span> <span class='ocrx_word' id='word_1_224' title='bbox 952 2172 1012 2217; x_wconf 89' lang='lat' dir='ltr'><strong>non</strong></span> <span class='ocrx_word' id='word_1_225' title='bbox 1025 2155 1067 2218; x_wconf 92' lang='lat' dir='ltr'><strong>sit</strong></span> <span class='ocrx_word' id='word_1_226' title='bbox 1079 2164 1191 2218; x_wconf 87' lang='lat' dir='ltr'><strong>cuncta</strong></span> <span class='ocrx_word' id='word_1_227' title='bbox 1202 2157 1336 2232; x_wconf 89' lang='lat' dir='ltr'><strong>sortitus,</strong></span> <span class='ocrx_word' id='word_1_228' title='bbox 1344 2157 1499 2242; x_wconf 91' lang='lat' dir='ltr'><strong>adspiciat</strong></span> <span class='ocrx_word' id='word_1_229' title='bbox 1510 2176 1582 2221; x_wconf 91' lang='lat' dir='ltr'><strong>suos</strong></span> <span class='ocrx_word' id='word_1_230' title='bbox 1595 2159 1699 2241; x_wconf 88' lang='lat' dir='ltr'><strong>pedes.</strong></span> <span class='ocrx_word' id='word_1_231' title='bbox 1773 2217 1775 2222; x_wconf 83' lang='grc'>.</span> 
     </span>
     <span class='ocr_line' id='line_1_18' title="bbox 147 2250 1702 2336; baseline 0.004 -23"><span class='ocrx_word' id='word_1_232' title='bbox 147 2251 216 2314; x_wconf 87' lang='lat' dir='ltr'><strong>fide</strong></span> <span class='ocrx_word' id='word_1_233' title='bbox 240 2251 335 2314; x_wconf 93' lang='lat' dir='ltr'><strong>vivet.</strong></span> <span class='ocrx_word' id='word_1_234' title='bbox 363 2250 478 2326; x_wconf 84' lang='lat' dir='ltr'><strong>Tertio,</strong></span> <span class='ocrx_word' id='word_1_235' title='bbox 505 2251 580 2333; x_wconf 87' lang='lat' dir='ltr'><strong>quia</strong></span> <span class='ocrx_word' id='word_1_236' title='bbox 608 2269 666 2332; x_wconf 93' lang='lat' dir='ltr'><strong>per</strong></span> <span class='ocrx_word' id='word_1_237' title='bbox 689 2251 767 2313; x_wconf 92' lang='lat' dir='ltr'><strong>fidei</strong></span> <span class='ocrx_word' id='word_1_238' title='bbox 789 2259 897 2314; x_wconf 88' lang='lat' dir='ltr'><strong>actum</strong></span> <span class='ocrx_word' id='word_1_239' title='bbox 952 2253 1010 2315; x_wconf 90' lang='lat' dir='ltr'><strong>Per</strong></span> <span class='ocrx_word' id='word_1_240' title='bbox 1029 2253 1126 2335; x_wconf 90' lang='lat' dir='ltr'><strong>pedes</strong></span> <span class='ocrx_word' id='word_1_241' title='bbox 1142 2255 1273 2336; x_wconf 86' lang='lat' dir='ltr'><strong>quippe,</strong></span> <span class='ocrx_word' id='word_1_242' title='bbox 1290 2274 1361 2336; x_wconf 79' lang='lat' dir='ltr'><strong>quaa</strong></span> <span class='ocrx_word' id='word_1_243' title='bbox 1376 2261 1517 2319; x_wconf 89' lang='lat' dir='ltr'><strong>extrema</strong></span> <span class='ocrx_word' id='word_1_244' title='bbox 1537 2263 1569 2319; x_wconf 92' lang='lat' dir='ltr'><strong>et</strong></span> <span class='ocrx_word' id='word_1_245' title='bbox 1588 2257 1702 2320; x_wconf 90' lang='lat' dir='ltr'><strong>infima</strong></span> 
     </span>
     <span class='ocr_line' id='line_1_19' title="bbox 147 2348 1703 2434; baseline 0.004 -22"><span class='ocrx_word' id='word_1_246' title='bbox 147 2351 251 2412; x_wconf 88' lang='lat' dir='ltr'><strong>Deum</strong></span> <span class='ocrx_word' id='word_1_247' title='bbox 282 2349 420 2412; x_wconf 88' lang='lat' dir='ltr'><strong>maxime</strong></span> <span class='ocrx_word' id='word_1_248' title='bbox 443 2348 647 2423; x_wconf 90' lang='lat' dir='ltr'><strong>honoramus,</strong></span> <span class='ocrx_word' id='word_1_249' title='bbox 673 2350 750 2413; x_wconf 92' lang='lat' dir='ltr'><strong>dum</strong></span> <span class='ocrx_word' id='word_1_250' title='bbox 774 2349 897 2412; x_wconf 90' lang='lat' dir='ltr'><strong>scilicet</strong></span> <span class='ocrx_word' id='word_1_251' title='bbox 953 2351 1095 2434; x_wconf 91' lang='lat' dir='ltr'><strong>corporis</strong></span> <span class='ocrx_word' id='word_1_252' title='bbox 1116 2360 1201 2426; x_wconf 91' lang='lat' dir='ltr'><strong>sunt,</strong></span> <span class='ocrx_word' id='word_1_253' title='bbox 1218 2352 1432 2434; x_wconf 83' lang='lat' dir='ltr'><strong>intelligendae</strong></span> <span class='ocrx_word' id='word_1_254' title='bbox 1452 2361 1527 2417; x_wconf 90' lang='lat' dir='ltr'><strong>sunt</strong></span> <span class='ocrx_word' id='word_1_255' title='bbox 1543 2354 1703 2418; x_wconf 89' lang='lat' dir='ltr'><strong>defectuo-</strong></span> 
     </span>
     <span class='ocr_line' id='line_1_20' title="bbox 147 2447 1702 2534; baseline 0.005 -25"><span class='ocrx_word' id='word_1_256' title='bbox 147 2453 281 2530; x_wconf 89' lang='lat' dir='ltr'><strong>propter</strong></span> <span class='ocrx_word' id='word_1_257' title='bbox 306 2447 408 2529; x_wconf 88' lang='lat' dir='ltr'><strong>ipsius</strong></span> <span class='ocrx_word' id='word_1_258' title='bbox 436 2447 657 2510; x_wconf 88' lang='lat' dir='ltr'><strong>auctoritatem</strong></span> <span class='ocrx_word' id='word_1_259' title='bbox 684 2465 721 2510; x_wconf 89' lang='lat' dir='ltr'><strong>ao</strong></span> <span class='ocrx_word' id='word_1_260' title='bbox 750 2466 896 2510; x_wconf 91' lang='lat' dir='ltr'><strong>reveren·</strong></span> <span class='ocrx_word' id='word_1_261' title='bbox 953 2450 1072 2524; x_wconf 88' lang='lat' dir='ltr'><strong>sitates,</strong></span> <span class='ocrx_word' id='word_1_262' title='bbox 1088 2448 1288 2524; x_wconf 85' lang='lat' dir='ltr'><strong>vitiositates,</strong></span> <span class='ocrx_word' id='word_1_263' title='bbox 1304 2452 1413 2514; x_wconf 91' lang='lat' dir='ltr'><strong>sordes</strong></span> <span class='ocrx_word' id='word_1_264' title='bbox 1434 2459 1466 2514; x_wconf 91' lang='lat' dir='ltr'><strong>et</strong></span> <span class='ocrx_word' id='word_1_265' title='bbox 1487 2452 1702 2534; x_wconf 88' lang='lat' dir='ltr'><strong>turpitudines</strong></span> 
     </span>
     <span class='ocr_line' id='line_1_21' title="bbox 148 2545 1701 2633; baseline 0.003 -25"><span class='ocrx_word' id='word_1_266' title='bbox 148 2548 227 2608; x_wconf 89' lang='lat' dir='ltr'><strong>tiam</strong></span> <span class='ocrx_word' id='word_1_267' title='bbox 250 2545 441 2626; x_wconf 89' lang='lat' dir='ltr'><strong>subjicimus</strong></span> <span class='ocrx_word' id='word_1_268' title='bbox 463 2545 661 2608; x_wconf 91' lang='lat' dir='ltr'><strong>intellectum</strong></span> <span class='ocrx_word' id='word_1_269' title='bbox 683 2553 828 2609; x_wconf 89' lang='lat' dir='ltr'><strong>nostrum</strong></span> <span class='ocrx_word' id='word_1_270' title='bbox 849 2566 897 2609; x_wconf 93' lang='lat' dir='ltr'><strong>ar·</strong></span> <span class='ocrx_word' id='word_1_271' title='bbox 952 2549 1093 2611; x_wconf 92' lang='lat' dir='ltr'><strong>bominis</strong></span> <span class='ocrx_word' id='word_1_272' title='bbox 1116 2549 1149 2610; x_wconf 92' lang='lat' dir='ltr'><strong>iu</strong></span> <span class='ocrx_word' id='word_1_273' title='bbox 1170 2566 1304 2630; x_wconf 87' lang='lat' dir='ltr'><strong>corpore</strong></span> <span class='ocrx_word' id='word_1_274' title='bbox 1323 2557 1355 2611; x_wconf 93' lang='lat' dir='ltr'><strong>et</strong></span> <span class='ocrx_word' id='word_1_275' title='bbox 1374 2549 1407 2611; x_wconf 94' lang='lat' dir='ltr'><strong>in</strong></span> <span class='ocrx_word' id='word_1_276' title='bbox 1427 2550 1533 2613; x_wconf 89' lang='lat' dir='ltr'><strong>anima</strong></span> <span class='ocrx_word' id='word_1_277' title='bbox 1549 2567 1557 2612; x_wconf 75' lang='lat' dir='ltr'><strong>t</strong></span> <span class='ocrx_word' id='word_1_278' title='bbox 1574 2569 1652 2633; x_wconf 89' lang='lat' dir='ltr'><strong>quas</strong></span> <span class='ocrx_word' id='word_1_279' title='bbox 1674 2551 1701 2614; x_wconf 92' lang='lat' dir='ltr'><strong>si</strong></span> 
     </span>
     <span class='ocr_line' id='line_1_22' title="bbox 148 2643 1702 2729; baseline 0.003 -23"><span class='ocrx_word' id='word_1_280' title='bbox 148 2645 258 2708; x_wconf 92' lang='lat' dir='ltr'><strong>ticulis</strong></span> <span class='ocrx_word' id='word_1_281' title='bbox 273 2644 351 2707; x_wconf 91' lang='lat' dir='ltr'><strong>fidei</strong></span> <span class='ocrx_word' id='word_1_282' title='bbox 366 2643 558 2718; x_wconf 77' lang='lat' dir='ltr'><strong>christiane,</strong></span> <span class='ocrx_word' id='word_1_283' title='bbox 575 2643 745 2725; x_wconf 83' lang='lat' dir='ltr'><strong>praebendo</strong></span> <span class='ocrx_word' id='word_1_284' title='bbox 762 2644 895 2708; x_wconf 91' lang='lat' dir='ltr'><strong>firmum</strong></span> <span class='ocrx_word' id='word_1_285' title='bbox 954 2645 1026 2728; x_wconf 93' lang='lat' dir='ltr'><strong>quis</strong></span> <span class='ocrx_word' id='word_1_286' title='bbox 1041 2653 1133 2708; x_wconf 92' lang='lat' dir='ltr'><strong>acute</strong></span> <span class='ocrx_word' id='word_1_287' title='bbox 1150 2645 1320 2720; x_wconf 89' lang='lat' dir='ltr'><strong>intueatur,</strong></span> <span class='ocrx_word' id='word_1_288' title='bbox 1332 2664 1366 2708; x_wconf 88' lang='lat' dir='ltr'><strong>sc</strong></span> <span class='ocrx_word' id='word_1_289' title='bbox 1381 2646 1488 2728; x_wconf 91' lang='lat' dir='ltr'><strong>ipsum</strong></span> <span class='ocrx_word' id='word_1_290' title='bbox 1504 2647 1580 2710; x_wconf 90' lang='lat' dir='ltr'><strong>satis</strong></span> <span class='ocrx_word' id='word_1_291' title='bbox 1596 2667 1702 2729; x_wconf 91' lang='lat' dir='ltr'><strong>asper-</strong></span> 
     </span>
     <span class='ocr_line' id='line_1_23' title="bbox 147 2742 1701 2826; baseline 0.001 -20"><span class='ocrx_word' id='word_1_292' title='bbox 147 2762 316 2806; x_wconf 91' lang='lat' dir='ltr'><strong>assensum</strong></span> <span class='ocrx_word' id='word_1_293' title='bbox 346 2743 397 2806; x_wconf 92' lang='lat' dir='ltr'><strong>his</strong></span> <span class='ocrx_word' id='word_1_294' title='bbox 422 2763 493 2825; x_wconf 79' lang='lat' dir='ltr'><strong>quaa</strong></span> <span class='ocrx_word' id='word_1_295' title='bbox 517 2763 574 2826; x_wconf 93' lang='lat' dir='ltr'><strong>per</strong></span> <span class='ocrx_word' id='word_1_296' title='bbox 603 2743 801 2806; x_wconf 90' lang='lat' dir='ltr'><strong>intellectum</strong></span> <span class='ocrx_word' id='word_1_297' title='bbox 825 2744 896 2826; x_wconf 90' lang='lat' dir='ltr'><strong>capi</strong></span> <span class='ocrx_word' id='word_1_298' title='bbox 953 2743 1022 2804; x_wconf 89' lang='lat' dir='ltr'><strong>nari</strong></span> <span class='ocrx_word' id='word_1_299' title='bbox 1038 2750 1070 2806; x_wconf 93' lang='lat' dir='ltr'><strong>et</strong></span> <span class='ocrx_word' id='word_1_300' title='bbox 1083 2742 1254 2805; x_wconf 90' lang='lat' dir='ltr'><strong>humiliare</strong></span> <span class='ocrx_word' id='word_1_301' title='bbox 1269 2760 1333 2806; x_wconf 92' lang='lat' dir='ltr'><strong>uon</strong></span> <span class='ocrx_word' id='word_1_302' title='bbox 1348 2745 1473 2825; x_wconf 93' lang='lat' dir='ltr'><strong>poterit.</strong></span> <span class='ocrx_word' id='word_1_303' title='bbox 1486 2744 1701 2808; x_wconf 86' lang='lat' dir='ltr'><strong>Humilitatem</strong></span> 
     </span>
     <span class='ocr_line' id='line_1_24' title="bbox 148 2841 1699 2925; baseline 0.001 -21"><span class='ocrx_word' id='word_1_304' title='bbox 148 2860 215 2905; x_wconf 94' lang='lat' dir='ltr'><strong>non</strong></span> <span class='ocrx_word' id='word_1_305' title='bbox 230 2843 347 2916; x_wconf 86' lang='lat' dir='ltr'><strong>valent,</strong></span> <span class='ocrx_word' id='word_1_306' title='bbox 365 2842 429 2905; x_wconf 91' lang='lat' dir='ltr'><strong>imo</strong></span> <span class='ocrx_word' id='word_1_307' title='bbox 444 2859 573 2904; x_wconf 91' lang='lat' dir='ltr'><strong>omnem</strong></span> <span class='ocrx_word' id='word_1_308' title='bbox 593 2843 748 2905; x_wconf 91' lang='lat' dir='ltr'><strong>rationem</strong></span> <span class='ocrx_word' id='word_1_309' title='bbox 768 2860 898 2925; x_wconf 92' lang='lat' dir='ltr'><strong>prorsus</strong></span> <span class='ocrx_word' id='word_1_310' title='bbox 953 2858 1028 2921; x_wconf 84' lang='lat' dir='ltr'><strong>ergo</strong></span> <span class='ocrx_word' id='word_1_311' title='bbox 1041 2841 1161 2922; x_wconf 89' lang='lat' dir='ltr'><strong>jugiter</strong></span> <span class='ocrx_word' id='word_1_312' title='bbox 1174 2841 1417 2922; x_wconf 88' lang='lat' dir='ltr'><strong>amplectamur,</strong></span> <span class='ocrx_word' id='word_1_313' title='bbox 1427 2841 1592 2924; x_wconf 90' lang='lat' dir='ltr'><strong>simusque</strong></span> <span class='ocrx_word' id='word_1_314' title='bbox 1607 2843 1699 2916; x_wconf 69' lang='lat' dir='ltr'><strong>viles</strong></span> 
     </span>
     <span class='ocr_line' id='line_1_25' title="bbox 147 2938 1703 3022; baseline 0.001 -20"><span class='ocrx_word' id='word_1_315' title='bbox 147 2941 388 3004; x_wconf 87' lang='lat' dir='ltr'><strong>transcendunt.</strong></span> <span class='ocrx_word' id='word_1_316' title='bbox 405 2941 492 3003; x_wconf 93' lang='lat' dir='ltr'><strong>Unde</strong></span> <span class='ocrx_word' id='word_1_317' title='bbox 511 2941 650 3003; x_wconf 89' lang='lat' dir='ltr'><strong>secunda</strong></span> <span class='ocrx_word' id='word_1_318' title='bbox 665 2941 703 3004; x_wconf 91' lang='lat' dir='ltr'><strong>ad</strong></span> <span class='ocrx_word' id='word_1_319' title='bbox 720 2941 898 3004; x_wconf 86' lang='lat' dir='ltr'><strong>Corinthios</strong></span> <span class='ocrx_word' id='word_1_320' title='bbox 953 2939 1031 3004; x_wconf 88' lang='lat' dir='ltr'><strong>foedi</strong></span> <span class='ocrx_word' id='word_1_321' title='bbox 1055 2958 1091 3001; x_wconf 90' lang='lat' dir='ltr'><strong>ac</strong></span> <span class='ocrx_word' id='word_1_322' title='bbox 1117 2938 1226 3001; x_wconf 91' lang='lat' dir='ltr'><strong>miseri</strong></span> <span class='ocrx_word' id='word_1_323' title='bbox 1252 2940 1285 3002; x_wconf 93' lang='lat' dir='ltr'><strong>in</strong></span> <span class='ocrx_word' id='word_1_324' title='bbox 1310 2939 1449 3022; x_wconf 91' lang='lat' dir='ltr'><strong>propriis</strong></span> <span class='ocrx_word' id='word_1_325' title='bbox 1470 2939 1584 3014; x_wconf 92' lang='lat' dir='ltr'><strong>oculis,</strong></span> <span class='ocrx_word' id='word_1_326' title='bbox 1602 2941 1645 3003; x_wconf 88' lang='lat' dir='ltr'><strong>ita</strong></span> <span class='ocrx_word' id='word_1_327' title='bbox 1667 2948 1703 3003; x_wconf 91' lang='lat' dir='ltr'><strong>ut</strong></span> 
     </span>
    </p>

    <p class='ocr_par' dir='ltr' id='par_1_7' title="bbox 10 3037 1701 3319">
     <span class='ocr_line' id='line_1_26' title="bbox 10 3037 1700 3122; baseline -0.003 -16"><span class='ocrx_word' id='word_1_328' title='bbox 10 3062 131 3112; x_wconf 54' lang='lat' dir='ltr'><strong>coram.</strong></span> <span class='ocrx_word' id='word_1_329' title='bbox 147 3039 196 3102; x_wconf 93' lang='lat' dir='ltr'><strong>ait</strong></span> <span class='ocrx_word' id='word_1_330' title='bbox 215 3039 384 3122; x_wconf 87' lang='lat' dir='ltr'><strong>Apostolus</strong></span> <span class='ocrx_word' id='word_1_331' title='bbox 402 3057 408 3101; x_wconf 93' lang='lat'>:</span> <span class='ocrx_word' id='word_1_332' title='bbox 425 3040 459 3101; x_wconf 91' lang='lat' dir='ltr'><strong>ln</strong></span> <span class='ocrx_word' id='word_1_333' title='bbox 483 3039 699 3122; x_wconf 91' lang='lat' dir='ltr'><strong>captivitatem</strong></span> <span class='ocrx_word' id='word_1_334' title='bbox 724 3039 897 3120; x_wconf 91' lang='lat' dir='ltr'><strong>redigimus</strong></span> <span class='ocrx_word' id='word_1_335' title='bbox 917 3038 1042 3111; x_wconf 79' lang='lat' dir='ltr'><strong>comni</strong></span> <span class='ocrx_word' id='word_1_336' title='bbox 1063 3038 1255 3101; x_wconf 89' lang='lat' dir='ltr'><strong>adversitate</strong></span> <span class='ocrx_word' id='word_1_337' title='bbox 1278 3037 1471 3100; x_wconf 89' lang='lat' dir='ltr'><strong>arbitremur</strong></span> <span class='ocrx_word' id='word_1_338' title='bbox 1494 3055 1552 3102; x_wconf 92' lang='lat' dir='ltr'><strong>nos</strong></span> <span class='ocrx_word' id='word_1_339' title='bbox 1577 3038 1700 3120; x_wconf 89' lang='lat' dir='ltr'><strong>dignos,</strong></span> 
     </span>
     <span class='ocr_line' id='line_1_27' title="bbox 147 3136 1701 3219; baseline -0.001 -18"><span class='ocrx_word' id='word_1_340' title='bbox 147 3157 279 3202; x_wconf 89' lang='lat' dir='ltr'><strong>omnem</strong></span> <span class='ocrx_word' id='word_1_341' title='bbox 300 3137 498 3200; x_wconf 89' lang='lat' dir='ltr'><strong>intellectum</strong></span> <span class='ocrx_word' id='word_1_342' title='bbox 515 3137 548 3200; x_wconf 92' lang='lat' dir='ltr'><strong>in</strong></span> <span class='ocrx_word' id='word_1_343' title='bbox 563 3137 754 3219; x_wconf 90' lang='lat' dir='ltr'><strong>obsequium</strong></span> <span class='ocrx_word' id='word_1_344' title='bbox 770 3137 894 3201; x_wconf 87' lang='lat' dir='ltr'><strong>Christi.</strong></span> <span class='ocrx_word' id='word_1_345' title='bbox 955 3144 986 3200; x_wconf 91' lang='lat' dir='ltr'><strong>et</strong></span> <span class='ocrx_word' id='word_1_346' title='bbox 1006 3138 1050 3198; x_wconf 89' lang='lat' dir='ltr'><strong>ita</strong></span> <span class='ocrx_word' id='word_1_347' title='bbox 1069 3143 1199 3218; x_wconf 91' lang='lat' dir='ltr'><strong>propter</strong></span> <span class='ocrx_word' id='word_1_348' title='bbox 1218 3137 1360 3210; x_wconf 89' lang='lat' dir='ltr'><strong>adversa,</strong></span> <span class='ocrx_word' id='word_1_349' title='bbox 1377 3136 1522 3217; x_wconf 89' lang='lat' dir='ltr'><strong>injurias,</strong></span> <span class='ocrx_word' id='word_1_350' title='bbox 1539 3136 1701 3200; x_wconf 89' lang='lat' dir='ltr'><strong>irrisiones</strong></span> 
     </span>
     <span class='ocr_line' id='line_1_28' title="bbox 148 3234 1701 3319; baseline -0.001 -19"><span class='ocrx_word' id='word_1_351' title='bbox 148 3238 277 3312; x_wconf 84' lang='lat' dir='ltr'><strong>Quarto,</strong></span> <span class='ocrx_word' id='word_1_352' title='bbox 294 3238 370 3318; x_wconf 88' lang='lat' dir='ltr'><strong>quia</strong></span> <span class='ocrx_word' id='word_1_353' title='bbox 385 3256 442 3319; x_wconf 92' lang='lat' dir='ltr'><strong>per</strong></span> <span class='ocrx_word' id='word_1_354' title='bbox 456 3237 556 3299; x_wconf 91' lang='lat' dir='ltr'><strong>fidem</strong></span> <span class='ocrx_word' id='word_1_355' title='bbox 573 3236 635 3298; x_wconf 89' lang='lat' dir='ltr'><strong>alia</strong></span> <span class='ocrx_word' id='word_1_356' title='bbox 650 3237 732 3299; x_wconf 93' lang='lat' dir='ltr'><strong>dona</strong></span> <span class='ocrx_word' id='word_1_357' title='bbox 748 3237 896 3318; x_wconf 86' lang='lat' dir='ltr'><strong>impetra·</strong></span> <span class='ocrx_word' id='word_1_358' title='bbox 954 3252 1018 3297; x_wconf 94' lang='grc' dir='ltr'><strong>θοθ</strong></span> <span class='ocrx_word' id='word_1_359' title='bbox 1044 3234 1258 3315; x_wconf 91' lang='lat' dir='ltr'><strong>indignemur,</strong></span> <span class='ocrx_word' id='word_1_360' title='bbox 1285 3234 1340 3296; x_wconf 94' lang='lat' dir='ltr'><strong>sed</strong></span> <span class='ocrx_word' id='word_1_361' title='bbox 1370 3234 1526 3315; x_wconf 91' lang='lat' dir='ltr'><strong>patientes</strong></span> <span class='ocrx_word' id='word_1_362' title='bbox 1556 3253 1701 3317; x_wconf 87' lang='lat' dir='ltr'><strong>perseve-</strong></span> 
     </span>
    </p>

    <p class='ocr_par' dir='ltr' id='par_1_8' title="bbox 2 3333 1537 3417">
     <span class='ocr_line' id='line_1_29' title="bbox 2 3333 1537 3417; baseline -0.005 -15"><span class='ocrx_word' id='word_1_363' title='bbox 2 3359 78 3404; x_wconf 73' lang='lat' dir='ltr'><strong>rem.</strong></span> <span class='ocrx_word' id='word_1_364' title='bbox 97 3373 132 3410; x_wconf 73' lang='lat' dir='ltr'><strong>u,</strong></span> <span class='ocrx_word' id='word_1_365' title='bbox 149 3355 224 3400; x_wconf 91' lang='lat' dir='ltr'><strong>mus</strong></span> <span class='ocrx_word' id='word_1_366' title='bbox 248 3355 266 3398; x_wconf 98' lang='lat' dir='ltr'><strong>a</strong></span> <span class='ocrx_word' id='word_1_367' title='bbox 289 3336 364 3410; x_wconf 87' lang='lat' dir='ltr'><strong>Deo,</strong></span> <span class='ocrx_word' id='word_1_368' title='bbox 390 3354 490 3417; x_wconf 92' lang='lat' dir='ltr'><strong>quum</strong></span> <span class='ocrx_word' id='word_1_369' title='bbox 514 3335 599 3397; x_wconf 86' lang='lat' dir='ltr'><strong>dicat</strong></span> <span class='ocrx_word' id='word_1_370' title='bbox 621 3334 763 3398; x_wconf 88' lang='lat' dir='ltr'><strong>Salvator</strong></span> <span class='ocrx_word' id='word_1_371' title='bbox 789 3352 795 3396; x_wconf 94' lang='lat'><strong>:</strong></span> <span class='ocrx_word' id='word_1_372' title='bbox 821 3335 896 3408; x_wconf 84' lang='lat' dir='ltr'><strong>Qui·</strong></span> <span class='ocrx_word' id='word_1_373' title='bbox 955 3351 1072 3406; x_wconf 93' lang='lat' dir='ltr'><strong>remus,</strong></span> <span class='ocrx_word' id='word_1_374' title='bbox 1089 3340 1121 3394; x_wconf 93' lang='lat' dir='ltr'><strong>et</strong></span> <span class='ocrx_word' id='word_1_375' title='bbox 1139 3333 1254 3413; x_wconf 89' lang='lat' dir='ltr'><strong>gratias</strong></span> <span class='ocrx_word' id='word_1_376' title='bbox 1275 3333 1339 3395; x_wconf 87' lang='lat' dir='ltr'><strong>Deo</strong></span> <span class='ocrx_word' id='word_1_377' title='bbox 1358 3333 1537 3396; x_wconf 89' lang='lat' dir='ltr'><strong>reddamus.</strong></span> 
     </span>
    </p>

    <p class='ocr_par' dir='ltr' id='par_1_9' title="bbox 2 3428 1847 3711">
     <span class='ocr_line' id='line_1_30' title="bbox 2 3428 1847 3515; baseline -0.001 -19"><span class='ocrx_word' id='word_1_378' title='bbox 2 3428 15 3464; x_wconf 70' lang='lat'><strong>⁸·</strong></span> <span class='ocrx_word' id='word_1_379' title='bbox 147 3452 290 3515; x_wconf 86' lang='lat' dir='ltr'><strong>cumque</strong></span> <span class='ocrx_word' id='word_1_380' title='bbox 319 3433 435 3495; x_wconf 83' lang='lat' dir='ltr'><strong>dixerit</strong></span> <span class='ocrx_word' id='word_1_381' title='bbox 462 3433 539 3495; x_wconf 90' lang='lat' dir='ltr'><strong>huic</strong></span> <span class='ocrx_word' id='word_1_382' title='bbox 562 3433 674 3507; x_wconf 89' lang='lat' dir='ltr'><strong>monti,</strong></span> <span class='ocrx_word' id='word_1_383' title='bbox 698 3433 784 3495; x_wconf 83' lang='lat' dir='ltr'><strong>tacta</strong></span> <span class='ocrx_word' id='word_1_384' title='bbox 808 3441 838 3494; x_wconf 91' lang='lat' dir='ltr'><strong>te</strong></span> <span class='ocrx_word' id='word_1_385' title='bbox 863 3433 896 3495; x_wconf 91' lang='lat' dir='ltr'><strong>in</strong></span> <span class='ocrx_word' id='word_1_386' title='bbox 993 3432 1126 3512; x_wconf 92' lang='lat' dir='ltr'><strong>lnsuper</strong></span> <span class='ocrx_word' id='word_1_387' title='bbox 1140 3433 1179 3493; x_wconf 88' lang='lat' dir='ltr'><strong>de</strong></span> <span class='ocrx_word' id='word_1_388' title='bbox 1194 3431 1323 3494; x_wconf 87' lang='lat' dir='ltr'><strong>caritate</strong></span> <span class='ocrx_word' id='word_1_389' title='bbox 1337 3432 1382 3493; x_wconf 90' lang='lat' dir='ltr'><strong>ait</strong></span> <span class='ocrx_word' id='word_1_390' title='bbox 1394 3431 1586 3506; x_wconf 88' lang='lat' dir='ltr'><strong>Salvator,ut</strong></span> <span class='ocrx_word' id='word_1_391' title='bbox 1601 3431 1700 3494; x_wconf 88' lang='lat' dir='ltr'><strong>Deum</strong></span> <span class='ocrx_word' id='word_1_392' title='bbox 1714 3448 1847 3503; x_wconf 68' lang='lat' dir='ltr'><strong>aureuma</strong></span> 
     </span>
     <span class='ocr_line' id='line_1_31' title="bbox 148 3514 1783 3610; baseline -0.001 -16"><span class='ocrx_word' id='word_1_393' title='bbox 148 3551 250 3606; x_wconf 92' lang='lat' dir='ltr'><strong>mare,</strong></span> <span class='ocrx_word' id='word_1_394' title='bbox 266 3539 298 3593; x_wconf 88' lang='lat' dir='ltr'><strong>et</strong></span> <span class='ocrx_word' id='word_1_395' title='bbox 313 3547 376 3594; x_wconf 91' lang='lat' dir='ltr'><strong>non</strong></span> <span class='ocrx_word' id='word_1_396' title='bbox 391 3531 583 3595; x_wconf 84' lang='lat' dir='ltr'><strong>baesitaverit</strong></span> <span class='ocrx_word' id='word_1_397' title='bbox 598 3531 630 3594; x_wconf 93' lang='lat' dir='ltr'><strong>in</strong></span> <span class='ocrx_word' id='word_1_398' title='bbox 647 3531 741 3593; x_wconf 93' lang='lat' dir='ltr'><strong>corde</strong></span> <span class='ocrx_word' id='word_1_399' title='bbox 756 3547 824 3604; x_wconf 91' lang='lat' dir='ltr'><strong>suo,</strong></span> <span class='ocrx_word' id='word_1_400' title='bbox 841 3531 896 3592; x_wconf 92' lang='lat' dir='ltr'><strong>sed</strong></span> <span class='ocrx_word' id='word_1_401' title='bbox 953 3537 1019 3593; x_wconf 89' lang='lat' dir='ltr'><strong>toto</strong></span> <span class='ocrx_word' id='word_1_402' title='bbox 1041 3528 1135 3592; x_wconf 92' lang='lat' dir='ltr'><strong>corde</strong></span> <span class='ocrx_word' id='word_1_403' title='bbox 1159 3546 1314 3602; x_wconf 91' lang='lat' dir='ltr'><strong>amemus,</strong></span> <span class='ocrx_word' id='word_1_404' title='bbox 1335 3536 1367 3590; x_wconf 94' lang='lat' dir='ltr'><strong>et</strong></span> <span class='ocrx_word' id='word_1_405' title='bbox 1389 3530 1551 3610; x_wconf 90' lang='lat' dir='ltr'><strong>proximos</strong></span> <span class='ocrx_word' id='word_1_406' title='bbox 1576 3536 1699 3594; x_wconf 91' lang='lat' dir='ltr'><strong>nostros</strong></span> <span class='ocrx_word' id='word_1_407' title='bbox 1714 3514 1783 3556; x_wconf 70' lang='lat'>³⁷⁴⁰·</span> 
     </span>
     <span class='ocr_line' id='line_1_32' title="bbox 147 3626 1701 3711; baseline -0.001 -19"><span class='ocrx_word' id='word_1_408' title='bbox 147 3629 323 3692; x_wconf 88' lang='lat' dir='ltr'><strong>crediderit</strong></span> <span class='ocrx_word' id='word_1_409' title='bbox 341 3629 417 3710; x_wconf 90' lang='lat' dir='ltr'><strong>quia</strong></span> <span class='ocrx_word' id='word_1_410' title='bbox 437 3630 662 3711; x_wconf 88' lang='lat' dir='ltr'><strong>quodcumque</strong></span> <span class='ocrx_word' id='word_1_411' title='bbox 684 3629 810 3702; x_wconf 83' lang='lat' dir='ltr'><strong>dixerit,</strong></span> <span class='ocrx_word' id='word_1_412' title='bbox 826 3628 894 3704; x_wconf 90' lang='lat' dir='ltr'><strong>fiat,</strong></span> <span class='ocrx_word' id='word_1_413' title='bbox 952 3635 1105 3709; x_wconf 90' lang='lat' dir='ltr'><strong>tanquam</strong></span> <span class='ocrx_word' id='word_1_414' title='bbox 1120 3644 1177 3689; x_wconf 92' lang='lat' dir='ltr'><strong>nos</strong></span> <span class='ocrx_word' id='word_1_415' title='bbox 1194 3627 1279 3708; x_wconf 89' lang='lat' dir='ltr'><strong>ipsos</strong></span> <span class='ocrx_word' id='word_1_416' title='bbox 1294 3643 1300 3688; x_wconf 94' lang='lat'><strong>:</strong></span> <span class='ocrx_word' id='word_1_417' title='bbox 1318 3627 1352 3688; x_wconf 91' lang='lat' dir='ltr'><strong>ln</strong></span> <span class='ocrx_word' id='word_1_418' title='bbox 1367 3626 1417 3690; x_wconf 91' lang='lat' dir='ltr'><strong>his</strong></span> <span class='ocrx_word' id='word_1_419' title='bbox 1432 3627 1609 3709; x_wconf 92' lang='lat' dir='ltr'><strong>(inquiens)</strong></span> <span class='ocrx_word' id='word_1_420' title='bbox 1625 3631 1701 3692; x_wconf 77' lang='lat' dir='ltr'><strong>duo</strong></span> 
     </span>
    </p>

    <p class='ocr_par' dir='ltr' id='par_1_10' title="bbox 2 3724 1845 4581">
     <span class='ocr_line' id='line_1_33' title="bbox 2 3724 1698 3808; baseline 0 -22"><span class='ocrx_word' id='word_1_421' title='bbox 2 3744 95 3795; x_wconf 57' lang='lat' dir='ltr'><strong>scaen,</strong></span> <span class='ocrx_word' id='word_1_422' title='bbox 106 3745 130 3792; x_wconf 85' lang='lat' dir='ltr'><strong>a,</strong></span> <span class='ocrx_word' id='word_1_423' title='bbox 147 3727 218 3790; x_wconf 87' lang='lat' dir='ltr'><strong>fiet.</strong></span> <span class='ocrx_word' id='word_1_424' title='bbox 240 3727 320 3790; x_wconf 85' lang='lat' dir='ltr'><strong>ilinc</strong></span> <span class='ocrx_word' id='word_1_425' title='bbox 343 3736 375 3790; x_wconf 88' lang='lat' dir='ltr'><strong>et</strong></span> <span class='ocrx_word' id='word_1_426' title='bbox 397 3728 532 3791; x_wconf 83' lang='lat' dir='ltr'><strong>lacobus</strong></span> <span class='ocrx_word' id='word_1_427' title='bbox 555 3729 599 3790; x_wconf 90' lang='lat' dir='ltr'><strong>ait</strong></span> <span class='ocrx_word' id='word_1_428' title='bbox 615 3747 621 3792; x_wconf 94' lang='lat'>:</span> <span class='ocrx_word' id='word_1_429' title='bbox 638 3727 777 3791; x_wconf 90' lang='lat' dir='ltr'><strong>Postulet</strong></span> <span class='ocrx_word' id='word_1_430' title='bbox 800 3728 896 3790; x_wconf 93' lang='lat' dir='ltr'><strong>bomo</strong></span> <span class='ocrx_word' id='word_1_431' title='bbox 952 3725 1014 3788; x_wconf 90' lang='lat' dir='ltr'><strong>bus</strong></span> <span class='ocrx_word' id='word_1_432' title='bbox 1030 3724 1185 3787; x_wconf 89' lang='lat' dir='ltr'><strong>mandatis</strong></span> <span class='ocrx_word' id='word_1_433' title='bbox 1200 3731 1265 3787; x_wconf 89' lang='lat' dir='ltr'><strong>tota</strong></span> <span class='ocrx_word' id='word_1_434' title='bbox 1280 3724 1330 3787; x_wconf 85' lang='lat' dir='ltr'><strong>lex</strong></span> <span class='ocrx_word' id='word_1_435' title='bbox 1347 3725 1465 3806; x_wconf 93' lang='lat' dir='ltr'><strong>pendet</strong></span> <span class='ocrx_word' id='word_1_436' title='bbox 1479 3732 1511 3787; x_wconf 91' lang='lat' dir='ltr'><strong>et</strong></span> <span class='ocrx_word' id='word_1_437' title='bbox 1525 3725 1698 3808; x_wconf 79' lang='lat' dir='ltr'><strong>Prophetae.</strong></span> 
     </span>
     <span class='ocr_line' id='line_1_34' title="bbox 147 3822 1700 3908; baseline -0.001 -18"><span class='ocrx_word' id='word_1_438' title='bbox 147 3828 185 3890; x_wconf 93' lang='lat' dir='ltr'><strong>in</strong></span> <span class='ocrx_word' id='word_1_439' title='bbox 207 3825 283 3900; x_wconf 89' lang='lat' dir='ltr'><strong>fide,</strong></span> <span class='ocrx_word' id='word_1_440' title='bbox 305 3826 385 3889; x_wconf 94' lang='lat' dir='ltr'><strong>nihil</strong></span> <span class='ocrx_word' id='word_1_441' title='bbox 410 3827 576 3906; x_wconf 80' lang='lat' dir='ltr'><strong>baesitans;</strong></span> <span class='ocrx_word' id='word_1_442' title='bbox 596 3826 652 3908; x_wconf 94' lang='lat' dir='ltr'><strong>qui</strong></span> <span class='ocrx_word' id='word_1_443' title='bbox 674 3833 781 3888; x_wconf 86' lang='lat' dir='ltr'><strong>autem</strong></span> <span class='ocrx_word' id='word_1_444' title='bbox 805 3826 896 3889; x_wconf 83' lang='lat' dir='ltr'><strong>haesi·</strong></span> <span class='ocrx_word' id='word_1_445' title='bbox 954 3825 1072 3888; x_wconf 82' lang='lat' dir='ltr'><strong>Caritas</strong></span> <span class='ocrx_word' id='word_1_446' title='bbox 1093 3823 1211 3886; x_wconf 88' lang='lat' dir='ltr'><strong>etenim</strong></span> <span class='ocrx_word' id='word_1_447' title='bbox 1232 3822 1299 3898; x_wconf 87' lang='lat' dir='ltr'><strong>Dei,</strong></span> <span class='ocrx_word' id='word_1_448' title='bbox 1317 3830 1365 3886; x_wconf 92' lang='lat' dir='ltr'><strong>est</strong></span> <span class='ocrx_word' id='word_1_449' title='bbox 1383 3824 1529 3887; x_wconf 93' lang='lat' dir='ltr'><strong>omnium</strong></span> <span class='ocrx_word' id='word_1_450' title='bbox 1545 3825 1700 3889; x_wconf 91' lang='lat' dir='ltr'><strong>virtutum</strong></span> 
     </span>
     <span class='ocr_line' id='line_1_35' title="bbox 146 3921 1698 4004; baseline -0.001 -17"><span class='ocrx_word' id='word_1_451' title='bbox 146 3925 276 3999; x_wconf 87' lang='lat' dir='ltr'><strong>taverit,</strong></span> <span class='ocrx_word' id='word_1_452' title='bbox 292 3924 407 3988; x_wconf 90' lang='lat' dir='ltr'><strong>similis</strong></span> <span class='ocrx_word' id='word_1_453' title='bbox 422 3932 470 3987; x_wconf 91' lang='lat' dir='ltr'><strong>est</strong></span> <span class='ocrx_word' id='word_1_454' title='bbox 482 3924 598 3986; x_wconf 87' lang='lat' dir='ltr'><strong>fluctui</strong></span> <span class='ocrx_word' id='word_1_455' title='bbox 615 3925 710 3988; x_wconf 90' lang='lat' dir='ltr'><strong>maris</strong></span> <span class='ocrx_word' id='word_1_456' title='bbox 723 3944 730 3988; x_wconf 92' lang='lat'><strong>:</strong></span> <span class='ocrx_word' id='word_1_457' title='bbox 743 3941 804 3987; x_wconf 91' lang='lat' dir='ltr'><strong>non</strong></span> <span class='ocrx_word' id='word_1_458' title='bbox 822 3941 897 4004; x_wconf 87' lang='lat' dir='ltr'><strong>ergo</strong></span> <span class='ocrx_word' id='word_1_459' title='bbox 953 3923 1073 4004; x_wconf 89' lang='lat' dir='ltr'><strong>regina,</strong></span> <span class='ocrx_word' id='word_1_460' title='bbox 1090 3923 1287 4004; x_wconf 89' lang='lat' dir='ltr'><strong>imperatrix,</strong></span> <span class='ocrx_word' id='word_1_461' title='bbox 1305 3921 1433 3997; x_wconf 87' lang='lat' dir='ltr'><strong>motrix,</strong></span> <span class='ocrx_word' id='word_1_462' title='bbox 1449 3923 1514 3985; x_wconf 85' lang='lat' dir='ltr'><strong>vita</strong></span> <span class='ocrx_word' id='word_1_463' title='bbox 1532 3930 1565 3986; x_wconf 93' lang='grc' dir='ltr'><strong>θῖ</strong></span> <span class='ocrx_word' id='word_1_464' title='bbox 1585 3922 1698 3998; x_wconf 89' lang='lat' dir='ltr'><strong>forma,</strong></span> 
     </span>
     <span class='ocr_line' id='line_1_36' title="bbox 146 4019 1698 4105; baseline -0.003 -17"><span class='ocrx_word' id='word_1_465' title='bbox 146 4024 287 4088; x_wconf 82' lang='lat' dir='ltr'><strong>aestimet</strong></span> <span class='ocrx_word' id='word_1_466' title='bbox 308 4024 403 4086; x_wconf 92' lang='lat' dir='ltr'><strong>homo</strong></span> <span class='ocrx_word' id='word_1_467' title='bbox 427 4022 491 4098; x_wconf 89' lang='lat' dir='ltr'><strong>ille,</strong></span> <span class='ocrx_word' id='word_1_468' title='bbox 512 4024 596 4104; x_wconf 92' lang='lat' dir='ltr'><strong>quod</strong></span> <span class='ocrx_word' id='word_1_469' title='bbox 618 4023 754 4105; x_wconf 87' lang='lat' dir='ltr'><strong>accipiat</strong></span> <span class='ocrx_word' id='word_1_470' title='bbox 774 4023 897 4104; x_wconf 90' lang='lat' dir='ltr'><strong>aliquid</strong></span> <span class='ocrx_word' id='word_1_471' title='bbox 954 4021 1023 4085; x_wconf 93' lang='lat' dir='ltr'><strong>sine</strong></span> <span class='ocrx_word' id='word_1_472' title='bbox 1045 4041 1108 4104; x_wconf 90' lang='lat' dir='ltr'><strong>qua</strong></span> <span class='ocrx_word' id='word_1_473' title='bbox 1129 4021 1225 4084; x_wconf 91' lang='lat' dir='ltr'><strong>homo</strong></span> <span class='ocrx_word' id='word_1_474' title='bbox 1245 4019 1455 4102; x_wconf 90' lang='lat' dir='ltr'><strong>spiritualiter</strong></span> <span class='ocrx_word' id='word_1_475' title='bbox 1475 4020 1556 4083; x_wconf 91' lang='lat' dir='ltr'><strong>nihil</strong></span> <span class='ocrx_word' id='word_1_476' title='bbox 1576 4029 1633 4084; x_wconf 91' lang='lat' dir='ltr'><strong>est.</strong></span> <span class='ocrx_word' id='word_1_477' title='bbox 1651 4023 1698 4084; x_wconf 93' lang='lat' dir='ltr'><strong>ld·</strong></span> 
     </span>
     <span class='ocr_line' id='line_1_37' title="bbox 146 4119 1698 4204; baseline -0.002 -19"><span class='ocrx_word' id='word_1_478' title='bbox 146 4143 167 4186; x_wconf 90' lang='lat' dir='ltr'><strong>a</strong></span> <span class='ocrx_word' id='word_1_479' title='bbox 184 4121 328 4184; x_wconf 87' lang='lat' dir='ltr'><strong>Domino.</strong></span> <span class='ocrx_word' id='word_1_480' title='bbox 345 4121 504 4184; x_wconf 87' lang='lat' dir='ltr'><strong>Debemus</strong></span> <span class='ocrx_word' id='word_1_481' title='bbox 519 4139 594 4201; x_wconf 90' lang='lat' dir='ltr'><strong>ergo</strong></span> <span class='ocrx_word' id='word_1_482' title='bbox 607 4121 786 4184; x_wconf 92' lang='lat' dir='ltr'><strong>firmissimi</strong></span> <span class='ocrx_word' id='word_1_483' title='bbox 801 4129 897 4204; x_wconf 89' lang='lat' dir='ltr'><strong>atque</strong></span> <span class='ocrx_word' id='word_1_484' title='bbox 953 4121 1039 4184; x_wconf 92' lang='lat' dir='ltr'><strong>circo</strong></span> <span class='ocrx_word' id='word_1_485' title='bbox 1063 4121 1227 4182; x_wconf 89' lang='lat' dir='ltr'><strong>caritatem</strong></span> <span class='ocrx_word' id='word_1_486' title='bbox 1254 4120 1287 4181; x_wconf 94' lang='lat' dir='ltr'><strong>in</strong></span> <span class='ocrx_word' id='word_1_487' title='bbox 1314 4119 1464 4182; x_wconf 91' lang='lat' dir='ltr'><strong>omnibus</strong></span> <span class='ocrx_word' id='word_1_488' title='bbox 1488 4126 1521 4183; x_wconf 92' lang='lat' dir='ltr'><strong>et</strong></span> <span class='ocrx_word' id='word_1_489' title='bbox 1542 4139 1607 4202; x_wconf 81' lang='lat' dir='ltr'><strong>prae</strong></span> <span class='ocrx_word' id='word_1_490' title='bbox 1631 4138 1698 4183; x_wconf 94' lang='lat' dir='ltr'><strong>om-</strong></span> 
     </span>
     <span class='ocr_line' id='line_1_38' title="bbox 146 4218 1697 4301; baseline -0.002 -17"><span class='ocrx_word' id='word_1_491' title='bbox 146 4220 322 4284; x_wconf 92' lang='lat' dir='ltr'><strong>certissimi</strong></span> <span class='ocrx_word' id='word_1_492' title='bbox 352 4239 421 4282; x_wconf 92' lang='lat' dir='ltr'><strong>esse</strong></span> <span class='ocrx_word' id='word_1_493' title='bbox 451 4220 483 4282; x_wconf 89' lang='lat' dir='ltr'><strong>in</strong></span> <span class='ocrx_word' id='word_1_494' title='bbox 508 4219 584 4293; x_wconf 91' lang='lat' dir='ltr'><strong>fide,</strong></span> <span class='ocrx_word' id='word_1_495' title='bbox 610 4221 692 4281; x_wconf 92' lang='lat' dir='ltr'><strong>sicut</strong></span> <span class='ocrx_word' id='word_1_496' title='bbox 720 4221 896 4284; x_wconf 87' lang='lat' dir='ltr'><strong>certissime</strong></span> <span class='ocrx_word' id='word_1_497' title='bbox 913 4221 937 4283; x_wconf 87' lang='lat' dir='ltr'>D</span> <span class='ocrx_word' id='word_1_498' title='bbox 954 4220 1049 4283; x_wconf 92' lang='lat' dir='ltr'><strong>nibus</strong></span> <span class='ocrx_word' id='word_1_499' title='bbox 1078 4238 1205 4301; x_wconf 91' lang='lat' dir='ltr'><strong>semper</strong></span> <span class='ocrx_word' id='word_1_500' title='bbox 1232 4218 1361 4292; x_wconf 91' lang='lat' dir='ltr'><strong>habere,</strong></span> <span class='ocrx_word' id='word_1_501' title='bbox 1387 4237 1574 4282; x_wconf 90' lang='lat' dir='ltr'><strong>conservare</strong></span> <span class='ocrx_word' id='word_1_502' title='bbox 1602 4226 1697 4300; x_wconf 89' lang='lat' dir='ltr'><strong>atque</strong></span> 
     </span>
     <span class='ocr_line' id='line_1_39' title="bbox 147 4317 1845 4402; baseline -0.002 -18"><span class='ocrx_word' id='word_1_503' title='bbox 147 4321 273 4384; x_wconf 88' lang='lat' dir='ltr'><strong>scimus</strong></span> <span class='ocrx_word' id='word_1_504' title='bbox 288 4319 372 4401; x_wconf 92' lang='lat' dir='ltr'><strong>quod</strong></span> <span class='ocrx_word' id='word_1_505' title='bbox 387 4319 470 4382; x_wconf 88' lang='lat' dir='ltr'><strong>Deus</strong></span> <span class='ocrx_word' id='word_1_506' title='bbox 491 4319 546 4401; x_wconf 96' lang='lat' dir='ltr'><strong>qui</strong></span> <span class='ocrx_word' id='word_1_507' title='bbox 565 4318 642 4381; x_wconf 91' lang='lat' dir='ltr'><strong>fidei</strong></span> <span class='ocrx_word' id='word_1_508' title='bbox 660 4321 749 4381; x_wconf 91' lang='lat' dir='ltr'><strong>testis</strong></span> <span class='ocrx_word' id='word_1_509' title='bbox 765 4328 823 4394; x_wconf 89' lang='lat' dir='ltr'><strong>est,</strong></span> <span class='ocrx_word' id='word_1_510' title='bbox 840 4321 898 4382; x_wconf 90' lang='lat' dir='ltr'><strong>fal·</strong></span> <span class='ocrx_word' id='word_1_511' title='bbox 952 4338 1068 4402; x_wconf 87' lang='lat' dir='ltr'><strong>augere</strong></span> <span class='ocrx_word' id='word_1_512' title='bbox 1095 4319 1127 4381; x_wconf 93' lang='lat' dir='ltr'><strong>in</strong></span> <span class='ocrx_word' id='word_1_513' title='bbox 1159 4317 1252 4381; x_wconf 92' lang='lat' dir='ltr'><strong>nobis</strong></span> <span class='ocrx_word' id='word_1_514' title='bbox 1283 4336 1447 4391; x_wconf 89' lang='lat' dir='ltr'><strong>conemur,</strong></span> <span class='ocrx_word' id='word_1_515' title='bbox 1477 4318 1697 4400; x_wconf 84' lang='lat' dir='ltr'><strong>faciamusque</strong></span> <span class='ocrx_word' id='word_1_516' title='bbox 1709 4329 1845 4382; x_wconf 58' lang='lat' dir='ltr'><strong>uranum.</strong></span> 
     </span>
     <span class='ocr_line' id='line_1_40' title="bbox 147 4417 1697 4501; baseline 0 -20"><span class='ocrx_word' id='word_1_517' title='bbox 147 4418 254 4481; x_wconf 89' lang='lat' dir='ltr'><strong>sitatis</strong></span> <span class='ocrx_word' id='word_1_518' title='bbox 280 4417 487 4480; x_wconf 89' lang='lat' dir='ltr'><strong>confirmator</strong></span> <span class='ocrx_word' id='word_1_519' title='bbox 511 4423 542 4480; x_wconf 91' lang='lat' dir='ltr'><strong>et</strong></span> <span class='ocrx_word' id='word_1_520' title='bbox 566 4417 655 4480; x_wconf 92' lang='lat' dir='ltr'><strong>testis</strong></span> <span class='ocrx_word' id='word_1_521' title='bbox 681 4418 793 4500; x_wconf 90' lang='lat' dir='ltr'><strong>nequit</strong></span> <span class='ocrx_word' id='word_1_522' title='bbox 817 4419 897 4482; x_wconf 89' lang='lat' dir='ltr'><strong>exsi·</strong></span> <span class='ocrx_word' id='word_1_523' title='bbox 952 4419 1105 4501; x_wconf 89' lang='lat' dir='ltr'><strong>proximis</strong></span> <span class='ocrx_word' id='word_1_524' title='bbox 1129 4417 1245 4480; x_wconf 93' lang='lat' dir='ltr'><strong>nostris</strong></span> <span class='ocrx_word' id='word_1_525' title='bbox 1274 4425 1369 4498; x_wconf 92' lang='lat' dir='ltr'><strong>prout</strong></span> <span class='ocrx_word' id='word_1_526' title='bbox 1393 4417 1486 4480; x_wconf 93' lang='lat' dir='ltr'><strong>nobis</strong></span> <span class='ocrx_word' id='word_1_527' title='bbox 1509 4417 1581 4480; x_wconf 91' lang='lat' dir='ltr'><strong>fieri</strong></span> <span class='ocrx_word' id='word_1_528' title='bbox 1604 4418 1697 4481; x_wconf 90' lang='lat' dir='ltr'><strong>ratio·</strong></span> 
     </span>
     <span class='ocr_line' id='line_1_41' title="bbox 147 4516 1281 4581; baseline 0 -3"><span class='ocrx_word' id='word_1_529' title='bbox 147 4525 244 4578; x_wconf 88' lang='lat' dir='ltr'><strong>stere.</strong></span> <span class='ocrx_word' id='word_1_530' title='bbox 953 4517 1102 4581; x_wconf 83' lang='lat' dir='ltr'><strong>rabiliter</strong></span> <span class='ocrx_word' id='word_1_531' title='bbox 1122 4516 1281 4580; x_wconf 89' lang='lat' dir='ltr'><strong>volumus.</strong></span> 
     </span>
    </p>

    <p class='ocr_par' dir='ltr' id='par_1_11' title="bbox 192 4614 1699 4698">
     <span class='ocr_line' id='line_1_42' title="bbox 192 4614 1699 4698; baseline 0.001 -20"><span class='ocrx_word' id='word_1_532' title='bbox 192 4616 344 4678; x_wconf 83' lang='lat' dir='ltr'><strong>Praeterea</strong></span> <span class='ocrx_word' id='word_1_533' title='bbox 372 4615 411 4678; x_wconf 89' lang='lat' dir='ltr'><strong>de</strong></span> <span class='ocrx_word' id='word_1_534' title='bbox 439 4614 620 4678; x_wconf 88' lang='lat' dir='ltr'><strong>humilitate</strong></span> <span class='ocrx_word' id='word_1_535' title='bbox 648 4614 693 4676; x_wconf 89' lang='lat' dir='ltr'><strong>ait</strong></span> <span class='ocrx_word' id='word_1_536' title='bbox 721 4614 863 4678; x_wconf 88' lang='lat' dir='ltr'><strong>Salvator</strong></span> <span class='ocrx_word' id='word_1_537' title='bbox 888 4634 896 4678; x_wconf 76' lang='grc' dir='ltr'><strong>ι</strong></span> <span class='ocrx_word' id='word_1_538' title='bbox 994 4615 1138 4698; x_wconf 85' lang='lat' dir='ltr'><strong>Denique</strong></span> <span class='ocrx_word' id='word_1_539' title='bbox 1153 4615 1202 4678; x_wconf 78' lang='lat' dir='ltr'><strong>baa</strong></span> <span class='ocrx_word' id='word_1_540' title='bbox 1217 4621 1280 4677; x_wconf 90' lang='lat' dir='ltr'><strong>tres</strong></span> <span class='ocrx_word' id='word_1_541' title='bbox 1296 4615 1430 4678; x_wconf 88' lang='lat' dir='ltr'><strong>virtutes</strong></span> <span class='ocrx_word' id='word_1_542' title='bbox 1450 4615 1482 4677; x_wconf 93' lang='lat' dir='ltr'><strong>in</strong></span> <span class='ocrx_word' id='word_1_543' title='bbox 1502 4615 1624 4679; x_wconf 89' lang='lat' dir='ltr'><strong>femina</strong></span> <span class='ocrx_word' id='word_1_544' title='bbox 1640 4617 1699 4680; x_wconf 87' lang='lat' dir='ltr'><strong>ista</strong></span> 
     </span>
    </p>

    <p class='ocr_par' dir='ltr' id='par_1_12' title="bbox 2 4713 1698 4796">
     <span class='ocr_line' id='line_1_43' title="bbox 2 4713 1698 4796; baseline -0.002 -15"><span class='ocrx_word' id='word_1_545' title='bbox 2 4735 108 4780; x_wconf 74' lang='grc' dir='ltr'><strong>ιιαιιι.</strong></span> <span class='ocrx_word' id='word_1_546' title='bbox 147 4714 219 4779; x_wconf 84' lang='grc' dir='ltr'><strong>Νἰεί</strong></span> <span class='ocrx_word' id='word_1_547' title='bbox 240 4714 385 4778; x_wconf 91' lang='lat' dir='ltr'><strong>conversi</strong></span> <span class='ocrx_word' id='word_1_548' title='bbox 406 4713 543 4787; x_wconf 92' lang='lat' dir='ltr'><strong>fueritis,</strong></span> <span class='ocrx_word' id='word_1_549' title='bbox 560 4720 591 4775; x_wconf 92' lang='lat' dir='ltr'><strong>et</strong></span> <span class='ocrx_word' id='word_1_550' title='bbox 606 4713 795 4776; x_wconf 90' lang='lat' dir='ltr'><strong>efficiamini</strong></span> <span class='ocrx_word' id='word_1_551' title='bbox 815 4715 899 4776; x_wconf 92' lang='lat' dir='ltr'><strong>sicut</strong></span> <span class='ocrx_word' id='word_1_552' title='bbox 954 4714 1117 4796; x_wconf 89' lang='lat' dir='ltr'><strong>sanguinis</strong></span> <span class='ocrx_word' id='word_1_553' title='bbox 1132 4714 1259 4776; x_wconf 84' lang='lat' dir='ltr'><strong>fluxum</strong></span> <span class='ocrx_word' id='word_1_554' title='bbox 1279 4713 1400 4777; x_wconf 90' lang='lat' dir='ltr'><strong>ferente</strong></span> <span class='ocrx_word' id='word_1_555' title='bbox 1420 4721 1554 4796; x_wconf 90' lang='lat' dir='ltr'><strong>possunt</strong></span> <span class='ocrx_word' id='word_1_556' title='bbox 1568 4716 1698 4779; x_wconf 89' lang='lat' dir='ltr'><strong>attendi.</strong></span> 
     </span>
    </p>

    <p class='ocr_par' dir='ltr' id='par_1_13' title="bbox 2 4807 1701 4897">
     <span class='ocr_line' id='line_1_44' title="bbox 2 4807 1701 4897; baseline 0.001 -21"><span class='ocrx_word' id='word_1_557' title='bbox 2 4816 34 4852; x_wconf 69' lang='lat'><strong>‘¹¹’</strong></span> <span class='ocrx_word' id='word_1_558' title='bbox 45 4807 69 4843; x_wconf 85' lang='lat'><strong>³·</strong></span> <span class='ocrx_word' id='word_1_559' title='bbox 148 4813 290 4897; x_wconf 89' lang='lat' dir='ltr'><strong>parvuli,</strong></span> <span class='ocrx_word' id='word_1_560' title='bbox 313 4830 377 4876; x_wconf 92' lang='lat' dir='ltr'><strong>nou</strong></span> <span class='ocrx_word' id='word_1_561' title='bbox 402 4812 561 4874; x_wconf 89' lang='lat' dir='ltr'><strong>intrabitis</strong></span> <span class='ocrx_word' id='word_1_562' title='bbox 585 4813 618 4874; x_wconf 90' lang='lat' dir='ltr'><strong>iu</strong></span> <span class='ocrx_word' id='word_1_563' title='bbox 647 4831 781 4893; x_wconf 90' lang='lat' dir='ltr'><strong>regnum</strong></span> <span class='ocrx_word' id='word_1_564' title='bbox 806 4813 899 4877; x_wconf 84' lang='lat' dir='ltr'><strong>coelo-</strong></span> <span class='ocrx_word' id='word_1_565' title='bbox 954 4811 1032 4875; x_wconf 89' lang='lat' dir='ltr'><strong>Nam</strong></span> <span class='ocrx_word' id='word_1_566' title='bbox 1048 4811 1130 4874; x_wconf 92' lang='lat' dir='ltr'><strong>fides</strong></span> <span class='ocrx_word' id='word_1_567' title='bbox 1145 4811 1215 4892; x_wconf 88' lang='lat' dir='ltr'><strong>ejus</strong></span> <span class='ocrx_word' id='word_1_568' title='bbox 1232 4817 1317 4892; x_wconf 92' lang='lat' dir='ltr'><strong>patet</strong></span> <span class='ocrx_word' id='word_1_569' title='bbox 1334 4811 1367 4872; x_wconf 93' lang='lat' dir='ltr'><strong>in</strong></span> <span class='ocrx_word' id='word_1_570' title='bbox 1386 4812 1457 4886; x_wconf 91' lang='lat' dir='ltr'><strong>hoc,</strong></span> <span class='ocrx_word' id='word_1_571' title='bbox 1474 4812 1560 4894; x_wconf 88' lang='lat' dir='ltr'><strong>quod</strong></span> <span class='ocrx_word' id='word_1_572' title='bbox 1575 4831 1614 4876; x_wconf 89' lang='lat' dir='ltr'><strong>ex</strong></span> <span class='ocrx_word' id='word_1_573' title='bbox 1630 4831 1701 4877; x_wconf 95' lang='lat' dir='ltr'><strong>con-</strong></span> 
     </span>
    </p>

    <p class='ocr_par' dir='ltr' id='par_1_14' title="bbox 2 4909 1702 5388">
     <span class='ocr_line' id='line_1_45' title="bbox 2 4909 1702 4992; baseline -0.003 -14"><span class='ocrx_word' id='word_1_574' title='bbox 2 4933 130 4985; x_wconf 46' lang='lat' dir='ltr'><strong>uenae.</strong></span> <span class='ocrx_word' id='word_1_575' title='bbox 149 4929 243 4990; x_wconf 90' lang='lat' dir='ltr'><strong>rum;</strong></span> <span class='ocrx_word' id='word_1_576' title='bbox 270 4912 422 4992; x_wconf 92' lang='lat' dir='ltr'><strong>itemque,</strong></span> <span class='ocrx_word' id='word_1_577' title='bbox 446 4910 562 4973; x_wconf 88' lang='lat' dir='ltr'><strong>Discite</strong></span> <span class='ocrx_word' id='word_1_578' title='bbox 586 4931 606 4974; x_wconf 91' lang='lat' dir='ltr'><strong>a</strong></span> <span class='ocrx_word' id='word_1_579' title='bbox 630 4930 691 4984; x_wconf 91' lang='lat' dir='ltr'><strong>me,</strong></span> <span class='ocrx_word' id='word_1_580' title='bbox 713 4910 788 4992; x_wconf 91' lang='lat' dir='ltr'><strong>quia</strong></span> <span class='ocrx_word' id='word_1_581' title='bbox 813 4911 898 4974; x_wconf 91' lang='lat' dir='ltr'><strong>mitis</strong></span> <span class='ocrx_word' id='word_1_582' title='bbox 954 4917 1041 4972; x_wconf 90' lang='lat' dir='ltr'><strong>tactu</strong></span> <span class='ocrx_word' id='word_1_583' title='bbox 1057 4909 1194 4972; x_wconf 90' lang='lat' dir='ltr'><strong>vestium</strong></span> <span class='ocrx_word' id='word_1_584' title='bbox 1211 4909 1327 4972; x_wconf 86' lang='lat' dir='ltr'><strong>Christi</strong></span> <span class='ocrx_word' id='word_1_585' title='bbox 1348 4910 1482 4972; x_wconf 92' lang='lat' dir='ltr'><strong>credidit</strong></span> <span class='ocrx_word' id='word_1_586' title='bbox 1502 4929 1535 4973; x_wconf 91' lang='lat' dir='ltr'><strong>se</strong></span> <span class='ocrx_word' id='word_1_587' title='bbox 1555 4911 1595 4973; x_wconf 90' lang='lat' dir='ltr'><strong>ab</strong></span> <span class='ocrx_word' id='word_1_588' title='bbox 1615 4911 1702 4973; x_wconf 87' lang='lat' dir='ltr'><strong>incu-</strong></span> 
     </span>
     <span class='ocr_line' id='line_1_46' title="bbox 147 5007 1702 5092; baseline 0 -19"><span class='ocrx_word' id='word_1_589' title='bbox 147 5029 225 5074; x_wconf 90' lang='lat' dir='ltr'><strong>sum</strong></span> <span class='ocrx_word' id='word_1_590' title='bbox 245 5017 277 5072; x_wconf 90' lang='lat' dir='ltr'><strong>et</strong></span> <span class='ocrx_word' id='word_1_591' title='bbox 291 5008 424 5072; x_wconf 91' lang='lat' dir='ltr'><strong>humilis</strong></span> <span class='ocrx_word' id='word_1_592' title='bbox 443 5009 547 5072; x_wconf 90' lang='lat' dir='ltr'><strong>corde.</strong></span> <span class='ocrx_word' id='word_1_593' title='bbox 565 5009 642 5072; x_wconf 84' lang='lat' dir='ltr'><strong>Nam</strong></span> <span class='ocrx_word' id='word_1_594' title='bbox 664 5011 779 5092; x_wconf 91' lang='lat' dir='ltr'><strong>etipsa</strong></span> <span class='ocrx_word' id='word_1_595' title='bbox 796 5010 899 5072; x_wconf 92' lang='lat' dir='ltr'><strong>humi·</strong></span> <span class='ocrx_word' id='word_1_596' title='bbox 956 5009 1048 5072; x_wconf 92' lang='lat' dir='ltr'><strong>rabili</strong></span> <span class='ocrx_word' id='word_1_597' title='bbox 1075 5007 1186 5072; x_wconf 91' lang='lat' dir='ltr'><strong>morbo</strong></span> <span class='ocrx_word' id='word_1_598' title='bbox 1210 5009 1400 5086; x_wconf 83' lang='lat' dir='ltr'><strong>curandam3</strong></span> <span class='ocrx_word' id='word_1_599' title='bbox 1425 5009 1600 5084; x_wconf 89' lang='lat' dir='ltr'><strong>humilitas,</strong></span> <span class='ocrx_word' id='word_1_600' title='bbox 1617 5010 1702 5092; x_wconf 90' lang='lat' dir='ltr'><strong>quod</strong></span> 
     </span>
     <span class='ocr_line' id='line_1_47' title="bbox 147 5106 1701 5189; baseline -0.001 -18"><span class='ocrx_word' id='word_1_601' title='bbox 147 5110 223 5172; x_wconf 87' lang='lat' dir='ltr'><strong>litas</strong></span> <span class='ocrx_word' id='word_1_602' title='bbox 251 5108 428 5171; x_wconf 92' lang='lat' dir='ltr'><strong>secundum</strong></span> <span class='ocrx_word' id='word_1_603' title='bbox 453 5108 605 5188; x_wconf 90' lang='lat' dir='ltr'><strong>quasdam</strong></span> <span class='ocrx_word' id='word_1_604' title='bbox 631 5108 899 5172; x_wconf 87' lang='lat' dir='ltr'><strong>considerationes</strong></span> <span class='ocrx_word' id='word_1_605' title='bbox 956 5117 1039 5170; x_wconf 92' lang='lat' dir='ltr'><strong>retro</strong></span> <span class='ocrx_word' id='word_1_606' title='bbox 1059 5106 1189 5169; x_wconf 92' lang='lat' dir='ltr'><strong>silenter</strong></span> <span class='ocrx_word' id='word_1_607' title='bbox 1208 5113 1240 5168; x_wconf 91' lang='grc' dir='ltr'><strong>θῖ</strong></span> <span class='ocrx_word' id='word_1_608' title='bbox 1257 5107 1436 5169; x_wconf 91' lang='lat' dir='ltr'><strong>verecunde</strong></span> <span class='ocrx_word' id='word_1_609' title='bbox 1455 5107 1599 5182; x_wconf 87' lang='lat' dir='ltr'><strong>accessit,</strong></span> <span class='ocrx_word' id='word_1_610' title='bbox 1616 5108 1701 5189; x_wconf 94' lang='lat' dir='ltr'><strong>quod</strong></span> 
     </span>
     <span class='ocr_line' id='line_1_48' title="bbox 148 5204 1701 5288; baseline -0.002 -17"><span class='ocrx_word' id='word_1_611' title='bbox 148 5214 286 5272; x_wconf 89' lang='lat' dir='ltr'><strong>vocatur</strong></span> <span class='ocrx_word' id='word_1_612' title='bbox 307 5206 552 5268; x_wconf 89' lang='lat' dir='ltr'><strong>fundamentum</strong></span> <span class='ocrx_word' id='word_1_613' title='bbox 575 5207 742 5280; x_wconf 92' lang='lat' dir='ltr'><strong>virtutum,</strong></span> <span class='ocrx_word' id='word_1_614' title='bbox 763 5207 838 5288; x_wconf 88' lang='lat' dir='ltr'><strong>quia</strong></span> <span class='ocrx_word' id='word_1_615' title='bbox 860 5208 899 5268; x_wconf 89' lang='lat' dir='ltr'><strong>ad</strong></span> <span class='ocrx_word' id='word_1_616' title='bbox 956 5207 1032 5268; x_wconf 89' lang='lat' dir='ltr'><strong>item</strong></span> <span class='ocrx_word' id='word_1_617' title='bbox 1057 5206 1096 5267; x_wconf 90' lang='lat' dir='ltr'><strong>ad</strong></span> <span class='ocrx_word' id='word_1_618' title='bbox 1120 5205 1236 5268; x_wconf 87' lang='lat' dir='ltr'><strong>Christi</strong></span> <span class='ocrx_word' id='word_1_619' title='bbox 1258 5204 1374 5267; x_wconf 92' lang='lat' dir='ltr'><strong>cecidit</strong></span> <span class='ocrx_word' id='word_1_620' title='bbox 1394 5205 1502 5286; x_wconf 89' lang='lat' dir='ltr'><strong>pedes,</strong></span> <span class='ocrx_word' id='word_1_621' title='bbox 1517 5223 1647 5270; x_wconf 89' lang='lat' dir='ltr'><strong>omnem</strong></span> <span class='ocrx_word' id='word_1_622' title='bbox 1671 5206 1701 5269; x_wconf 90' lang='lat' dir='ltr'><strong>ei</strong></span> 
     </span>
     <span class='ocr_line' id='line_1_49' title="bbox 151 5303 1700 5388; baseline -0.003 -17"><span class='ocrx_word' id='word_1_623' title='bbox 151 5305 300 5372; x_wconf 89' lang='lat' dir='ltr'><strong>omnium</strong></span> <span class='ocrx_word' id='word_1_624' title='bbox 315 5305 489 5386; x_wconf 88' lang='lat' dir='ltr'><strong>gratiarum</strong></span> <span class='ocrx_word' id='word_1_625' title='bbox 505 5303 684 5388; x_wconf 91' lang='lat' dir='ltr'><strong>profectum</strong></span> <span class='ocrx_word' id='word_1_626' title='bbox 701 5304 853 5387; x_wconf 91' lang='lat' dir='ltr'><strong>disponit,</strong></span> <span class='ocrx_word' id='word_1_627' title='bbox 869 5313 901 5367; x_wconf 93' lang='lat' dir='ltr'><strong>et</strong></span> <span class='ocrx_word' id='word_1_628' title='bbox 956 5305 1114 5368; x_wconf 88' lang='lat' dir='ltr'><strong>confitens</strong></span> <span class='ocrx_word' id='word_1_629' title='bbox 1143 5304 1327 5383; x_wconf 87' lang='lat' dir='ltr'><strong>veritatem;</strong></span> <span class='ocrx_word' id='word_1_630' title='bbox 1356 5303 1480 5379; x_wconf 89' lang='lat' dir='ltr'><strong>caritas,</strong></span> <span class='ocrx_word' id='word_1_631' title='bbox 1510 5306 1594 5387; x_wconf 94' lang='lat' dir='ltr'><strong>quod</strong></span> <span class='ocrx_word' id='word_1_632' title='bbox 1622 5305 1700 5368; x_wconf 88' lang='lat' dir='ltr'><strong>affe-</strong></span> 
     </span>
    </p>
   </div>
   <div class='ocr_carea' id='block_1_3' title="bbox 0 0 2110 6258">
    <p class='ocr_par' dir='ltr' id='par_1_15' title="bbox 0 0 2110 6258">
     <span class='ocr_line' id='line_1_50' title="bbox 0 0 2110 6258; baseline 0 0"><span class='ocrx_word' id='word_1_633' title='bbox 0 0 2110 6258; x_wconf 95' lang='lat' dir='ltr'><strong> </strong></span> 
     </span>
    </p>
   </div>
  </div>
 </body>
</html>
