4192 6258
151 799 569 926 DOMINIGA
619 802 838 928 XVIII
886 804 1097 928 POST
1148 803 1672 929 TRINITATEM

559 1474 862 1562 ENARRATIO
895 1476 950 1562 IN
983 1476 1275 1564 EPISTOLAM

475 1740 633 1787 enarres
660 1738 730 1787 rso
758 1740 826 1787 nno
853 1740 925 1787 rino
953 1723 1351 1800 scurra.100r.1,t-8.

206 2021 338 2084 EA'IUS
362 2019 531 2102 Apostolus
561 2019 593 2082 in
623 2019 772 2102 praesenti
797 2020 889 2082 docet
903 2018 929 2082 A
943 2019 974 2082 id
990 2027 1048 2094 est,
1066 2027 1160 2103 prout
1175 2021 1361 2105 protestatio
1375 2041 1439 2104 qua
1454 2022 1597 2087 Christus
1613 2042 1690 2106 prae·

220 2119 366 2202 epistola,
388 2125 542 2201 quantum
567 2118 748 2200 superiores
768 2118 806 2181 de
826 2119 889 2200 spi·
942 2118 1023 2181 dixit
1043 2119 1178 2200 gratiam
1203 2120 1364 2202 copiosam
1386 2121 1589 2184 credentibus
1613 2123 1689 2185 dan-

137 2220 248 2284 rituali
269 2218 414 2302 proiectu
430 2226 461 2280 et
475 2218 575 2298 gmtia
594 2217 795 2280 subditorum
816 2236 887 2279 suo·
942 2216 1025 2289 dam,
1043 2217 1075 2278 in
1091 2217 1182 2280 vobis
1197 2218 1328 2300 impleta
1342 2226 1400 2293 est,
1417 2226 1449 2282 et
1462 2238 1520 2301 per
1534 2218 1688 2283 ellectum

137 2339 211 2381 rum
236 2317 374 2380 debeant
391 2315 552 2398 gratulari.
569 2315 648 2378 Nam
667 2316 711 2377 ait
728 2333 735 2376 ε
755 2318 888 2378 Gratias
942 2314 1107 2378 ratificata.
1125 2316 1196 2398 Ipse
1219 2317 1305 2379 enim
1329 2316 1433 2379 dixit:
1451 2317 1509 2391 Qui
1532 2318 1633 2380 eredit
1654 2319 1687 2381 in
1708 2336 1835 2390 roesam,

136 2439 198 2496 eqo
214 2421 281 2480 Deo
297 2437 363 2476 meo
378 2434 514 2492 semper,
531 2414 562 2476 id
578 2422 627 2477 est
640 2414 727 2477 omni
744 2422 887 2496 tempore
942 2431 1004 2487 me,
1025 2412 1163 2477 llumina
1184 2415 1223 2478 de
1247 2422 1358 2478 ventre
1378 2416 1448 2497 ejus
1472 2414 1576 2480 fluent
1598 2436 1689 2499 aqua)
1704 2403 1780 2452 ”⁸³⁹¹

135 2522 322 2598 opportuno
339 2532 395 2577 seu
415 2512 618 2576 convenienti
637 2530 673 2575 ac
693 2512 811 2585 debito,
824 2531 887 2589 pro
941 2512 1032 2576 vivae.
1053 2513 1118 2578 IIoe
1139 2521 1246 2577 autern
1271 2515 1352 2576 dixit
1374 2516 1414 2578 de
1439 2515 1570 2598 Spiritu,
1592 2534 1688 2598 quem

137 2616 239 2683 nobis,
265 2629 345 2695 quos
374 2610 583 2694 spiritualiter
607 2610 705 2692 diligo
728 2611 811 2673 sicut
836 2629 887 2674 me
941 2611 1104 2693 accepturi
1125 2619 1215 2674 erant
1233 2611 1398 2674 credentes
1421 2612 1453 2674 in
1475 2631 1560 2675 eum.

138 2713 259 2794 ipsum,
277 2712 314 2770 in
329 2710 443 2788 gratio
460 2711 522 2770 Dei
536 2729 607 2788 pute
624 2711 703 2768 dato
722 2717 766 2768 est
788 2711 886 2780 vodis,
981 2711 1034 2771 Ita
1056 2719 1090 2770 nt
1114 2711 1202 2770 nibil
1221 2712 1308 2770 vobis
1328 2711 1412 2770 desit
1434 2713 1470 2770 in
1490 2714 1559 2771 nlla
1576 2712 1690 2789 gratia

137 2811 169 2872 id
185 2817 235 2872 est
251 2826 310 2892 pro
324 2806 472 2871 omnibus
489 2805 780 2888 supernaturalibus
794 2813 887 2888 atque
942 2807 1120 2868 necessaria
1148 2808 1186 2869 ad
1216 2807 1363 2882 salutem,
1389 2815 1510 2870 ettam
1540 2809 1574 2871 in
1598 2808 1690 2870 donis

135 2908 286 2990 gratuitis
315 2905 407 2968 donis
435 2905 526 2967 vobis
554 2922 573 2966 a
598 2905 662 2967 Deo
691 2903 825 2978 collatis,
851 2907 887 2964 in
941 2904 1049 2986 gratiae
1077 2913 1202 2985 gratum
1231 2905 1388 2980 facientis,
1415 2924 1511 2987 quam
1542 2906 1575 2968 in
1599 2906 1690 2968 donis

137 3008 269 3070 Christo
287 3008 375 3074 Jesn,
392 3003 423 3064 id
446 3010 494 3065 est
513 3021 569 3084 per
587 3002 748 3065 Christum
772 3002 888 3064 media·
941 3003 1050 3084 gratias
1071 3004 1168 3085 gratis
1190 3003 1280 3076 datae,
1303 3002 1487 3065 notabiliter
1509 3002 1688 3066 abundetis.

136 3114 255 3180 torem,
276 3123 333 3166 seu
354 3102 468 3165 merito
487 3100 568 3182 ejus,
586 3119 643 3182 per
662 3119 757 3183 quem
774 3101 887 3181 gratia·
942 3101 1081 3164 Virtutes
1107 3120 1245 3184 namque
1267 3109 1297 3164 et
1321 3102 1404 3164 dona
1426 3101 1563 3184 Spiritus
1584 3102 1689 3165 Sancti

136 3223 210 3266 rum
238 3202 430 3265 charismata
448 3198 635 3263 hominibus
655 3199 792 3282 desuper
816 3219 887 3262 con·
906 3200 1086 3262 Bnonnexa
1110 3206 1194 3262 sunt.
1216 3199 1441 3261 Verumtamen
1467 3217 1531 3262 non
1556 3200 1598 3261 ita
1619 3219 1689 3283 per-

133 3305 295 3367 feruntur.
943 3297 1018 3360 lecti
1039 3298 1180 3373 luerunt,
1198 3299 1276 3380 quin
1296 3305 1479 3380 potuerunt,
1497 3298 1561 3361 imo
1583 3305 1615 3361 et
1636 3299 1689 3360 de-

177 3404 266 3472 Qnia
281 3402 318 3460 in
333 3401 481 3460 omnibns
494 3398 534 3459 ad
549 3397 684 3460 salutem
700 3397 887 3460 necessariis
942 3395 1082 3459 buerunt
1102 3396 1190 3459 omni
1214 3396 1265 3458 die
1289 3395 1446 3479 prolicere
1470 3395 1688 3479 perfectiores-

135 3504 261 3564 dim'tes
274 3499 359 3577 sacti
368 3498 443 3557 estis
459 3498 494 3556 in
510 3497 579 3566 itio,
589 3495 648 3558 hoc
663 3502 722 3570 est,
730 3513 786 3577 per
801 3495 888 3559 Chri·
942 3513 1004 3577 que
1027 3493 1110 3568 lieri,
1127 3513 1228 3576 quum
1250 3494 1335 3556 dieat
1359 3494 1501 3557 Salvator
1522 3513 1529 3558 :
1551 3494 1686 3558 Omnem
1701 3513 1833 3566 resana.

134 3609 222 3663 stum
246 3595 416 3659 abundatis
437 3593 575 3656 inomni
595 3593 695 3674 gratia
710 3600 743 3654 et
756 3592 885 3665 virtute,
941 3593 996 3674 qui
1019 3591 1081 3655 lert
1101 3592 1252 3666 fructum,
1269 3591 1418 3674 purgabit
1439 3611 1514 3655 eum
1535 3594 1635 3668 Pater,
1651 3601 1687 3656 ut

133 3696 315 3760 seeundum
332 3693 459 3756 modum
475 3699 508 3754 et
522 3698 638 3753 statum
652 3691 749 3771 hujus
765 3690 886 3771 fragilis
941 3691 1081 3754 fructum
1104 3691 1176 3772 plus
1195 3689 1319 3752 sileret,
1337 3691 1424 3753 Unde
1445 3691 1485 3753 ad
1506 3692 1687 3775 Philippen-

133 3799 220 3861 vitae.
237 3795 331 3856 Juxta
354 3807 450 3874 quem
476 3790 606 3852 modurn
630 3789 675 3851 ait
695 3787 884 3851 Psalmista:
941 3809 991 3852 ses
1020 3791 1059 3851 de
1089 3807 1122 3851 se
1152 3789 1222 3871 ipso
1244 3788 1361 3850 latetur
1382 3788 1553 3871 Apostolus
1579 3809 1586 3853 :
1612 3791 1686 3863 Quae
1700 3815 1833 3872 partimi,

11 3911 118 3962 rcum,
133 3893 224 3960 Nihil
250 3893 339 3955 deest
360 3887 547 3952 timentibus
570 3907 654 3950 eum.
675 3887 736 3950 llas
758 3904 885 3968 quoque
941 3895 1025 3950 retro
1044 3895 1119 3949 sunt
1138 3886 1268 3961 oblitus,
1285 3887 1324 3948 ad
1344 3905 1381 3949 ea
1395 3905 1471 3950 vero
1491 3906 1562 3969 quae
1580 3887 1686 3970 priora
1701 3883 1734 3931 ¹³¹
1746 3882 1779 3922 ¹⁶·

11 3983 22 4016 ''
133 3993 267 4059 divitias
283 3987 435 4072 exprimit
451 3987 483 4048 in
501 3985 632 4068 speciali
647 3985 825 4067 Apostolus.
843 3988 885 4046 In
940 3993 1015 4046 sunt
1034 3985 1208 4047 extendens
1228 4003 1278 4046 me
1301 3985 1418 4067 ipsum,
1434 3984 1473 4047 ad
1493 3985 1686 4048 destinatum

132 4093 228 4154 oinni
253 4091 347 4150 verbo
370 4083 561 4167 evangelicae
590 4082 824 4166 praedieationis
848 4101 884 4145 aa
940 4100 1124 4166 persequor,
1145 4083 1183 4144 ad
1209 4082 1356 4145 bravium
1380 4084 1555 4146 vocationis
1578 4102 1687 4167 super-

132 4188 276 4254 salubris
296 4181 535 4256 exhortationis
553 4181 595 4244 ita
613 4181 698 4263 quod
718 4179 884 4243 abundatis
939 4201 997 4244 nae.
1019 4182 1138 4262 ltaque,
1161 4179 1242 4242 nihil
1271 4181 1379 4261 gratiae
1408 4182 1497 4244 deest
1519 4182 1611 4245 vobis
1632 4203 1686 4241 ee-

132 4291 166 4352 in
191 4287 294 4370 gratia
314 4281 518 4366 praedicandi,
535 4279 732 4352 exhortandi,
749 4278 883 4340 docendi
938 4281 1155 4356 spectantibus
1180 4281 1419 4350 revelationem,
1435 4279 1495 4342 hoa
1516 4287 1565 4342 est
1586 4280 1686 4343 mani-

130 4385 317 4452 salubriter.
334 4381 391 4444 Vel
408 4380 478 4442 ideo
493 4379 546 4452 ait,
565 4378 625 4439 uin
642 4378 729 4440 omni
744 4376 842 4440 verbo
853 4399 882 4449 n,
902 4377 1052 4441 Clestam
1074 4377 1316 4459 apparitionem,
1334 4379 1469 4439 Domini
1487 4382 1595 4439 nostri
1609 4383 1686 4440 Jesn

130 4485 289 4570 quoniam
306 4479 424 4560 linguis
439 4476 590 4539 omnibus
611 4474 831 4558 loquebantur.
849 4475 883 4536 ln
939 4478 1063 4538 Christi
1082 4475 1114 4537 in
1134 4475 1185 4537 die
1202 4475 1327 4555 judicii,
1344 4478 1471 4557 quando
1488 4477 1578 4557 juxta
1598 4478 1686 4541 Isaiae

132 4581 302 4668 primitiva
317 4594 455 4659 namque
471 4574 622 4648 Ecclesia,
639 4594 696 4656 per
711 4573 885 4656 impositio·
939 4573 1115 4646 oraculum,
1129 4572 1252 4635 videbit
1265 4573 1369 4636 omnis
1385 4591 1458 4636 caro
1473 4575 1614 4638 Salutare
1630 4575 1685 4639 uei
1713 4599 1833 4651 renem

130 4701 212 4747 nem
234 4695 387 4742 manuum
403 4673 626 4757 Apostolorum
646 4672 780 4735 dabatur
799 4690 884 4735 com·
940 4671 1049 4734 nostri.
1067 4671 1112 4733 De
1127 4689 1190 4752 qna
1208 4671 1401 4735 revelatione
1418 4673 1574 4756 scriptum
1590 4682 1639 4738 est
1654 4675 1685 4737 in
1700 4659 1820 4712 amnes.

130 4779 278 4845 muniter
299 4773 467 4858 baptizatis
488 4772 608 4834 donum
633 4771 824 4852 linguarum.
841 4774 885 4832 Et
939 4769 1129 4854 Apocalypsi
1147 4788 1153 4832 :
1171 4769 1252 4833 Ecce
1273 4771 1362 4833 venit
1383 4790 1457 4833 cum
1482 4772 1634 4848 nubibus,
1655 4781 1687 4836 et
1712 4795 1834 4852 apsens.

130 4885 168 4942 in
188 4878 281 4941 mnni
298 4874 435 4936 scientia
456 4869 597 4944 salutari,
613 4870 763 4932 videlicet
782 4869 813 4931 in
834 4871 886 4932 do·
940 4867 1062 4932 videbit
1077 4886 1151 4930 eum
1167 4869 1271 4930 omnis
1286 4869 1409 4942 oculus,
1422 4877 1453 4932 et
1469 4870 1522 4953 qui
1539 4890 1614 4933 eum
1630 4892 1687 4954 pu-

130 4977 241 5043 ctrina
264 4991 360 5036 sacrm
388 4968 571 5050 Scriptura,
597 4976 629 5030 et
652 4967 684 5030 in
714 4967 885 5051 multiplici
941 4974 1109 5050 pugerunt.
1127 4967 1224 5040 Vel«
1241 4966 1467 5030 revelationem
1483 4969 1598 5032 Christi
1614 4992 1643 5044 n,
1656 4970 1688 5033 id

131 5074 303 5142 intellectu
326 5069 439 5152 ipsius,
460 5073 571 5150 utpote
595 5066 734 5142 litterali,
750 5066 887 5148 tropolo·
941 5074 989 5128 est
1011 5065 1128 5126 claram
1148 5065 1303 5127 visionem
1325 5065 1395 5146 ejus
1420 5067 1452 5128 in
1476 5068 1576 5148 patria
1594 5088 1601 5133 :
1617 5088 1689 5151 quae

130 5178 221 5258 gine,
238 5167 417 5251 allegorico,
433 5165 613 5247 anagogico.
635 5169 730 5228 Sient
750 5169 887 5226 testiino—
943 5164 1024 5226 visio
1040 5172 1088 5226 est
1103 5170 1166 5226 tota
1183 5183 1312 5226 merces.
1330 5165 1374 5226 De
1389 5184 1451 5245 qua
1466 5165 1609 5228 Christus
1626 5166 1690 5248 pol-

135 5277 237 5336 nium
262 5267 386 5332 Christi
410 5269 640 5343 confirmatum
662 5273 707 5324 est
732 5265 768 5324 in
792 5266 889 5335 nobis,
945 5263 1060 5324 licetur
1078 5279 1084 5324 :
1102 5261 1160 5336 Qui
1185 5261 1290 5342 diligit
1315 5281 1376 5334 nte,
1397 5262 1547 5344 diligetur
1565 5283 1583 5326 a
1602 5265 1690 5328 Patre
1705 5287 1739 5330 ar.

1704 5221 1786 5264 loann-
1794 5234 1837 5273 xiv,
