4206 6258
344 512 493 562 ucururcn
512 513 575 559 xxv
595 511 669 559 rosr
688 511 881 559 mmnnrau.
903 529 940 540 -
962 510 1005 558 an
1024 511 1218 574 nnnrcrosos3
1240 512 1339 559 same
1359 511 1513 560 sncuunus
1640 492 1706 558 ‘eat

155 691 189 747 ta
210 684 391 748 christiana
411 683 489 747 fidei
511 683 689 746 certissima
708 689 903 764 argumenta.
920 681 1026 746 ntem
1040 699 1046 744 :
1061 701 1157 765 quam
1172 683 1539 765 superjucundissimum
1555 683 1707 757 est,clare

196 783 360 857 Preterea,
382 782 532 864 quoniam
558 782 745 863 Unigenitus
769 781 836 856 Dei,
854 799 907 844 ve·
961 781 1145 863 conspicere
1168 801 1302 846 summae
1323 791 1355 846 et
1377 782 1623 846 interminabilis
1644 801 1708 846 ma-

156 901 211 944 rus
235 882 330 956 Deus,
353 881 437 944 Patri
462 879 753 954 consubstantialis,
775 878 906 961 aqualis
957 879 1082 960 ,testatis
1098 897 1205 961 regem
1219 900 1256 944 ae
1275 881 1467 963 principem,
1484 881 1707 945 universorum

156 988 189 1043 et
212 987 400 1054 coaeternus,
416 986 463 1043 tot
485 986 516 1042 et
539 985 626 1041 tanta
649 995 707 1060 pro
728 985 835 1040 nostra
857 996 906 1038 as·
960 978 1060 1040 Deum
1077 977 1220 1052 deorum,
1238 980 1271 1041 in
1288 997 1346 1042 suc
1370 980 1495 1054 decore,
1516 978 1708 1062 superglori-

156 1078 297 1160 sumpsit
318 1095 355 1140 ac
378 1077 455 1139 fecit
479 1076 674 1159 pertulitque
697 1076 809 1149 salute,
832 1093 906 1138 con·
959 1075 1156 1151 csissimum,
1172 1077 1435 1159 omnipotentem,
1445 1076 1707 1160 ‘supcrncbilissi

155 1177 334 1239 sideremus
368 1174 554 1258 frequenter
584 1181 617 1237 et
650 1174 906 1256 contemplemur
960 1193 1061 1248 mum,
1078 1175 1446 1258 incomprehensibiliter
1462 1175 1708 1258 sapientem,pi·

156 1275 318 1338 subtiliter
347 1293 443 1356 qnam
473 1273 736 1356 supernaturalis,
762 1273 845 1335 altus
874 1279 906 1336 et
960 1273 1165 1354 um,justum,
1177 1272 1365 1356 perfeetum,
1375 1273 1507 1336 divitem
1523 1281 1554 1337 et
1569 1273 1706 1350 beatum,

156 1373 419 1456 preclarissimus
435 1371 477 1434 sit
490 1371 566 1435 finis
580 1379 711 1454 propter
725 1389 819 1454 quem
835 1370 905 1453 pius
960 1371 994 1434 iu
1013 1389 1071 1433 sua
1090 1371 1278 1433 illimitabili
1296 1379 1474 1445 venustate,
1492 1371 1524 1434 in
1543 1371 1632 1435 omni
1651 1390 1707 1436 sua

156 1471 285 1534 Creator
300 1469 439 1533 condidit
453 1487 553 1550 genus
569 1469 755 1540 humanum,
765 1469 808 1530 ita
822 1468 905 1550 quod
960 1469 1135 1552 opulentia,
1152 1469 1341 1533 excellentia
1362 1476 1394 1532 et
1412 1469 1604 1553 splenderet
1619 1471 1708 1534 lusu-

155 1575 287 1651 propter
309 1567 408 1630 finem
428 1567 520 1628 illum
536 1567 608 1648 (per
621 1566 776 1648 originale
796 1584 906 1649 pecca·
961 1587 1029 1651 per,
1038 1568 1064 1630 si
1080 1575 1204 1631 tantum
1221 1569 1380 1632 delectant
1394 1568 1566 1633 exteriores
1582 1588 1705 1642 sensus,

156 1675 226 1729 tum
244 1664 406 1728 sublatum
423 1664 623 1744 hominibus)
638 1665 904 1746 recuperandum,
960 1666 1174 1749 corporalium
1187 1685 1224 1729 ac
1238 1667 1353 1730 vilium
1368 1685 1476 1730 rerum
1491 1666 1709 1749 odores,sapo

156 1764 373 1827 necessarium
405 1771 438 1826 et
466 1762 807 1825 convenientissimum
838 1769 906 1824 erat
960 1784 1023 1840 res,
1040 1773 1214 1840 contactus,
1230 1765 1376 1839 uniones,
1388 1765 1469 1839 soni,
1482 1764 1656 1828 harmonia
1670 1783 1707 1827 ac

155 1863 212 1926 Dei
235 1862 351 1925 uilium
375 1861 543 1924 incarnari.
560 1861 636 1934 Quis
659 1880 734 1943 ergo
757 1868 805 1925 est
828 1861 943 1929 finisB
962 1863 1107 1927 melodiae
1122 1863 1202 1926 varii
1217 1871 1348 1926 cantus:
1365 1881 1462 1945 quam
1477 1863 1708 1926 inestimabili-

155 1962 239 2024 istel
254 1961 368 2042 Utique
384 1959 469 2023 salus
489 1967 616 2034 aterna,
635 1959 798 2023 beatitudo
812 1978 906 2042 ange·
961 1970 1010 2026 ter
1037 1961 1174 2025 delectat
1199 1979 1327 2025 omnem
1355 1961 1554 2044 spiritualem
1580 1961 1707 2024 interio-

156 2060 219 2122 lica
232 2078 269 2122 ac
285 2058 435 2132 coelestis,
451 2057 602 2120 beatifica
616 2064 648 2120 et
663 2077 720 2140 per
733 2058 905 2122 essentiam
962 2079 1092 2144 remque
1107 2079 1235 2124 sensum
1250 2060 1378 2124 Creator
1389 2059 1595 2142 omnipotens,
1605 2059 1708 2122 omni-

155 2159 242 2221 clara
264 2158 347 2222 visio
370 2157 501 2220 Deitatis
531 2157 725 2232 immediata,
751 2157 845 2239 plena
869 2177 905 2219 ec
962 2179 1017 2223 um
1033 2158 1706 2234 odorum,suavitatum,convenientiarum,

155 2255 373 2320 contentativa
387 2254 499 2319 fruitio
518 2255 665 2320 increatae
685 2262 716 2318 et
736 2255 907 2318 incircum·
962 2256 1257 2332 delectabilitatum‚
1277 2257 1527 2332 harmoniarum,
1544 2275 1706 2332 senorum,

156 2352 347 2436 scriptibilis
376 2352 537 2416 bonitatis.
565 2353 646 2416 Ecce
671 2373 767 2436 quam
792 2373 906 2436 magua
961 2355 1173 2419 melodiarum
1204 2363 1236 2418 et
1268 2362 1421 2418 cantuum
1452 2354 1708 2436 sapientissimus

156 2452 306 2526 felicitas,
323 2470 418 2534 quam
436 2451 611 2514 altissimus
626 2450 714 2526 finis,
727 2471 823 2534 quam
840 2452 907 2535 ple·
962 2454 1135 2528 institutor,
1157 2453 1446 2516 excellentissimus
1465 2453 1638 2528 ordinator,
1656 2473 1708 2517 su-

157 2551 329 2616 nissimum
348 2549 512 2631 gaudium,
530 2549 622 2612 illum
639 2550 671 2612 in
687 2569 721 2613 se
736 2551 806 2632 ipso
822 2550 906 2614 clare
961 2552 1268 2635 pergleriosissimus
1289 2551 1390 2626 dator,
1407 2552 1440 2614 in
1462 2569 1526 2633 quc
1545 2553 1653 2614 emnia
1672 2553 1709 2615 il-

157 2669 216 2734 per
238 2649 379 2732 speciem
405 2647 533 2722 intueri,
549 2649 605 2730 qui
626 2656 676 2712 est
696 2648 907 2712 essentialiter
962 2650 992 2713 la
1007 2649 1326 2732 superessentialiter,
1342 2649 1708 2731 superexcellentissimo

156 2768 254 2812 verns
269 2756 300 2811 et
313 2747 442 2822 veritas,
459 2746 551 2829 cujus
571 2747 709 2810 essentia
723 2755 772 2810 est
791 2747 907 2809 veritas
962 2757 994 2813 et
1017 2747 1301 2832 superplenissime
1326 2747 1556 2811 continentur?
1579 2748 1709 2831 Propter

157 2848 273 2930 prima,
286 2847 435 2921 increata,
453 2844 574 2920 idealis‚
591 2845 907 2928 supersplendidissi-
962 2848 1047 2929 quod
1067 2845 1218 2909 omnibus
1239 2845 1303 2908 illis
1324 2845 1617 2928 incomparabiliter
1636 2845 1708 2928 plus

158 2943 908 3026 me,superserenissimo,supereonvenientissi·
963 2945 1109 3018 delectat,
1126 2951 1158 3006 et
1173 2943 1585 3027 superdelectabilissimus,
1601 2962 1710 3026 super·

157 3063 211 3107 ma
224 3051 257 3105 et
271 3042 596 3125 superpulcherrirna,
610 3041 675 3104 imo
691 3060 762 3124 quae
777 3048 825 3104 est
841 3041 908 3123 ipsa
923 3044 945 3107 C
963 3043 1228 3106 deliciosissimus
1275 3041 1711 3126 superconvenientissimus-

157 3141 212 3204 lux
227 3139 537 3222 supermundissima
551 3147 583 3202 et
598 3139 909 3222 immensa,pulchri-
963 3161 1026 3224 que
1049 3142 1203 3205 consistit.

157 3240 235 3302 tudo
258 3239 386 3320 penitus
408 3238 546 3312 infinita,
563 3240 716 3302 serenitas
738 3238 906 3301 illimitata.
1003 3241 1166 3316 Praeterea,
1192 3260 1291 3321 quum
1322 3239 1508 3302 naturaliter
1531 3240 1572 3302 sit
1598 3239 1712 3321 jucun-

194 3338 226 3400 Si
242 3336 428 3400 naturaliter
439 3336 627 3399 delectabile
643 3342 692 3399 est
703 3336 812 3399 videre
827 3337 909 3418 quod
964 3340 1040 3402 dum
1067 3340 1130 3402 frui
1156 3359 1189 3402 re
1214 3339 1312 3414 dulci,
1333 3337 1536 3401 convenienti
1561 3345 1593 3400 et
1617 3338 1710 3413 bona,

159 3436 333 3518 pulchrum
348 3442 407 3509 est,
423 3441 455 3496 et
470 3441 558 3496 tanto
574 3433 795 3497 delectabilius
811 3451 909 3516 quan·
964 3456 1075 3519 sapere
1090 3444 1122 3498 et
1140 3445 1267 3518 gustare
1287 3437 1406 3510 suavia,
1422 3435 1574 3518 amplecti
1595 3444 1709 3510 amata,

161 3543 194 3597 to
212 3534 290 3616 quid
313 3533 479 3615 pulchrius
497 3531 642 3615 (propter
660 3532 746 3615 qued
765 3531 810 3594 ait
827 3532 909 3594 Scri·
964 3536 1125 3618 possidere
1149 3534 1326 3598 desiderata
1348 3551 1355 3596 :
1377 3551 1483 3598 nonne
1503 3532 1712 3597 ineffabiliter

10 3658 144 3710 aecana.
163 3642 256 3717 ptura
273 3650 281 3695 ε
296 3633 396 3696 Dulce
416 3631 535 3707 lumen,
553 3639 584 3694 et
603 3631 791 3694 delectabile
807 3632 909 3695 oculis
964 3632 1320 3715 incomparabiliterque
1335 3632 1515 3713 jucundum
1535 3640 1594 3707 est,
1610 3640 1642 3694 et
1660 3651 1712 3696 ve·

162 3733 271 3796 videre
287 3731 406 3810 sclem;
422 3730 507 3793 unde
526 3737 558 3792 et
572 3728 766 3792 venerabilis
785 3730 839 3793 ille
855 3730 910 3793 Το-
949 3752 998 3796 -re
1016 3731 1202 3796 beatificum
1225 3738 1257 3793 et
1279 3730 1418 3805 beatum,
1434 3730 1499 3793 frui
1521 3731 1560 3794 ad
1583 3729 1711 3794 libitum

10 3855 144 3905 rema.
162 3830 231 3892 bias
253 3847 260 3892 :
282 3828 390 3903 Quale,
416 3828 532 3910 inquit,
558 3828 637 3890 mihi
662 3828 815 3908 gaudium
840 3846 909 3890 esse
964 3849 1101 3904 summo,
1123 3829 1390 3903 incommutabili,
1410 3829 1550 3892 increato
1570 3829 1712 3894 infinite-

161 3935 275 4011 potest,
301 3927 356 4009 qni
381 3926 414 3989 in
443 3925 584 3989 tenebris
608 3925 714 4000 sedeo,
740 3934 772 3988 et
800 3925 909 3988 lumen
964 3947 1026 4011 que
1048 3928 1143 4003 bono,
1160 3928 1253 4009 cujus
1276 3935 1388 3989 natura
1408 3935 1457 3989 est
1474 3927 1600 3991 bonitas
1619 3937 1709 4011 pura,

160 4026 234 4090 coeli
250 4042 314 4089 non
329 4023 573 4106 videol):quale
588 4032 620 4086 et
635 4043 731 4107 quam
748 4025 910 4107 incompa-
964 4027 1205 4108 quomodolibet
1237 4025 1537 4109 omniformiterque
1570 4026 1712 4107 perfecta

159 4125 261 4188 rabile
275 4124 428 4206 gaudium
444 4123 649 4197 est,divinam
666 4123 699 4185 in
715 4142 749 4185 se
764 4123 833 4206 ipsa
846 4123 908 4186 cla·
964 4133 1059 4207 atque
1087 4125 1358 4209 perfectionaliter
1383 4124 1520 4198 infinita,
1546 4124 1638 4205 cujus
1662 4143 1711 4188 es·

159 4243 193 4286 re
210 4222 418 4305 contemplari
434 4222 617 4294 essentiam,
635 4241 705 4304 quae
720 4223 824 4284 omnis
840 4222 909 4304 pul·
923 4222 949 4285 D
964 4225 1066 4286 sentia
1080 4232 1128 4287 est
1146 4224 1282 4287 dulcedo
1303 4224 1469 4297 immensa,
1487 4243 1505 4285 a
1524 4240 1587 4304 quc
1606 4223 1711 4288 omnis

158 4321 349 4384 claritudinis
365 4328 396 4383 et
412 4320 534 4383 decoris
549 4328 596 4382 est
611 4318 691 4394 lons,
698 4319 909 4384 essentialiter
964 4322 1100 4396 bonitas,
1118 4323 1266 4385 universa
1281 4322 1431 4394 suavitas,
1448 4328 1562 4383 cuncta
1580 4320 1712 4384 amoeni-

159 4420 305 4503 pulchra,
328 4418 709 4500 incircumscriptibiliter
729 4418 906 4501 splendida,
963 4429 1010 4484 tas
1034 4420 1203 4494 emanavit,
1225 4420 1393 4502 dependet,
1416 4419 1607 4500 infinitaque
1632 4418 1711 4480 defi·

159 4517 289 4582 infinite
304 4535 426 4591 serena,
442 4517 646 4589 conveniens,
662 4517 823 4595 deliciosa,
841 4516 909 4578 uni·
964 4520 1029 4582 citt
1045 4519 1068 4582 O
1083 4537 1179 4600 quam
1199 4517 1494 4600 incomparabiliter
1508 4517 1601 4579 dulce
1616 4525 1648 4579 et
1660 4517 1710 4598 J'u-

159 4617 262 4681 versis
276 4625 309 4680 et
327 4615 461 4698 singulis
477 4633 551 4678 vere
571 4615 603 4676 in
619 4614 782 4678 infinitum
802 4615 908 4698 splen·
965 4617 1105 4680 cundum
1136 4625 1184 4679 est
1211 4617 1300 4680 omni
1328 4616 1428 4678 menti
1457 4615 1568 4690 beatae,
1594 4616 1627 4677 in
1650 4616 1711 4678 hoc

160 4716 276 4791 didi0r‚
293 4714 467 4799 pulchrior,
484 4713 725 4778 convenientior
745 4722 840 4796 atque
862 4735 909 4778 se·
963 4716 1081 4780 benum
1099 4717 1298 4788 immensum,
1306 4716 1338 4776 in
1353 4715 1434 4779 hanc
1448 4714 1612 4777 veritatem
1627 4721 1714 4776 reter-

159 4814 327 4878 rcniorlSi
344 4813 531 4877 delectabile
546 4811 716 4876 estvidere
731 4830 793 4875 non
808 4813 908 4876 solum
964 4832 1049 4888 nam,
1076 4813 1109 4875 in
1137 4812 1219 4874 hanc
1249 4811 1451 4875 dulcedinem
1477 4811 1649 4874 increatam
1675 4829 1711 4872 ac

158 4913 300 4995 aliquem
320 4912 501 4996 speciosum
521 4910 767 4985 adolescentem,
783 4911 908 4992 elegan·
963 4911 1200 4984 infinitam,cre
1216 4908 1396 4971 intellectus
1411 4909 1461 4970 sui
1478 4908 1712 4982 mordere,0cu-

157 5020 289 5094 temque
316 5011 435 5086 virum,
465 5019 520 5073 aut
547 5027 699 5092 magnum
729 5009 906 5090 praelatum,
962 5010 993 5074 lo
1018 5009 1159 5072 interiori
1185 5007 1354 5090 inspicere,
1374 5006 1513 5089 palatum
1538 5006 1711 5069 voluntatis

156 5117 431 5192 prepotentemve
451 5127 570 5191 regem,
587 5108 642 5171 sed
668 5107 765 5170 etiam
789 5106 906 5170 bestias
963 5108 1163 5190 immergere,
1179 5113 1274 5189 gustu
1295 5105 1421 5168 interne
1435 5105 1522 5167 hunc
1538 5104 1711 5186 supersub-

157 5208 313 5290 quasdam
337 5227 433 5282 rarae,
455 5206 563 5282 fortes,
584 5206 734 5289 pulchras
757 5225 793 5269 ac
817 5206 906 5269 nobi·
962 5206 1141 5270 stantialem
1174 5224 1210 5268 ac
1242 5203 1566 5287 supersuavissimum
1599 5201 1708 5264 cibum

158 5305 216 5381 les,
233 5314 311 5388 puta
334 5306 471 5381 leonem,
492 5305 706 5388 elephantem,
726 5305 906 5370 rhinocero
960 5313 1098 5387 gustare,
1115 5323 1153 5368 eo
1168 5303 1270 5379 refici,
1286 5303 1393 5366 satiari
1413 5303 1496 5365 etin
1516 5309 1709 5385 perpetuum
