4140 6258
415 457 476 521 318
678 477 826 526 norumoa
848 477 879 524 rx
900 478 974 524 rosr
993 477 1187 526 ramrrxrmr.
1207 496 1247 508 —
1267 471 1442 526 manuario
1463 479 1495 526 m
1515 479 1710 527 rvauoxnrux

418 651 528 707 caveat
542 663 663 709 casum.
681 647 811 730 Oportet
829 647 916 709 enim
934 653 968 709 ut
983 665 1109 728 semper
1125 647 1165 708 si·
1180 648 1205 712 A
1221 656 1315 729 atque
1340 646 1499 731 supplicia
1528 648 1701 731 impiorum
1727 651 1851 710 aetema.
1873 645 1943 708 Unda

419 761 491 806 mus
506 745 656 808 custoditi
672 753 766 828 atque
782 744 911 808 solliciti
927 763 967 808 ne
982 763 1164 828 peccemus,
1221 764 1285 828 quo
1298 747 1427 827 gravius
1442 747 1514 829 quis
1529 754 1679 822 tentatur,
1690 762 1728 808 eo
1742 745 1798 806 llei
1813 743 1945 806 auxilium

418 842 595 923 presertim
612 843 763 925 quoniam
778 861 836 926 per
850 843 1048 907 Ezechielem
1064 843 1166 925 loqui·
1221 842 1397 907 ferventius
1413 843 1700 925 incessabiliusque
1715 842 1860 904 invocare
1871 841 1944 902 doce

419 945 473 1000 tur
486 939 569 1002 Deus
586 957 593 1002 :
611 940 642 1004 Si
662 942 812 1004 averterit
827 959 861 1003 se
878 941 993 1022 justus,
1008 948 1038 1002 ct
1055 941 1167 1004 lecerit
1222 950 1282 1003 tur.
1299 941 1572 1014 Quemadmodum
1592 940 1626 1003 in
1640 941 1853 1023 Vitaspatrum
1867 937 1943 1000 babe-

267 1044 326 1082 ¹⁹¹¹¹2
364 1063 369 1074 ·
419 1036 632 1118 iniquitatem,
649 1057 761 1102 omncs
784 1039 915 1119 justitiae
938 1039 1008 1120 ejus
1032 1057 1096 1102 non
1119 1057 1166 1101 re·
1221 1045 1283 1111 tur,
1300 1039 1385 1120 quod
1406 1038 1536 1121 quidam
1559 1046 1742 1102 sanctorum
1764 1038 1883 1100 Patrum
1903 1036 1944 1098 ba-

419 1134 646 1211 cordabuntur,
673 1138 728 1200 sed
756 1137 791 1199 in
820 1137 1079 1218 prevaricatione
1110 1157 1166 1200 sua
1222 1134 1292 1196 buit
1313 1135 1482 1216 probatum
1503 1154 1540 1197 ac
1561 1134 1741 1198 virtuosum
1760 1131 1942 1214 discipulum.

419 1233 582 1295 morietur.
595 1234 691 1316 Magis
707 1253 833 1317 quoque
849 1234 1009 1316 culpabile
1024 1243 1083 1308 θεῖ,
1095 1243 1167 1317 post
1221 1232 1321 1306 Quem
1340 1252 1440 1315 quum
1461 1233 1607 1296 diabolus
1626 1232 1742 1295 acriter
1762 1230 1852 1296 valde
1865 1239 1945 1292 tenta·

417 1338 582 1412 acceptam
598 1333 741 1395 veritatis
756 1333 902 1396 notitiam
922 1341 955 1395 et
970 1341 1041 1415 post
1057 1333 1166 1395 carita·
1222 1339 1279 1406 ret,
1296 1339 1327 1394 et
1347 1331 1524 1413 discipulus
1540 1331 1594 1394 ille
1610 1331 1730 1393 orando
1745 1337 1777 1392 et
1793 1329 1945 1410 jejunando

417 1428 458 1490 tis
482 1448 519 1492 ac
544 1431 652 1511 gratiae
678 1431 872 1494 inlusionem
899 1450 1042 1515 peccare,
1069 1451 1165 1514 quam
1221 1436 1402 1492 constanter
1425 1431 1596 1504 resisteret,
1613 1430 1694 1492 dixit
1717 1435 1847 1492 sauctus
1867 1426 1946 1489 abbas

418 1534 501 1590 ante.
519 1529 619 1592 Nemo
643 1529 739 1611 igitur
762 1549 844 1593 vana
868 1531 1037 1593 securitate
1061 1538 1165 1612 torpe·
1220 1527 1290 1608 ejus
1305 1528 1344 1590 ad
1359 1547 1433 1590 eum
1451 1545 1458 1591 :
1476 1528 1546 1603 Fili,
1562 1528 1664 1602 civis,
1680 1544 1737 1590 oro
1752 1527 1947 1589 Deumutra·

417 1634 495 1700 scat,
512 1645 607 1690 nemo
626 1646 664 1690 ex
684 1636 865 1710 temporum
886 1629 1094 1692 diuturnitate
1114 1648 1166 1691 ne·
1220 1625 1301 1688 lerat
1315 1645 1332 1688 a
1347 1633 1378 1689 te
1393 1627 1667 1709 impugnationem
1683 1626 1787 1688 istam.
1796 1624 1947 1707 Respondit

294 1745 367 1791 aaa
418 1723 588 1807 gligentior
602 1734 657 1788 aut
673 1727 835 1790 remissior
850 1727 918 1801 liat,
936 1728 1086 1809 quoniam
1102 1727 1164 1790 nisi
1220 1725 1398 1807 discipulus
1420 1742 1427 1788 :
1448 1725 1598 1799 Quamvis
1622 1733 1732 1788 contra
1759 1724 1946 1786 tentationem

268 1813 364 1860 ¹¹'¹'·⁴·
418 1821 450 1883 in
475 1824 588 1886 timore
612 1825 667 1887 llei
692 1825 832 1886 tenuerit
857 1844 890 1887 se
916 1826 1080 1900 instanter,
1101 1825 1201 1891 citoB
1220 1823 1313 1885 istam
1347 1823 1523 1886 resistendo
1558 1823 1698 1886 laborem
1731 1823 1866 1885 babeam
1894 1841 1946 1884 ma·

417 1919 488 2001 ejus
512 1922 708 1985 conscientia
729 1921 941 1985 subvertetur.
1218 1939 1328 2001 gnum,
1345 1923 1449 1984 sentio
1464 1928 1571 1984 tumen
1587 1939 1638 1984 me
1655 1921 1688 1982 in
1704 1920 1879 1983 resistendo
1891 1937 1947 2001 pro

268 2050 400 2104 10„„‚„‚
457 2019 573 2083 Ultimo
595 2021 687 2083 docet
708 2019 889 2103 Apostolus,
907 2028 941 2083 ut
964 2038 1027 2084 non
1051 2039 1163 2103 appre-
1219 2019 1317 2082 licere
1334 2038 1342 2084 :
1359 2021 1489 2096 idcirco,
1505 2037 1525 2083 o
1540 2026 1648 2083 sancte
1668 2020 1768 2093 Pater,
1786 2019 1852 2082 noli
1866 2019 1948 2081 lleun

416 2119 535 2181 hendat
550 2137 607 2182 nos
626 2120 769 2194 tentatio,
786 2119 848 2182 nisi
868 2119 1018 2182 humana.
1036 2119 1163 2183 Gravio·
1218 2135 1307 2181 orare
1323 2126 1358 2180 ut
1373 2117 1495 2183 tollata
1511 2137 1561 2180 mc
1576 2119 1786 2181 tentationem
1802 2115 1947 2190 istam,scd

415 2216 504 2278 ribus
526 2235 601 2298 ergo
622 2236 659 2279 ac
678 2217 845 2280 diabolicis
867 2217 1096 2281 tentationibus
1116 2218 1163 2280 in·
1218 2226 1253 2280 ut
1272 2217 1424 2280 virtutem
1445 2225 1476 2280 et
1494 2219 1628 2300 gratiam
1649 2223 1779 2299 prestet
1800 2213 1948 2278 resistendi

416 2315 593 2378 victissime
624 2317 829 2390 reluctemur,
859 2317 942 2379 sicut
973 2317 1012 2379 de
1040 2317 1100 2379 boc
1130 2317 1162 2379 in
1218 2315 1363 2390 viriliter,
1380 2325 1412 2379 et
1432 2315 1611 2379 sustinendi
1626 2333 1662 2377 ac
1678 2315 1871 2397 prevalendi
1884 2314 1947 2375 lina·

416 2414 611 2495 specialibus
633 2414 834 2478 sermonibus
853 2415 976 2478 dictum
995 2423 1052 2478 est.
1069 2415 1162 2478 Omni
1219 2415 1299 2477 liter.
1317 2415 1384 2489 Quo
1404 2415 1524 2490 audito,
1540 2415 1629 2479 Pater
1650 2413 1705 2476 ille
1726 2413 1810 2474 dixit
1829 2413 1949 2494 discipu

415 2511 522 2595 itaque
538 2513 962 2596 pravaesuggestioni,omni
979 2514 1100 2577 illicitae
1116 2514 1163 2576 in·
1219 2513 1249 2575 lo
1278 2530 1285 2574 :
1315 2513 1406 2588 Ecce,
1434 2513 1495 2589 lili,
1519 2513 1585 2594 jam
1616 2513 1683 2576 scio
1711 2511 1799 2594 quod
1829 2510 1949 2573 fideliter

414 2609 590 2686 clinationi,
607 2612 695 2676 omni
715 2611 837 2676 vitiosae
855 2613 1054 2694 persuasioni
1076 2612 1163 2675 lorti·
1218 2628 1359 2693 pugnam
1383 2611 1477 2674 istam
1502 2611 1673 2692 intelligis;
1689 2610 1805 2673 resiste
1826 2625 1895 2690 ergo
1914 2609 1949 2670 in·

413 2715 462 2770 ter
476 2709 670 2786 resistamus,
678 2711 777 2773 Deum
791 2710 943 2772 habentes
958 2729 1083 2794 semper
1098 2729 1163 2792 prae
1218 2708 1410 2783 desinenter,
1427 2717 1459 2772 θῖ
1477 2709 1632 2772 [lominus
1653 2707 1715 2770 erit
1735 2715 1856 2784 tecum,
1870 2714 1948 2788 teque

413 2806 526 2882 oculis,
543 2816 574 2870 θῖ
590 2808 890 2872 metuendissimum
905 2807 976 2889 ejus
990 2808 1160 2889 judicium,
1218 2807 1409 2871 aeternaliter
1430 2826 1488 2890 pro
1509 2808 1644 2871 victoria
1664 2805 1841 2870 coronabit

639 3502 724 3548 norro
744 3501 863 3558 ournau
883 3502 963 3550 urar
983 3503 1085 3563 nrrss,
1105 3502 1156 3559 our
1177 3502 1320 3549 amram
1339 3501 1490 3549 vrxxraurr.
1509 3484 1584 3547 Luc.
1601 3502 1665 3562 rvr,
1681 3483 1743 3549 l-a.

805 3235 1110 3323 uolantum
1143 3235 1199 3323 IN
1232 3237 1569 3325 EVANGELIUM

475 3779 654 3843 ALVATOR
677 3780 710 3842 in
731 3781 896 3863 evangelio
919 3781 980 3844 isto
1003 3781 1042 3844 ad
1067 3797 1164 3864 opera
1180 3789 1248 3854 cet
1263 3781 1334 3843 Filii
1349 3789 1381 3844 et
1400 3780 1537 3863 Spiritus
1556 3781 1663 3844 Sancti
1682 3801 1747 3845 una
1765 3791 1816 3846 est
1834 3783 1950 3866 opulen·
2052 3767 2053 3810 ³

489 3877 716 3942 misericordia
736 3897 793 3942 nos
808 3880 963 3954 bortatur,
980 3897 1162 3962 proponens
1216 3880 1270 3955 tia,
1296 3900 1360 3942 una
1384 3880 1561 3962 plenitudo,
1585 3899 1649 3943 una
1672 3883 1824 3956 essentia,
1848 3883 1950 3964 inqua

412 3976 609 4060 parabolam,
626 3995 664 4039 ex
679 3995 742 4058 qua
757 3984 912 4059 quantum
928 3995 1024 4059 opera
1040 3978 1163 4041 miseri·
1215 3979 1320 4041 omnis
1336 3978 1496 4053 nobilitas,
1512 3978 1617 4042 omnis
1631 3979 1850 4061 pulchritudo,
1860 3981 1949 4045 omnis

413 4075 530 4139 cordia
545 4074 671 4138 valeant
684 4075 723 4138 ad
739 4075 885 4151 salutem,
901 4076 1088 4138 ostenditur.
1106 4077 1164 4138 lta·
1215 4076 1315 4157 gloria
1337 4083 1370 4138 et
1392 4083 1532 4158 potestas
1556 4075 1799 4158 simplicissime
1823 4078 1949 4142 contine
2051 4109 2052 4142 ι

412 4193 486 4257 que,
504 4173 588 4236 sicut
609 4173 641 4236 in
661 4173 745 4236 Luca
764 4174 921 4256 scriptum
942 4181 1001 4248 est,
1018 4173 1162 4238 Christus
1215 4180 1277 4236 tur.
1294 4175 1437 4257 Denique
1453 4173 1596 4238 Christus
1611 4182 1660 4237 est
1678 4183 1808 4252 eterna,
1824 4165 2052 4242 memorem?

412 4273 494 4336 dixit
516 4273 556 4335 ad
581 4272 756 4355 discipulos
781 4289 855 4336 suos
875 4289 882 4334 τ
899 4276 1002 4335 Homo
1026 4275 1162 4352 quatiam
1215 4280 1247 4334 et
1263 4272 1391 4334 inlinita
1404 4272 1560 4354 sapientia
1579 4273 1687 4336 Patris.
1705 4273 1744 4336 Et
1762 4275 1797 4337 in
1813 4275 1892 4338 libro
1905 4275 1948 4338 Sa·
2051 4281 2052 4316 l

413 4374 593 4434 eratctivea.
607 4372 664 4434 Per
680 4371 844 4434 hominem
860 4371 957 4434 istum
974 4371 1163 4454 intelligitur
1216 4370 1344 4454 pientia
1367 4370 1503 4434 habetur
1527 4387 1535 4432 ε
1561 4371 1593 4434 Si
1619 4371 1740 4436 divitie
1763 4382 2037 4457 quemlubet-'2

265 4494 398 4551 partepart,
413 4471 630 4552 Christus,qui
643 4471 820 4534 exinanivit
831 4471 1040 4554 semetipsum
1054 4472 1163 4534 buma—
1215 4471 1292 4553 quid
1307 4469 1464 4553 sapientia
1479 4470 1669 4553 locupletius
1680 4475 1692 4534 l
1702 4472 1847 4537 Christus
1864 4473 1948 4536 etiarn

266 4560 285 4602 ⁷·
413 4589 488 4634 nam
503 4570 695 4633 assumendo
709 4577 906 4646 naturam,et
920 4577 1050 4652 propter
1065 4571 1164 4634 homi·
1215 4569 1392 4632 secundum
1412 4569 1497 4651 quod
1517 4569 1731 4645 homo,dives
1750 4580 1849 4635 estet
1867 4573 1949 4635 ditior
2050 4591 2051 4630 l

414 4687 493 4732 num
513 4669 648 4731 salutem
664 4668 767 4732 lactus
786 4677 834 4732 est
850 4669 956 4744 bomo,
971 4669 1062 4750 juxta
1081 4671 1162 4733 illud
1216 4669 1385 4744 universis,
1401 4669 1553 4752 quoniam
1572 4671 1661 4734 omni
1683 4679 1837 4737 creatura
1854 4670 1949 4756 prela·

265 4791 398 4845 canaam,
414 4767 538 4830 Barueb
556 4785 563 4829 :
580 4766 639 4841 Qui
653 4766 730 4830 lecit
744 4767 863 4843 stellas,
881 4768 933 4830 bic
953 4769 1036 4831 Deus
1055 4777 1162 4832 noster
1215 4775 1267 4832 tua
1290 4775 1339 4831 θεῖ
1362 4768 1554 4850 (secundum
1578 4770 1663 4851 quod
1688 4770 1795 4836 dixit:
1814 4773 1888 4835 Data
1908 4779 1948 4834 est
1976 4786 2020 4830 re·
2050 4775 2051 4804 l

265 4858 299 4908 ³⁵·
309 4859 385 4908 Μ·
414 4874 481 4946 θεῖ;
496 4873 614 4948 etpost
629 4867 696 4931 baec
711 4867 744 4929 in
760 4867 853 4930 terris
868 4868 956 4930 visus
971 4875 1029 4942 θεῖ,
1042 4876 1072 4930 et
1088 4887 1162 4932 cum
1216 4868 1297 4930 mihi
1315 4869 1421 4931 omnis
1440 4875 1579 4950 potestas
1599 4870 1632 4932 in
1651 4869 1733 4933 coelo
1752 4879 1785 4932 et
1804 4871 1837 4932 in
1852 4871 1946 4948 terra),
1958 4855 2027 4894 ‘⁹¹⁴²‘

415 4966 601 5029 bominibus
619 4966 825 5030 conversatus
845 4975 900 5030 est.
923 4966 1066 5031 Christus
1084 4986 1163 5050 qno·
1177 4973 1202 5034 ll
1215 4966 1340 5048 luitque
1356 4986 1502 5030 summus
1522 4969 1667 5032 sacerdos
1682 4976 1714 5031 et
1733 4970 1877 5033 omniurn
1891 4987 1945 5030 rex.

414 5084 477 5148 quc
497 5066 674 5130 secundum
693 5067 778 5149 quod
798 5067 893 5140 Deus,
909 5066 999 5129 dives
1018 5074 1066 5129 est
1085 5085 1162 5150 opu·
1216 5066 1255 5128 llt
1268 5067 1375 5129 anima
1390 5067 1471 5148 ejus,
1487 5086 1507 5128 a
1525 5087 1590 5132 sua
1605 5069 1775 5132 creationis
1789 5067 1946 5152 principio,

413 5163 512 5227 lentia
531 5165 670 5240 infinita,
686 5165 838 5248 quoniam
858 5164 1022 5228 beatitudo
1041 5173 1073 5228 θῖ
1094 5185 1164 5248 per·
1215 5166 1374 5228 ditissima
1401 5185 1438 5230 ac
1467 5168 1699 5250 perfectissima
1727 5169 1790 5231 luit
1812 5169 1847 5231 in
1872 5165 1948 5231 omni

412 5261 511 5326 lectio
534 5263 605 5346 ejus
629 5263 787 5326 immensa
810 5268 860 5326 est
876 5279 884 5324 z
900 5263 999 5326 Patris
1023 5281 1162 5346 namque
1215 5265 1316 5348 gratia
1329 5273 1362 5329 et
1375 5265 1494 5330 virtute
1507 5286 1544 5331 ac
1563 5268 1655 5331 donis
1674 5269 1811 5351 Spiritus
1828 5266 1947 5333 Sancti:
