4154 6258
427 479 488 544 452
777 493 926 542 noumma
946 494 987 540 xv
1007 493 1081 540 rosr
1100 489 1294 538 rerurraraa.
1315 509 1354 520 —
1374 491 1473 541 sumo
1492 490 1617 542 rmuua

424 667 513 730 tibus
535 686 571 730 ac
594 663 724 730 senibus
746 665 877 728 avaritia
900 665 1023 728 crescit.
1045 664 1170 738 Quarta,
1186 661 1389 726 Aavaritiam
1418 663 1732 746 sollicitudinemque
1760 662 1953 746 superfluam.

425 766 577 849 quoniam
601 765 684 828 ultra
707 765 837 828 modum
861 783 894 827 se
916 770 1061 837 onerant,
1076 769 1171 844 atque
1224 761 1365 825 Primum
1385 770 1433 825 est
1447 763 1658 826 consideratio
1676 762 1865 846 paupertatis
1880 759 1956 826 Cbri·

421 883 482 948 pro
506 882 544 928 eo
570 863 654 946 quod
684 864 723 926 de
747 881 844 926 onere
872 862 990 926 debent
1013 861 1169 934 minuere,
1226 861 1265 924 sti
1290 861 1323 923 in
1349 859 1465 925 saeculo
1486 861 1558 924 isto.
1584 861 1653 924 Non
1677 861 1765 924 enim
1788 870 1835 924 est
1855 875 2056 924 semmam.

423 969 541 1045 augent
560 962 641 1024 illud
656 960 778 1023 tamdiu
798 978 965 1044 quousque
984 959 1097 1022 cadant
1111 958 1171 1020 sub
1227 959 1329 1040 major
1352 959 1483 1023 domiuo
1504 976 1571 1021 suo.
1593 958 1775 1022 &cundum
1798 966 1843 1020 est
1866 942 1990 1022 cousi-¹⁸·

423 1079 472 1135 eo,
488 1068 521 1124 et
535 1059 759 1144 opprimantur
778 1077 814 1121 ac
830 1063 970 1141 pereant.
988 1057 1068 1132 Quid
1084 1057 1171 1120 enim
1227 1056 1347 1120 doratio
1377 1057 1541 1120 brevitatis
1572 1065 1604 1120 et
1634 1055 1865 1119 incertitudinis
1892 1057 1956 1119 vita

425 1165 500 1222 sunt
528 1158 716 1241 temporalia
746 1157 807 1220 ista
833 1157 896 1220 nisi
921 1172 1017 1219 onera
1045 1173 1170 1236 magna,
1227 1155 1403 1238 praesentis,
1429 1157 1463 1219 in
1487 1175 1550 1239 qua
1573 1154 1700 1219 modica
1723 1161 1853 1237 possunt
1875 1154 1956 1217 sufli-

426 1256 544 1338 quibus
573 1275 704 1320 annexae
734 1261 808 1318 sunt
835 1254 929 1318 varie
959 1272 1054 1328 ourae,
1079 1254 1172 1316 timo·
1227 1273 1309 1330 cere,
1326 1255 1451 1318 dicente
1465 1255 1573 1319 Boetio
1589 1272 1597 1317 :
1613 1254 1731 1318 Natura
1750 1254 1855 1337 paucis
1874 1253 1957 1316 mini·

425 1373 488 1431 res,
504 1355 735 1429 distractiones,
753 1353 1013 1437 inquietudinesf
1032 1353 1106 1415 ldeo
1126 1351 1172 1414 di·
1228 1353 1353 1436 misque
1368 1361 1516 1417 contenta
1530 1361 1586 1418 est.
1603 1353 1677 1416 ldeo
1692 1352 1769 1416 dicit
1781 1352 1956 1434 Gregorius:

428 1454 472 1516 cit
496 1453 708 1537 Hieronymus
732 1471 739 1516 :
759 1451 862 1516 Avaro
884 1460 950 1513 tam
976 1451 1065 1530 deest
1087 1450 1172 1533 quod
1227 1452 1332 1534 Longa
1347 1459 1454 1515 nostra
1468 1452 1625 1516 desideria
1644 1453 1788 1534 increpat
1801 1451 1904 1514 brevis
1917 1451 1957 1512 vi-

428 1552 535 1626 habet‚
562 1570 658 1635 quam
682 1551 767 1633 quod
796 1567 859 1612 non
888 1548 995 1623 habet,
1020 1549 1096 1631 quia
1119 1554 1174 1610 aut
1226 1551 1425 1614 telonium
1447 1558 1497 1615 est
1519 1550 1732 1614 consideratio
1755 1549 1956 1632 periculorum

428 1668 492 1713 non
512 1649 620 1713 habita
640 1648 839 1731 concupiscit
858 1654 893 1709 ut
909 1647 1034 1722 babeat,
1050 1653 1105 1709 aut
1121 1645 1174 1708 ba·
1227 1668 1264 1712 ac
1288 1649 1439 1713 vitiorum
1463 1669 1534 1732 quas
1562 1649 1658 1714 bomo
1681 1667 1721 1712 ex
1745 1647 1958 1731 temporalibus

427 1747 494 1812 bita
509 1747 624 1812 metuit
635 1766 675 1811 ne
689 1748 829 1826 amittat3
845 1752 877 1808 et
891 1745 968 1808 dum
985 1745 1017 1807 in
1032 1744 1173 1807 adversis
1227 1746 1372 1821 incurrit,
1394 1747 1570 1830 praesertim
1594 1747 1671 1810 dum
1695 1745 1831 1810 abundat
1852 1747 1884 1808 in
1907 1746 1957 1820 eis,

427 1853 534 1928 sperat
549 1862 711 1928 prospera,
728 1845 761 1906 in
777 1843 938 1928 prosperis
956 1843 1106 1906 formidat
1120 1838 1210 1904 ad-B
1227 1845 1312 1927 quod
1331 1844 1455 1908 scilicet
1468 1853 1534 1909 tam
1553 1844 1690 1908 difficile
1710 1853 1758 1908 est
1777 1844 1955 1927 locupletem

324 1935 326 1941 ’
425 1963 527 2008 versa.
544 1945 663 2008 lterum
684 1944 729 2006 ait
745 1963 752 2008 :
769 1943 890 2006 Avarus
912 1941 965 2004 hio
987 1943 1076 2008 ardet
1094 1948 1171 2004 aestu
1227 1944 1341 2007 salvari
1359 1962 1366 2006 :
1383 1944 1459 2027 quia
1474 1943 1650 2008 secundum
1665 1943 1898 2027 Hieronymum,
1909 1943 1958 2004 im·

426 2043 695 2126 concupiscentiae
716 2061 753 2104 ac
776 2041 946 2123 multiplici
970 2058 1046 2102 cura
1069 2046 1173 2102 eusto—
1227 2042 1380 2124 possibile
1395 2050 1443 2106 est
1457 2062 1543 2106 nuuc
1557 2042 1696 2124 gaudere
1711 2061 1784 2106 cum
1799 2041 1922 2115 mundo,
1931 2049 1957 2102 et

424 2142 484 2205 diae
504 2142 550 2204 rei
571 2149 714 2215 terrenae,
732 2140 935 2222 postmodum
953 2155 1030 2201 vero
1049 2136 1174 2200 ardebit
1228 2142 1430 2223 postmodum
1445 2159 1576 2224 regnare
1591 2159 1666 2204 eum
1681 2141 1813 2205 Christo.
1820 2141 1957 2215 Quartum

425 2240 499 2321 igne
513 2239 676 2322 gebenna.
695 2239 726 2302 Si
742 2237 955 2321 potentiorem
971 2237 1069 2311 videt,
1081 2236 1173 2298 timet
1227 2247 1275 2301 est
1295 2239 1506 2302 consideratio
1525 2239 1714 2322 multiplicis
1734 2239 1853 2302 fructus
1873 2257 1958 2321 quem

424 2345 605 2420 raptorem;
628 2337 655 2399 si
678 2335 902 2410 infirmiorem,
919 2335 1098 2417 suspicatur
1123 2334 1171 2395 fu·
1228 2335 1323 2399 homo
1342 2336 1480 2419 icquirit
1494 2336 1728 2400 contemnendo
1743 2335 1878 2408 divitias,
1894 2335 1958 2416 quia

426 2455 506 2499 rem.
537 2435 652 2498 Infelix
680 2442 767 2496 tauta
799 2435 928 2516 patitur,
959 2441 1077 2516 quanta
1107 2432 1172 2515 pati
1228 2453 1285 2517 per
1308 2436 1368 2498 boc
1390 2435 1445 2498 Dei
1470 2435 1604 2516 gratiam
1629 2436 1662 2498 in
1686 2433 1834 2518 praesenti
1855 2441 1886 2497 et
1904 2432 1959 2513 glo

425 2534 528 2596 timet.
1228 2533 1307 2595 riam
1324 2540 1525 2615 promeretur
1539 2539 1701 2608 aternam,
1718 2532 1879 2614 multaque
1892 2531 1959 2592 vitia

467 2633 629 2702 Prteterea,
655 2631 738 2694 sicut
761 2631 896 2694 'lbomas
925 2629 1036 2693 scribit
1066 2629 1098 2691 in
1127 2646 1173 2691 se·
1228 2638 1260 2692 et
1280 2631 1423 2714 pericula
1443 2650 1569 2694 summa
1589 2631 1706 2695 evadit.

291 2751 414 2808 quasa.
427 2732 532 2794 cunda
561 2733 718 2806 secundae,
744 2730 925 2793 sollicitudo
948 2727 1172 2811 temporalium
1267 2730 1387 2812 ltaque,
1401 2729 1492 2811 juxta
1515 2729 1686 2794 Salvatoris
1707 2729 1891 2803 doctrinam,
1906 2729 1960 2811 pri·
1979 2745 2066 2818 aea-4

427 2849 536 2894 rerum
559 2830 598 2892 fit
618 2829 721 2892 tribus
742 2829 844 2892 modis
865 2828 985 2890 illicita.
1002 2827 1118 2900 Primo,
1135 2845 1173 2888 ex
1229 2846 1281 2891 mo
1300 2847 1480 2910 queramus
1496 2850 1513 2888 a
1529 2847 1663 2910 regnum
1682 2829 1739 2891 Dei
1753 2851 1783 2904 a,
1800 2837 1834 2891 ut
1850 2829 1959 2890 scilicet
1970 2814 1994 2853 ³²

427 2937 517 3011 parte
541 2947 648 2991 rerum
673 2928 712 2990 de
737 2926 855 3009 quibus
877 2926 949 3010 quis
974 2925 1171 2998 sollicitatur,
1228 2927 1336 2989 omnia
1360 2945 1432 3009 quae
1455 2927 1591 3008 agimus,
1616 2928 1655 2989 ad
1684 2927 1741 2989 Dei
1765 2928 1911 2991 honorem
1932 2933 1958 2987 ct

425 3025 574 3090 videlicet
589 3028 666 3089 dum
688 3025 720 3088 iu
740 3023 971 3107 temporalibus
991 3023 1087 3086 rebus
1106 3023 1171 3086 adi·
1187 3024 1209 3089 (l
1228 3025 1361 3106 gloriam
1376 3043 1413 3087 ao
1428 3030 1568 3088 nostram
1580 3033 1731 3089 aeternam
1744 3024 1957 3088 beatitudinem

425 3124 587 3208 piscendis
607 3132 662 3186 aut
676 3123 903 3187 conservandis
922 3122 1038 3204 aliquis
1055 3121 1117 3184 sibi
1133 3121 1171 3183 fi·
1227 3123 1412 3186 ordinemus
1429 3143 1436 3188 :
1453 3130 1485 3186 et
1506 3123 1635 3206 expedit
1659 3124 1748 3187 omni
1774 3124 1825 3188 die
1845 3123 1959 3186 actuali·

424 3241 498 3286 nem
522 3223 698 3297 constituit,
716 3222 899 3286 inherendo
920 3221 967 3283 eis
988 3239 1046 3302 per
1068 3218 1171 3282 cordis
1226 3228 1275 3283 tor
1294 3221 1402 3284 omnia
1419 3222 1526 3285 taliter
1544 3222 1690 3285 ordinare
1711 3222 1808 3286 etiam
1827 3240 1914 3305 sepe.
1928 3221 1958 3282 Et

423 3320 577 3383 affectum
602 3320 701 3401 magis
726 3338 822 3402 quam
844 3320 918 3382 lleo.
940 3318 1061 3381 Avarus
1082 3318 1171 3399 equi·
1225 3326 1395 3401 antequam
1415 3320 1454 3381 ad
1472 3319 1629 3383 exteriora
1647 3321 1771 3402 agenda
1789 3320 1959 3403 quistrans·
2064 3399 2065 3402 Ἴ

424 3420 497 3482 dem
513 3419 613 3500 magis
628 3417 773 3480 afficitur
788 3418 872 3480 circa
889 3435 1059 3479 nummum
1074 3434 1170 3498 quam
1226 3425 1287 3492 eat,
1304 3426 1457 3500 quaerat«
1466 3417 1761 3501 justitiamoregni
1777 3419 1918 3490 ooelestis,
1931 3417 1958 3479 id

424 3516 509 3580 circa
522 3518 635 3591 Deum,
653 3535 712 3578 neo
728 3523 817 3578 curat
832 3517 932 3578 Deum
952 3515 1099 3578 amittere
1114 3532 1172 3596 per
1226 3523 1284 3590 est,
1300 3516 1407 3598 aliqua
1422 3533 1518 3599 opera
1533 3515 1714 3599 spiritualia
1727 3516 1867 3581 virtuosa
1881 3533 1958 3579 exer-

422 3615 612 3696 juramenta,
620 3614 786 3677 mendacia
800 3632 837 3675 ac
852 3614 914 3676 alia
928 3613 1016 3689 vitia,
1026 3614 1171 3675 dummo-
1226 3622 1306 3689 ceat,
1323 3616 1452 3689 orando,
1469 3616 1570 3678 ileum
1593 3613 1764 3690 laudando,
1781 3623 1812 3678 et
1832 3615 1956 3684 blissau,

424 3713 465 3775 do
485 3721 580 3794 queat
598 3711 733 3794 adipisci
755 3712 932 3793 pecuniam.
951 3711 1032 3772 Ecce
1053 3718 1171 3794 quanta
1226 3713 1253 3774 si
1269 3721 1383 3795 potest,
1399 3713 1567 3776 audiendo.
1586 3712 1646 3776 Sed
1664 3713 1698 3775 in
1714 3713 1776 3777 isto
1792 3721 1863 3777 sunt
1877 3711 1957 3775 multi

423 3810 579 3872 astavari
602 3808 734 3871 insania.
757 3809 903 3872 Secundo
926 3808 966 3870 fit
989 3809 1170 3871 sollicitudo
1225 3811 1507 3874 vehementissime
1522 3811 1880 3894 reprehendendi:nam
1894 3827 1957 3892 qua·

422 3907 483 3970 ista
498 3906 617 3982 illicita,
625 3915 755 3988 propter
769 3905 1025 3988 superfluitatem
1041 3915 1170 3971 conatus
1225 3909 1252 3971 si
1276 3909 1386 3973 bestiae
1409 3917 1553 3991 surgunt,
1570 3917 1603 3972 et
1624 3909 1731 3972 statim
1755 3911 1795 3973 ad
1818 3909 1958 3974 exteriora

423 4024 480 4068 seu
510 4004 607 4066 studii
637 4005 721 4067 circa
744 4022 781 4066 ea
807 4021 814 4064 ι
841 4003 924 4066 sicut
947 4004 1023 4066 dum
1054 4005 1170 4087 aliquis
1225 4026 1279 4071 cor
1301 4027 1396 4072 suum
1418 4007 1601 4084 effundunt,
1617 4017 1647 4071 et
1670 4009 1724 4072 vix
1746 4027 1842 4073 unam
1862 4009 1958 4090 legunt

423 4111 548 4167 tantum
571 4103 656 4165 circa
676 4101 731 4164 illa
752 4101 870 4164 insistit
888 4120 925 4164 ao
945 4103 1068 4178 nititur,
1085 4106 1169 4186 quod
1224 4107 1405 4171 Orationem
1420 4106 1615 4170 dominicam
1625 4125 1634 4187 ;
1650 4107 1697 4170 sic
1712 4125 1838 4191 quoque
1852 4108 1957 4170 vadunt

423 4221 442 4265 a
457 4200 677 4284 spiritualibus
693 4207 725 4262 et
739 4219 757 4262 a
771 4199 865 4262 bonis
879 4200 1030 4284 operibus
1045 4203 1084 4264 ad
1098 4222 1169 4285 quaa
1185 4208 1210 4270 Ι)
1225 4205 1399 4268 dormitum
1418 4204 1539 4287 absque
1559 4205 1715 4268 memoria
1729 4205 1797 4280 Dei,
1812 4206 1879 4268 sine
1896 4223 1957 4267 exa·

423 4301 581 4382 obligatus
610 4306 669 4374 est,
696 4298 878 4382 impeditur.
906 4299 1021 4376 Tertio,
1048 4301 1169 4364 ratione
1226 4304 1400 4367 minatione
1422 4303 1624 4368 conscientiae
1644 4323 1720 4378 suae,
1737 4313 1769 4368 et
1787 4304 1902 4387 absque
1919 4304 1957 4365 iu·

422 4399 545 4462 timoris
565 4398 722 4481 superflui
737 4415 801 4480 quo
818 4397 914 4460 bomo
929 4399 1027 4460 nimis
1042 4407 1170 4462 veretur
1225 4403 1390 4467 vocatione
1412 4403 1540 4485 pietatis
1560 4401 1678 4467 divinae
1702 4421 1761 4486 pro
1785 4403 1956 4467 remissione

422 4497 609 4578 temporalia
623 4496 684 4558 sibi
700 4514 793 4578 posse
808 4495 1090 4571 deficere,etiamsi
1106 4500 1170 4561 lleo
1226 4502 1393 4584 culparum
1423 4500 1486 4564 diei
1516 4501 1685 4584 praeteritae
1712 4521 1750 4564 ac
1778 4503 1872 4566 totius
1894 4501 1956 4564 vita

424 4594 530 4656 debite
558 4593 752 4675 obsequatur
777 4611 784 4656 ε
813 4602 845 4656 et
873 4595 933 4658 hoc
963 4596 1105 4659 Christus
1136 4597 1169 4659 in
1225 4601 1350 4682 elapsae.
1381 4601 1454 4664 ldeo
1480 4600 1571 4681 juxta
1599 4608 1749 4684 praetacta
1777 4600 1906 4684 quilibet
1929 4617 1956 4659 se
2062 4619 2063 4622 ¹

424 4689 589 4770 evangelio
613 4689 673 4751 isto
703 4689 925 4772 multipliciter
949 4692 1108 4774 reprobat,
1135 4701 1170 4755 ut
1226 4700 1385 4774 emendet,
1402 4706 1434 4760 et
1454 4699 1539 4761 circa
1562 4699 1747 4782 spirituales
1771 4701 1881 4762 anima
1902 4714 1956 4759 sua

425 4787 458 4849 in
481 4786 679 4869 expositione
702 4789 805 4869 patuit
825 4795 939 4852 textus.
957 4791 1075 4853 Verum
1100 4791 1170 4854 loco
1226 4795 1365 4870 divitias,
1381 4795 1441 4858 hoc
1460 4803 1509 4858 est
1524 4796 1657 4859 virtutes
1675 4804 1707 4860 et
1727 4797 1900 4862 meritorias
1916 4813 1957 4857 ac·

427 4893 458 4949 et
472 4893 616 4968 tempore
631 4894 811 4968 opportuno
830 4889 991 4951 moderate
1006 4889 1170 4953 sollicitari
1226 4894 1339 4970 tiones,
1362 4895 1499 4958 maxime
1521 4895 1723 4971 sollicitetur,
1744 4915 1784 4959 ne
1805 4916 1856 4960 eas
1874 4895 1956 4958 amit-

428 5003 486 5068 pro
509 4984 738 5066 temporalibus
767 4985 955 5048 necessariis
980 5005 1170 5070 congregari·
1225 5000 1281 5066 tat,
1306 5012 1347 5055 ne
1371 4994 1471 5056 ileum
1500 4993 1654 5070 offendat,
1680 5013 1721 5057 ne
1746 4995 1957 5078 sempiternam

427 5083 477 5146 dis
492 5091 547 5146 aut
561 5084 797 5158 conservandis,
810 5084 986 5149 ordinando
1001 5105 1038 5149 ea
1052 5089 1089 5150 ad
1106 5089 1170 5170 spi·
1227 5091 1338 5173 perdat
1359 5091 1504 5155 salutem.

426 5181 554 5246 ritualia
574 5180 667 5256 bona,
685 5181 808 5244 licitum
824 5188 982 5266 estatque
999 5185 1168 5251 laudabile.
1266 5189 1373 5252 Refert
1393 5191 1603 5274 Hieronymus
1625 5194 1665 5257 de
1687 5192 1813 5257 Socrate
1831 5193 1959 5276 pbiloso
2061 5191 2062 5200 ’

465 5281 637 5356 Postremo,
662 5281 763 5350 multa
791 5288 865 5344 sunt
894 5283 1034 5346 remedia
1063 5294 1172 5350 contra
1228 5290 1302 5371 pho,
1319 5289 1404 5371 quod
1424 5291 1643 5373 injuventute
1663 5312 1722 5356 sua
1741 5293 1849 5358 volens
1868 5291 1912 5354 ire
1925 5289 1958 5353 ad
