4206 6258
348 510 496 560 boemica
516 512 591 558 xxiv
610 513 684 560 POST
704 511 898 560 TthlTATRhi.
919 531 959 542 -
979 513 1021 559 AO
1041 512 1236 576 hEl.lGiOSOs;
1258 513 1356 562 smum
1377 512 1505 570 QUINTUS

1643 497 1704 562 639

685 927 876 1013 SERMO
914 925 1167 1028 QUINTUS

356 1195 499 1252 QUOMODO
520 1194 670 1240 nattutoel
692 1193 842 1239 eluentem
863 1193 933 1241 lesu
954 1193 1095 1240 TANGERE
1117 1193 1269 1251 nasetur,
1290 1192 1496 1240 sanctuarum

658 1293 736 1338 VITAE
758 1292 827 1340 etus
848 1293 994 1339 vmrures
1015 1292 1198 1338 AEHULANDO.

217 1578 385 1640 ICEBAT
406 1577 499 1637 intra
519 1595 551 1636 se
573 1594 585 1634 .·
603 1575 644 1636 Si
667 1573 803 1650 tetiperc
828 1568 1013 1634 ton-Abus
1038 1569 1104 1631 suis
1127 1570 1358 1634 crudelissimis
1380 1572 1532 1635 sustinuit
1553 1581 1699 1649 mortem,

233 1687 303 1738 tum
322 1676 489 1754 fimbriam
509 1672 694 1733 vestimenti
710 1670 793 1748 ejus,
809 1671 900 1728 solva

147 1795 215 1835 ero.
232 1773 338 1836 Matth.
357 1789 400 1843 tx,
417 1769 466 1832 21.
638 1760 640 1764 ⁷

189 1870 246 1932 Per
266 1868 508 1941 vestimentum,
525 1866 735 1948 spiritualiter
752 1863 900 1944 intelligi·

147 1975 202 2030 tur
217 1969 318 2029 virtus
335 1985 391 2028 seu
406 1965 507 2047 gratia
526 1963 594 2038 Dei,
611 1981 674 2046 qua
688 1963 795 2025 anima
810 1962 900 2023 deco-

148 2072 247 2140 ratur,
268 2071 300 2128 et
325 2071 435 2127 eontra
454 2062 667 2126 tentationum
689 2079 726 2123 ao
748 2059 900 2122 vitiorum

147 2163 321 2237 fervorem,
347 2169 457 2226 contra
486 2161 623 2244 pigritiae
652 2160 764 2241 frigus,
792 2165 901 2221 eontra

147 2261 369 2345 intemperiem
385 2261 570 2344 passionum
587 2258 730 2323 munitur
743 2265 837 2338 atque
850 2257 902 2320 de·

12 2387 132 2435 ¹nnio.
149 2359 301 2422 tenditur.
323 2360 410 2423 Unde
432 2366 465 2421 et
485 2358 601 2440 legitur
618 2374 625 2419 :
642 2357 749 2419 induit
770 2374 821 2418 me
843 2356 901 2418 Do-

6 2512 9 2524 .
34 2486 138 2538 enm,
150 2460 260 2522 minus
275 2459 468 2522 vestimento
483 2457 605 2521 salutis.
623 2457 661 2518 ut
675 2456 788 2519 caritas
803 2454 901 2518 vestis

149 2558 305 2641 nuptialis
320 2556 562 2620 vocatur.Porro
577 2574 634 2638 per
648 2553 902 2634 fimbriam,quae

148 2665 200 2721 est
223 2656 369 2741 quaedam
396 2654 579 2718 vestimenti
607 2651 802 2724 extremitas,
831 2651 903 2712 inli-

953 1687 1090 1752 quorum
1107 1669 1199 1732 multi
1215 1670 1318 1752 pretio
1333 1671 1497 1753 sanguinis
1517 1673 1566 1735 sui
1584 1692 1620 1736 ac
1636 1693 1702 1737 sue

955 1768 1067 1831 merito
1092 1768 1249 1850 passionis
1274 1775 1398 1832 exstant
1422 1770 1543 1833 salvati.
1564 1773 1608 1834 De
1633 1772 1701 1854 qui-

953 1866 1013 1929 bus
1032 1873 1064 1929 et
1079 1867 1226 1949 passione
1244 1887 1301 1930 sua
1320 1867 1509 1932 imminente
1524 1869 1698 1933 disseruit:

953 1963 1056 2037 Quum
1081 1966 1294 2029 exaltaveritis
1317 1965 1433 2028 Filium
1454 1966 1606 2043 hominis,
1623 1975 1699 2031 tunc
1713 1988 1847 2042 vaanenu,

954 2064 1151 2144 cognoscetis
1173 2065 1249 2146 quia
1272 2082 1330 2145 ego
1355 2084 1437 2127 sum.
1454 2065 1534 2129 Hine
1556 2066 1599 2128 ait
1618 2067 1700 2150 Apo·
1715 2053 1748 2095 ²⁸·

955 2160 1054 2224 stolus
1083 2180 1090 2224 :
1122 2161 1329 2224 Commendat
1354 2163 1517 2226 caritatem
1548 2185 1638 2228 suam
1668 2165 1701 2228 in
1714 2185 1847 2238 nomana.

955 2258 1047 2321 uobis
1063 2259 1157 2334 Deus,
1174 2260 1325 2341 quoniam
1346 2280 1446 2343 quum
1466 2261 1569 2326 adhuc
1588 2282 1701 2346 pecca-

955 2365 1039 2421 tores
1054 2376 1208 2434 essemus,
1221 2359 1364 2423 Christus
1379 2378 1438 2442 pro
1451 2361 1544 2425 nobis
1559 2369 1703 2427 mortuus

956 2465 1013 2520 est.
1020 2458 1138 2520 Verum
1154 2458 1187 2520 hi
1202 2460 1379 2523 secuudum
1395 2461 1705 2544 praedestinationem

955 2561 1106 2618 aeternam
1126 2557 1256 2620 luerunt
1274 2559 1381 2622 amici.
1398 2559 1504 2624 Nihilo
1521 2561 1627 2624 minus
1647 2578 1705 2644 pro

957 2653 1096 2718 inimicis
1112 2663 1144 2718 et
1163 2657 1308 2738 reprobis
1327 2677 1439 2740 passus
1454 2666 1502 2722 est
1522 2661 1619 2724 Filius
1635 2661 1703 2736 Dei,

149 2775 225 2820 mue
241 2755 358 2837 gradus
373 2753 502 2816 virtutis
522 2771 579 2816 seu
599 2750 750 2825 caritatis,
767 2768 823 2813 seu
844 2748 939 2810 mi·B
957 2752 1013 2833 qui
1032 2753 1219 2816 universum
1241 2754 1375 2818 salvavit
1393 2775 1494 2838 genus
1513 2758 1702 2834 humanum,

148 2856 239 2918 nima
258 2854 330 2935 ejus
351 2851 503 2935 operatio,
520 2851 712 2932 designatur.

1 2987 81 3028 ω.
92 2997 131 3037 m,
192 2953 319 3018 Christo
333 2957 441 3014 autem
456 2949 512 3032 qui
525 2949 659 3031 gratiam
674 2965 738 3012 non
759 2949 797 3011 ad
815 2965 903 3009 men-

148 3071 258 3116 suram
279 3049 414 3132 accepit,
436 3048 545 3111 nullus
566 3049 599 3111 in
622 3047 763 3120 caritate,
784 3045 902 3108 virtute

150 3159 186 3216 et
200 3151 300 3233 gratia
315 3155 419 3232 potest
433 3147 561 3230 aequari.
573 3146 680 3210 Nihilo
695 3147 802 3208 minus
817 3151 903 3206 tone·

148 3269 225 3314 mur
245 3248 314 3330 ejus
336 3245 470 3327 vestigia
490 3245 592 3326 sequi,
608 3245 668 3308 hoc
688 3251 737 3307 est
755 3243 825 3324 ejus
840 3242 902 3306 vir-

147 3345 273 3410 tutibus
291 3344 464 3415 essimilari
485 3362 540 3406 seu
561 3361 613 3405 eas
634 3341 809 3416 scaturiet
827 3358 901 3403 oon·

145 3444 322 3508 versationi
355 3442 456 3526 ipsius
488 3460 546 3504 uos
578 3441 690 3503 saltem
721 3439 902 3521 aliqualiter

147 3542 361 3614 conformare,
374 3541 645 3624 quemadmodum
662 3539 818 3620 seriptum
834 3545 898 3600 est:

1 3680 130 3717 oanan,
146 3642 210 3717 Qui
225 3659 258 3705 se
274 3640 352 3704 dicit
368 3641 400 3702 in
417 3639 540 3703 Christo
557 3655 693 3710 manere,
703 3636 808 3710 debet,
818 3635 901 3698 sicut

147 3741 206 3804 ille
225 3739 412 3813 ambulavit,
434 3746 465 3801 et
487 3739 556 3821 ipse
575 3736 749 3798 ambulare.
771 3735 901 3816 Propter

0 3840 236 3922 nn.nn‚quod
266 3839 346 3900 dixit
374 3855 381 3899 :
414 3836 604 3919 Exemplum
634 3835 705 3897 dedi
735 3833 837 3906 vohis,
866 3838 902 3894 ut

956 2857 987 2912 et
1003 2866 1060 2932 pro
1074 2849 1225 2914 omnibus
1242 2852 1323 2916 mori
1339 2853 1486 2935 dignatus
1502 2862 1550 2918 est
1568 2864 1599 2918 et
1614 2857 1704 2920 setis·

956 2946 1033 3011 feeit
1057 2957 1213 3031 quantum
1233 2951 1272 3012 ad
1297 2949 1538 3028 sufficientiam,
1556 2956 1703 3036 quamvis

956 3047 990 3109 in
1010 3047 1085 3110 solis
1105 3048 1216 3111 electis
1237 3049 1378 3113 fructum
1401 3052 1550 3115 sortiatur
1571 3052 1703 3116 finalem

957 3147 1106 3209 meritum
1123 3167 1189 3211 suaa
1204 3149 1367 3229 passionis,
1376 3151 1489 3213 ceteris
1504 3151 1626 3215 obicem
1641 3153 1705 3215 lru·

956 3246 1162 3309 militationis
1183 3247 1280 3328 hujus
1303 3248 1506 3330 ponentibus.

996 3343 1150 3427 Deinceps
1179 3343 1261 3407 hanc
1293 3344 1407 3409 Christi
1437 3347 1703 3428 perfectissimam

956 3443 1131 3518 caritatem,
1148 3445 1325 3507 secundum
1345 3445 1486 3527 aliquem
1506 3448 1639 3528 gradum
1656 3469 1703 3513 se-

955 3542 1011 3624 qui
1040 3549 1189 3605 tenemur
1215 3543 1406 3623 (seeundum
1436 3545 1521 3627 quod
1550 3554 1703 3628 protesta-

955 3647 1008 3702 tur
1029 3657 1036 3701 ε
1057 3640 1122 3703 Hoc
1145 3647 1194 3702 est
1218 3650 1413 3723 preceptum
1439 3661 1559 3719 meum,
1575 3654 1611 3708 ut
1633 3647 1703 3709 dili·
1721 3660 1848 3713 vannat,

954 3739 1035 3818 gatis
1055 3737 1194 3800 invicem
1215 3738 1300 3800 sicut
1319 3739 1416 3803 dilexi
1431 3743 1502 3823 vos)
1519 3762 1525 3806 :
1542 3743 1618 3825 quia
1637 3763 1701 3809 non
1717 3727 1750 3768 ¹²·

955 3835 1058 3897 solum
1078 3836 1208 3910 amicos,
1226 3837 1281 3899 sed
1302 3836 1449 3903 inimicos
1471 3859 1597 3924 quoque
1617 3852 1703 3907 tene·
1728 3857 1848 3911 vatata,

148 3935 422 4021 quemadmodum
445 3953 503 4016 ego
524 3934 599 4009 leci,
617 3934 661 3996 ita
679 3939 710 3994 et
730 3950 785 3995 vos
804 3930 937 3994 sacia-C
955 3952 1029 3995 mur
1043 3933 1186 4015 diligere,
1194 3942 1225 3996 et
1240 3955 1503 4020 unumquemque
1519 3941 1702 4022 proximum
1717 3924 1751 3964 “¹

6 4063 131 4112 ,nnc
147 4035 212 4114 tis3
234 4035 398 4116 itemque:
416 4033 482 4114 Ego
501 4050 573 4094 sum
591 4031 726 4112 (inquit)
739 4031 800 4102 via,
818 4029 899 4092 veri-

147 4142 197 4196 tas
222 4141 254 4196 et
276 4133 361 4210 vita3
388 4149 483 4193 nemo
508 4129 596 4192 venit
617 4130 655 4190 ad
678 4128 812 4202 Patrem,
837 4128 899 4190 nisi

147 4252 208 4316 per
232 4250 294 4295 me.
316 4231 406 4294 Dicat
424 4248 499 4311 ergo
522 4236 553 4292 et
573 4227 709 4311 quilibet
729 4234 897 4290 nostrum:

147 4331 182 4394 Si
210 4331 344 4412 tetigero
372 4337 497 4392 tantum
527 4327 689 4391 fimbriam
717 4325 899 4388 vestimenti

146 4428 279 4502 Christi,
300 4428 406 4490 salvus
428 4444 494 4501 ero,
516 4425 575 4488 hoe
597 4431 656 4498 est,
677 4425 703 4486 si
729 4423 900 4487 Salvatoris

145 4526 314 4588 caritatem
335 4533 519 4606 ceterasque
539 4523 673 4586 virtutes
696 4531 728 4585 et
746 4522 901 4604 operatio-

146 4643 207 4687 nes
223 4632 346 4687 sanctas
362 4623 474 4686 saltem
495 4639 552 4704 pro
572 4621 768 4703 aliquantula
783 4639 819 4682 ac
835 4637 901 4682 mo-

145 4723 222 4786 dica
248 4723 340 4785 luero
369 4727 457 4803 parte
482 4729 621 4794 secutus,
649 4719 803 4782 salvabor.
829 4719 900 4803 lpse

145 4821 300 4902 equidem
317 4819 491 4902 perlectam
507 4827 539 4880 et
554 4837 712 4881 summam
727 4817 840 4879 habuit
854 4837 901 4881 ea·

0 4955 126 5006 ma,
144 4919 289 4993 ritatem,
306 4917 483 4980 secundum
501 4917 585 4998 quod
606 4923 798 4998 protestatur
816 4934 822 4978 :
839 4917 900 4979 hla-

142 5019 253 5100 jorem
274 5016 334 5078 hae
359 5015 523 5078 caritatem
543 5031 638 5076 nemo
655 5014 762 5090 habet,
780 5022 815 5076 ut
833 5016 900 5078 ani-

955 4051 1011 4094 seu
1032 4033 1185 4096 viatorem
1210 4035 1310 4114 magis
1330 4055 1426 4117 quam
1449 4038 1614 4120 proprium
1635 4059 1702 4105 eor·

955 4148 1015 4212 pus
1044 4148 1102 4191 seu
1131 4131 1329 4212 corporalem
1358 4133 1457 4195 vitam
1487 4153 1602 4200 amare.
1629 4139 1703 4203 ideo

955 4246 1030 4290 casu
1053 4246 1086 4289 se
1109 4225 1277 4302 offerente,
1298 4246 1355 4310 pro
1377 4230 1488 4293 talium
1510 4251 1703 4318 unoquoque

953 4325 1094 4388 animam
1123 4345 1181 4388 seu
1209 4325 1307 4386 vitam
1336 4334 1476 4390 nostram
1505 4333 1702 4413 corporalem

954 4441 1073 4506 ponere
1089 4422 1279 4504 obligamur,
1296 4433 1390 4506 prout
1405 4426 1438 4487 in
1454 4428 1557 4508 prima
1572 4449 1630 4493 sua
1650 4432 1702 4495 Ca·

955 4521 1070 4596 noniea
1091 4521 1135 4582 ait
1155 4522 1290 4585 Joannes
1312 4525 1473 4605 apostolus
1491 4545 1498 4589 ε
1519 4527 1553 4588 ln
1574 4528 1635 4591 hoc
1653 4549 1849 4604 cotteanum,

954 4619 1123 4701 gnovimus
1140 4611 1303 4683 caritatem
1323 4621 1390 4696 Dei,
1407 4625 1558 4704 quoniam
1574 4626 1639 4702 ille,
1656 4630 1703 4692 vi·
1718 4617 1754 4667 ¹⁶³
1765 4617 1830 4664 '¹²⁰'

955 4718 1070 4781 delicet
1086 4718 1240 4793 Christus,
1254 4719 1309 4802 qui
1324 4727 1372 4783 est
1386 4740 1481 4785 verus
1495 4723 1578 4787 Deus
1594 4735 1625 4788 et
1640 4728 1705 4791 vita

955 4823 1082 4891 aterna,
1105 4834 1163 4899 pro
1187 4817 1280 4880 nobis
1302 4819 1441 4883 animam
1464 4841 1554 4885 suam
1579 4827 1703 4908 posuit3

955 4924 987 4978 et
1006 4933 1063 4978 nos
1086 4915 1241 4980 debemus
1262 4935 1320 5000 pro
1339 4916 1490 4982 tratribus
1509 4922 1632 4987 animas
1651 4944 1705 5008 po

955 5033 1040 5077 nere.
1064 5015 1211 5078 Attamen
1237 5017 1263 5078 si
1288 5017 1360 5098 quis
1390 5035 1448 5100 pro
1472 5021 1618 5101 proximo
1646 5043 1704 5089 suo

144 5135 237 5181 mem
253 5134 342 5178 suam
359 5121 456 5197 ponat
469 5115 541 5196 quis
563 5132 620 5195 pro
640 5114 753 5177 amicis
768 5115 844 5176 suis.
863 5115 902 5176 lit
916 5116 940 5179 D
955 5113 1050 5176 etiam
1068 5114 1200 5177 inimico
1215 5115 1354 5177 animam
1369 5135 1459 5178 suam
1477 5127 1583 5200 ponat,
1596 5121 1628 5183 id
1644 5129 1702 5199 est,

143 5225 256 5280 tamen
270 5215 339 5297 ipse
353 5212 508 5294 majorem
523 5212 673 5276 hahuisse
689 5213 821 5286 videtur,
829 5213 901 5294 quia

143 5331 210 5400 pro
236 5311 377 5376 inimicis
406 5312 484 5386 suis,
511 5311 577 5374 imo
604 5327 663 5393 pro
692 5310 902 5375 interlectori-

955 5219 1091 5276 mortem
1111 5220 1224 5296 sponte
1245 5214 1409 5291 sustineat,
1425 5223 1462 5279 ut
1482 5217 1573 5280 illum
1593 5238 1612 5282 a
1630 5240 1703 5303 pec·

955 5317 1024 5374 cato
1048 5317 1102 5374 aut
1126 5311 1240 5393 quovis
1269 5311 1414 5392 periculo
1438 5324 1538 5392 eruat,
1563 5319 1702 5386 necdum
