4192 6258
333 493 481 540 noanrroa
501 495 554 540 xxr
574 494 648 542 rosr
667 494 861 542 ramnarnrr.
881 511 922 525 -
942 494 985 542 an
1004 495 1199 560 murarosos3
1221 497 1319 544 annuo
1338 497 1476 554 ouranos
1619 478 1679 541 art

124 667 285 740 quantum
300 671 375 725 sunt
390 665 446 727 Dei
461 665 572 729 vicarii
588 684 625 729 ae
645 665 795 740 ministri,
808 685 877 750 per·
891 665 917 728 Α
932 673 1016 729 sorte
1039 674 1148 732 nostra
1168 684 1233 731 non
1255 687 1335 730 esse.
1351 667 1423 730 Post
1444 665 1678 748 aliquantulum

124 775 276 841 sonaeque
291 759 426 843 publicae
440 769 473 825 et
486 782 618 828 summae
632 765 794 848 potestatis
810 783 879 847 par·
931 764 1096 848 temporis,
1113 765 1243 847 quidam
1265 765 1316 829 vir
1337 772 1465 829 sanctus
1486 764 1582 848 paulo
1605 771 1678 826 anta

123 856 266 938 ticipes:
287 860 371 924 unda
394 868 427 924 ct
451 862 541 942 signa
565 863 751 926 reverentiae
776 863 877 944 magis
931 861 1113 938 defunctus,
1129 863 1184 944 qui
1205 861 1266 926 fuit
1286 863 1399 926 harum
1420 880 1565 927 sororum
1580 881 1679 924 avun-

124 957 332 1019 monstranda
354 965 428 1020 sunt
449 959 495 1022 eis
517 959 704 1023 forinsecus.
931 961 1034 1036 culus,
1050 963 1198 1044 apparuit
1220 964 1253 1025 in
1273 962 1397 1026 visione
1419 962 1518 1026 sorori
1540 961 1588 1023 illi
1608 980 1678 1024 san·

173 1053 300 1128 Quarto,
333 1057 365 1118 in
398 1057 564 1139 evangelio
596 1058 657 1122 isto
687 1057 877 1121 instruimur
931 1059 1034 1134 ctiori,
1059 1066 1091 1122 et
1120 1060 1201 1122 dixit
1227 1077 1233 1122 :
1258 1061 1350 1135 Veni,
1376 1061 1453 1141 quia
1477 1060 1509 1122 in
1539 1059 1678 1122 coelastis
1788 1103 1792 1113 ·

123 1159 283 1236 quantum
298 1153 401 1218 valeat
420 1157 504 1238 apud
524 1157 626 1218 Deum
645 1156 728 1219 fides
747 1165 779 1220 et
798 1156 875 1220 affe·
930 1157 1105 1242 mansipnis
1125 1165 1156 1220 te
1176 1158 1248 1221 luce
1267 1159 1417 1240 suscipio.
1434 1157 1555 1232 Quibus
1571 1158 1676 1234 dictis,

123 1258 237 1315 ctuosa
252 1253 436 1316 continuata
451 1254 562 1330 oratio,
579 1255 730 1337 quoniam
746 1255 875 1336 regulus
930 1255 984 1318 illa
1004 1257 1102 1338 coepit
1124 1257 1269 1339 protinus
1290 1255 1459 1330 infirmari,
1475 1263 1507 1318 et
1528 1255 1612 1317 circa
1633 1255 1678 1318 fc-

124 1351 198 1424 iste‚
216 1351 362 1433 quamvis
385 1351 593 1434 imperfectus
618 1353 650 1414 in
675 1352 751 1428 fide,
768 1362 874 1416 tamon
929 1363 1014 1416 stum
1037 1354 1217 1418 Nativitatis
1241 1355 1356 1419 Christi
1381 1354 1530 1436 migravit
1554 1354 1593 1416 ad
1618 1354 1676 1416 Do·

123 1445 193 1511 fide
208 1467 266 1511 sua
279 1449 335 1511 tali
351 1450 438 1531 quali
453 1459 485 1512 et
500 1451 649 1533 precibus
664 1451 806 1534 repetitis
821 1469 875 1544 sno
929 1453 1064 1516 minum.
1082 1454 1155 1516 Post
1172 1453 1335 1516 modicum
1355 1460 1494 1536 tempus,
1514 1469 1603 1516 soror
1622 1451 1677 1515 illa

123 1545 267 1610 obtinuit
286 1547 356 1611 filio
377 1549 555 1612 sanitatem.
929 1552 1077 1634 apparuit
1092 1553 1125 1614 in
1140 1551 1263 1615 visione
1278 1552 1378 1614 sorori
1394 1571 1459 1614 suae
1473 1552 1606 1625 devote,
1622 1568 1675 1615 vo-

166 1645 274 1710 Refert
289 1647 318 1709 S.
337 1647 505 1730 Gregorius
521 1647 672 1711 habuisse
691 1667 725 1712 se
740 1655 803 1712 tras
823 1669 875 1712 no·
929 1668 1004 1712 cans
1019 1669 1089 1714 eam
1105 1651 1144 1721 ad
1159 1669 1292 1732 regnum
1314 1650 1451 1714 coeleste.
1469 1649 1526 1712 llla
1540 1667 1616 1713 vero
1636 1651 1675 1712 de

123 1751 197 1828 ptes
213 1745 246 1808 in
260 1747 359 1810 Roma
378 1746 502 1810 nobiles
522 1746 613 1810 valde
632 1766 667 1810 ac
688 1748 802 1811 divites
819 1765 826 1810 :
843 1755 875 1811 et
929 1766 1036 1812 sorore
1058 1749 1111 1812 illa
1131 1749 1279 1812 indevota
1293 1749 1385 1812 valde
1401 1748 1552 1823 sollicita,
1569 1748 1673 1811 dixit:
1758 1813 1760 1816 .

122 1852 217 1907 erant
232 1862 355 1909 sorores
371 1845 522 1910 carnales.
540 1846 614 1920 One
628 1862 739 1910 omnes
756 1864 821 1910 uno
837 1846 874 1909 li·
892 1846 916 1909 B
930 1846 968 1908 llt
982 1847 1009 1909 si
1025 1848 1129 1922 venio,
1142 1847 1235 1910 istam
1251 1848 1303 1910 cui
1318 1847 1462 1911 dimittet
1473 1847 1530 1910 Cui
1545 1865 1675 1930 respon·

123 1944 178 2006 dei
197 1942 322 2007 fervore
343 1961 503 2008 converse
522 1951 607 2020 sunt,
624 1952 656 2007 et
674 1945 873 2028 spiritualem
928 1945 976 2007 dit
999 1944 1081 2008 facie
1104 1945 1215 2008 tristi:
1237 1945 1327 2020 Veni,
1354 1962 1454 2020 soror,
1477 1945 1594 2007 etenim
1621 1944 1676 2006 illa

123 2049 223 2124 atque
244 2061 448 2106 communem
465 2043 562 2106 vitam
581 2043 614 2105 in
632 2044 761 2126 propria
780 2045 875 2107 domo
929 2042 1012 2106 inter
1026 2043 1192 2106 saculares
1208 2050 1240 2106 et
1254 2042 1351 2106 laicas
1368 2049 1513 2126 reputata
1531 2049 1589 2106 est.
1606 2043 1675 2105 llox

123 2139 295 2203 duxerunt.
313 2141 452 2214 Quarum
476 2160 539 2204 una
561 2142 704 2224 quotidie
729 2142 761 2204 in
786 2143 875 2206 omni
928 2159 1017 2204 soror
1033 2140 1087 2203 illa
1106 2141 1220 2204 devota
1240 2141 1398 2204 infirmari
1418 2141 1549 2223 incepit,
1567 2149 1599 2204 et
1616 2142 1677 2203 cir·

122 2239 245 2300 virtute
275 2256 312 2300 ac
343 2239 509 2300 sanctitate
537 2237 673 2322 profecit
700 2240 873 2321 praecipue,
928 2259 965 2303 ca
986 2238 1104 2302 festum
1120 2240 1306 2322 Epiphaniae
1321 2247 1376 2302 aut
1393 2239 1520 2302 circiter
1538 2239 1676 2302 feliciter

123 2336 325 2400 orationibus
344 2355 460 2400 vacans
482 2337 642 2400 continue.
660 2337 729 2400 Alia
747 2355 874 2420 quoquc
928 2338 1017 2401 obiit.
1034 2339 1123 2401 Tunc
1139 2354 1228 2400 soror
1244 2337 1298 2400 illa
1314 2337 1451 2412 residua,
1467 2337 1566 2400 oblita
1583 2338 1675 2400 timo-

123 2451 217 2498 soror
236 2434 299 2496 fuit
319 2435 456 2497 multum
476 2435 598 2498 devota.
617 2434 677 2498 Sed
692 2435 785 2497 tertia
799 2454 875 2517 pau·
928 2436 971 2498 ris
992 2435 1093 2499 divini
1116 2442 1212 2518 atquo
1230 2436 1349 2518 arrepti
1369 2435 1536 2518 propositi,
1558 2435 1675 2499 condu-

122 2533 217 2596 latim
232 2532 378 2614 refriguit
394 2539 512 2608 mento,
525 2540 557 2595 et
571 2533 771 2596 secularium
788 2534 875 2616 puel·
928 2542 1048 2598 ctorem
1063 2551 1212 2615 agrorum
1227 2551 1358 2596 suorum
1373 2534 1498 2616 accepit
1512 2533 1673 2596 maritum.

122 2633 230 2694 larum
255 2631 413 2712 gaudebat
436 2631 596 2694 societate.
613 2631 782 2713 Propterea
804 2631 874 2696 aliae
968 2633 1095 2714 Exque
1116 2638 1203 2714 patet
1224 2631 1381 2714 exemplo,
1401 2651 1497 2714 quam
1518 2631 1674 2714 periculo-

120 2731 196 2794 duaa
216 2747 340 2793 sorores
360 2729 537 2812 plurimum
556 2729 775 2805 tristabantur,
791 2749 874 2793 eam·
928 2750 999 2794 sum
1015 2731 1103 2793 sitin
1119 2730 1249 2794 caritate
1263 2738 1295 2792 et
1309 2730 1409 2811 gratia
1425 2730 1479 2792 Dei
1499 2737 1673 2812 tepescere,

121 2847 189 2912 que
204 2829 243 2892 ad
263 2828 381 2911 arrepti
402 2828 556 2911 propositi
576 2827 784 2892 hortabantur
803 2845 876 2891 con·
928 2836 960 2892 et
979 2829 1063 2910 quod
1084 2845 1180 2890 nemo
1204 2846 1335 2890 securus
1355 2835 1404 2890 est
1422 2828 1462 2890 de
1481 2846 1538 2890 sua
1562 2827 1673 2890 salute.

121 2927 294 3006 stantiam3
311 2927 366 2990 sed
389 2926 443 2989 illo
463 2928 502 2990 ad
523 2927 632 2990 solitas
652 2927 746 2990 rediit
766 2927 875 2989 levita·
929 2927 1059 3010 Oportet
1072 2943 1147 3008 ergo
1163 2927 1195 2988 in
1210 2926 1340 2989 caritate
1355 2934 1387 2988 et
1405 2926 1506 3007 gratia
1520 2945 1673 3002 cresccre,

120 3027 310 3089 tes.ldciroo
325 3043 410 3090 soror
425 3026 479 3089 illa
494 3033 557 3088 tam
573 3034 681 3089 sancta
696 3024 876 3108 frequenter
889 3026 911 3089 C
926 3026 962 3096 jn
979 3024 1063 3088 bono
1078 3024 1224 3087 inchoato
1243 3023 1425 3106 persistere,
1441 3024 1474 3086 in
1489 3022 1603 3086 timore
1618 3023 1675 3087 Dei

121 3126 205 3189 dixit
219 3125 259 3189 ad
275 3126 371 3189 aliam
389 3125 507 3188 :Video
521 3142 663 3188 sororem
678 3132 818 3189 nostram
834 3124 874 3186 de
926 3122 1046 3204 jugiter
1067 3140 1263 3205 permanere.

571 3481 685 3564 AD
727 3477 1226 3562 RELIGIOSOS

668 3901 841 3990 saluo
876 3901 1120 4004 QUARTUS

204 4145 274 4193 suta
296 4143 410 4192 attam
430 4142 482 4190 DEI
502 4141 553 4190 llll.
573 4141 739 4187 ttualroma
758 4141 812 4188 AG}
834 4139 946 4203 rossta3
967 4139 1008 4186 ΒΕ
1029 4139 1278 4187 CONPORTATIONE
1298 4139 1468 4187 SPllll'l'llALl
1487 4137 1599 4186 HEN'PlS

521 4240 553 4288 IN
574 4240 644 4300 ΠΕΟ,
665 4239 765 4297 ΒΕΟΠΕ
784 4239 850 4288 lUlll
871 4238 973 4286 PUGNA
994 4239 1072 4286 Vl'l'AE
1092 4237 1275 4286 PMSENTIS.

188 4505 506 4572 ONFORTAMINI
517 4503 554 4563 in
568 4504 706 4566 Dmnino
722 4511 753 4563 et
768 4503 805 4561 in
815 4520 872 4579 po·
886 4502 912 4564 b
926 4518 1006 4576 rere,
1023 4501 1087 4564 Deo
1106 4499 1232 4582 placere
1252 4506 1284 4562 ct
1298 4498 1460 4564 meritorie
1479 4499 1622 4583 operari3
1640 4504 1673 4562 et

203 4606 308 4666 tentio
322 4605 458 4664 virtutis
473 4604 553 4681 ejus.
571 4601 686 4685 Ephes.
703 4619 745 4675 vr,
762 4599 810 4664 lll.
926 4597 1116 4681 reputabant
1134 4617 1167 4660 se
1186 4598 1345 4662 virtuosos
1364 4617 1400 4661 ac
1420 4598 1558 4661 multum
1578 4599 1673 4661 devo-

161 4704 277 4768 Sciens
306 4701 475 4785 Apostolus
506 4700 725 4763 infirmitatem
756 4699 872 4762 mentis
926 4705 986 4774 tos,
1016 4715 1116 4779 quum
1146 4703 1252 4760 essent
1280 4696 1397 4772 vitiosi,
1428 4697 1674 4780 praesumptuosi

114 4805 274 4868 humanat
297 4801 328 4862 in
350 4819 396 4876 sa,
412 4799 556 4862 hortatur
577 4799 610 4862 in
635 4798 784 4881 presenti
808 4797 874 4880 epi·
927 4803 1022 4878 atque
1037 4794 1188 4859 haeretici.
1204 4795 1310 4868 Porro,
1326 4801 1362 4856 ut
1376 4812 1460 4878 saepe
1476 4795 1589 4858 recitat
1603 4795 1674 4858 Cas·

113 4902 208 4966 stola
226 4908 262 4962 ut
280 4899 498 4962 confortamur
519 4898 552 4961 in
571 4897 715 4960 Domino.
733 4897 875 4959 Fuerunt
928 4895 1048 4969 sianus,
1064 4893 1256 4957 sanctissimi
1282 4893 1387 4956 Patres
1412 4894 1444 4956 in
1469 4911 1589 4971 eremo,
1610 4911 1674 4958 non

112 5009 228 5066 autem
243 4997 384 5062 haeretici
398 4995 557 5078 Pelagium
571 4995 814 5059 haeresiarcham
829 5013 875 5058 se·
928 4993 1032 5056 solum
1064 4993 1301 5076 scripturarum
1334 4992 1588 5066 auctoritatibus,
1618 4992 1674 5055 sed

113 5104 272 5183 quentes,
303 5096 359 5178 qui
391 5094 576 5158 asserebant
605 5093 768 5157 bominem
798 5110 874 5177 pro·
929 5091 1067 5175 propriis
1082 5109 1210 5174 quoquc
1225 5090 1432 5174 experientiis
1446 5091 1673 5164 cruditi,dixe·

112 5197 206 5283 priis
220 5213 258 5258 ac
277 5193 477 5258 naturalibus
495 5192 620 5256 viribus
635 5210 728 5276 posse
743 5199 873 5275 peccata
928 5197 1003 5253 runt
1022 5190 1217 5273 oppositum,
1233 5189 1433 5252 affirmantes
1452 5189 1615 5252 bominem
1631 5190 1673 5252 si·

112 5299 239 5372 vitare,
260 5299 418 5377 precepto
441 5292 587 5376 implere,
610 5291 743 5355 virtutes
766 5290 873 5373 acqui·
927 5307 967 5353 no
983 5289 1114 5372 speciali
1131 5295 1163 5352 et
1180 5287 1412 5371 supernaturali
1431 5287 1550 5351 auxilio
1564 5289 1673 5369 gratita

251 5430 284 5480 T.
302 5430 342 5482 3⁰.
1514 5423 1545 5472 37
