4288 6264
507 514 654 564 nomios
676 515 707 564 lV
727 514 800 564 POST
820 514 949 562 PASCHA.
971 533 1011 544 -
1031 513 1206 565 nummulo
1226 513 1258 561 iu
1279 513 1473 562 avaaehulolt

606 929 911 1018 ENARRATIO
944 929 999 1018 IN
1032 927 1371 1017 EVANGELIUM

542 1195 637 1244 vano
664 1197 711 1244 xo
738 1197 810 1243 auur
837 1197 896 1253 our
924 1195 971 1242 un
999 1195 1107 1242 arsur.
1132 1179 1241 1242 loann.
1262 1196 1326 1254 xvr,
1346 1177 1428 1242 att.

282 1469 629 1545 PPROPlNQUANTE
646 1489 732 1533 nunc
748 1479 891 1552 tempore
906 1469 960 1532 do·
975 1471 1001 1533 A
1016 1471 1178 1534 nescimus
1200 1489 1263 1553 quo
1282 1471 1381 1535 vadis.
1398 1472 1561 1545 Quomodo
1582 1489 1657 1554 ergo
1675 1491 1762 1536 nunc

297 1571 423 1634 minicae
443 1569 658 1642 Ascensionis,
680 1577 764 1631 recte
788 1569 904 1650 legitur
928 1568 960 1630 in
1016 1569 1138 1632 Veritas
1153 1570 1208 1643 ait,
1225 1570 1322 1634 Nemo
1341 1590 1379 1632 ex
1398 1570 1488 1632 vobis
1508 1571 1680 1653 interrogat
1699 1590 1761 1646 me,

214 1669 349 1734 ccclesia
371 1669 423 1732 die
444 1669 515 1742 hoc,
537 1668 738 1749 evangelium
761 1686 910 1750 praesens,
929 1666 961 1728 in
1017 1669 1083 1743 Quo
1108 1670 1219 1731 vadisl
1238 1668 1284 1732 Ad
1310 1670 1369 1732 hoc
1395 1670 1605 1751 respondetur
1627 1670 1763 1752 duplici-

214 1785 278 1851 qno
293 1767 436 1830 Christus
455 1765 673 1829 ascensionem
694 1785 784 1828 suam
804 1765 960 1848 praedixit,
1017 1774 1074 1828 ter.
1097 1767 1212 1842 Primo,
1233 1767 1410 1830 secundum
1432 1767 1657 1848 Augustinum,
1678 1768 1763 1850 quod

213 1875 308 1947 atque
327 1864 493 1947 Apostolos
515 1865 553 1926 de
575 1881 632 1927 sno
654 1863 810 1945 corporali
836 1882 961 1926 recessu
1017 1865 1115 1928 verba
1137 1866 1203 1928 haec
1224 1865 1340 1929 Christi
1361 1867 1400 1928 ad
1420 1873 1548 1948 tempus
1568 1867 1764 1930 ascensionis

216 1963 435 2026 moestissimos
466 1961 687 2044 multipliciter
711 1961 901 2033 consolatur,
928 1969 963 2022 ut
1018 1971 1092 2026 sunt
1108 1963 1284 2038 reserenda,
1301 1971 1336 2025 ut
1351 1964 1393 2025 sit
1408 1983 1519 2026 sensns
1537 1981 1544 2026 :
1563 1965 1715 2038 «Vadon,
1733 1966 1765 2028 id

215 2061 248 2124 iu
278 2079 427 2144 processu
463 2060 670 2142 expositionis
705 2059 835 2142 patebit.
870 2061 963 2122 Porro
1019 2070 1076 2136 cst,
1099 2079 1196 2144 prope
1220 2068 1268 2124 est
1293 2069 1328 2122 ut
1352 2062 1533 2136 ascendam,
1558 2062 1597 2123 ad
1620 2064 1764 2142 Patrem;

214 2159 414 2240 evangelium
436 2159 530 2233 istud,
547 2159 816 2240 quemadmodum
837 2167 869 2220 ct
886 2177 963 2240 prae-
1019 2165 1087 2220 <ret
1112 2175 1207 2220 nemo
1230 2177 1269 2220 ex
1294 2157 1386 2221 vobis
1411 2158 1583 2239 interrogat
1608 2177 1658 2222 me
1678 2181 1707 2234 n,
1734 2161 1765 2223 id

214 2259 342 2332 cedens,
364 2257 429 2320 imo
450 2265 482 2319 et
504 2257 707 2337 sequentium
730 2257 962 2320 dominicarum
1018 2263 1074 2330 est,
1093 2264 1168 2318 tunc
1184 2256 1291 2319 nullus
1308 2264 1449 2319 vestrum
1469 2263 1589 2339 quaeret
1603 2275 1667 2338 quo
1683 2277 1765 2332 eam,

213 2355 378 2438 evangelia
403 2374 505 2438 usque
534 2356 572 2418 ad
599 2363 725 2418 octavas
749 2356 960 2430 Pentecostes,
1019 2355 1095 2436 quia
1109 2361 1174 2417 tam
1191 2353 1358 2418 manifeste
1373 2354 1553 2430 ascendam,
1569 2355 1767 2418 adstantibus

213 2463 341 2537 sumpta
365 2461 440 2516 sunt
463 2473 502 2516 ex
528 2451 764 2535 sapientissimo
789 2453 963 2534 pulcherrl-
1018 2451 1150 2534 angelis,
1168 2452 1420 2534 obsequentibus
1435 2452 1589 2528 nubibus,
1604 2455 1687 2535 quod
1704 2471 1767 2516 non

215 2571 330 2635 moque
351 2569 497 2615 sermone
517 2570 614 2634 quem
636 2559 706 2633 post
726 2551 854 2614 Coenam
875 2551 962 2615 Chri·
1019 2551 1079 2614 crit
1094 2550 1286 2632 ambiguitas
1303 2569 1367 2632 quo
1383 2551 1562 2614 ascendam.
1580 2551 1767 2615 videntibus
1795 2569 1846 2615 aa.
1860 2571 1905 2622 to.

214 2659 281 2714 stus
305 2649 382 2713 fecit
406 2649 576 2731 Apostolis‚
598 2649 631 2710 iu
657 2667 721 2730 quo
745 2667 834 2712 suam
860 2667 962 2712 resur·
977 2646 1000 2708 B
1018 2649 1106 2711 enim
1126 2649 1191 2712 illis
1212 2648 1353 2712 elevatus
1375 2657 1433 2723 est,
1450 2657 1482 2711 et
1504 2649 1606 2712 nubes
1626 2650 1769 2732 suscepit

216 2749 400 2822 rectionem,
421 2746 665 2830 apparitionem,
688 2747 907 2810 ascensionem
932 2755 963 2809 et
1019 2768 1092 2812 eum
1108 2748 1147 2812 ab
1163 2748 1264 2812 oculis
1280 2765 1402 2820 eorum,
1420 2755 1454 2809 ut
1469 2747 1620 2810 scribitur
1636 2749 1668 2811 in
1684 2750 1767 2812 Acti-

216 2847 352 2929 Spiritus
368 2845 473 2909 Sancti
492 2845 678 2908 missionem
695 2845 778 2908 clare
793 2863 829 2908 ac
844 2843 962 2908 dillusc
1018 2847 1088 2909 hus.
1101 2847 1257 2920 Secundo,
1272 2845 1443 2909 dicendum
1459 2847 1544 2928 qnod
1560 2846 1591 2908 in
1608 2847 1769 2929 principio

216 2944 372 3025 predixit,
392 2943 549 3025 promisit,
570 2951 602 3004 et
624 2961 681 3025 per
702 2943 763 3006 hoc
781 2943 962 3006 consolaba·
1019 2945 1116 3026 hujus
1141 2945 1308 3018 sermonis,
1326 2945 1455 3026 quidam
1477 2943 1700 3026 Apostolorum
1719 2945 1769 3024 (ut

215 3049 267 3105 tur
288 3041 464 3124 Apostolos.
482 3042 591 3123 ltaque
612 3041 680 3106 ait:
1019 3051 1137 3105 tactum
1162 3043 1224 3123 cst)
1249 3043 1494 3105 sciscitabantur
1519 3043 1680 3106 Christum
1705 3061 1768 3126 quo

261 3143 357 3210 Vade,
383 3139 414 3202 id
438 3147 497 3213 est,
523 3139 797 3222 perpessionem,
824 3159 962 3202 resurrc·
1020 3142 1089 3204 iret.
1107 3141 1227 3203 Deinde
1251 3141 1291 3204 dc
1313 3140 1476 3204 coenaculo
1499 3149 1573 3202 sunt
1592 3141 1722 3222 egressi,
1737 3151 1769 3204 et

215 3243 354 3302 ctionem
379 3237 663 3320 ascensionemque
690 3257 792 3300 meam
822 3248 963 3302 revertor
1020 3240 1144 3302 Christo
1159 3249 1299 3322 coeptum
1316 3256 1495 3302 sermonem
1513 3239 1717 3302 continuante
1734 3240 1767 3302 in

214 3337 392 3399 secundum
412 3335 547 3398 formam
567 3335 651 3399 servi
667 3355 764 3418 quam
784 3336 885 3410 indui,
902 3337 962 3400 hoc
1018 3339 1081 3403 alio
1096 3339 1175 3414 loco,
1193 3338 1302 3420 ibique
1318 3338 1453 3412 dicente,
1465 3338 1551 3400 Vado
1566 3338 1605 3400 ad
1621 3356 1695 3400 eum
1711 3339 1767 3422 qui

213 3444 261 3497 est
286 3435 462 3498 secundum
492 3442 637 3496 naturam
668 3435 839 3497 humanam
865 3455 960 3516 quam
1021 3439 1108 3501 misit
1137 3457 1197 3510 me,
1228 3437 1337 3499 nullus
1365 3437 1590 3518 Apostolorum
1618 3437 1767 3520 quesivit

213 3533 383 3616 assumpsi,
400 3535 444 3593 ad
459 3553 530 3593 eum
544 3535 605 3612 qui
620 3553 669 3592 mc
685 3535 786 3603 misit,
804 3533 834 3595 id
855 3543 903 3596 est
922 3535 961 3596 ad
1018 3554 1081 3618 quo
1104 3536 1172 3598 iret.
1191 3534 1229 3596 Et
1247 3535 1307 3598 hoc
1330 3535 1390 3597 luit
1411 3554 1450 3598 ex
1473 3535 1691 3616 magnitudine
1712 3537 1765 3599 ad-

213 3633 335 3696 Patrcm
356 3631 530 3705 coelestem,
547 3630 751 3712 adipiscendo
771 3631 811 3693 ab
830 3649 868 3694 eo
888 3631 960 3694 bea·
1018 3633 1207 3708 mirationis,
1233 3633 1356 3696 timoris
1385 3640 1480 3714 atque
1510 3633 1665 3707 moeroris,
1693 3651 1764 3716 pro-

213 3730 383 3792 titndincm
407 3729 582 3810 pleniorem
602 3737 756 3810 quantum
776 3730 815 3791 ad
838 3731 961 3811 praemi·
1016 3739 1086 3815 pter
1110 3750 1147 3794 ca
1171 3751 1241 3814 quae
1270 3732 1439 3794 andierunt
1462 3750 1481 3793 a
1505 3730 1630 3794 Christo
1656 3751 1662 3795 :
1689 3751 1763 3794 uam

215 3848 269 3890 um
284 3827 649 3900 accidentalc,videlicet
663 3829 804 3908 corporis
821 3827 883 3890 mei
899 3829 960 3908 glo·
977 3829 997 3893 C
1015 3838 1087 3892 ante
1113 3829 1180 3894 hac
1201 3829 1299 3892 verba
1321 3830 1367 3892 cis
1390 3829 1547 3912 predixit,
1568 3829 1662 3892 Venit
1685 3831 1762 3894 hora
1776 3848 1910 3902 rounam,

214 3925 439 3998 rilicationcm,
452 3925 484 3987 in
500 3923 683 3988 coelestibus
701 3925 909 3999 mansionem,
921 3926 959 3988 ad
1016 3935 1050 3990 ut
1067 3928 1172 3990 omnis
1191 3927 1246 4011 qui
1268 3925 1420 3990 interficit
1435 3946 1501 4002 vos,
1518 3925 1690 3990 arbitretur
1709 3928 1762 3991 ob·
1776 3914 1797 3955 ²·

215 4025 374 4088 dexteram
392 4025 490 4087 Patris
504 4023 749 4087 consessionem.
761 4023 799 4085 ht
813 4025 959 4107 quamvis
1016 4028 1163 4110 sequium
1189 4047 1221 4090 sc
1251 4035 1398 4110 praestare
1428 4029 1500 4091 lleo.
1527 4027 1764 4091 Obmutucrunt

215 4124 358 4188 Christus
376 4132 410 4186 ut
425 4122 530 4196 homo,
547 4140 609 4186 non
632 4123 761 4185 redierit
779 4123 817 4184 ad
837 4123 959 4186 Patrem
1016 4144 1090 4206 ergo
1105 4126 1145 4188 ab
1160 4125 1218 4188 hac
1235 4125 1451 4206 inquisitione,
1464 4127 1671 4189 vehementer
1686 4134 1763 4189 atto-

214 4231 301 4285 motu
322 4222 425 4295 locali,
442 4221 593 4304 quoniam
615 4221 959 4304 incircumscriptibilis
1017 4224 1075 4285 niti
1092 4231 1123 4285 et
1137 4222 1261 4303 dejecti.
1281 4223 1380 4296 Quam
1402 4241 1512 4286 corum
1533 4225 1763 4288 desolationem

213 4322 295 4384 Deus
319 4321 409 4383 Pater
435 4319 553 4401 ubique
578 4328 635 4393 est,
659 4327 763 4382 tamen
788 4321 827 4382 ad
854 4322 958 4384 locum
1016 4323 1250 4405 quodammodo
1269 4320 1463 4404 exprobrans
1479 4322 1621 4385 Christus
1640 4340 1647 4385 τ
1665 4324 1765 4385 Nemo

212 4420 243 4482 in
267 4438 331 4502 quo
350 4419 439 4481 Pater
460 4419 641 4500 specialiter
663 4437 731 4480 csse
754 4419 958 4501 habitarequc
1015 4421 1197 4503 (inquit)ex
1214 4419 1303 4482 vobis
1320 4419 1491 4498 interrogat
1507 4421 1642 4493 rne‚Quo
1657 4421 1765 4484 vadisl

211 4517 338 4591 dicitur,
356 4517 450 4579 rediit
466 4524 554 4578 motu
572 4516 675 4589 locali,
691 4518 892 4579 ascendendo
909 4537 958 4578 us·
1056 4523 1122 4580 Sed
1136 4521 1214 4598 quia
1230 4520 1297 4578 lion
1315 4517 1355 4578 de
1374 4516 1650 4598 persecutionibus
1674 4519 1765 4582 vobis

212 4637 274 4700 que
299 4618 331 4678 in
357 4616 474 4678 coelum
500 4634 697 4697 empyreum.
722 4615 759 4676 Et
784 4615 855 4678 idco
879 4616 960 4678 dixit
1017 4617 1144 4690 futuris,
1162 4623 1194 4678 ct
1215 4615 1371 4698 corporali
1393 4633 1519 4676 recessu
1541 4617 1763 4690 meoarobis,

212 4716 364 4789 Salvator,
388 4715 484 4788 Vada,
510 4713 587 4796 quia
611 4715 643 4776 in
669 4714 815 4796 proximo
838 4714 901 4776 luit
926 4723 960 4776 nt
1017 4721 1142 4776 locutus
1157 4735 1226 4774 suin
1245 4716 1342 4784 vobis,
1360 4715 1501 4774 tristitia
1519 4713 1699 4796 aliqualiter
1719 4715 1765 4777 in·

212 4815 280 4878 iret.
307 4814 396 4877 Unde
425 4813 464 4876 de
493 4832 527 4875 re
558 4831 631 4876 mox
661 4811 769 4875 lutura
798 4813 960 4895 loquimur
1016 4814 1152 4876 discreta
1175 4831 1212 4875 ac
1238 4811 1445 4874 immoderato
1471 4814 1615 4889 irnplccit
1640 4835 1696 4874 cor
1719 4835 1766 4874 vc-

213 4912 304 4995 quasi
326 4913 366 4975 de
388 4930 422 4974 re
443 4911 601 4993 prasenti.
1016 4923 1135 4982 strum,
1161 4911 1246 4993 quod
1270 4930 1308 4972 ex
1334 4930 1391 4973 sua
1421 4909 1664 4991 imperfectione
1689 4931 1765 4976 non-

252 5015 296 5074 Εε
318 5031 409 5072 nemo
432 5031 473 5070 ecc
498 5011 584 5070 codis
609 5011 791 5086 interropot
813 5031 873 5079 inc,
894 5013 961 5078 Quo
977 5011 1002 5072 D
1016 5013 1093 5074 dum
1111 5029 1193 5073 uere
1222 5016 1368 5092 paratum
1399 4999 1512 5071 estad
1542 5011 1765 5074 sustinendum

215 5111 333 5170 uadis?
350 5110 384 5170 ln
404 5108 501 5190 hujus
523 5108 678 5171 sermonis
697 5107 827 5170 exordio
847 5107 962 5188 legitur
1020 5109 1131 5172 mundi
1151 5109 1294 5181 adversa,
1311 5125 1414 5188 neque
1437 5125 1487 5168 me
1507 5106 1612 5186 diligit
1626 5108 1767 5171 dilectio·

64 5199 200 5303 pandam,
215 5207 324 5270 Petrus
353 5206 512 5268 Christum
543 5205 751 5286 interrogasse
780 5223 787 5267 :
816 5205 959 5278 Domine,
1021 5227 1061 5270 ne
1085 5226 1164 5290 pure
1189 5205 1358 5290 spirituali,
1379 5204 1434 5267 sed
1459 5204 1574 5285 partim
1599 5205 1764 5267 sensuali:

65 5289 480 5386 luia.1a‚s.quovadisicui
500 5311 532 5366 ct
546 5304 680 5366 Thomas
698 5305 802 5366 dixit:
820 5303 963 5376 Domine,
1020 5306 1103 5368 unde
1119 5311 1150 5367 ct
1165 5303 1361 5386 corporalem
1382 5321 1485 5364 meam
1503 5300 1704 5384 praesentiam
1721 5301 1765 5362 ni-
