4214 6254
448 491 507 558 llll
821 513 969 560 nouimus
991 514 1034 560 ss.
1055 512 1238 559 rnrnrrsrrs.
1258 531 1297 542 -
1318 514 1417 562 saeuo
1439 514 1593 561 sacunnus

448 680 517 742 ista
532 688 608 743 sunt
622 700 705 744 verce
718 699 725 743 :
736 681 825 744 Iesus
840 689 889 744 est
903 688 1050 756 aeternus,
1063 680 1196 744 immen-
1211 683 1236 746 A
1252 689 1363 762 pentes
1379 682 1410 743 in
1428 682 1594 765 populum.
1611 682 1636 744 Α
1651 683 1769 764 quihus
1784 701 1885 765 quum
1907 682 1993 744 multi

447 799 514 854 sus,
524 781 631 843 omnia
647 782 797 862 implens,
814 781 1036 862 omnipotens;
1053 779 1196 842 Christus
1251 778 1388 842 luissent
1410 781 1518 854 occisi,
1543 781 1717 862 pluresque
1742 781 1819 854 laesi,
1841 788 1994 842 venerunt

449 885 497 940 est
527 897 621 942 verus
649 880 744 954 Deus,
775 879 975 952 immortalia,
1001 877 1194 957 altissimns3
1250 878 1288 938 ad
1319 878 1456 960 Moysen,
1483 880 1609 941 veniam
1640 879 1858 961 deprecantes.
1885 878 1993 942 Orante

449 976 532 1038 Deus
557 984 618 1050 est¹
630 997 752 1059 passus,
768 977 904 1052 occisus,
925 977 1079 1058 sepultus.
1097 976 1197 1039 Causa
1252 974 1358 1058 itaque
1373 976 1477 1059 Moyse
1497 995 1554 1059 pro
1570 977 1645 1052 illis,
1664 977 1817 1040 Dominus
1837 978 1869 1039 ei
1885 995 1994 1059 praecc-

450 1074 591 1136 veritatis
615 1075 728 1137 harum
759 1083 854 1158 atquc
879 1074 1035 1138 similium
1066 1073 1196 1136 locutio·
1251 1074 1399 1155 pit:Fac
1416 1083 1595 1157 serpentem
1616 1083 1802 1150 aeneumct
1821 1094 1906 1158 ponc
1925 1094 1994 1137 eum

449 1191 538 1245 num,
549 1181 597 1234 cst
611 1173 717 1236 unitas
733 1174 910 1257 personalis
926 1172 1066 1255 praelata,
1078 1181 1110 1234 et
1125 1191 1197 1253 sup·
1252 1190 1310 1254 pro
1325 1173 1433 1253 sign03
1450 1173 1504 1254 qui
1526 1192 1697 1255 percussus
1715 1173 1897 1257 adspexerit
1913 1192 1993 1246 eum,

449 1270 566 1352 positio
582 1271 729 1336 increata
743 1289 895 1354 personae.
907 1271 1028 1333 ldcirco
1043 1272 1082 1333 de
1098 1287 1197 1352 puero
1252 1271 1348 1333 vivet.
1365 1275 1418 1332 Ita
1438 1274 1595 1342 ecattari,
1612 1273 1642 1334 id
1663 1281 1711 1334 est
1731 1272 1764 1334 in
1786 1291 1882 1335 cruce
1902 1271 1995 1334 levari

449 1371 504 1452 qui
532 1377 623 1433 natus
652 1379 701 1433 cst
728 1371 832 1444 nohis,
862 1378 894 1432 et
924 1369 993 1432 lilio
1021 1368 1076 1450 qui
1105 1369 1197 1430 datus
1252 1387 1288 1432 ac
1315 1369 1384 1450 ligi,
1409 1379 1532 1446 oportet
1557 1372 1684 1432 Filium
1712 1372 1866 1441 hominis,
1892 1370 1926 1432 id
1954 1378 1997 1432 est

449 1476 496 1530 est
516 1468 619 1542 nohis,
636 1469 732 1531 isaias
754 1468 911 1551 praedixit,
927 1469 1011 1549 quod
1032 1474 1197 1529 vocaretur
1252 1467 1424 1542 Christum,
1450 1469 1637 1532 necessitate
1667 1468 1893 1542 conditionata,
1920 1469 1998 1532 vide

449 1567 543 1640 Deus,
559 1567 670 1642 Fortis,
681 1567 772 1629 Pater
787 1567 886 1629 luturi
902 1565 1021 1637 seculi,
1034 1573 1092 1626 etc.
1110 1564 1197 1626 Unde
1253 1566 1338 1640 licet,
1354 1566 1381 1629 si
1398 1566 1527 1630 liberari
1542 1567 1637 1630 dehet
1651 1587 1751 1648 genus
1769 1567 1999 1642 humanum,et

449 1665 489 1726 de
512 1683 610 1746 puero
630 1665 704 1728 lesu
727 1665 898 1728 exsistente
922 1665 953 1725 in
974 1671 1074 1736 utero,
1095 1661 1197 1744 posito
1253 1665 1329 1746 quia
1350 1665 1433 1727 Deus
1455 1665 1497 1727 ita
1517 1665 1753 1747 preordinavit,
1770 1673 1866 1748 atque
1890 1675 1926 1728 nt
1945 1667 1998 1728 im-

450 1763 482 1825 in
498 1763 664 1845 praesepio,
678 1762 839 1844 uberaque
855 1771 998 1844 sugente,
1010 1779 1121 1824 verum
1136 1759 1198 1822 luit
1255 1763 1418 1845 pierentur
1439 1763 1619 1845 scripture.

450 1861 556 1923 dicere
579 1878 585 1922 :
606 1862 668 1922 Iste
693 1879 773 1943 puer
798 1861 917 1923 creavit
942 1860 1058 1923 coelnm
1084 1867 1115 1920 et
1139 1859 1235 1921 ter-B
1293 1861 1413 1924 Deinde
1442 1861 1550 1923 linaiis
1578 1879 1674 1925 cansa
1698 1862 1855 1945 passionis
1886 1863 1998 1927 Christi

451 1978 529 2034 ram,
546 1967 578 2022 et
592 1968 640 2022 est
655 1959 775 2042 uhique
791 1978 848 2042 per
862 1959 1045 2032 essentiam,
1061 1976 1197 2040 praesen·
1254 1959 1468 2040 subjungitur.
1490 1963 1530 2022 Ut
1549 1963 1656 2021 omnis
1673 1963 1733 2040 qui
1750 1964 1857 2022 credit
1877 1963 1916 2022 in
1930 1983 1998 2022 eum

451 2059 527 2120 tiam
547 2066 642 2141 atque
661 2059 847 2141 potentiam.
864 2057 944 2119 Hinc
963 2056 1057 2120 ludas
1075 2065 1198 2138 aposto·
1254 2057 1319 2120 lide
1334 2056 1479 2131 formata,
1496 2057 1555 2121 hoc
1571 2065 1620 2120 est
1640 2079 1697 2141 per
1711 2060 1878 2123 caritatem
1893 2069 1999 2122 ornata

451 2159 500 2220 lus
521 2157 554 2219 in
574 2176 631 2219 sua
650 2156 807 2220 Canonica
823 2174 831 2218 t
847 2156 937 2218 lesus
952 2155 1084 2236 (inquit)
1101 2172 1198 2236 popu·
1253 2176 1288 2221 ac
1313 2165 1464 2240 operante
1492 2164 1636 2239 tempore
1666 2167 1855 2240 opportuno.
1883 2159 1999 2222 Caritas

452 2257 516 2318 lum
535 2275 628 2318 suum
644 2256 769 2319 salvans
784 2255 823 2317 de
839 2254 1129 2337 AEgypto,secundo
1144 2271 1197 2315 eos
1253 2275 1391 2338 namque
1413 2263 1460 2318 est
1481 2255 1593 2330 lorma,
1610 2257 1705 2319 decor
1726 2263 1823 2339 atquc
1846 2257 2000 2340 perfectio

452 2355 507 2439 qui
531 2372 595 2417 non
617 2355 831 2428 crediderunt,
853 2353 1000 2436 perdidit.
1253 2355 1330 2416 lidei
1348 2372 1355 2416 :
1373 2361 1540 2436 propterea
1564 2352 1646 2416 lides
1671 2355 1793 2418 caritati
1818 2355 1998 2436 conjuncta,

490 2455 659 2536 Postquam
680 2453 823 2516 Christus
843 2453 1015 2515 Nicodemo
1034 2471 1098 2514 succ
1117 2451 1197 2514 divi·
1253 2459 1384 2513 vocatur
1399 2451 1554 2529 lormata3
1571 2460 1602 2514 et
1624 2451 1649 2514 si
1666 2459 1771 2516 carcat
1790 2453 1935 2527 caritate,
1952 2471 1999 2516 ro

450 2553 559 2615 nitatis
581 2552 685 2634 tetigit
708 2551 918 2633 majestatem,
935 2569 1009 2614 mox
1030 2551 1134 2613 eidem
1158 2551 1198 2612 de
1253 2557 1343 2612 catur
1369 2548 1526 2612 inlormis.
1544 2552 1621 2612 Non
1640 2561 1767 2627 pereat,
1785 2551 1816 2613 id
1841 2560 1900 2626 est,
1919 2560 2002 2615 cater-

451 2671 515 2715 suae
532 2651 687 2733 passionis
703 2650 883 2712 humilitate
898 2649 1198 2731 predixitdtsicut
1253 2647 1367 2710 naliter
1391 2665 1454 2710 non
1479 2649 1658 2723 damnetur,
1681 2648 1765 2711 sicut
1789 2649 1950 2713 increduli
1973 2657 2001 2712 et

451 2753 578 2828 Moyses
596 2752 768 2820 occultavit,
784 2749 814 2810 id
836 2756 894 2822 est,
911 2749 944 2809 in
960 2748 1029 2811 loco
1048 2747 1111 2810 alto
1132 2766 1199 2808 sus·
1254 2748 1405 2830 perversi.
1424 2747 1461 2808 Et
1481 2747 1635 2828 quianon
1656 2747 1780 2811 sullicit
1795 2766 1859 2810 non
1875 2750 2001 2812 damna-

450 2848 572 2930 pendit,
594 2857 773 2925 serpentem
798 2865 934 2920 aeneum,
952 2846 984 2908 id
1007 2854 1055 2908 est
1078 2846 1198 2908 lactum
1255 2845 1292 2918 ri,
1318 2845 1524 2926 subjungitur
1541 2862 1548 2907 :
1565 2848 1621 2906 scd
1643 2845 1759 2906 habeat
1784 2849 1885 2906 vitam
1914 2857 2003 2908 oetcr-

451 2948 490 3010 de
512 2966 585 3022 aare,
603 2950 639 3007 in
660 2946 898 3028 decerequod
920 2945 981 3007 luit
1006 2945 1088 3007 inter
1108 2946 1199 3027 AEgy-
1254 2964 1344 3015 nam,
1360 2944 1391 3005 id
1416 2952 1474 3018 est,
1495 2944 1657 3007 coelestem
1680 2944 1915 3008 beatitudinem
1934 2965 2003 3010 con·
2093 2977 2094 2986 .

451 3052 542 3128 ptum
564 3054 596 3109 et
613 3053 731 3108 terram
752 3044 982 3127 promissionis.
1001 3044 1040 3106 Ut
1058 3043 1144 3106 enim
1166 3043 1198 3104 in
1215 3044 1236 3107 C
1254 3051 1416 3125 sequatur,
1433 3051 1464 3105 et
1485 3043 1601 3106 haheat
1624 3062 1694 3106 eam
1719 3062 1805 3106 nunc
1830 3045 1863 3107 in
1888 3045 2003 3108 merito

452 3143 600 3208 Numeris
615 3143 817 3218 describitur,
833 3161 933 3225 quum
955 3141 1069 3205 tedere
1084 3141 1198 3223 coepis·
1254 3149 1286 3204 et
1301 3141 1334 3202 in
1354 3161 1421 3224 spe,
1438 3142 1640 3224 postmodum
1658 3142 1689 3203 in
1710 3143 1842 3225 premio
1856 3148 1889 3205 et
1903 3143 1939 3206 in
1960 3163 1999 3205 re.

339 3252 346 3267 ·
452 3251 501 3305 set
515 3242 669 3325 populum
685 3241 780 3304 lsrael
796 3240 917 3303 itineris
932 3259 968 3302 ac
985 3239 1108 3314 laboris,
1116 3259 1200 3302 mur·
1293 3241 1464 3314 Postremo,
1481 3240 1640 3322 quomodo
1662 3259 1793 3322 serpens
1817 3240 1874 3304 ille
1895 3260 2002 3305 aeneus

453 3349 678 3423 murantesqne
698 3348 807 3403 contra
828 3340 928 3402 Deum
950 3357 986 3400 ac
1006 3339 1132 3420 Moysen
1152 3337 1199 3400 di·
1254 3335 1315 3400 luit
1338 3337 1443 3419 ligura
1467 3338 1594 3412 Christi,
1618 3345 1650 3401 et
1673 3357 1731 3400 cnr
1753 3339 1861 3421 passio
1886 3339 2002 3403 Christi
2092 3321 2093 3415 l

452 3441 583 3514 sissent,
599 3440 713 3501 Anima
735 3446 842 3500 nostra
861 3445 992 3500 nauseat
1011 3455 1107 3520 super
1127 3437 1199 3499 eiho
1253 3436 1378 3499 dicatur
1411 3437 1559 3500 exaltatio
1591 3437 1673 3518 ejus,
1708 3438 1741 3500 in
1775 3457 1928 3502 sermone
1961 3438 2004 3502 di-

452 3538 512 3602 isto
528 3538 707 3616 levissim0;
724 3535 811 3598 misit
833 3535 983 3598 Dominus
1004 3535 1119 3616 ignitos
1137 3553 1200 3597 scr·
1253 3543 1351 3598 cetur.

957 3965 1151 4052 sunno
1190 3964 1488 4052 sacunnus

558 4236 598 4283 DE
620 4234 757 4282 mannas
779 4232 956 4280 FllLlClTA'l'll
977 4232 1015 4278 ΕΤ
1035 4231 1146 4279 (ὶιΟΒΙΑ
1168 4229 1450 4276 suranntolttsstttm
1470 4230 1653 4288 soluturis,
1673 4231 1711 4276 ΕΤ
1732 4231 1771 4278 on
1793 4233 1895 4280 stultu

930 4333 968 4381 Ac
989 4333 1096 4380 notum
1117 4329 1389 4378 consentaneus
1410 4330 1516 4376 ll’SlllS.

520 4613 786 4677 MNIPOTENS
810 4613 972 4673 Dominus
1000 4610 1127 4670 stabitis
1150 4615 1199 4671 est
1213 4608 1238 4670 D
1253 4607 1417 4690 alloquens
1442 4607 1542 4671 Deum
1559 4625 1567 4671 ε
1584 4607 1756 4673 Memorare
1777 4608 1913 4695 (inquit)
1931 4633 2041 4696 quara

535 4714 572 4771 in
584 4713 693 4788 pluria
709 4730 777 4770 soc.
797 4708 892 4770 Eccli.
910 4726 982 4783 mn,
1000 4706 1048 4770 l7.
1254 4726 1324 4768 mea
1339 4707 1516 4770 substantia
1533 4725 1539 4769 :
1557 4708 1714 4790 numquid
1729 4709 1817 4772 enim
1832 4729 1915 4774 vane
1931 4729 2002 4776 con-
2013 4703 2040 4743 ⁸⁵·

491 4811 642 4874 Summus
666 4816 698 4871 et
721 4807 899 4870 adorandus
924 4807 1018 4880 Deus,
1044 4824 1107 4869 non
1133 4806 1199 4867 lru-
1253 4805 1384 4867 stituisti
1400 4822 1511 4869 omnes
1526 4805 1612 4870 lilios
1627 4807 1891 4873 hominumllmo
1905 4811 2000 4884 Deus,

451 4908 585 4982 stra,sed
601 4906 640 4968 ad
656 4907 702 4968 sui
718 4905 818 4988 ipsius
834 4904 951 4967 claram
966 4922 1002 4966 ac
1018 4902 1198 4966 heatilicam
1254 4903 1346 4986 cujus
1362 4904 1525 4987 sapientiae
1541 4923 1603 4968 non
1620 4913 1667 4968 est
1686 4925 1851 4982 numerus,
1868 4909 1916 4971 nil
1938 4910 2001 4972 ina·
2013 4932 2070 4976 reu

451 5005 753 5088 contemplationem
769 5021 827 5067 nos
843 5002 1086 5076 condidit,sicut
1101 5003 1198 5066 Filius
1253 5003 1405 5065 niterent
1421 5003 1551 5067 lortuito
1566 5004 1640 5085 egit,
1657 5004 1711 5068 sed
1733 5014 1864 5088 propter
1878 5015 1999 5071 certum

302 5105 506 5170 rann-uusltei
533 5104 675 5187 loquitur
693 5103 775 5166 Patri
800 5109 918 5165 aeterno
940 5119 947 5162 :
968 5101 1040 5164 llaec
1065 5109 1113 5164 est
1134 5102 1199 5164 vita
1254 5101 1354 5163 linem
1378 5111 1492 5164 cuncta
1516 5101 1645 5176 creavit,
1671 5105 1944 5185 quemadmodum
1970 5108 2001 5170 in

304 5185 323 5227 ³·
451 5212 578 5277 aeterno,
595 5210 630 5264 nt
652 5207 843 5283 cognoscant
861 5207 893 5262 te
912 5217 1023 5262 verum
1047 5199 1147 5262 Deum
1167 5207 1199 5262 et
1252 5200 1310 5263 Job
1339 5200 1474 5263 hahetur
1505 5217 1512 5262 :
1544 5201 1769 5264 Universorum
1801 5202 1902 5266 linem
1934 5205 2002 5288 ipsc
2023 5225 2054 5270 ro

450 5323 547 5393 quem
563 5299 678 5365 misisti
692 5299 800 5362 lesum
816 5297 984 5362 Christum.
994 5297 1031 5360 Et
1044 5297 1199 5384 Propheta
1253 5298 1441 5362 considerat.
1468 5297 1554 5362 Finis
1578 5316 1653 5382 ergo
1675 5307 1791 5366 nostre
1819 5303 2000 5380 creationis,
2014 5293 2031 5335 ³·
