4140 6258
209 862 624 989 DOMINICA
671 863 766 988 IX
811 862 1022 988 POST
1070 863 1596 989 TRINlTATEM

764 1193 1043 1206 ψ

544 1532 849 1620 uunuunuo
881 1533 936 1620 IN
970 1534 1264 1620 urtsrouut

290 1799 353 1846 non
374 1799 462 1846 stans
484 1796 743 1845 concurrscanras
764 1798 921 1856 arnonus,
942 1799 1026 1846 srenr
1047 1799 1084 1845 rr
1105 1801 1172 1856 nn,
1194 1799 1257 1846 arc.
1274 1783 1285 1845 l
1301 1783 1369 1846 Cor.
1387 1801 1417 1858 x,
1433 1782 1516 1846 6-13.

189 2077 340 2142 ductus
359 2076 529 2159 Apostolus
546 2077 578 2138 lu
595 2076 742 2158 praesenti
758 2077 873 2160 episto·
889 2077 913 2142 A
929 2079 1064 2158 quidum
1084 2099 1125 2138 eo
1145 2081 1224 2154 r'psis
1238 2081 1400 2156 fornicati
1418 2089 1494 2140 suut
1514 2098 1587 2142 cum
1609 2099 1678 2142 mu·
1699 2094 1823 2144 Nummi,

199 2177 229 2240 la
245 2174 345 2238 multa
357 2175 450 2238 nobis
464 2174 613 2257 proponit
628 2172 768 2238 salubria
782 2175 876 2238 docu-
930 2172 1062 2236 lieribus
1084 2175 1275 2250 Madianitis,
1291 2185 1321 2236 et
1343 2177 1543 2246 cecideruut,
1564 2177 1595 2239 id
1617 2183 1675 2248 est,
1694 2160 1712 2198 ¹'

129 2282 247 2350 menta,
261 2275 301 2337 de
317 2273 435 2356 quibus
451 2273 483 2336 in
500 2291 651 2355 processu
667 2274 874 2356 expositionis
929 2271 1034 2334 occisa
1049 2280 1133 2345 sunt,
1141 2292 1209 2332 uuo
1224 2274 1278 2332 die
1294 2275 1416 2350 viyiuti
1431 2276 1499 2333 trio
1514 2274 1677 2335 mittiuln

127 2375 261 2437 dicetur.
275 2373 353 2436 Nam
368 2371 432 2435 ait:
447 2373 521 2436 Nou
537 2373 639 2432 simus
653 2375 875 2448 concupiscere·
929 2369 1077 2432 Numeris
1102 2369 1230 2444 dieitur,
1251 2369 1369 2452 Viginti
1395 2379 1533 2453 quatuor
1557 2371 1677 2450 millia3
1705 2387 1764 2449 ruo.
1776 2391 1797 2432 s.

128 2469 397 2540 tesmotorum,id
413 2469 875 2542 est,inordinatasallectiones
930 2468 985 2530 sed
1010 2485 1163 2530 numerus
1188 2468 1293 2531 minor
1321 2486 1384 2531 non
1414 2469 1556 2532 excludit
1581 2469 1678 2551 majo

127 2579 158 2631 et
182 2567 326 2632 carnales
351 2567 628 2649 concupiscentias
651 2567 843 2648 abjiciamus
866 2586 872 2631 :
931 2583 1009 2640 rem,
1027 2565 1091 2628 imo
1111 2565 1213 2646 maj0r
1232 2565 1368 2629 includit
1389 2567 1558 2630 minorem.
1575 2567 1678 2631 Occisi

127 2665 398 2750 quemadmodum
436 2665 679 2728 Ecclesiasticus
718 2667 874 2750 praecipit,
930 2671 1126 2726 sumentem
1147 2663 1354 2727 fornicatores
1375 2665 1427 2726 isti
1448 2665 1488 2727 ab
1507 2666 1579 2728 aliis
1599 2665 1678 2729 iiliis

1 2765 198 2840 stertuntl‘ost
222 2763 500 2847 concupiscentias
525 2771 595 2826 tuas
621 2781 683 2827 non
714 2783 778 2840 eas,
804 2775 877 2828 eta
930 2761 1036 2836 lsrael,
1057 2762 1162 2846 Moyse
1185 2763 1216 2824 id
1240 2761 1383 2844 jubente.
1406 2763 1509 2847 Atque
1532 2765 1574 2827 ob
1596 2765 1677 2828 hanc

1 2853 25 2891 ¹⁰·
126 2864 289 2946 voluptate
310 2869 364 2924 tua
383 2869 536 2925 avertere.
554 2862 627 2925 ideo
646 2881 785 2946 namque
805 2865 877 2928 data
931 2860 1041 2943 populi
1072 2861 1200 2942 culpam
1226 2861 1308 2924 Deus
1339 2861 1491 2943 praecepit
1516 2863 1677 2946 principes
1707 2881 1765 2925 rata.
1782 2886 1802 2926 r.

126 2971 174 3024 est
191 2961 316 3024 bomini
336 2959 427 3035 ratio,
445 2967 480 3022 ut
500 2977 642 3042 peream
663 2959 776 3025 illicita
794 2962 876 3024 desi·
930 2956 1073 3021 tribuum
1099 2958 1193 3021 lsrael
1219 2959 1372 3040 suspendi
1398 2959 1430 3022 in
1454 2960 1618 3042 patibulis,
1640 2981 1679 3025 eo

125 3061 215 3124 deria
229 3060 369 3124 refrenet
384 3077 420 3122 ae
435 3061 677 3141 superetstout
694 3069 723 3120 et
741 3061 876 3132 tttt,boo
930 3057 1015 3138 quod
1045 3056 1200 3139 populum
1232 3074 1296 3120 non
1326 3065 1526 3121 retraxerunt
1550 3077 1568 3120 a
1590 3065 1678 3122 tanto

126 3166 174 3222 est
203 3157 339 3222 rebelles
365 3165 397 3220 et
421 3157 564 3220 carnales
592 3157 703 3233 iudei,
727 3161 877 3236 concupi·
930 3173 1062 3217 excessu
1089 3173 1146 3237 pro
1170 3173 1262 3237 posse
1286 3173 1292 3218 :
1316 3174 1379 3239 quo
1402 3164 1525 3220 constat
1548 3166 1678 3240 peccata

125 3265 225 3318 eruut
242 3257 275 3319 in
296 3255 432 3328 deserto,
451 3255 506 3337 qui
527 3254 603 3317 lessi
623 3255 661 3318 de
679 3274 806 3330 manna,
823 3255 913 3320 ‹io-u
931 3251 1132 3316 subditorum
1148 3253 1325 3317 redundare
1341 3253 1374 3316 in
1391 3254 1676 3336 presidentesnisi

126 3354 349 3417 sideraverunt
370 3371 481 3414 carnes
506 3353 685 3426 comedere,
707 3353 873 3416 dicentes:
930 3351 986 3435 qui
1008 3359 1148 3435 praesunt
1166 3352 1302 3415 iecerint
1320 3351 1459 3416 debitam
1480 3354 1677 3436 diligentiam

2 3461 111 3510 ruant.
125 3453 202 3527 Quis
227 3451 316 3514 dabit
339 3450 432 3514 nobis
457 3469 568 3513 carnes
593 3451 631 3514 ad
653 3453 876 3516 vescendumt
930 3469 1020 3512 suam
1043 3450 1075 3512 in
1096 3449 1308 3513 refrenatione
1328 3449 1529 3514 subditorum
1544 3471 1562 3515 a
1579 3453 1675 3516 vitiis.

2 3559 111 3612 teum,
126 3551 170 3614 De
202 3549 322 3632 quibus
354 3550 398 3612 ait
429 3548 594 3612 Psalmista
626 3567 632 3612 :
663 3550 878 3613 Tentavernnt
930 3547 1018 3610 Tunc
1037 3565 1164 3630 quoque
1183 3547 1316 3610 Phineas
1331 3547 1470 3630 periodit
1484 3549 1608 3612 Zambri
1623 3551 1678 3613 du·
1691 3569 1750 3614 ma.
1761 3573 1826 3622 au,

4 3627 21 3662 l
125 3649 229 3712 Deum
249 3649 282 3711 in
303 3647 454 3710 cordibus
474 3647 551 3722 suis,
570 3657 604 3709 nt
624 3654 769 3730 peterent
788 3667 876 3711 escas
931 3664 1000 3708 cem
1031 3645 1173 3709 liliorum
1199 3645 1368 3722 Simeonis,
1395 3654 1426 3709 et
1453 3646 1547 3710 Gozbi
1574 3637 1725 3711 iiliam¹⁵·

123 3746 296 3810 animabus
319 3745 396 3809 suis.
418 3748 531 3825 Neque
551 3748 733 3807 idololatrae
754 3748 876 3824 efficio·
931 3743 1124 3807 nobilissimi
1144 3744 1299 3827 principis
1315 3745 1568 3821 Madianitarum,
1586 3747 1618 3808 in
1637 3747 1679 3810 lo-

124 3849 225 3918 mim',
250 3847 335 3907 siout
360 3847 497 3926 quidam
522 3866 563 3904 eo
588 3845 668 3921 apsis
691 3843 766 3908 iacti
790 3853 875 3922 sunt,
931 3843 977 3905 cis
996 3843 1189 3924 genitalibus
1207 3861 1214 3907 :
1232 3859 1295 3925 qno
1315 3843 1409 3918 lacte,
1431 3845 1566 3908 cessavit
1587 3845 1679 3929 plaga

125 3945 265 4008 vituium
279 3961 412 4006 aureum
425 3943 599 4016 adorantes,
606 3947 876 4023 quemadmodum
930 3961 948 4004 a
970 3942 1097 4024 populo.

74 4081 80 4093 ·
124 4046 286 4119 scriptum
302 4052 348 4102 est
365 4041 398 4104 in
420 4041 526 4104 Exodo
543 4059 550 4102 ε
567 4043 661 4104 Sedit
673 4046 827 4118 populus,
845 4042 876 4105 id
971 4043 1083 4122 Neque
1113 4051 1271 4102 tentemus
1301 4045 1481 4114 Christum,
1506 4044 1679 4127 quaerendo

4 4123 72 4162 ¹⁰¹⁹
124 4147 173 4203 est
189 4159 264 4224 pars
279 4139 391 4223 populi
406 4138 572 4202 israelitici
589 4139 621 4201 in
637 4139 878 4222 deserto,quan-
931 4140 1187 4222 experimentum
1224 4141 1388 4222 sapientia
1426 4142 1493 4206 sive
1528 4143 1678 4225 potentie

123 4239 165 4302 do
180 4238 301 4320 egressi
317 4237 448 4302 luerunt
461 4237 501 4300 de
515 4239 660 4320 AEgypto,
677 4241 877 4300 manducare
932 4240 1013 4321 ejus,
1044 4242 1128 4300 siout
1160 4241 1296 4320 quidam
1326 4261 1438 4302 eorum
1469 4251 1677 4302 tentaverunt

122 4347 154 4398 et
170 4339 291 4406 bibere,
308 4337 367 4400 boc
383 4337 486 4399 estad
506 4335 764 4398 manducandum
781 4345 812 4399 et
828 4337 875 4400 bi·
933 4339 1105 4413 Christum,
1117 4340 1294 4402 secundum
1309 4339 1459 4402 deitatem
1476 4339 1586 4423 ipsius.
1599 4341 1679 4403 Ten-

124 4435 271 4500 bendum
295 4451 402 4498 coram
427 4434 599 4498 simulacro
622 4434 661 4496 ad
686 4434 757 4516 ejus
782 4435 914 4500 bonet}
932 4439 1028 4501 tando
1051 4437 1171 4500 etenim
1198 4438 1309 4512 Deum,
1336 4445 1539 4502 tentaverunt
1567 4458 1677 4521 quam·

123 4553 207 4610 rem,
225 4544 255 4595 et
274 4545 495 4596 surrexerunt
515 4538 641 4605 tudere,
658 4534 689 4596 id
709 4542 758 4597 est
777 4536 878 4600 chori·
933 4537 1011 4600 libet
1034 4537 1177 4599 divinam
1206 4538 1384 4600 Personam.
1411 4538 1500 4601 Unde
1524 4539 1678 4602 Dominus

4 4650 209 4708 manauere,
236 4641 268 4695 et
295 4633 417 4696 idolum
446 4633 587 4706 adorare,
614 4633 756 4696 dieentes
786 4651 792 4696 :
823 4635 877 4696 isti
932 4636 1011 4697 dixit
1025 4636 1064 4697 ad
1080 4635 1409 4718 Moysenzbsquequo
1425 4637 1596 4702 multitudo
1611 4638 1678 4702 baee
1714 4656 1824 4710 aarum,

123 4739 202 4795 sunt
232 4730 276 4793 dii
305 4731 364 4806 tui,
395 4731 502 4794 lsrael.
533 4731 673 4806 Quorum
705 4739 877 4815 utrumque
932 4735 1071 4816 pessima
1091 4750 1153 4796 non
1170 4734 1278 4796 credet
1294 4734 1384 4808 mibi,
1402 4735 1434 4797 in
1450 4737 1600 4798 omnibus
1619 4721 1770 4800 mi-¹¹'²²·

124 4830 253 4913 puerile
282 4839 313 4893 et
343 4831 476 4894 stultum
506 4838 562 4894 est.
591 4831 628 4893 Et
657 4839 788 4914 propter
817 4833 877 4896 boe
932 4832 1086 4895 rabilibus
1111 4851 1181 4914 quaa
1205 4831 1267 4894 ieci
1291 4849 1398 4895 eoram
1422 4833 1469 4896 eis
1485 4837 1497 4896 t
1516 4834 1555 4897 Et
1578 4843 1677 4898 tenta-

4 4947 97 4994 num
123 4930 236 4994 scelus
255 4929 421 4992 interiecta
441 4929 573 4992 luerunt
591 4929 704 5010 viginti
726 4930 787 4994 tria
808 4932 878 4994 mil·
932 4938 1047 4994 verunt
1076 4949 1126 4993 me
1149 4931 1216 5012 jam
1246 4950 1303 5013 per
1326 4931 1437 4995 decem
1463 4933 1558 4996 vices.
1584 4935 1677 4998 Porro

123 5028 167 5091 lia
184 5027 368 5092 ludaeorum
394 5046 451 5110 per
476 5045 589 5091 manus
609 5027 803 5104 Levitarum,
829 5048 875 5090 se·
932 5046 1067 5111 persona
1096 5028 1212 5092 Christi
1244 5037 1360 5092 aeterna
1389 5037 1464 5109 est;
1496 5031 1560 5094 imo
1587 5033 1677 5096 iesus

122 5127 271 5191 cundum
290 5125 375 5209 quod
398 5125 519 5208 Moyses
539 5125 645 5207 jussit,
662 5133 694 5188 et
714 5127 746 5189 in
769 5127 876 5190 Exodo
931 5127 1074 5191 Christus
1089 5135 1225 5192 aeternus
1241 5133 1403 5210 est,quum
1419 5129 1460 5191 sit
1472 5149 1566 5192 verus
1578 5131 1675 5194 Deus:

122 5223 329 5289 describitur.
931 5226 1084 5309 supponit
1098 5227 1185 5289 enim
1206 5227 1348 5290 divinam
1368 5235 1401 5290 et
1420 5227 1591 5291 increatam
1608 5230 1677 5292 Per-

167 5325 285 5403 Neque
309 5323 517 5400 fornicemur
544 5323 760 5405 corporaliter,
792 5326 876 5386 siout
932 5342 1051 5389 sonam.
1077 5325 1124 5388 Ad
1150 5325 1234 5410 quod
1260 5324 1501 5402 insinuandum,
1525 5326 1620 5390 Judas
1644 5327 1677 5391 in
