4288 6264
475 485 523 553 76·
753 508 785 554 m
806 507 857 555 nm
878 507 993 555 666666
1013 505 1231 554 6666666666.
1251 525 1291 538 -
1312 506 1488 556 naumann
1509 509 1542 556 m
1562 507 1759 556 6666666616

517 679 583 748 Qui
595 699 661 742 666
677 682 790 759 diligit
805 701 867 751 roe,
883 701 1042 742 sermones
1059 700 1143 741 meos
1160 700 1227 742 666
1242 680 1268 743 Α
1283 689 1438 763 tempore,
1454 702 1513 746 nec
1534 683 1658 748 actione
1680 681 1860 760 mutabilis3
1882 679 1939 744 sed
1957 679 2020 744 mis·

476 787 597 848 serent,
610 776 642 839 id
658 787 715 853 est,
727 797 823 860 opere
839 795 901 841 non
917 779 1081 860 adimplet.
1093 778 1226 852 Quidam
1283 779 1371 842 sione
1393 781 1563 863 spirituali,
1580 801 1637 864 per
1657 780 1853 844 infusionem
1875 781 2019 842 donorum

476 881 584 938 161666
607 876 681 937 vani
711 884 743 938 61
767 876 858 939 661611
887 883 1015 939 servant
1043 876 1227 938 memoriter
1282 878 1444 954 Paracleti,
1461 877 2021 943 61161111(116616666116666616116-

476 971 574 1034 verba
598 973 726 1048 Christi,
753 982 788 1036 ut
816 975 1029 1057 predicando,
1055 974 1224 1056 loquendo,
1283 983 1352 1045 ctus
1375 997 1471 1058 quem
1492 979 1580 1041 Patre
1601 978 1728 1042 volente
1753 984 1863 1039 causat
1885 976 1918 1039 in
1941 975 2021 1038 ratio

477 1071 619 1134 docendo
640 1080 695 1134 661
715 1072 917 1155 disputando,
935 1073 1019 1135 docti
1041 1081 1224 1154 appareant,
1282 1075 1346 1137 6611
1371 1083 1524 1138 66661666.
1550 1077 1680 1159 Propter
1703 1095 1800 1159 quem
1832 1075 1930 1138 etiam
1954 1073 2020 1137 6116-

476 1177 508 1231 61
522 1170 675 1233 honorem
696 1178 750 1233 aut
766 1171 892 1234 lucrum
912 1171 1087 1253 acquirant.
1105 1171 1225 1244 Quibus
1282 1180 1368 1235 ctum
1386 1173 1501 1236 dieitur
1521 1175 1553 1236 in
1574 1173 1717 1237 rationali
1737 1180 1882 1236 creatura
1897 1173 1936 1234 de
1951 1159 2022 1234 novo

340 1279 461 1333 116666,
477 1267 591 1330 melius
615 1276 699 1332 esset
724 1269 807 1332 viam
830 1271 963 1350 justitiae
988 1270 1159 1351 ignorasse.
1182 1272 1225 1330 Et
1282 1288 1351 1331 esse
1370 1278 1402 1332 et
1420 1271 1573 1334 habitare.
1590 1275 1631 1333 Irr
1651 1273 1784 1332 nomr'ne
1804 1290 1886 1340 meo,
1903 1270 1963 1332 hoc
1981 1279 2021 1332 cst

328 1343 362 1384 ²¹·
475 1386 653 1427 sermonem
668 1388 760 1448 quern
777 1369 920 1428 audistis
935 1386 973 1429 ex
989 1384 1044 1429 ore
1063 1385 1144 1440 meo,
1160 1387 1225 1426 reon
1281 1367 1314 1429 in
1336 1388 1398 1444 me,
1416 1388 1472 1451 per
1492 1389 1543 1432 me
1559 1379 1590 1432 61
1607 1378 1738 1452 propter
1758 1387 1822 1432 me.
1839 1369 1931 1431 Pater
1945 1368 2021 1430 enim

475 1473 521 1524 est
536 1485 637 1536 meus,
655 1466 833 1528 secundum
849 1466 934 1548 quod
950 1466 1046 1528 homo
1062 1484 1144 1539 sum,
1161 1472 1227 1525 tan-
1280 1467 1387 1529 omnia
1401 1476 1550 1549 operatur
1564 1487 1621 1550 per
1635 1468 1750 1531 Filium
1766 1467 1946 1530 secundum
1961 1465 2022 1547 ejus

475 1581 571 1645 quam
587 1563 776 1645 principalis
792 1564 929 1627 doctoris
946 1571 978 1627 61
993 1564 1155 1638 locuturis,
1171 1567 1226 1624 sed
1280 1564 1420 1627 divinam
1451 1572 1597 1628 naturam
1624 1566 1728 1646 (juxta
1757 1565 1838 1627 illud
1867 1565 1993 1627 loannis
2015 1581 2020 1624 :

475 1661 546 1738 ejus
567 1663 627 1742 qui
645 1663 736 1722 misit
751 1682 801 1722 me
814 1665 943 1732 Patris,
960 1663 1015 1744 qui
1035 1681 1092 1744 per
1111 1680 1162 1724 me
1182 1661 1225 1724 lo·
1280 1663 1393 1726 Omnia
1417 1682 1474 1745 per
1497 1665 1603 1746 ipsum
1629 1663 1711 1726 iacta
1736 1665 1846 1744 sunt);
1867 1672 1901 1727 et
1919 1682 1976 1745 per
1992 1674 2105 1724 661666

329 1835 334 1846 ⁸
356 1759 969 1843 6666661166166666616661666166(
986 1768 1017 1822 et
1034 1761 1136 1840 magni
1152 1777 1225 1822 con·
1281 1768 1410 1842 propter
1429 1760 1544 1823 Filium
1565 1762 1742 1824 seeundum
1763 1762 1834 1842 ejus
1853 1761 2022 1823 humanita-

325 1839 389 1890 '⁰¹²⁸
401 1835 461 1878 ω·
476 1857 540 1919 61111
557 1858 718 1938 angelum,
735 1859 912 1920 secundum
928 1859 1011 1939 quod
1030 1859 1125 1920 homo
1141 1877 1222 1919 sum.
1241 1861 1265 1922 B
1281 1866 1357 1932 tem,
1375 1859 1480 1932 idest,
1496 1859 1682 1941 permerito
1701 1859 1861 1940 unigeniti
1878 1858 1950 1921 111111
1970 1857 2022 1928 661,

334 1971 461 2026 66616,
475 1955 555 2017 11166
570 1956 633 2018 6116
649 1956 719 2019 1666
734 1957 878 2019 Christus
896 1955 1047 2019 disseruit
1064 1973 1071 2017 :
1088 1956 1154 2018 blaa
1172 1955 1225 2018 do·
1281 1958 1334 2018 dat
1357 1957 1450 2019 nohis
1474 1957 1557 2020 dona
1584 1957 1723 2039 Spiritus
1748 1956 1865 2019 Sancti.
1893 1959 1957 2018 Ille
1980 1977 2025 2015 res

331 2036 362 2076 ¹⁶·
475 2051 579 2115 ctrina
605 2062 741 2116 nonest
766 2072 847 2126 mea,
873 2055 928 2116 sed
958 2053 1108 2135 ejusqui
1138 2053 1226 2115 misit
1281 2057 1403 2114 docebit
1418 2058 1539 2126 omnia,
1556 2072 1618 2119 non
1634 2053 1827 2136 simpliciter
1840 2055 1962 2128 omnia,
1977 2054 2024 2116 sed

477 2170 538 2213 me.
560 2151 758 2233 Augustinus
772 2169 910 2234 quoque
933 2160 966 2215 et
986 2153 1155 2233 Gregorius
1180 2152 1225 2213 616
1281 2153 1388 2214 omnia
1405 2152 1443 2215 de
1463 2153 1580 2235 quibus
1599 2152 1816 2234 subjungitur,
1832 2163 1863 2212 et
1882 2161 2024 2231 supparet

476 2257 664 2330 exponunt:
682 2249 837 2323 Quoniam
857 2249 999 2312 Christus
1024 2257 1071 2312 est
1090 2248 1225 2311 verbum
1282 2253 1369 2310 ochis
1392 2254 1501 2312 omniu
1530 2272 1739 2331 quoecumque
1766 2253 1887 2311 dissero
1912 2253 1997 2310 vobis
2017 2271 2026 2308 :

476 2355 508 2410 et
524 2364 630 2410 sermo
644 2347 756 2421 Patris,
774 2347 845 2409 ideo
861 2365 967 2410 sermo
981 2367 1078 2430 quem
1094 2347 1227 2428 protulit
1281 2349 1341 2411 hoc
1366 2356 1423 2422 est,
1450 2369 1520 2431 quae
1549 2349 1641 2412 vobis
1671 2350 1765 2412 modo
1795 2366 1943 2431 propono
1966 2347 2026 2410 sire

477 2443 633 2517 Christus,
654 2460 719 2505 non
743 2451 791 2506 est
813 2444 940 2519 Christi,
962 2445 1016 2506 sed
1041 2445 1140 2507 Patris
1164 2445 1223 2506 sui.
1282 2447 1445 2528 proposui,
1461 2467 1532 2529 666
1552 2454 1683 2529 propter
1702 2465 1813 2510 eorum
1836 2446 2028 2530 profundita-

475 2541 540 2604 lloe
555 2548 662 2603 autem
677 2560 788 2603 verum
805 2549 854 2603 661
868 2542 906 2604 (16
921 2542 1025 2605 Verbo
1041 2543 1180 2605 increato
1195 2550 1226 2604 61
1281 2553 1345 2608 tem
1366 2565 1402 2607 ac
1422 2546 1518 2608 vestri
1542 2545 1662 2626 ingenii
1680 2546 1860 2608 tarditatem
1882 2563 1969 2607 nunc
1988 2545 2028 2607 in·

475 2656 623 2702 sermone
638 2645 767 2713 aeterno,
784 2657 847 2702 non
863 2640 902 2702 de
918 2640 1042 2702 sonanti
1057 2649 1112 2701 aut
1127 2648 1225 2702 trans·
1282 2644 1424 2724 telligere
1440 2662 1502 2706 non
1521 2643 1664 2724 potestis,
1680 2644 1858 2725 presertim
1873 2662 1976 2725 quum
1995 2643 2028 2704 si-

477 2738 579 2802 itorio.
597 2737 741 2800 Christus
761 2757 837 2801 vero
856 2757 942 2800 nunc
962 2739 1166 2821 potissimum
1182 2740 1225 2801 lo·
1281 2742 1322 2803 tis
1346 2741 1433 2824 pleni
1458 2741 1576 2816 dolore,
1601 2741 1729 2804 tristitia
1753 2749 1785 2804 et
1809 2741 1936 2814 timore,
1964 2741 2029 2802 ideo

476 2835 586 2918 quitur
608 2836 646 2898 de
671 2853 819 2898 sermone
843 2853 901 2898 suo
922 2837 1035 2917 vocali,
1056 2837 1111 2919 qui
1133 2856 1225 2900 aures
1281 2839 1418 2921 Spiritus
1448 2839 1580 2902 Sanctus
1610 2847 1757 2920 suggeret
1781 2839 1874 2902 vobis
1899 2859 1949 2914 ca,
1975 2840 2028 2900 hoc

474 2935 706 3017 discipulorum
726 2934 926 3015 objectaliter
946 2935 1136 2997 immutavit.
1155 2936 1225 2998 Per·
1280 2945 1339 3012 est,
1365 2938 1403 2999 ad
1433 2938 1620 3001 memoriam
1651 2938 1783 3000 reducet
1809 2958 1816 3002 :
1843 2939 1920 3020 quia
1946 2945 1979 3000 et
2001 2937 2028 2998 id

473 3051 550 3097 sona
569 3034 700 3096 demum
721 3033 855 3115 loquens
875 3051 937 3095 non
958 3033 1087 3095 auditur
1106 3053 1222 3115 perse,
1242 3036 1263 3098 C
1280 3036 1364 3116 quod
1385 3035 1612 3098 intellexerunt
1630 3041 1774 3117 tempore
1795 3036 1892 3117 hujus
1913 3053 2029 3098 sermo-

472 3139 503 3194 et
527 3139 678 3212 tanquam
703 3130 867 3212 objectum
896 3130 1036 3204 auditus,
1062 3132 1116 3193 sed
1146 3149 1225 3194 sono
1280 3133 1341 3206 nis,
1358 3133 1448 3195 obliti
1469 3132 1617 3212 fuerunt3
1634 3134 1690 3196 sed
1709 3134 1742 3196 in
1764 3133 1816 3196 (116
1832 3134 2030 3196 Ρ6616666166

472 3231 640 3293 mediante.
1280 3232 1416 3313 Spiritus
1438 3232 1570 3294 Sanctus
1591 3231 1700 3295 omnia
1721 3231 1768 3294 616
1790 3232 1973 3314 inspiravit.

511 3333 590 3390 Hoec
614 3333 739 3389 locutus
763 3347 835 3388 sum
859 3329 1061 3404 6611666161
1083 3348 1135 3387 cos
1159 3349 1224 3388 mc·
1318 3333 1437 3391 Pacem
1461 3331 1610 3408 relinquo
1632 3331 1732 3400 vobis,
1753 3329 1814 3392 hoc
1838 3337 1898 3404 661,
1918 3348 2030 3412 pacem

471 3447 551 3487 nens
566 3427 774 3509 corporaliter
788 3445 825 3487 ac
840 3425 1224 3488 visibiliter.Parccletus
1279 3425 1585 3516 spiritualemfvobis
1602 3426 1782 3490 habendam
1797 3445 1835 3489 ac
1851 3427 2031 3490 custodien-

471 3534 580 3585 autem
599 3527 749 3601 Spiritus
771 3528 925 3587 Sanctus.
944 3523 1003 3596 Qui
1022 3531 1153 3586 vocatur
1172 3524 1224 3585 l‘a-
1280 3526 1351 3586 dam
1372 3524 1548 3599 committo,
1565 3532 1600 3610 ut
1620 3525 1690 3586 sitis
1710 3525 1812 3607 quieti
1833 3525 1962 3599 161166,
1979 3543 2031 3607 per

471 3623 620 3696 racletus,
638 3623 669 3684 id
689 3630 738 3685 est
757 3621 946 3696 consolator,
964 3620 1039 3703 quia
1060 3639 1150 3702 spem
1171 3641 1222 3684 ve·
1280 3622 1443 3685 caritatem
1458 3623 1659 3703 quiescentes
1676 3623 1709 3684 in
1724 3626 1899 3686 eo.Pucem
1914 3644 2031 3692 mecm,

471 3722 532 3784 niae
549 3720 770 3794 tribuendo,et
785 3719 969 3782 futurorum
985 3719 1223 3800 contemplatio-
1280 3722 1338 3783 hoc
1359 3729 1407 3783 est
1427 3740 1534 3783 veram
1558 3721 1674 3783 mentis
1695 3722 1980 3804 tranquillitatem,
1996 3725 2032 3782 do

469 3837 541 3882 nem
554 3825 646 3900 atque
660 3826 852 3900 pregustum
867 3819 1006 3900 aliquem
1021 3817 1221 3892 infundendo,
1280 3820 1367 3878 vobis
1381 3818 1446 3900 jam
1468 3818 1658 3893 inchoative,
1675 3838 1772 3901 quam
1788 3819 1871 3882 dabo
1886 3819 1983 3882 vobis
2003 3819 2032 3880 in

469 3917 610 3979 animam
632 3923 753 3978 recreat
773 3925 804 3978 et
824 3915 968 3978 delectat.
987 3915 1108 3978 Dicitur
1127 3917 1222 3978 etiam
1280 3918 1380 3999 patria
1406 3925 1633 3979 consummate.
1657 3917 1695 3979 Et
1719 3919 1866 3999 quamvis
1887 3917 2034 3999 Apostoli

470 4015 653 4087 advocatus,
671 4031 734 4076 non
755 4013 839 4095 quod
859 4013 949 4075 Patre
969 4021 1000 4075 et
1020 4013 1099 4076 Filio
1119 4013 1223 4076 minor
1279 4033 1342 4077 non
1374 4015 1503 4076 luerunt
1532 4016 1613 4078 bene
1644 4035 1777 4098 capaces
1807 4014 1905 4096 hujus
1930 4017 2032 4098 pacis,

470 4113 522 4186 sit,
549 4113 604 4174 sed
630 4111 782 4194 quoniam
807 4128 861 4174 eos
886 4129 966 4193 quos
996 4112 1097 4193 replet
1121 4112 1221 4174 Deum
1278 4114 1406 4195 quando
1426 4113 1569 4176 Christus
1590 4115 1658 4176 haec
1679 4114 1813 4196 protulit
1832 4115 1942 4176 statim
1964 4121 2034 4197 post

367 4243 370 4250 .
471 4211 619 4274 invocare
643 4211 768 4274 lervide
793 4210 882 4284 lacit,
907 4217 1001 4292 prout
1025 4211 1069 4272 ait
1093 4211 1223 4292 1166616-
1239 4213 1264 4275 D
1279 4210 1420 4284 Coenam,
1437 4218 1542 4272 tamen
1566 4218 1637 4292 post
1656 4211 1937 4286 resurrectionem,
1956 4213 2033 4274 dum

470 4310 520 4373 lus
537 4329 544 4373 :
561 4310 632 4392 lpse
655 4309 794 4391 Spiritus
818 4309 959 4391 postulat
979 4325 1037 4390 pro
1058 4308 1151 4370 nobis
1172 4327 1223 4390 ge·
1278 4309 1325 4371 eis
1350 4309 1509 4391 apparuit,
1533 4307 1653 4383 dicens,
1678 4310 1740 4371 Pax
1761 4309 1865 4384 vobis,
1886 4311 2033 4392 capacio-
2046 4332 2102 4374 rau

350 4413 356 4426 ‘
470 4408 602 4472 mitibus
626 4407 907 4480 inenarrabilibus,
928 4406 1038 4482 idest,
1062 4407 1222 4488 postulare
1279 4427 1329 4469 res
1349 4405 1457 4469 6116611
1480 4414 1564 4481 6661,
1581 4415 1675 4490 61666
1695 4427 1734 4471 ex
1754 4415 1831 4471 tunc
1851 4409 1953 4472 verba
1977 4410 2034 4472 ista
2047 4399 2097 4436 Μ’

469 4525 526 4570 666
548 4506 654 4568 taliter
676 4506 761 4568 lacit.
782 4507 822 4567 ht
843 4523 930 4578 vero,
947 4524 1048 4587 quum
1071 4505 1223 4588 quaelibet
1280 4505 1406 4588 impleri
1438 4513 1613 4587 coeperunt.
1638 4507 1694 4568 Vel
1724 4507 1770 4568 sio
1802 4527 1809 4570 :
1842 4529 1859 4566 «
1879 4507 2033 4570 Pacem»

467 4604 577 4667 divina
591 4605 726 4667 Persona
741 4605 782 4667 sit
796 4605 929 4687 spiritus
944 4612 976 4666 et
992 4603 1102 4687 utique
1118 4623 1221 4666 66666-
1278 4603 1386 4684 gratia
1407 4625 1424 4662 «
1440 4604 1586 4685 relinquo
1610 4604 1735 4666 vobis»
1756 4605 1789 4666 in
1812 4605 1875 4678 via,
1896 4624 1960 4687 pro
1982 4607 2034 4668 do·
2109 4671 2110 4696 ,

466 4702 1155 4777 116111666666166,(1666166116Ρ66666616
1177 4702 1222 4762 di·
1278 4720 1320 4763 no
1345 4703 1522 4784 praecipu03
1545 4722 1721 4785 «pacem»
1746 4703 1855 4784 gloriae
1878 4704 1956 4766 udo
1983 4722 2034 4766 vo·
2109 4701 2110 4740 1

465 4799 551 4864 vinis
566 4800 685 4862 dicitur
700 4801 830 4883 proprio
845 4800 976 4864 nomine
992 4799 1129 4882 Spiritus
1145 4799 1221 4861 San·
1278 4799 1327 4861 bis
1344 4821 1360 4858 n
1384 4817 1441 4880 pro
1466 4799 1598 4880 praemio
1622 4799 1655 4862 in
1680 4799 1798 4863 tuturo.
1822 4800 1903 4863 llinc
1928 4801 2033 4873 enim,

465 4898 1220 4982 6166166666οά(1161166861611668666166,
1278 4897 1454 4960 secundum
1483 4897 1708 4978 Augustinum,
1738 4898 1886 4972 dicendo,
1916 4899 2034 4962 Pacem
2109 4913 2110 4974 ξ

464 5017 523 5082 pro
548 5018 611 5061 una
634 4998 776 5062 dictione
800 4999 966 5079 accipitur.
991 5001 1091 5066 Quem
1115 4997 1222 5055 mittet
1278 4995 1424 5076 relinquo
1448 4995 1550 5070 vobiS,
1573 5015 1638 5058 non
1663 4997 1794 5071 addidit,
1821 4998 1934 5070 hleam,
1958 4999 2035 5080 6616

463 5100 569 5160 Pater
585 5119 596 5158 .·
612 5114 676 5159 non
698 5095 851 5159 missione
867 5094 960 5157 locali
976 5102 1031 5156 aut
1049 5100 1138 5156 motu
1154 5111 1221 5155 eor·
1278 5113 1339 5176 pax
1363 5093 1536 5155 electorum
1560 5093 1592 5156 in
1613 5094 1676 5169 via,
1698 5101 1747 5156 est
1768 5094 1880 5157 multis
1900 5095 2036 5157 tribula·

465 5194 578 5278 porali,
609 5213 711 5278 quum
741 5191 878 5274 Spiritus
908 5191 1042 5254 Sanctus
1070 5190 1111 5252 sit
1139 5189 1222 5252 11666
1277 5190 1419 5254 tionibus
1448 5190 1691 5272 defectibusque
1719 5192 1872 5266 admixta,
1898 5200 1930 5255 et
1961 5193 2034 5256 talis

466 5294 659 5368 immensus,
681 5291 790 5355 omnia
813 5289 962 5370 implens
983 5307 1042 5352 nec
1061 5289 1142 5365 loco,
1164 5306 1222 5350 nec
1279 5307 1343 5351 non
1364 5287 1425 5350 luit
1445 5307 1505 5370 pax
1522 5289 1649 5364 Christi,
1666 5289 1721 5371 qui
1742 5289 1845 5352 caruit
1859 5292 1951 5353 omni
1968 5291 2035 5353 cul·
