<?xml version="1.0" encoding="UTF-8"?>
<!DOCTYPE html PUBLIC "-//W3C//DTD XHTML 1.0 Transitional//EN"
    "http://www.w3.org/TR/xhtml1/DTD/xhtml1-transitional.dtd">
<html xmlns="http://www.w3.org/1999/xhtml" xml:lang="en" lang="en">
 <head>
  <title>
</title>
<meta http-equiv="Content-Type" content="text/html;charset=utf-8" />
  <meta name='ocr-system' content='tesseract 3.04.00' />
  <meta name='ocr-capabilities' content='ocr_page ocr_carea ocr_par ocr_line ocrx_word'/>
</head>
<body>
  <div class='ocr_page' id='page_1' title='image "./doctorisecstati01unkngoog/doctorisecstati01unkngoog_0521.png"; bbox 0 0 4154 6258; ppageno 0'>
   <div class='ocr_carea' id='block_1_1' title="bbox 421 474 1642 546">
    <p class='ocr_par' dir='ltr' id='par_1_1' title="bbox 421 474 1642 546">
     <span class='ocr_line' id='line_1_1' title="bbox 421 474 1642 546; baseline 0.006 -6"><span class='ocrx_word' id='word_1_1' title='bbox 421 474 481 540; x_wconf 76' lang='lat'>490</span> <span class='ocrx_word' id='word_1_2' title='bbox 751 493 899 542; x_wconf 74' lang='lat' dir='ltr'>nomisma</span> <span class='ocrx_word' id='word_1_3' title='bbox 919 493 983 540; x_wconf 83' lang='lat' dir='ltr'>xvir</span> <span class='ocrx_word' id='word_1_4' title='bbox 1004 493 1077 540; x_wconf 90' lang='lat' dir='ltr'>rosr</span> <span class='ocrx_word' id='word_1_5' title='bbox 1097 493 1350 540; x_wconf 82' lang='lat' dir='ltr'>minumum-</span> <span class='ocrx_word' id='word_1_6' title='bbox 1371 495 1470 544; x_wconf 78' lang='lat' dir='ltr'>suerro</span> <span class='ocrx_word' id='word_1_7' title='bbox 1490 496 1642 546; x_wconf 83' lang='lat' dir='ltr'>snouuous</span> 
     </span>
    </p>
   </div>
   <div class='ocr_carea' id='block_1_2' title="bbox 274 661 2063 5376">
    <p class='ocr_par' dir='ltr' id='par_1_2' title="bbox 283 661 2063 4192">
     <span class='ocr_line' id='line_1_2' title="bbox 419 661 1949 754; baseline 0.003 -26"><span class='ocrx_word' id='word_1_8' title='bbox 419 661 591 747; x_wconf 88' lang='lat' dir='ltr'>loquimini</span> <span class='ocrx_word' id='word_1_9' title='bbox 620 665 713 730; x_wconf 91' lang='lat' dir='ltr'>nobis</span> <span class='ocrx_word' id='word_1_10' title='bbox 742 666 910 748; x_wconf 86' lang='lat' dir='ltr'>placentia,</span> <span class='ocrx_word' id='word_1_11' title='bbox 936 664 1041 729; x_wconf 86' lang='lat' dir='ltr'>videte</span> <span class='ocrx_word' id='word_1_12' title='bbox 1073 665 1165 728; x_wconf 92' lang='lat' dir='ltr'>nobis</span> <span class='ocrx_word' id='word_1_13' title='bbox 1179 665 1205 729; x_wconf 83' lang='grc' dir='ltr'>Α</span> <span class='ocrx_word' id='word_1_14' title='bbox 1219 666 1327 730; x_wconf 86' lang='lat' dir='ltr'>lurore</span> <span class='ocrx_word' id='word_1_15' title='bbox 1346 674 1413 743; x_wconf 93' lang='lat' dir='ltr'>tuo,</span> <span class='ocrx_word' id='word_1_16' title='bbox 1430 677 1462 732; x_wconf 90' lang='lat' dir='ltr'>et</span> <span class='ocrx_word' id='word_1_17' title='bbox 1478 671 1652 752; x_wconf 81' lang='lat' dir='ltr'>respiciens</span> <span class='ocrx_word' id='word_1_18' title='bbox 1671 688 1801 735; x_wconf 88' lang='lat' dir='ltr'>omnem</span> <span class='ocrx_word' id='word_1_19' title='bbox 1820 689 1949 754; x_wconf 80' lang='lat' dir='ltr'>arrogan</span> 
     </span>
     <span class='ocr_line' id='line_1_3' title="bbox 417 763 1949 848; baseline 0.003 -22"><span class='ocrx_word' id='word_1_20' title='bbox 417 781 550 827; x_wconf 91' lang='lat' dir='ltr'>errores.</span> <span class='ocrx_word' id='word_1_21' title='bbox 568 765 658 827; x_wconf 87' lang='lat' dir='ltr'>Tales</span> <span class='ocrx_word' id='word_1_22' title='bbox 674 772 749 827; x_wconf 92' lang='lat' dir='ltr'>sunt</span> <span class='ocrx_word' id='word_1_23' title='bbox 767 765 949 847; x_wconf 89' lang='lat' dir='ltr'>omnesqui</span> <span class='ocrx_word' id='word_1_24' title='bbox 965 765 996 826; x_wconf 93' lang='lat' dir='ltr'>in</span> <span class='ocrx_word' id='word_1_25' title='bbox 1014 764 1079 826; x_wconf 91' lang='lat' dir='ltr'>suis</span> <span class='ocrx_word' id='word_1_26' title='bbox 1095 782 1166 846; x_wconf 94' lang='lat' dir='ltr'>per·</span> <span class='ocrx_word' id='word_1_27' title='bbox 1219 770 1284 825; x_wconf 92' lang='lat' dir='ltr'>tem</span> <span class='ocrx_word' id='word_1_28' title='bbox 1299 763 1446 840; x_wconf 87' lang='lat' dir='ltr'>humilia,</span> <span class='ocrx_word' id='word_1_29' title='bbox 1462 767 1610 848; x_wconf 79' lang='lat' dir='ltr'><strong>demerge</strong></span> <span class='ocrx_word' id='word_1_30' title='bbox 1629 785 1683 831; x_wconf 91' lang='lat' dir='ltr'>cos</span> <span class='ocrx_word' id='word_1_31' title='bbox 1703 768 1736 830; x_wconf 93' lang='lat' dir='ltr'>in</span> <span class='ocrx_word' id='word_1_32' title='bbox 1754 767 1887 830; x_wconf 83' lang='lat' dir='ltr'>foveam.</span> <span class='ocrx_word' id='word_1_33' title='bbox 1900 769 1949 831; x_wconf 78' lang='lat' dir='ltr'>Ab</span> 
     </span>
     <span class='ocr_line' id='line_1_4' title="bbox 418 861 1948 950; baseline 0.003 -26"><span class='ocrx_word' id='word_1_34' title='bbox 418 870 549 925; x_wconf 91' lang='lat' dir='ltr'>manent</span> <span class='ocrx_word' id='word_1_35' title='bbox 573 862 676 946; x_wconf 93' lang='lat' dir='ltr'>culpis</span> <span class='ocrx_word' id='word_1_36' title='bbox 700 863 900 936; x_wconf 82' lang='lat' dir='ltr'>mortalibus,</span> <span class='ocrx_word' id='word_1_37' title='bbox 917 863 972 944; x_wconf 83' lang='lat' dir='ltr'>qui</span> <span class='ocrx_word' id='word_1_38' title='bbox 994 863 1166 945; x_wconf 91' lang='lat' dir='ltr'>spirituali·</span> <span class='ocrx_word' id='word_1_39' title='bbox 1219 861 1405 926; x_wconf 81' lang='lat' dir='ltr'><strong>horreamus</strong></span> <span class='ocrx_word' id='word_1_40' title='bbox 1420 882 1496 945; x_wconf 86' lang='lat' dir='ltr'>orgo</span> <span class='ocrx_word' id='word_1_41' title='bbox 1510 865 1716 930; x_wconf 90' lang='lat' dir='ltr'>maledictum</span> <span class='ocrx_word' id='word_1_42' title='bbox 1731 885 1843 930; x_wconf 90' lang='lat' dir='ltr'>semen</span> <span class='ocrx_word' id='word_1_43' title='bbox 1856 886 1948 950; x_wconf 87' lang='lat' dir='ltr'>super-</span> 
     </span>
     <span class='ocr_line' id='line_1_5' title="bbox 417 960 2060 1044; baseline 0.002 -20"><span class='ocrx_word' id='word_1_44' title='bbox 417 967 466 1024; x_wconf 93' lang='lat' dir='ltr'>ter</span> <span class='ocrx_word' id='word_1_45' title='bbox 494 961 579 1024; x_wconf 85' lang='lat' dir='ltr'>liunt</span> <span class='ocrx_word' id='word_1_46' title='bbox 608 969 639 1023; x_wconf 91' lang='lat' dir='ltr'>et</span> <span class='ocrx_word' id='word_1_47' title='bbox 669 970 794 1025; x_wconf 84' lang='lat' dir='ltr'>exstant</span> <span class='ocrx_word' id='word_1_48' title='bbox 823 961 999 1044; x_wconf 86' lang='lat' dir='ltr'>hydropici.</span> <span class='ocrx_word' id='word_1_49' title='bbox 1027 961 1072 1023; x_wconf 86' lang='lat' dir='ltr'>Ex</span> <span class='ocrx_word' id='word_1_50' title='bbox 1101 978 1165 1043; x_wconf 90' lang='lat' dir='ltr'>quo</span> <span class='ocrx_word' id='word_1_51' title='bbox 1220 960 1291 1035; x_wconf 85' lang='lat' dir='ltr'>biae,</span> <span class='ocrx_word' id='word_1_52' title='bbox 1308 979 1347 1024; x_wconf 82' lang='lat' dir='ltr'>ex</span> <span class='ocrx_word' id='word_1_53' title='bbox 1366 981 1431 1043; x_wconf 92' lang='lat' dir='ltr'>quo</span> <span class='ocrx_word' id='word_1_54' title='bbox 1450 964 1557 1026; x_wconf 91' lang='lat' dir='ltr'>omnia</span> <span class='ocrx_word' id='word_1_55' title='bbox 1574 965 1652 1027; x_wconf 90' lang='lat' dir='ltr'>vitia</span> <span class='ocrx_word' id='word_1_56' title='bbox 1670 965 1829 1039; x_wconf 91' lang='lat' dir='ltr'>oriuntur,</span> <span class='ocrx_word' id='word_1_57' title='bbox 1845 973 1947 1028; x_wconf 88' lang='lat' dir='ltr'>etcum</span> <span class='ocrx_word' id='word_1_58' title='bbox 2059 965 2060 978; x_wconf 58' lang='lat'>³</span> 
     </span>
     <span class='ocr_line' id='line_1_6' title="bbox 416 1027 2060 1144; baseline 0.002 -23"><span class='ocrx_word' id='word_1_59' title='bbox 416 1058 504 1121; x_wconf 93' lang='lat' dir='ltr'>enim</span> <span class='ocrx_word' id='word_1_60' title='bbox 525 1079 642 1142; x_wconf 89' lang='lat' dir='ltr'>aquam</span> <span class='ocrx_word' id='word_1_61' title='bbox 666 1059 831 1142; x_wconf 80' lang='lat' dir='ltr'>sapientie</span> <span class='ocrx_word' id='word_1_62' title='bbox 855 1059 1012 1133; x_wconf 89' lang='lat' dir='ltr'>salutaris,</span> <span class='ocrx_word' id='word_1_63' title='bbox 1033 1060 1093 1122; x_wconf 94' lang='lat' dir='ltr'>hoc</span> <span class='ocrx_word' id='word_1_64' title='bbox 1117 1067 1166 1122; x_wconf 91' lang='lat' dir='ltr'>est</span> <span class='ocrx_word' id='word_1_65' title='bbox 1219 1058 1312 1121; x_wconf 88' lang='lat' dir='ltr'>beato</span> <span class='ocrx_word' id='word_1_66' title='bbox 1337 1059 1437 1123; x_wconf 90' lang='lat' dir='ltr'>David</span> <span class='ocrx_word' id='word_1_67' title='bbox 1461 1079 1535 1143; x_wconf 90' lang='lat' dir='ltr'>rego</span> <span class='ocrx_word' id='word_1_68' title='bbox 1559 1063 1715 1137; x_wconf 88' lang='lat' dir='ltr'>dicamus,</span> <span class='ocrx_word' id='word_1_69' title='bbox 1732 1063 1798 1144; x_wconf 86' lang='lat' dir='ltr'>Ego</span> <span class='ocrx_word' id='word_1_70' title='bbox 1820 1082 1888 1126; x_wconf 92' lang='lat' dir='ltr'>sum</span> <span class='ocrx_word' id='word_1_71' title='bbox 1908 1065 2013 1132; x_wconf 66' lang='lat' dir='ltr'>viiie.</span> <span class='ocrx_word' id='word_1_72' title='bbox 2036 1027 2060 1120; x_wconf 42' lang='lat' dir='ltr'>l</span> 
     </span>
     <span class='ocr_line' id='line_1_7' title="bbox 412 1144 2060 1244; baseline 0.004 -26"><span class='ocrx_word' id='word_1_73' title='bbox 412 1156 814 1232; x_wconf 80' lang='lat' dir='ltr'>fluentasauaedoctrinae‚</span> <span class='ocrx_word' id='word_1_74' title='bbox 832 1157 1084 1240; x_wconf 80' lang='lat' dir='ltr'>repelluntase,</span> <span class='ocrx_word' id='word_1_75' title='bbox 1101 1176 1166 1221; x_wconf 91' lang='lat' dir='ltr'>cor·</span> <span class='ocrx_word' id='word_1_76' title='bbox 1220 1176 1341 1240; x_wconf 89' lang='lat' dir='ltr'>pauper</span> <span class='ocrx_word' id='word_1_77' title='bbox 1356 1166 1388 1220; x_wconf 93' lang='lat' dir='ltr'>et</span> <span class='ocrx_word' id='word_1_78' title='bbox 1402 1160 1637 1243; x_wconf 83' lang='lat' dir='ltr'>tenuis3atque</span> <span class='ocrx_word' id='word_1_79' title='bbox 1652 1179 1726 1223; x_wconf 91' lang='lat' dir='ltr'>oum</span> <span class='ocrx_word' id='word_1_80' title='bbox 1741 1162 1884 1236; x_wconf 82' lang='lat' dir='ltr'>ieremia,</span> <span class='ocrx_word' id='word_1_81' title='bbox 1895 1144 2012 1244; x_wconf 52' lang='lat' dir='ltr'>agab„</span> <span class='ocrx_word' id='word_1_82' title='bbox 2059 1183 2060 1194; x_wconf 63' lang='lat'>,</span> 
     </span>
     <span class='ocr_line' id='line_1_8' title="bbox 416 1255 1971 1342; baseline 0.003 -24"><span class='ocrx_word' id='word_1_83' title='bbox 416 1256 519 1337; x_wconf 89' lang='lat' dir='ltr'>daque</span> <span class='ocrx_word' id='word_1_84' title='bbox 534 1275 592 1319; x_wconf 90' lang='lat' dir='ltr'>sua</span> <span class='ocrx_word' id='word_1_85' title='bbox 607 1257 725 1318; x_wconf 88' lang='lat' dir='ltr'>carnali</span> <span class='ocrx_word' id='word_1_86' title='bbox 742 1256 878 1338; x_wconf 89' lang='lat' dir='ltr'>implent</span> <span class='ocrx_word' id='word_1_87' title='bbox 891 1256 1070 1339; x_wconf 90' lang='lat' dir='ltr'>prudentia,</span> <span class='ocrx_word' id='word_1_88' title='bbox 1081 1276 1166 1319; x_wconf 88' lang='lat' dir='ltr'>mon·</span> <span class='ocrx_word' id='word_1_89' title='bbox 1219 1256 1269 1318; x_wconf 82' lang='lat' dir='ltr'>vir</span> <span class='ocrx_word' id='word_1_90' title='bbox 1284 1255 1396 1319; x_wconf 89' lang='lat' dir='ltr'>videns</span> <span class='ocrx_word' id='word_1_91' title='bbox 1412 1266 1632 1340; x_wconf 79' lang='lat' dir='ltr'><strong>paupertatem</strong></span> <span class='ocrx_word' id='word_1_92' title='bbox 1647 1277 1762 1322; x_wconf 87' lang='lat' dir='ltr'>meam.</span> <span class='ocrx_word' id='word_1_93' title='bbox 1780 1260 1947 1342; x_wconf 75' lang='lat' dir='ltr'>specialiter</span> <span class='ocrx_word' id='word_1_94' title='bbox 1958 1269 1971 1306; x_wconf 57' lang='lat'>¹1</span> 
     </span>
     <span class='ocr_line' id='line_1_9' title="bbox 417 1352 1947 1440; baseline 0.004 -26"><span class='ocrx_word' id='word_1_95' title='bbox 417 1352 550 1415; x_wconf 87' lang='lat' dir='ltr'>dacibus</span> <span class='ocrx_word' id='word_1_96' title='bbox 584 1354 795 1428; x_wconf 89' lang='lat' dir='ltr'>documentis,</span> <span class='ocrx_word' id='word_1_97' title='bbox 831 1353 1076 1435; x_wconf 82' lang='lat' dir='ltr'>cogitationibus</span> <span class='ocrx_word' id='word_1_98' title='bbox 1110 1373 1164 1416; x_wconf 92' lang='lat' dir='ltr'>va·</span> <span class='ocrx_word' id='word_1_99' title='bbox 1220 1355 1541 1437; x_wconf 88' lang='lat' dir='ltr'>autemsuperbiain</span> <span class='ocrx_word' id='word_1_100' title='bbox 1561 1357 1756 1439; x_wconf 88' lang='lat' dir='ltr'>pauperibus</span> <span class='ocrx_word' id='word_1_101' title='bbox 1772 1357 1947 1440; x_wconf 82' lang='lat' dir='ltr'>vituperabi-</span> 
     </span>
     <span class='ocr_line' id='line_1_10' title="bbox 417 1451 1946 1538; baseline 0.003 -24"><span class='ocrx_word' id='word_1_102' title='bbox 417 1451 479 1526; x_wconf 89' lang='lat' dir='ltr'>nis,</span> <span class='ocrx_word' id='word_1_103' title='bbox 506 1452 705 1534; x_wconf 91' lang='lat' dir='ltr'>curiosisque</span> <span class='ocrx_word' id='word_1_104' title='bbox 729 1451 857 1526; x_wconf 85' lang='lat' dir='ltr'>fabulis,</span> <span class='ocrx_word' id='word_1_105' title='bbox 880 1459 913 1515; x_wconf 94' lang='lat' dir='ltr'>et</span> <span class='ocrx_word' id='word_1_106' title='bbox 936 1451 1165 1534; x_wconf 87' lang='lat' dir='ltr'>superstitiosis</span> <span class='ocrx_word' id='word_1_107' title='bbox 1220 1452 1260 1515; x_wconf 94' lang='lat' dir='ltr'>lis</span> <span class='ocrx_word' id='word_1_108' title='bbox 1275 1452 1548 1536; x_wconf 79' lang='lat' dir='ltr'>intolerabilisque</span> <span class='ocrx_word' id='word_1_109' title='bbox 1563 1462 1720 1518; x_wconf 87' lang='lat' dir='ltr'>censetur.</span> <span class='ocrx_word' id='word_1_110' title='bbox 1737 1456 1865 1538; x_wconf 87' lang='lat' dir='ltr'>Propter</span> <span class='ocrx_word' id='word_1_111' title='bbox 1877 1457 1946 1538; x_wconf 93' lang='lat' dir='ltr'>quod</span> 
     </span>
     <span class='ocr_line' id='line_1_11' title="bbox 418 1549 2038 1636; baseline 0.005 -24"><span class='ocrx_word' id='word_1_112' title='bbox 418 1549 581 1629; x_wconf 83' lang='lat' dir='ltr'>scientiis3</span> <span class='ocrx_word' id='word_1_113' title='bbox 607 1550 761 1633; x_wconf 91' lang='lat' dir='ltr'>pessimas</span> <span class='ocrx_word' id='word_1_114' title='bbox 791 1551 822 1612; x_wconf 92' lang='lat' dir='ltr'>in</span> <span class='ocrx_word' id='word_1_115' title='bbox 849 1569 882 1613; x_wconf 89' lang='lat' dir='ltr'>se</span> <span class='ocrx_word' id='word_1_116' title='bbox 908 1558 1100 1631; x_wconf 86' lang='lat' dir='ltr'>congregant</span> <span class='ocrx_word' id='word_1_117' title='bbox 1129 1569 1166 1612; x_wconf 90' lang='lat' dir='ltr'>ac</span> <span class='ocrx_word' id='word_1_118' title='bbox 1220 1551 1347 1632; x_wconf 90' lang='lat' dir='ltr'>sapiens</span> <span class='ocrx_word' id='word_1_119' title='bbox 1372 1551 1416 1613; x_wconf 88' lang='lat' dir='ltr'>ait</span> <span class='ocrx_word' id='word_1_120' title='bbox 1440 1551 1681 1616; x_wconf 82' lang='lat' dir='ltr'>Ecclesiasticus</span> <span class='ocrx_word' id='word_1_121' title='bbox 1707 1571 1715 1615; x_wconf 76' lang='grc' dir='ltr'><em>τ</em></span> <span class='ocrx_word' id='word_1_122' title='bbox 1742 1554 1817 1616; x_wconf 83' lang='lat' dir='ltr'>Tres</span> <span class='ocrx_word' id='word_1_123' title='bbox 1841 1555 1946 1636; x_wconf 89' lang='lat' dir='ltr'>specics</span> <span class='ocrx_word' id='word_1_124' title='bbox 1961 1578 2038 1620; x_wconf 53' lang='lat' dir='ltr'>sertui</span> 
     </span>
     <span class='ocr_line' id='line_1_12' title="bbox 419 1644 1993 1735; baseline 0.003 -25"><span class='ocrx_word' id='word_1_125' title='bbox 419 1648 583 1711; x_wconf 90' lang='lat' dir='ltr'>continent</span> <span class='ocrx_word' id='word_1_126' title='bbox 602 1668 711 1730; x_wconf 91' lang='lat' dir='ltr'>aquas,</span> <span class='ocrx_word' id='word_1_127' title='bbox 728 1657 760 1711; x_wconf 92' lang='lat' dir='ltr'>et</span> <span class='ocrx_word' id='word_1_128' title='bbox 779 1657 864 1711; x_wconf 90' lang='lat' dir='ltr'>recte</span> <span class='ocrx_word' id='word_1_129' title='bbox 884 1649 1050 1731; x_wconf 81' lang='lat' dir='ltr'>hydropici</span> <span class='ocrx_word' id='word_1_130' title='bbox 1067 1650 1166 1712; x_wconf 92' lang='lat' dir='ltr'>nomi·</span> <span class='ocrx_word' id='word_1_131' title='bbox 1220 1649 1322 1711; x_wconf 90' lang='lat' dir='ltr'>odivit</span> <span class='ocrx_word' id='word_1_132' title='bbox 1338 1649 1446 1711; x_wconf 89' lang='lat' dir='ltr'>anima</span> <span class='ocrx_word' id='word_1_133' title='bbox 1467 1669 1538 1713; x_wconf 87' lang='lat' dir='ltr'>mea</span> <span class='ocrx_word' id='word_1_134' title='bbox 1555 1668 1562 1713; x_wconf 90' lang='lat'>:</span> <span class='ocrx_word' id='word_1_135' title='bbox 1579 1671 1753 1734; x_wconf 87' lang='lat' dir='ltr'><strong>pauperem</strong></span> <span class='ocrx_word' id='word_1_136' title='bbox 1779 1653 1946 1735; x_wconf 88' lang='lat' dir='ltr'>superbum,</span> <span class='ocrx_word' id='word_1_137' title='bbox 1959 1644 1993 1682; x_wconf 57' lang='grc' dir='ltr'>Η·</span> 
     </span>
     <span class='ocr_line' id='line_1_13' title="bbox 419 1747 1904 1829; baseline 0.003 -21"><span class='ocrx_word' id='word_1_138' title='bbox 419 1754 546 1821; x_wconf 84' lang='lat' dir='ltr'>nentur,</span> <span class='ocrx_word' id='word_1_139' title='bbox 562 1755 657 1829; x_wconf 90' lang='lat' dir='ltr'>atque</span> <span class='ocrx_word' id='word_1_140' title='bbox 678 1765 735 1828; x_wconf 91' lang='lat' dir='ltr'>per</span> <span class='ocrx_word' id='word_1_141' title='bbox 755 1747 851 1809; x_wconf 93' lang='lat' dir='ltr'>istum</span> <span class='ocrx_word' id='word_1_142' title='bbox 866 1747 920 1828; x_wconf 90' lang='lat' dir='ltr'>(de</span> <span class='ocrx_word' id='word_1_143' title='bbox 940 1764 1003 1829; x_wconf 93' lang='lat' dir='ltr'>quo</span> <span class='ocrx_word' id='word_1_144' title='bbox 1024 1747 1056 1809; x_wconf 95' lang='lat' dir='ltr'>in</span> <span class='ocrx_word' id='word_1_145' title='bbox 1073 1766 1166 1810; x_wconf 90' lang='lat' dir='ltr'>evan·</span> <span class='ocrx_word' id='word_1_146' title='bbox 1221 1747 1353 1810; x_wconf 88' lang='lat' dir='ltr'>divitem</span> <span class='ocrx_word' id='word_1_147' title='bbox 1376 1749 1575 1824; x_wconf 89' lang='lat' dir='ltr'>mendacem,</span> <span class='ocrx_word' id='word_1_148' title='bbox 1598 1758 1631 1812; x_wconf 91' lang='lat' dir='ltr'>et</span> <span class='ocrx_word' id='word_1_149' title='bbox 1650 1769 1761 1812; x_wconf 89' lang='lat' dir='ltr'>senem</span> <span class='ocrx_word' id='word_1_150' title='bbox 1783 1750 1904 1813; x_wconf 82' lang='lat' dir='ltr'>ictuum.</span> 
     </span>
     <span class='ocr_line' id='line_1_14' title="bbox 418 1845 1949 1930; baseline 0.001 -22"><span class='ocrx_word' id='word_1_151' title='bbox 418 1845 502 1927; x_wconf 91' lang='lat' dir='ltr'>gelio</span> <span class='ocrx_word' id='word_1_152' title='bbox 522 1846 675 1909; x_wconf 92' lang='lat' dir='ltr'>hodierno</span> <span class='ocrx_word' id='word_1_153' title='bbox 695 1845 735 1907; x_wconf 89' lang='lat' dir='ltr'>iit</span> <span class='ocrx_word' id='word_1_154' title='bbox 753 1848 872 1927; x_wconf 88' lang='lat' dir='ltr'>sermo)</span> <span class='ocrx_word' id='word_1_155' title='bbox 887 1846 1096 1929; x_wconf 88' lang='lat' dir='ltr'>hydropicum</span> <span class='ocrx_word' id='word_1_156' title='bbox 1113 1847 1207 1912; x_wconf 91' lang='lat' dir='ltr'>de-B</span> <span class='ocrx_word' id='word_1_157' title='bbox 1262 1845 1406 1908; x_wconf 90' lang='lat' dir='ltr'>Secunda</span> <span class='ocrx_word' id='word_1_158' title='bbox 1424 1848 1601 1928; x_wconf 91' lang='lat' dir='ltr'><strong>proprietas</strong></span> <span class='ocrx_word' id='word_1_159' title='bbox 1626 1848 1794 1930; x_wconf 86' lang='lat' dir='ltr'>hydropici</span> <span class='ocrx_word' id='word_1_160' title='bbox 1814 1857 1860 1910; x_wconf 91' lang='lat' dir='ltr'>est</span> <span class='ocrx_word' id='word_1_161' title='bbox 1881 1867 1949 1911; x_wconf 90' lang='lat' dir='ltr'>com-</span> 
     </span>
     <span class='ocr_line' id='line_1_15' title="bbox 418 1945 1949 2029; baseline 0 -21"><span class='ocrx_word' id='word_1_162' title='bbox 418 1945 601 2026; x_wconf 84' lang='lat' dir='ltr'>signantur3</span> <span class='ocrx_word' id='word_1_163' title='bbox 627 1946 835 2027; x_wconf 90' lang='lat' dir='ltr'>indigentque</span> <span class='ocrx_word' id='word_1_164' title='bbox 859 1946 963 2008; x_wconf 92' lang='lat' dir='ltr'>curari</span> <span class='ocrx_word' id='word_1_165' title='bbox 988 1965 1005 2007; x_wconf 89' lang='lat' dir='ltr'>a</span> <span class='ocrx_word' id='word_1_166' title='bbox 1030 1946 1164 2020; x_wconf 88' lang='lat' dir='ltr'>Christo,</span> <span class='ocrx_word' id='word_1_167' title='bbox 1222 1945 1344 2026; x_wconf 91' lang='lat' dir='ltr'>pressio</span> <span class='ocrx_word' id='word_1_168' title='bbox 1370 1945 1553 2026; x_wconf 89' lang='lat' dir='ltr'>spirituum,</span> <span class='ocrx_word' id='word_1_169' title='bbox 1579 1965 1637 2028; x_wconf 90' lang='lat' dir='ltr'><strong>per</strong></span> <span class='ocrx_word' id='word_1_170' title='bbox 1660 1964 1757 2029; x_wconf 91' lang='lat' dir='ltr'>quam</span> <span class='ocrx_word' id='word_1_171' title='bbox 1787 1948 1949 2029; x_wconf 86' lang='lat' dir='ltr'>designatur</span> 
     </span>
     <span class='ocr_line' id='line_1_16' title="bbox 418 2043 1949 2128; baseline 0.001 -22"><span class='ocrx_word' id='word_1_172' title='bbox 418 2062 478 2106; x_wconf 91' lang='lat' dir='ltr'>nec</span> <span class='ocrx_word' id='word_1_173' title='bbox 501 2045 604 2107; x_wconf 93' lang='lat' dir='ltr'>curari</span> <span class='ocrx_word' id='word_1_174' title='bbox 627 2053 749 2128; x_wconf 91' lang='lat' dir='ltr'>queunt</span> <span class='ocrx_word' id='word_1_175' title='bbox 770 2044 810 2106; x_wconf 92' lang='lat' dir='ltr'>ab</span> <span class='ocrx_word' id='word_1_176' title='bbox 831 2045 903 2107; x_wconf 88' lang='lat' dir='ltr'>alio.</span> <span class='ocrx_word' id='word_1_177' title='bbox 1222 2043 1351 2106; x_wconf 85' lang='lat' dir='ltr'>invidia.</span> <span class='ocrx_word' id='word_1_178' title='bbox 1368 2043 1470 2106; x_wconf 89' lang='lat' dir='ltr'>invidi</span> <span class='ocrx_word' id='word_1_179' title='bbox 1485 2043 1606 2127; x_wconf 90' lang='lat' dir='ltr'>quippe</span> <span class='ocrx_word' id='word_1_180' title='bbox 1621 2043 1757 2107; x_wconf 90' lang='lat' dir='ltr'>aliorum</span> <span class='ocrx_word' id='word_1_181' title='bbox 1777 2045 1857 2108; x_wconf 83' lang='lat' dir='ltr'>bona</span> <span class='ocrx_word' id='word_1_182' title='bbox 1870 2065 1949 2128; x_wconf 88' lang='lat' dir='ltr'>opera</span> 
     </span>
     <span class='ocr_line' id='line_1_17' title="bbox 457 2142 1949 2225; baseline 0.001 -19"><span class='ocrx_word' id='word_1_183' title='bbox 457 2144 610 2206; x_wconf 68' lang='lat' dir='ltr'>Praeterea</span> <span class='ocrx_word' id='word_1_184' title='bbox 633 2151 757 2225; x_wconf 90' lang='lat' dir='ltr'><strong>septem</strong></span> <span class='ocrx_word' id='word_1_185' title='bbox 779 2151 855 2206; x_wconf 92' lang='lat' dir='ltr'>sunt</span> <span class='ocrx_word' id='word_1_186' title='bbox 878 2142 1088 2224; x_wconf 81' lang='lat' dir='ltr'><strong>proprietates</strong></span> <span class='ocrx_word' id='word_1_187' title='bbox 1112 2143 1166 2225; x_wconf 88' lang='lat' dir='ltr'>by·</span> <span class='ocrx_word' id='word_1_188' title='bbox 1222 2160 1280 2224; x_wconf 95' lang='lat' dir='ltr'>pro</span> <span class='ocrx_word' id='word_1_189' title='bbox 1295 2160 1388 2224; x_wconf 89' lang='lat' dir='ltr'>posse</span> <span class='ocrx_word' id='word_1_190' title='bbox 1403 2142 1620 2222; x_wconf 90' lang='lat' dir='ltr'>abscondunt;</span> <span class='ocrx_word' id='word_1_191' title='bbox 1637 2144 1710 2206; x_wconf 90' lang='lat' dir='ltr'>etsi</span> <span class='ocrx_word' id='word_1_192' title='bbox 1729 2144 1811 2207; x_wconf 89' lang='lat' dir='ltr'>bona</span> <span class='ocrx_word' id='word_1_193' title='bbox 1825 2145 1884 2207; x_wconf 90' lang='lat' dir='ltr'>sint</span> <span class='ocrx_word' id='word_1_194' title='bbox 1898 2165 1949 2207; x_wconf 89' lang='lat' dir='ltr'>ma-</span> 
     </span>
     <span class='ocr_line' id='line_1_18' title="bbox 418 2239 1948 2323; baseline -0.001 -19"><span class='ocrx_word' id='word_1_195' title='bbox 418 2241 553 2323; x_wconf 91' lang='lat' dir='ltr'>dropioi‚</span> <span class='ocrx_word' id='word_1_196' title='bbox 570 2259 628 2322; x_wconf 91' lang='lat' dir='ltr'><strong>per</strong></span> <span class='ocrx_word' id='word_1_197' title='bbox 642 2259 721 2322; x_wconf 90' lang='lat' dir='ltr'>quas</span> <span class='ocrx_word' id='word_1_198' title='bbox 739 2247 862 2322; x_wconf 89' lang='lat' dir='ltr'>septem</span> <span class='ocrx_word' id='word_1_199' title='bbox 879 2247 1009 2321; x_wconf 88' lang='lat' dir='ltr'>peccata</span> <span class='ocrx_word' id='word_1_200' title='bbox 1023 2240 1168 2303; x_wconf 91' lang='lat' dir='ltr'>mortalia</span> <span class='ocrx_word' id='word_1_201' title='bbox 1222 2239 1349 2314; x_wconf 76' lang='lat' dir='ltr'>nilesm,</span> <span class='ocrx_word' id='word_1_202' title='bbox 1381 2249 1534 2322; x_wconf 90' lang='lat' dir='ltr'>quantum</span> <span class='ocrx_word' id='word_1_203' title='bbox 1564 2250 1699 2323; x_wconf 93' lang='lat' dir='ltr'>possunt</span> <span class='ocrx_word' id='word_1_204' title='bbox 1728 2260 1765 2304; x_wconf 90' lang='lat' dir='ltr'>ea</span> <span class='ocrx_word' id='word_1_205' title='bbox 1792 2242 1948 2322; x_wconf 78' lang='lat' dir='ltr'><strong>denigrant,</strong></span> 
     </span>
     <span class='ocr_line' id='line_1_19' title="bbox 419 2338 1950 2422; baseline 0 -20"><span class='ocrx_word' id='word_1_206' title='bbox 419 2339 635 2420; x_wconf 88' lang='lat' dir='ltr'>designantur.</span> <span class='ocrx_word' id='word_1_207' title='bbox 653 2338 756 2400; x_wconf 90' lang='lat' dir='ltr'>Prima</span> <span class='ocrx_word' id='word_1_208' title='bbox 775 2346 823 2399; x_wconf 90' lang='lat' dir='ltr'>est</span> <span class='ocrx_word' id='word_1_209' title='bbox 842 2346 949 2401; x_wconf 93' lang='lat' dir='ltr'>tumor</span> <span class='ocrx_word' id='word_1_210' title='bbox 969 2339 1110 2420; x_wconf 94' lang='lat' dir='ltr'>corporis</span> <span class='ocrx_word' id='word_1_211' title='bbox 1131 2357 1168 2401; x_wconf 89' lang='lat' dir='ltr'>ac</span> <span class='ocrx_word' id='word_1_212' title='bbox 1223 2339 1418 2402; x_wconf 88' lang='lat' dir='ltr'>detrahendo</span> <span class='ocrx_word' id='word_1_213' title='bbox 1437 2346 1532 2420; x_wconf 91' lang='lat' dir='ltr'>atque</span> <span class='ocrx_word' id='word_1_214' title='bbox 1547 2340 1580 2402; x_wconf 92' lang='lat' dir='ltr'>in</span> <span class='ocrx_word' id='word_1_215' title='bbox 1600 2341 1695 2422; x_wconf 89' lang='lat' dir='ltr'>pejus</span> <span class='ocrx_word' id='word_1_216' title='bbox 1710 2359 1749 2402; x_wconf 88' lang='lat' dir='ltr'>ea</span> <span class='ocrx_word' id='word_1_217' title='bbox 1768 2340 1950 2422; x_wconf 72' lang='lat' dir='ltr'>interpretari</span> 
     </span>
     <span class='ocr_line' id='line_1_20' title="bbox 421 2435 1950 2518; baseline -0.001 -18"><span class='ocrx_word' id='word_1_218' title='bbox 421 2436 651 2508; x_wconf 89' lang='lat' dir='ltr'>membrorum,</span> <span class='ocrx_word' id='word_1_219' title='bbox 661 2435 822 2517; x_wconf 82' lang='lat' dir='ltr'>praecipue</span> <span class='ocrx_word' id='word_1_220' title='bbox 837 2436 967 2498; x_wconf 90' lang='lat' dir='ltr'>ventris.</span> <span class='ocrx_word' id='word_1_221' title='bbox 981 2436 1096 2517; x_wconf 89' lang='lat' dir='ltr'>Sicque</span> <span class='ocrx_word' id='word_1_222' title='bbox 1113 2456 1169 2518; x_wconf 88' lang='lat' dir='ltr'><strong>per</strong></span> <span class='ocrx_word' id='word_1_223' title='bbox 1224 2437 1403 2500; x_wconf 88' lang='lat' dir='ltr'>doldcirco</span> <span class='ocrx_word' id='word_1_224' title='bbox 1419 2437 1538 2498; x_wconf 89' lang='lat' dir='ltr'>invidia</span> <span class='ocrx_word' id='word_1_225' title='bbox 1552 2445 1599 2500; x_wconf 90' lang='lat' dir='ltr'>cst</span> <span class='ocrx_word' id='word_1_226' title='bbox 1614 2437 1802 2501; x_wconf 87' lang='lat' dir='ltr'>detestabile</span> <span class='ocrx_word' id='word_1_227' title='bbox 1815 2446 1846 2500; x_wconf 88' lang='lat' dir='ltr'>et</span> <span class='ocrx_word' id='word_1_228' title='bbox 1860 2437 1950 2500; x_wconf 83' lang='lat' dir='ltr'>inelin-</span> 
     </span>
     <span class='ocr_line' id='line_1_21' title="bbox 421 2533 1948 2618; baseline -0.001 -21"><span class='ocrx_word' id='word_1_229' title='bbox 421 2533 633 2618; x_wconf 88' lang='lat' dir='ltr'>bydropicum</span> <span class='ocrx_word' id='word_1_230' title='bbox 649 2533 855 2613; x_wconf 85' lang='lat' dir='ltr'>designantur</span> <span class='ocrx_word' id='word_1_231' title='bbox 870 2533 1012 2616; x_wconf 84' lang='lat' dir='ltr'>superbi,</span> <span class='ocrx_word' id='word_1_232' title='bbox 1028 2534 1103 2615; x_wconf 92' lang='lat' dir='ltr'>quia</span> <span class='ocrx_word' id='word_1_233' title='bbox 1118 2554 1168 2596; x_wconf 93' lang='lat' dir='ltr'>su·</span> <span class='ocrx_word' id='word_1_234' title='bbox 1224 2534 1331 2597; x_wconf 87' lang='lat' dir='ltr'>bilitcr</span> <span class='ocrx_word' id='word_1_235' title='bbox 1343 2535 1406 2597; x_wconf 90' lang='lat' dir='ltr'>vile</span> <span class='ocrx_word' id='word_1_236' title='bbox 1420 2554 1457 2597; x_wconf 90' lang='lat' dir='ltr'>ac</span> <span class='ocrx_word' id='word_1_237' title='bbox 1471 2553 1565 2616; x_wconf 86' lang='lat' dir='ltr'>grava</span> <span class='ocrx_word' id='word_1_238' title='bbox 1581 2545 1823 2618; x_wconf 84' lang='lat' dir='ltr'>peccatumtam</span> <span class='ocrx_word' id='word_1_239' title='bbox 1835 2535 1948 2598; x_wconf 82' lang='lat' dir='ltr'>naturali</span> 
     </span>
     <span class='ocr_line' id='line_1_22' title="bbox 424 2633 1950 2718; baseline -0.002 -21"><span class='ocrx_word' id='word_1_240' title='bbox 424 2633 535 2718; x_wconf 89' lang='lat' dir='ltr'>perbia</span> <span class='ocrx_word' id='word_1_241' title='bbox 560 2641 606 2696; x_wconf 88' lang='lat' dir='ltr'>est</span> <span class='ocrx_word' id='word_1_242' title='bbox 630 2633 760 2716; x_wconf 91' lang='lat' dir='ltr'>quidam</span> <span class='ocrx_word' id='word_1_243' title='bbox 785 2633 883 2695; x_wconf 91' lang='lat' dir='ltr'>animi</span> <span class='ocrx_word' id='word_1_244' title='bbox 908 2641 1025 2707; x_wconf 90' lang='lat' dir='ltr'>tumor,</span> <span class='ocrx_word' id='word_1_245' title='bbox 1051 2634 1169 2696; x_wconf 88' lang='lat' dir='ltr'>erectio</span> <span class='ocrx_word' id='word_1_246' title='bbox 1226 2653 1321 2716; x_wconf 93' lang='lat' dir='ltr'>quam</span> <span class='ocrx_word' id='word_1_247' title='bbox 1337 2634 1453 2696; x_wconf 79' lang='lat' dir='ltr'>divine</span> <span class='ocrx_word' id='word_1_248' title='bbox 1473 2634 1535 2715; x_wconf 87' lang='lat' dir='ltr'>legi</span> <span class='ocrx_word' id='word_1_249' title='bbox 1554 2651 1684 2716; x_wconf 91' lang='lat' dir='ltr'>prorsus</span> <span class='ocrx_word' id='word_1_250' title='bbox 1703 2634 1950 2698; x_wconf 86' lang='lat' dir='ltr'>eontrariumln·</span> 
     </span>
     <span class='ocr_line' id='line_1_23' title="bbox 283 2731 1948 2815; baseline -0.005 -14"><span class='ocrx_word' id='word_1_251' title='bbox 283 2756 408 2808; x_wconf 53' lang='lat' dir='ltr'>cossura.</span> <span class='ocrx_word' id='word_1_252' title='bbox 424 2734 492 2797; x_wconf 88' lang='lat' dir='ltr'>sive</span> <span class='ocrx_word' id='word_1_253' title='bbox 514 2732 609 2795; x_wconf 88' lang='lat' dir='ltr'>elatio</span> <span class='ocrx_word' id='word_1_254' title='bbox 631 2732 736 2813; x_wconf 83' lang='lat' dir='ltr'>(juxta</span> <span class='ocrx_word' id='word_1_255' title='bbox 759 2731 839 2794; x_wconf 93' lang='lat' dir='ltr'>illud</span> <span class='ocrx_word' id='word_1_256' title='bbox 862 2732 920 2794; x_wconf 84' lang='lat' dir='ltr'>lob</span> <span class='ocrx_word' id='word_1_257' title='bbox 939 2732 1042 2806; x_wconf 84' lang='lat' dir='ltr'>:Quid</span> <span class='ocrx_word' id='word_1_258' title='bbox 1067 2739 1170 2794; x_wconf 89' lang='lat' dir='ltr'>tumet</span> <span class='ocrx_word' id='word_1_259' title='bbox 1225 2733 1317 2795; x_wconf 92' lang='lat' dir='ltr'>vidus</span> <span class='ocrx_word' id='word_1_260' title='bbox 1340 2750 1468 2813; x_wconf 92' lang='lat' dir='ltr'>quoque</span> <span class='ocrx_word' id='word_1_261' title='bbox 1493 2749 1531 2794; x_wconf 92' lang='lat' dir='ltr'>eo</span> <span class='ocrx_word' id='word_1_262' title='bbox 1550 2733 1621 2814; x_wconf 91' lang='lat' dir='ltr'>ipso</span> <span class='ocrx_word' id='word_1_263' title='bbox 1642 2751 1707 2815; x_wconf 91' lang='lat' dir='ltr'>quo</span> <span class='ocrx_word' id='word_1_264' title='bbox 1728 2732 1816 2796; x_wconf 77' lang='lat' dir='ltr'>altmi</span> <span class='ocrx_word' id='word_1_265' title='bbox 1835 2733 1948 2804; x_wconf 80' lang='lat' dir='ltr'>invidet,</span> 
     </span>
     <span class='ocr_line' id='line_1_24' title="bbox 425 2830 1950 2913; baseline -0.002 -18"><span class='ocrx_word' id='word_1_266' title='bbox 425 2840 534 2896; x_wconf 91' lang='lat' dir='ltr'>contra</span> <span class='ocrx_word' id='word_1_267' title='bbox 556 2832 657 2894; x_wconf 89' lang='lat' dir='ltr'>Deum</span> <span class='ocrx_word' id='word_1_268' title='bbox 679 2831 810 2912; x_wconf 85' lang='lat' dir='ltr'>spiritus</span> <span class='ocrx_word' id='word_1_269' title='bbox 831 2839 904 2892; x_wconf 92' lang='lat' dir='ltr'>tuus</span> <span class='ocrx_word' id='word_1_270' title='bbox 915 2832 951 2910; x_wconf 80' lang='lat' dir='ltr'>l),</span> <span class='ocrx_word' id='word_1_271' title='bbox 968 2831 1171 2913; x_wconf 88' lang='lat' dir='ltr'>quemadmo-</span> <span class='ocrx_word' id='word_1_272' title='bbox 1225 2849 1370 2912; x_wconf 90' lang='lat' dir='ltr'>parvum,</span> <span class='ocrx_word' id='word_1_273' title='bbox 1387 2830 1485 2892; x_wconf 82' lang='lat' dir='ltr'>rilem</span> <span class='ocrx_word' id='word_1_274' title='bbox 1501 2848 1538 2892; x_wconf 91' lang='lat' dir='ltr'>ac</span> <span class='ocrx_word' id='word_1_275' title='bbox 1553 2830 1775 2894; x_wconf 79' lang='lat' dir='ltr'>defectuosum</span> <span class='ocrx_word' id='word_1_276' title='bbox 1789 2850 1821 2893; x_wconf 90' lang='lat' dir='ltr'>se</span> <span class='ocrx_word' id='word_1_277' title='bbox 1833 2849 1897 2893; x_wconf 88' lang='lat' dir='ltr'>esse</span> <span class='ocrx_word' id='word_1_278' title='bbox 1912 2849 1950 2892; x_wconf 83' lang='lat' dir='ltr'>os</span> 
     </span>
     <span class='ocr_line' id='line_1_25' title="bbox 424 2927 1950 3013; baseline -0.003 -19"><span class='ocrx_word' id='word_1_279' title='bbox 424 2933 501 2994; x_wconf 90' lang='lat' dir='ltr'>dum</span> <span class='ocrx_word' id='word_1_280' title='bbox 523 2927 700 2994; x_wconf 89' lang='lat' dir='ltr'>econtrario</span> <span class='ocrx_word' id='word_1_281' title='bbox 719 2929 884 2990; x_wconf 84' lang='lat' dir='ltr'>humilitas</span> <span class='ocrx_word' id='word_1_282' title='bbox 903 2937 952 2990; x_wconf 93' lang='lat' dir='ltr'>est</span> <span class='ocrx_word' id='word_1_283' title='bbox 966 2929 1110 3010; x_wconf 84' lang='lat' dir='ltr'>quaedam</span> <span class='ocrx_word' id='word_1_284' title='bbox 1127 2929 1172 2990; x_wconf 92' lang='lat' dir='ltr'>iu·</span> <span class='ocrx_word' id='word_1_285' title='bbox 1225 2929 1345 2991; x_wconf 85' lang='lat' dir='ltr'>tendit:</span> <span class='ocrx_word' id='word_1_286' title='bbox 1360 2929 1511 3010; x_wconf 89' lang='lat' dir='ltr'>quoniam</span> <span class='ocrx_word' id='word_1_287' title='bbox 1528 2928 1646 2991; x_wconf 91' lang='lat' dir='ltr'>bonum</span> <span class='ocrx_word' id='word_1_288' title='bbox 1662 2931 1748 3013; x_wconf 95' lang='lat' dir='ltr'>quod</span> <span class='ocrx_word' id='word_1_289' title='bbox 1763 2931 1874 2992; x_wconf 85' lang='lat' dir='ltr'>invide-t</span> <span class='ocrx_word' id='word_1_290' title='bbox 1887 2929 1950 2991; x_wconf 85' lang='lat' dir='ltr'>alte·</span> 
     </span>
     <span class='ocr_line' id='line_1_26' title="bbox 424 3021 1947 3110; baseline -0.003 -18"><span class='ocrx_word' id='word_1_291' title='bbox 424 3029 555 3092; x_wconf 91' lang='lat' dir='ltr'>clinatio</span> <span class='ocrx_word' id='word_1_292' title='bbox 578 3046 614 3090; x_wconf 88' lang='lat' dir='ltr'>ac</span> <span class='ocrx_word' id='word_1_293' title='bbox 639 3027 802 3109; x_wconf 89' lang='lat' dir='ltr'>depressio</span> <span class='ocrx_word' id='word_1_294' title='bbox 829 3027 955 3099; x_wconf 91' lang='lat' dir='ltr'>mentis,</span> <span class='ocrx_word' id='word_1_295' title='bbox 982 3035 1013 3088; x_wconf 90' lang='lat' dir='ltr'>et</span> <span class='ocrx_word' id='word_1_296' title='bbox 1039 3027 1171 3089; x_wconf 92' lang='lat' dir='ltr'>resilitio</span> <span class='ocrx_word' id='word_1_297' title='bbox 1187 3021 1209 3084; x_wconf 86' lang='lat' dir='ltr'>C</span> <span class='ocrx_word' id='word_1_298' title='bbox 1225 3028 1263 3101; x_wconf 90' lang='lat' dir='ltr'>ri,</span> <span class='ocrx_word' id='word_1_299' title='bbox 1285 3027 1402 3089; x_wconf 86' lang='lat' dir='ltr'>latetur</span> <span class='ocrx_word' id='word_1_300' title='bbox 1422 3027 1483 3089; x_wconf 92' lang='lat' dir='ltr'>sibi</span> <span class='ocrx_word' id='word_1_301' title='bbox 1506 3027 1628 3102; x_wconf 90' lang='lat' dir='ltr'>deesse,</span> <span class='ocrx_word' id='word_1_302' title='bbox 1652 3029 1763 3110; x_wconf 93' lang='lat' dir='ltr'>sicque</span> <span class='ocrx_word' id='word_1_303' title='bbox 1786 3027 1947 3090; x_wconf 84' lang='lat' dir='ltr'>inieriorem</span> 
     </span>
     <span class='ocr_line' id='line_1_27' title="bbox 424 3124 1948 3210; baseline -0.003 -19"><span class='ocrx_word' id='word_1_304' title='bbox 424 3129 494 3210; x_wconf 88' lang='lat' dir='ltr'>ejus</span> <span class='ocrx_word' id='word_1_305' title='bbox 517 3128 549 3189; x_wconf 92' lang='lat' dir='ltr'>in</span> <span class='ocrx_word' id='word_1_306' title='bbox 575 3125 736 3208; x_wconf 92' lang='lat' dir='ltr'>propriam</span> <span class='ocrx_word' id='word_1_307' title='bbox 762 3125 960 3206; x_wconf 88' lang='lat' dir='ltr'>parvitatem.</span> <span class='ocrx_word' id='word_1_308' title='bbox 985 3125 1063 3187; x_wconf 91' lang='lat' dir='ltr'>Hinc</span> <span class='ocrx_word' id='word_1_309' title='bbox 1089 3125 1172 3186; x_wconf 92' lang='lat' dir='ltr'>sicut</span> <span class='ocrx_word' id='word_1_310' title='bbox 1225 3145 1258 3189; x_wconf 90' lang='lat' dir='ltr'>se</span> <span class='ocrx_word' id='word_1_311' title='bbox 1283 3125 1386 3187; x_wconf 82' lang='lat' dir='ltr'>elficit</span> <span class='ocrx_word' id='word_1_312' title='bbox 1407 3142 1445 3187; x_wconf 92' lang='lat' dir='ltr'>eo</span> <span class='ocrx_word' id='word_1_313' title='bbox 1469 3125 1562 3205; x_wconf 88' lang='lat' dir='ltr'>cujus</span> <span class='ocrx_word' id='word_1_314' title='bbox 1587 3124 1710 3189; x_wconf 89' lang='lat' dir='ltr'>invidat</span> <span class='ocrx_word' id='word_1_315' title='bbox 1733 3125 1822 3189; x_wconf 92' lang='lat' dir='ltr'>bono.</span> <span class='ocrx_word' id='word_1_316' title='bbox 1837 3127 1948 3207; x_wconf 84' lang='lat' dir='ltr'><strong>Propter</strong></span> 
     </span>
     <span class='ocr_line' id='line_1_28' title="bbox 423 3222 2024 3308; baseline -0.007 -19"><span class='ocrx_word' id='word_1_317' title='bbox 423 3245 505 3308; x_wconf 91' lang='lat' dir='ltr'>aqua</span> <span class='ocrx_word' id='word_1_318' title='bbox 528 3225 634 3305; x_wconf 82' lang='lat' dir='ltr'>colligi</span> <span class='ocrx_word' id='word_1_319' title='bbox 654 3223 767 3305; x_wconf 88' lang='lat' dir='ltr'>nequit</span> <span class='ocrx_word' id='word_1_320' title='bbox 787 3222 818 3283; x_wconf 92' lang='lat' dir='ltr'>in</span> <span class='ocrx_word' id='word_1_321' title='bbox 840 3230 946 3285; x_wconf 91' lang='lat' dir='ltr'>monte</span> <span class='ocrx_word' id='word_1_322' title='bbox 969 3223 1036 3284; x_wconf 91' lang='lat' dir='ltr'>sive</span> <span class='ocrx_word' id='word_1_323' title='bbox 1059 3223 1171 3285; x_wconf 92' lang='lat' dir='ltr'>monti·</span> <span class='ocrx_word' id='word_1_324' title='bbox 1225 3226 1310 3308; x_wconf 93' lang='lat' dir='ltr'>quod</span> <span class='ocrx_word' id='word_1_325' title='bbox 1326 3225 1427 3287; x_wconf 90' lang='lat' dir='ltr'>iertur</span> <span class='ocrx_word' id='word_1_326' title='bbox 1442 3226 1475 3287; x_wconf 93' lang='lat' dir='ltr'>in</span> <span class='ocrx_word' id='word_1_327' title='bbox 1489 3225 1686 3288; x_wconf 88' lang='lat' dir='ltr'>lob:Virum</span> <span class='ocrx_word' id='word_1_328' title='bbox 1702 3227 1830 3288; x_wconf 89' lang='lat' dir='ltr'>stultum</span> <span class='ocrx_word' id='word_1_329' title='bbox 1845 3224 1947 3287; x_wconf 88' lang='lat' dir='ltr'>interli-</span> <span class='ocrx_word' id='word_1_330' title='bbox 1965 3243 2024 3283; x_wconf 61' lang='lat' dir='ltr'>rau</span> 
     </span>
     <span class='ocr_line' id='line_1_29' title="bbox 424 3319 1944 3404; baseline -0.003 -17"><span class='ocrx_word' id='word_1_331' title='bbox 424 3325 508 3397; x_wconf 93' lang='lat' dir='ltr'>culo,</span> <span class='ocrx_word' id='word_1_332' title='bbox 525 3324 579 3386; x_wconf 92' lang='lat' dir='ltr'>sed</span> <span class='ocrx_word' id='word_1_333' title='bbox 603 3323 635 3384; x_wconf 94' lang='lat' dir='ltr'>in</span> <span class='ocrx_word' id='word_1_334' title='bbox 656 3338 795 3384; x_wconf 89' lang='lat' dir='ltr'>concavo</span> <span class='ocrx_word' id='word_1_335' title='bbox 817 3319 896 3394; x_wconf 90' lang='lat' dir='ltr'>loco,</span> <span class='ocrx_word' id='word_1_336' title='bbox 915 3321 957 3382; x_wconf 91' lang='lat' dir='ltr'>ita</span> <span class='ocrx_word' id='word_1_337' title='bbox 976 3321 1058 3383; x_wconf 90' lang='lat' dir='ltr'>dona</span> <span class='ocrx_word' id='word_1_338' title='bbox 1078 3321 1170 3383; x_wconf 83' lang='lat' dir='ltr'>coele·</span> <span class='ocrx_word' id='word_1_339' title='bbox 1225 3324 1269 3385; x_wconf 90' lang='lat' dir='ltr'>cit</span> <span class='ocrx_word' id='word_1_340' title='bbox 1285 3323 1458 3396; x_wconf 85' lang='lat' dir='ltr'>iracundia,</span> <span class='ocrx_word' id='word_1_341' title='bbox 1476 3331 1508 3386; x_wconf 87' lang='lat' dir='ltr'>et</span> <span class='ocrx_word' id='word_1_342' title='bbox 1522 3322 1691 3404; x_wconf 88' lang='lat' dir='ltr'>parvulum</span> <span class='ocrx_word' id='word_1_343' title='bbox 1706 3324 1820 3387; x_wconf 92' lang='lat' dir='ltr'>occidit</span> <span class='ocrx_word' id='word_1_344' title='bbox 1833 3323 1944 3386; x_wconf 82' lang='lat' dir='ltr'>invidia.</span> 
     </span>
     <span class='ocr_line' id='line_1_30' title="bbox 423 3419 1945 3502; baseline -0.003 -16"><span class='ocrx_word' id='word_1_345' title='bbox 423 3425 520 3487; x_wconf 94' lang='lat' dir='ltr'>stium</span> <span class='ocrx_word' id='word_1_346' title='bbox 536 3421 708 3502; x_wconf 89' lang='lat' dir='ltr'>gratiarum</span> <span class='ocrx_word' id='word_1_347' title='bbox 724 3420 824 3501; x_wconf 90' lang='lat' dir='ltr'>recipi</span> <span class='ocrx_word' id='word_1_348' title='bbox 843 3437 880 3481; x_wconf 89' lang='lat' dir='ltr'>ac</span> <span class='ocrx_word' id='word_1_349' title='bbox 899 3419 1019 3481; x_wconf 88' lang='lat' dir='ltr'>servari</span> <span class='ocrx_word' id='word_1_350' title='bbox 1039 3437 1103 3481; x_wconf 93' lang='lat' dir='ltr'>non</span> <span class='ocrx_word' id='word_1_351' title='bbox 1118 3438 1170 3481; x_wconf 87' lang='lat' dir='ltr'>va·</span> <span class='ocrx_word' id='word_1_352' title='bbox 1225 3423 1379 3496; x_wconf 85' lang='lat' dir='ltr'>Quocirca</span> <span class='ocrx_word' id='word_1_353' title='bbox 1400 3420 1512 3484; x_wconf 92' lang='lat' dir='ltr'>scribit</span> <span class='ocrx_word' id='word_1_354' title='bbox 1531 3421 1701 3502; x_wconf 79' lang='lat' dir='ltr'>Gregorius</span> <span class='ocrx_word' id='word_1_355' title='bbox 1718 3440 1726 3484; x_wconf 73' lang='grc' dir='ltr'><strong>ι</strong></span> <span class='ocrx_word' id='word_1_356' title='bbox 1742 3423 1874 3485; x_wconf 80' lang='lat' dir='ltr'>Invidere</span> <span class='ocrx_word' id='word_1_357' title='bbox 1894 3439 1945 3483; x_wconf 93' lang='lat' dir='ltr'>non</span> 
     </span>
     <span class='ocr_line' id='line_1_31' title="bbox 424 3517 1945 3602; baseline -0.005 -17"><span class='ocrx_word' id='word_1_358' title='bbox 424 3523 490 3585; x_wconf 89' lang='lat' dir='ltr'>lant</span> <span class='ocrx_word' id='word_1_359' title='bbox 513 3522 546 3583; x_wconf 90' lang='lat' dir='ltr'>io</span> <span class='ocrx_word' id='word_1_360' title='bbox 566 3520 660 3583; x_wconf 92' lang='lat' dir='ltr'>corde</span> <span class='ocrx_word' id='word_1_361' title='bbox 680 3518 829 3601; x_wconf 92' lang='lat' dir='ltr'>superbo,</span> <span class='ocrx_word' id='word_1_362' title='bbox 846 3518 901 3580; x_wconf 93' lang='lat' dir='ltr'>sed</span> <span class='ocrx_word' id='word_1_363' title='bbox 920 3517 1045 3579; x_wconf 91' lang='lat' dir='ltr'>humili.</span> <span class='ocrx_word' id='word_1_364' title='bbox 1062 3518 1171 3599; x_wconf 90' lang='lat' dir='ltr'>ltaque</span> <span class='ocrx_word' id='word_1_365' title='bbox 1225 3537 1395 3602; x_wconf 91' lang='lat' dir='ltr'>possumus</span> <span class='ocrx_word' id='word_1_366' title='bbox 1420 3519 1483 3581; x_wconf 91' lang='lat' dir='ltr'>nisi</span> <span class='ocrx_word' id='word_1_367' title='bbox 1507 3519 1557 3582; x_wconf 92' lang='lat' dir='ltr'>his</span> <span class='ocrx_word' id='word_1_368' title='bbox 1582 3537 1661 3600; x_wconf 90' lang='lat' dir='ltr'>quos</span> <span class='ocrx_word' id='word_1_369' title='bbox 1686 3520 1778 3582; x_wconf 94' lang='lat' dir='ltr'>nobis</span> <span class='ocrx_word' id='word_1_370' title='bbox 1801 3521 1831 3582; x_wconf 94' lang='lat' dir='ltr'>in</span> <span class='ocrx_word' id='word_1_371' title='bbox 1855 3519 1945 3599; x_wconf 84' lang='lat' dir='ltr'>aliquo</span> 
     </span>
     <span class='ocr_line' id='line_1_32' title="bbox 423 3616 1944 3700; baseline -0.005 -18"><span class='ocrx_word' id='word_1_372' title='bbox 423 3621 450 3683; x_wconf 93' lang='lat' dir='ltr'>si</span> <span class='ocrx_word' id='word_1_373' title='bbox 475 3639 493 3681; x_wconf 91' lang='lat' dir='ltr'>a</span> <span class='ocrx_word' id='word_1_374' title='bbox 517 3618 580 3681; x_wconf 88' lang='lat' dir='ltr'><strong>Deo</strong></span> <span class='ocrx_word' id='word_1_375' title='bbox 607 3617 730 3698; x_wconf 90' lang='lat' dir='ltr'>appetis</span> <span class='ocrx_word' id='word_1_376' title='bbox 760 3616 1008 3678; x_wconf 91' lang='lat' dir='ltr'>misericorditer</span> <span class='ocrx_word' id='word_1_377' title='bbox 1036 3617 1170 3698; x_wconf 89' lang='lat' dir='ltr'>adspici,</span> <span class='ocrx_word' id='word_1_378' title='bbox 1225 3618 1374 3681; x_wconf 85' lang='lat' dir='ltr'>meliores</span> <span class='ocrx_word' id='word_1_379' title='bbox 1399 3618 1729 3699; x_wconf 84' lang='lat' dir='ltr'>putamusParvulus</span> <span class='ocrx_word' id='word_1_380' title='bbox 1751 3637 1822 3700; x_wconf 88' lang='lat' dir='ltr'>ergo</span> <span class='ocrx_word' id='word_1_381' title='bbox 1841 3616 1944 3697; x_wconf 88' lang='lat' dir='ltr'>estqui</span> 
     </span>
     <span class='ocr_line' id='line_1_33' title="bbox 423 3713 1943 3800; baseline -0.003 -22"><span class='ocrx_word' id='word_1_382' title='bbox 423 3717 559 3800; x_wconf 89' lang='lat' dir='ltr'>gratiose</span> <span class='ocrx_word' id='word_1_383' title='bbox 593 3715 725 3789; x_wconf 90' lang='lat' dir='ltr'>visitari,</span> <span class='ocrx_word' id='word_1_384' title='bbox 760 3714 991 3776; x_wconf 91' lang='lat' dir='ltr'>beatitudinem</span> <span class='ocrx_word' id='word_1_385' title='bbox 1023 3715 1169 3796; x_wconf 86' lang='lat' dir='ltr'>adipisci,</span> <span class='ocrx_word' id='word_1_386' title='bbox 1224 3717 1323 3780; x_wconf 88' lang='lat' dir='ltr'>livore</span> <span class='ocrx_word' id='word_1_387' title='bbox 1348 3716 1515 3787; x_wconf 88' lang='lat' dir='ltr'>occiditur,</span> <span class='ocrx_word' id='word_1_388' title='bbox 1535 3717 1688 3796; x_wconf 91' lang='lat' dir='ltr'>quoniam</span> <span class='ocrx_word' id='word_1_389' title='bbox 1709 3717 1778 3798; x_wconf 88' lang='lat' dir='ltr'>ipse</span> <span class='ocrx_word' id='word_1_390' title='bbox 1799 3715 1853 3778; x_wconf 90' lang='lat' dir='ltr'>sibi</span> <span class='ocrx_word' id='word_1_391' title='bbox 1874 3713 1943 3776; x_wconf 87' lang='lat' dir='ltr'>testi·</span> 
     </span>
     <span class='ocr_line' id='line_1_34' title="bbox 423 3811 1943 3896; baseline -0.005 -18"><span class='ocrx_word' id='word_1_392' title='bbox 423 3816 515 3878; x_wconf 89' lang='lat' dir='ltr'>auier</span> <span class='ocrx_word' id='word_1_393' title='bbox 530 3834 547 3876; x_wconf 95' lang='lat' dir='ltr'>a</span> <span class='ocrx_word' id='word_1_394' title='bbox 563 3815 727 3876; x_wconf 87' lang='lat' dir='ltr'>cordetuo</span> <span class='ocrx_word' id='word_1_395' title='bbox 743 3821 900 3876; x_wconf 92' lang='lat' dir='ltr'>tumorem</span> <span class='ocrx_word' id='word_1_396' title='bbox 917 3813 1089 3895; x_wconf 83' lang='lat' dir='ltr'>superbiae3</span> <span class='ocrx_word' id='word_1_397' title='bbox 1103 3832 1171 3894; x_wconf 92' lang='lat' dir='ltr'><strong>pro·</strong></span> <span class='ocrx_word' id='word_1_398' title='bbox 1224 3815 1369 3878; x_wconf 93' lang='lat' dir='ltr'>monium</span> <span class='ocrx_word' id='word_1_399' title='bbox 1386 3813 1534 3896; x_wconf 88' lang='lat' dir='ltr'>perhibet</span> <span class='ocrx_word' id='word_1_400' title='bbox 1548 3814 1631 3896; x_wconf 92' lang='lat' dir='ltr'>quod</span> <span class='ocrx_word' id='word_1_401' title='bbox 1648 3831 1686 3877; x_wconf 90' lang='lat' dir='ltr'><strong>eo</strong></span> <span class='ocrx_word' id='word_1_402' title='bbox 1703 3814 1806 3876; x_wconf 93' lang='lat' dir='ltr'>minor</span> <span class='ocrx_word' id='word_1_403' title='bbox 1819 3814 1855 3875; x_wconf 93' lang='lat' dir='ltr'>sit</span> <span class='ocrx_word' id='word_1_404' title='bbox 1869 3811 1943 3890; x_wconf 86' lang='lat' dir='ltr'>cujus</span> 
     </span>
     <span class='ocr_line' id='line_1_35' title="bbox 424 3909 1942 3998; baseline -0.005 -22"><span class='ocrx_word' id='word_1_405' title='bbox 424 3915 591 3998; x_wconf 89' lang='lat' dir='ltr'>priamque</span> <span class='ocrx_word' id='word_1_406' title='bbox 606 3912 773 3985; x_wconf 89' lang='lat' dir='ltr'>vilitatem,</span> <span class='ocrx_word' id='word_1_407' title='bbox 791 3912 998 3994; x_wconf 88' lang='lat' dir='ltr'>impietatem,</span> <span class='ocrx_word' id='word_1_408' title='bbox 1015 3912 1172 3975; x_wconf 88' lang='lat' dir='ltr'>delectuo</span> <span class='ocrx_word' id='word_1_409' title='bbox 1223 3921 1390 3995; x_wconf 87' lang='lat' dir='ltr'>torquetur</span> <span class='ocrx_word' id='word_1_410' title='bbox 1404 3911 1534 3974; x_wconf 91' lang='lat' dir='ltr'>invidia.</span> <span class='ocrx_word' id='word_1_411' title='bbox 1546 3911 1746 3992; x_wconf 86' lang='lat' dir='ltr'>Abjiciamus</span> <span class='ocrx_word' id='word_1_412' title='bbox 1760 3929 1831 3993; x_wconf 90' lang='lat' dir='ltr'>ergo</span> <span class='ocrx_word' id='word_1_413' title='bbox 1844 3911 1894 3973; x_wconf 92' lang='lat' dir='ltr'>boc</span> <span class='ocrx_word' id='word_1_414' title='bbox 1906 3909 1942 3969; x_wconf 89' lang='lat' dir='ltr'>io·</span> 
     </span>
     <span class='ocr_line' id='line_1_36' title="bbox 423 3985 2063 4093; baseline -0.005 -17"><span class='ocrx_word' id='word_1_415' title='bbox 423 4014 549 4076; x_wconf 86' lang='lat' dir='ltr'>sitatem</span> <span class='ocrx_word' id='word_1_416' title='bbox 566 4010 824 4093; x_wconf 89' lang='lat' dir='ltr'>atqueadomne</span> <span class='ocrx_word' id='word_1_417' title='bbox 841 4010 1171 4092; x_wconf 87' lang='lat' dir='ltr'>peccatumproclivi-</span> <span class='ocrx_word' id='word_1_418' title='bbox 1224 4013 1344 4076; x_wconf 90' lang='lat' dir='ltr'>iernale</span> <span class='ocrx_word' id='word_1_419' title='bbox 1370 4031 1529 4075; x_wconf 92' lang='lat' dir='ltr'>venenum</span> <span class='ocrx_word' id='word_1_420' title='bbox 1554 4018 1670 4074; x_wconf 74' lang='lat' dir='ltr'>sanctas</span> <span class='ocrx_word' id='word_1_421' title='bbox 1696 4013 1815 4074; x_wconf 84' lang='lat' dir='ltr'>caritati</span> <span class='ocrx_word' id='word_1_422' title='bbox 1836 4009 1943 4072; x_wconf 91' lang='lat' dir='ltr'>omnino</span> <span class='ocrx_word' id='word_1_423' title='bbox 2061 3985 2063 4092; x_wconf 74' lang='lat' dir='ltr'>l</span> 
     </span>
     <span class='ocr_line' id='line_1_37' title="bbox 422 4109 1941 4192; baseline -0.005 -18"><span class='ocrx_word' id='word_1_424' title='bbox 422 4120 521 4176; x_wconf 92' lang='lat' dir='ltr'>tatem</span> <span class='ocrx_word' id='word_1_425' title='bbox 548 4110 760 4192; x_wconf 86' lang='lat' dir='ltr'>perpendens,</span> <span class='ocrx_word' id='word_1_426' title='bbox 786 4109 913 4190; x_wconf 92' lang='lat' dir='ltr'>despice</span> <span class='ocrx_word' id='word_1_427' title='bbox 938 4117 969 4172; x_wconf 90' lang='lat' dir='ltr'>et</span> <span class='ocrx_word' id='word_1_428' title='bbox 999 4109 1117 4171; x_wconf 91' lang='lat' dir='ltr'>inclina</span> <span class='ocrx_word' id='word_1_429' title='bbox 1140 4117 1171 4172; x_wconf 91' lang='lat' dir='ltr'>te</span> <span class='ocrx_word' id='word_1_430' title='bbox 1225 4111 1430 4185; x_wconf 91' lang='lat' dir='ltr'>contrarium,</span> <span class='ocrx_word' id='word_1_431' title='bbox 1459 4110 1543 4192; x_wconf 93' lang='lat' dir='ltr'>quod</span> <span class='ocrx_word' id='word_1_432' title='bbox 1572 4127 1636 4173; x_wconf 94' lang='lat' dir='ltr'>non</span> <span class='ocrx_word' id='word_1_433' title='bbox 1664 4110 1805 4172; x_wconf 88' lang='lat' dir='ltr'>animam</span> <span class='ocrx_word' id='word_1_434' title='bbox 1831 4116 1941 4178; x_wconf 82' lang='lat' dir='ltr'>tanturn.</span> 
     </span>
    </p>

    <p class='ocr_par' dir='ltr' id='par_1_3' title="bbox 303 4203 1942 4294">
     <span class='ocr_line' id='line_1_38' title="bbox 303 4203 1942 4294; baseline -0.002 -27"><span class='ocrx_word' id='word_1_435' title='bbox 303 4226 407 4276; x_wconf 67' lang='lat' dir='ltr'>,ccum</span> <span class='ocrx_word' id='word_1_436' title='bbox 424 4213 529 4294; x_wconf 93' lang='lat' dir='ltr'>ipsum</span> <span class='ocrx_word' id='word_1_437' title='bbox 550 4210 653 4291; x_wconf 86' lang='lat' dir='ltr'>(juxta</span> <span class='ocrx_word' id='word_1_438' title='bbox 676 4208 755 4270; x_wconf 91' lang='lat' dir='ltr'>iliud</span> <span class='ocrx_word' id='word_1_439' title='bbox 779 4207 990 4270; x_wconf 85' lang='lat' dir='ltr'>Ecclesiastici</span> <span class='ocrx_word' id='word_1_440' title='bbox 1009 4226 1015 4270; x_wconf 95' lang='lat'><strong>:</strong></span> <span class='ocrx_word' id='word_1_441' title='bbox 1033 4208 1171 4270; x_wconf 85' lang='lat' dir='ltr'>Humilia</span> <span class='ocrx_word' id='word_1_442' title='bbox 1186 4204 1211 4266; x_wconf 90' lang='lat' dir='ltr'>D</span> <span class='ocrx_word' id='word_1_443' title='bbox 1225 4210 1279 4272; x_wconf 92' lang='lat' dir='ltr'>sed</span> <span class='ocrx_word' id='word_1_444' title='bbox 1303 4228 1418 4290; x_wconf 89' lang='lat' dir='ltr'>corpus</span> <span class='ocrx_word' id='word_1_445' title='bbox 1441 4227 1568 4290; x_wconf 91' lang='lat' dir='ltr'>quoque</span> <span class='ocrx_word' id='word_1_446' title='bbox 1591 4208 1720 4280; x_wconf 89' lang='lat' dir='ltr'>occidit,</span> <span class='ocrx_word' id='word_1_447' title='bbox 1737 4209 1889 4271; x_wconf 84' lang='lat' dir='ltr'>Salomone</span> <span class='ocrx_word' id='word_1_448' title='bbox 1907 4203 1942 4264; x_wconf 92' lang='lat' dir='ltr'>di·</span> 
     </span>
    </p>

    <p class='ocr_par' dir='ltr' id='par_1_4' title="bbox 304 4301 2027 4686">
     <span class='ocr_line' id='line_1_39' title="bbox 304 4301 2027 4391; baseline -0.006 -19"><span class='ocrx_word' id='word_1_449' title='bbox 304 4320 310 4331; x_wconf 83' lang='lat'><strong>·</strong></span> <span class='ocrx_word' id='word_1_450' title='bbox 423 4310 514 4372; x_wconf 87' lang='lat' dir='ltr'>valde</span> <span class='ocrx_word' id='word_1_451' title='bbox 544 4308 693 4391; x_wconf 93' lang='lat' dir='ltr'>spiritum</span> <span class='ocrx_word' id='word_1_452' title='bbox 723 4315 826 4378; x_wconf 89' lang='lat' dir='ltr'>tuum,</span> <span class='ocrx_word' id='word_1_453' title='bbox 853 4306 1003 4388; x_wconf 92' lang='lat' dir='ltr'>quoniam</span> <span class='ocrx_word' id='word_1_454' title='bbox 1030 4306 1171 4368; x_wconf 86' lang='lat' dir='ltr'>vindicta</span> <span class='ocrx_word' id='word_1_455' title='bbox 1226 4317 1316 4371; x_wconf 91' lang='lat' dir='ltr'>cente</span> <span class='ocrx_word' id='word_1_456' title='bbox 1334 4327 1341 4370; x_wconf 91' lang='lat'>:</span> <span class='ocrx_word' id='word_1_457' title='bbox 1358 4309 1494 4371; x_wconf 91' lang='lat' dir='ltr'>Putredo</span> <span class='ocrx_word' id='word_1_458' title='bbox 1515 4307 1646 4382; x_wconf 92' lang='lat' dir='ltr'>ossium,</span> <span class='ocrx_word' id='word_1_459' title='bbox 1663 4307 1793 4370; x_wconf 91' lang='lat' dir='ltr'>invidia.</span> <span class='ocrx_word' id='word_1_460' title='bbox 1813 4308 1893 4370; x_wconf 88' lang='lat' dir='ltr'>Porro</span> <span class='ocrx_word' id='word_1_461' title='bbox 1911 4301 1940 4364; x_wconf 87' lang='lat' dir='ltr'>ad</span> <span class='ocrx_word' id='word_1_462' title='bbox 1961 4319 1994 4358; x_wconf 59' lang='lat' dir='ltr'>r*-</span> <span class='ocrx_word' id='word_1_463' title='bbox 2012 4321 2027 4345; x_wconf 66' lang='grc' dir='ltr'>ι’</span> 
     </span>
     <span class='ocr_line' id='line_1_40' title="bbox 423 4387 1976 4491; baseline -0.006 -19"><span class='ocrx_word' id='word_1_464' title='bbox 423 4409 527 4491; x_wconf 88' lang='lat' dir='ltr'>impii,</span> <span class='ocrx_word' id='word_1_465' title='bbox 546 4408 627 4489; x_wconf 88' lang='lat' dir='ltr'>ignis</span> <span class='ocrx_word' id='word_1_466' title='bbox 646 4414 678 4469; x_wconf 84' lang='lat' dir='ltr'>ct</span> <span class='ocrx_word' id='word_1_467' title='bbox 697 4405 830 4485; x_wconf 89' lang='lat' dir='ltr'>vermis)</span> <span class='ocrx_word' id='word_1_468' title='bbox 847 4422 854 4466; x_wconf 74' lang='grc' dir='ltr'><strong>ι</strong></span> <span class='ocrx_word' id='word_1_469' title='bbox 871 4405 990 4486; x_wconf 89' lang='lat' dir='ltr'>alioqui</span> <span class='ocrx_word' id='word_1_470' title='bbox 1013 4406 1171 4487; x_wconf 91' lang='lat' dir='ltr'>deprime·</span> <span class='ocrx_word' id='word_1_471' title='bbox 1226 4407 1377 4471; x_wconf 86' lang='lat' dir='ltr'>invidiam</span> <span class='ocrx_word' id='word_1_472' title='bbox 1395 4405 1576 4488; x_wconf 88' lang='lat' dir='ltr'>specialiter</span> <span class='ocrx_word' id='word_1_473' title='bbox 1590 4407 1682 4488; x_wconf 93' lang='lat' dir='ltr'>proni</span> <span class='ocrx_word' id='word_1_474' title='bbox 1702 4415 1777 4469; x_wconf 86' lang='lat' dir='ltr'>sunt</span> <span class='ocrx_word' id='word_1_475' title='bbox 1794 4387 1976 4468; x_wconf 69' lang='lat' dir='ltr'>melancbo²&#39;·</span> 
     </span>
     <span class='ocr_line' id='line_1_41' title="bbox 423 4501 1940 4588; baseline -0.007 -19"><span class='ocrx_word' id='word_1_476' title='bbox 423 4509 466 4569; x_wconf 93' lang='lat' dir='ltr'>ris</span> <span class='ocrx_word' id='word_1_477' title='bbox 481 4527 499 4568; x_wconf 90' lang='lat' dir='ltr'>a</span> <span class='ocrx_word' id='word_1_478' title='bbox 514 4507 588 4579; x_wconf 86' lang='lat' dir='ltr'>Deo,</span> <span class='ocrx_word' id='word_1_479' title='bbox 606 4513 638 4567; x_wconf 89' lang='lat' dir='ltr'>et</span> <span class='ocrx_word' id='word_1_480' title='bbox 653 4504 807 4586; x_wconf 91' lang='lat' dir='ltr'>usquead</span> <span class='ocrx_word' id='word_1_481' title='bbox 823 4503 981 4584; x_wconf 83' lang='lat' dir='ltr'>protunda</span> <span class='ocrx_word' id='word_1_482' title='bbox 999 4502 1057 4564; x_wconf 87' lang='lat' dir='ltr'>laci</span> <span class='ocrx_word' id='word_1_483' title='bbox 1075 4503 1170 4565; x_wconf 90' lang='lat' dir='ltr'>inler-</span> <span class='ocrx_word' id='word_1_484' title='bbox 1226 4508 1279 4569; x_wconf 92' lang='lat' dir='ltr'>lici</span> <span class='ocrx_word' id='word_1_485' title='bbox 1296 4515 1326 4569; x_wconf 95' lang='lat' dir='ltr'>et</span> <span class='ocrx_word' id='word_1_486' title='bbox 1348 4505 1568 4588; x_wconf 87' lang='lat' dir='ltr'>pusillanimos</span> <span class='ocrx_word' id='word_1_487' title='bbox 1586 4522 1592 4567; x_wconf 95' lang='lat'><strong>:</strong></span> <span class='ocrx_word' id='word_1_488' title='bbox 1610 4505 1731 4570; x_wconf 94' lang='lat' dir='ltr'>idcirco</span> <span class='ocrx_word' id='word_1_489' title='bbox 1750 4503 1893 4567; x_wconf 90' lang='lat' dir='ltr'>incumbit</span> <span class='ocrx_word' id='word_1_490' title='bbox 1907 4501 1940 4561; x_wconf 85' lang='lat' dir='ltr'>eis</span> 
     </span>
     <span class='ocr_line' id='line_1_42' title="bbox 423 4601 1940 4686; baseline -0.005 -19"><span class='ocrx_word' id='word_1_491' title='bbox 423 4605 504 4667; x_wconf 87' lang='lat' dir='ltr'>nelis</span> <span class='ocrx_word' id='word_1_492' title='bbox 534 4603 704 4684; x_wconf 84' lang='lat' dir='ltr'>dejicieris.</span> <span class='ocrx_word' id='word_1_493' title='bbox 734 4601 898 4683; x_wconf 87' lang='lat' dir='ltr'>Siquidem</span> <span class='ocrx_word' id='word_1_494' title='bbox 929 4601 1094 4683; x_wconf 91' lang='lat' dir='ltr'>proprium</span> <span class='ocrx_word' id='word_1_495' title='bbox 1123 4610 1171 4664; x_wconf 89' lang='lat' dir='ltr'>est</span> <span class='ocrx_word' id='word_1_496' title='bbox 1226 4615 1335 4669; x_wconf 91' lang='lat' dir='ltr'>contra</span> <span class='ocrx_word' id='word_1_497' title='bbox 1350 4605 1503 4667; x_wconf 92' lang='lat' dir='ltr'>invidiam</span> <span class='ocrx_word' id='word_1_498' title='bbox 1520 4604 1724 4685; x_wconf 89' lang='lat' dir='ltr'>singulariter</span> <span class='ocrx_word' id='word_1_499' title='bbox 1738 4601 1940 4686; x_wconf 70' lang='lat' dir='ltr'>praeliaridan·</span> 
     </span>
    </p>

    <p class='ocr_par' dir='ltr' id='par_1_5' title="bbox 274 4698 1940 5376">
     <span class='ocr_line' id='line_1_43' title="bbox 423 4698 1939 4782; baseline -0.007 -17"><span class='ocrx_word' id='word_1_500' title='bbox 423 4704 487 4765; x_wconf 89' lang='lat' dir='ltr'><strong>Deo</strong></span> <span class='ocrx_word' id='word_1_501' title='bbox 510 4703 597 4782; x_wconf 89' lang='lat' dir='ltr'>justo</span> <span class='ocrx_word' id='word_1_502' title='bbox 620 4720 656 4763; x_wconf 90' lang='lat' dir='ltr'>ac</span> <span class='ocrx_word' id='word_1_503' title='bbox 681 4699 892 4782; x_wconf 91' lang='lat' dir='ltr'>omnipotenti</span> <span class='ocrx_word' id='word_1_504' title='bbox 922 4699 1076 4781; x_wconf 88' lang='lat' dir='ltr'>superbos</span> <span class='ocrx_word' id='word_1_505' title='bbox 1101 4719 1171 4781; x_wconf 91' lang='lat' dir='ltr'><strong>pro·</strong></span> <span class='ocrx_word' id='word_1_506' title='bbox 1226 4705 1266 4768; x_wconf 94' lang='lat' dir='ltr'>do</span> <span class='ocrx_word' id='word_1_507' title='bbox 1288 4723 1321 4766; x_wconf 93' lang='lat' dir='ltr'>se</span> <span class='ocrx_word' id='word_1_508' title='bbox 1342 4704 1381 4765; x_wconf 90' lang='lat' dir='ltr'>ad</span> <span class='ocrx_word' id='word_1_509' title='bbox 1404 4702 1567 4764; x_wconf 90' lang='lat' dir='ltr'>caritatem</span> <span class='ocrx_word' id='word_1_510' title='bbox 1590 4702 1748 4766; x_wconf 91' lang='lat' dir='ltr'>sinceram</span> <span class='ocrx_word' id='word_1_511' title='bbox 1770 4721 1806 4764; x_wconf 87' lang='lat' dir='ltr'>ac</span> <span class='ocrx_word' id='word_1_512' title='bbox 1823 4698 1939 4782; x_wconf 83' lang='lat' dir='ltr'>spiritur-</span> 
     </span>
     <span class='ocr_line' id='line_1_44' title="bbox 423 4798 1464 4881; baseline -0.001 -18"><span class='ocrx_word' id='word_1_513' title='bbox 423 4809 575 4874; x_wconf 88' lang='lat' dir='ltr'>steruere,</span> <span class='ocrx_word' id='word_1_514' title='bbox 593 4808 687 4881; x_wconf 93' lang='lat' dir='ltr'>prout</span> <span class='ocrx_word' id='word_1_515' title='bbox 702 4799 734 4860; x_wconf 92' lang='lat' dir='ltr'>in</span> <span class='ocrx_word' id='word_1_516' title='bbox 750 4798 972 4860; x_wconf 86' lang='lat' dir='ltr'>Ecclesiastico</span> <span class='ocrx_word' id='word_1_517' title='bbox 989 4807 1105 4861; x_wconf 85' lang='lat' dir='ltr'>aeterna</span> <span class='ocrx_word' id='word_1_518' title='bbox 1120 4799 1172 4860; x_wconf 89' lang='lat' dir='ltr'>Sa·</span> <span class='ocrx_word' id='word_1_519' title='bbox 1226 4803 1289 4865; x_wconf 93' lang='lat' dir='ltr'>lem</span> <span class='ocrx_word' id='word_1_520' title='bbox 1312 4801 1464 4864; x_wconf 72' lang='lat' dir='ltr'>laetitiam.</span> 
     </span>
     <span class='ocr_line' id='line_1_45' title="bbox 285 4890 1939 4983; baseline -0.007 -21"><span class='ocrx_word' id='word_1_521' title='bbox 285 4919 340 4962; x_wconf 80' lang='lat' dir='ltr'>rora</span> <span class='ocrx_word' id='word_1_522' title='bbox 351 4933 407 4971; x_wconf 64' lang='grc' dir='ltr'>ιω,</span> <span class='ocrx_word' id='word_1_523' title='bbox 424 4899 544 4983; x_wconf 89' lang='lat' dir='ltr'>pientia</span> <span class='ocrx_word' id='word_1_524' title='bbox 560 4905 751 4980; x_wconf 88' lang='lat' dir='ltr'>protestatur</span> <span class='ocrx_word' id='word_1_525' title='bbox 768 4915 775 4959; x_wconf 75' lang='grc' dir='ltr'>ε</span> <span class='ocrx_word' id='word_1_526' title='bbox 793 4897 943 4960; x_wconf 87' lang='lat' dir='ltr'>Omnium</span> <span class='ocrx_word' id='word_1_527' title='bbox 959 4896 1170 4977; x_wconf 91' lang='lat' dir='ltr'>superborum</span> <span class='ocrx_word' id='word_1_528' title='bbox 1266 4899 1370 4963; x_wconf 86' lang='lat' dir='ltr'>&#39;lertia</span> <span class='ocrx_word' id='word_1_529' title='bbox 1386 4897 1562 4981; x_wconf 88' lang='lat' dir='ltr'>proprietas</span> <span class='ocrx_word' id='word_1_530' title='bbox 1577 4897 1743 4979; x_wconf 82' lang='lat' dir='ltr'>hydropici</span> <span class='ocrx_word' id='word_1_531' title='bbox 1760 4905 1808 4960; x_wconf 88' lang='lat' dir='ltr'>est</span> <span class='ocrx_word' id='word_1_532' title='bbox 1823 4895 1901 4958; x_wconf 86' lang='lat' dir='ltr'>ardor</span> <span class='ocrx_word' id='word_1_533' title='bbox 1911 4890 1939 4952; x_wconf 89' lang='lat' dir='ltr'>si·</span> 
     </span>
     <span class='ocr_line' id='line_1_46' title="bbox 277 4987 1939 5080; baseline -0.005 -17"><span class='ocrx_word' id='word_1_534' title='bbox 277 4987 309 5027; x_wconf 85' lang='lat'>¹¹·</span> <span class='ocrx_word' id='word_1_535' title='bbox 424 5007 456 5064; x_wconf 91' lang='lat' dir='ltr'>et</span> <span class='ocrx_word' id='word_1_536' title='bbox 475 4997 663 5062; x_wconf 91' lang='lat' dir='ltr'>sublimium</span> <span class='ocrx_word' id='word_1_537' title='bbox 686 4997 767 5059; x_wconf 91' lang='lat' dir='ltr'>colla</span> <span class='ocrx_word' id='word_1_538' title='bbox 786 4997 915 5078; x_wconf 91' lang='lat' dir='ltr'>propria</span> <span class='ocrx_word' id='word_1_539' title='bbox 934 4996 1051 5058; x_wconf 87' lang='lat' dir='ltr'>virtute</span> <span class='ocrx_word' id='word_1_540' title='bbox 1074 4996 1172 5058; x_wconf 87' lang='lat' dir='ltr'>calca·</span> <span class='ocrx_word' id='word_1_541' title='bbox 1226 5000 1276 5061; x_wconf 93' lang='lat' dir='ltr'>tis.</span> <span class='ocrx_word' id='word_1_542' title='bbox 1295 4999 1410 5080; x_wconf 89' lang='lat' dir='ltr'>Sicque</span> <span class='ocrx_word' id='word_1_543' title='bbox 1425 5015 1483 5079; x_wconf 90' lang='lat' dir='ltr'><strong>per</strong></span> <span class='ocrx_word' id='word_1_544' title='bbox 1497 5015 1571 5059; x_wconf 90' lang='lat' dir='ltr'>eum</span> <span class='ocrx_word' id='word_1_545' title='bbox 1586 4995 1794 5078; x_wconf 77' lang='lat' dir='ltr'>designantur</span> <span class='ocrx_word' id='word_1_546' title='bbox 1808 4987 1939 5070; x_wconf 71' lang='lat' dir='ltr'>aramqui</span> 
     </span>
     <span class='ocr_line' id='line_1_47' title="bbox 424 5086 1940 5180; baseline -0.011 -19"><span class='ocrx_word' id='word_1_547' title='bbox 424 5099 465 5162; x_wconf 88' lang='lat' dir='ltr'>vi.</span> <span class='ocrx_word' id='word_1_548' title='bbox 485 5098 572 5160; x_wconf 91' lang='lat' dir='ltr'>Unde</span> <span class='ocrx_word' id='word_1_549' title='bbox 592 5097 631 5158; x_wconf 90' lang='lat' dir='ltr'>ad</span> <span class='ocrx_word' id='word_1_550' title='bbox 651 5103 796 5158; x_wconf 91' lang='lat' dir='ltr'>sanctum</span> <span class='ocrx_word' id='word_1_551' title='bbox 815 5094 873 5158; x_wconf 89' lang='lat' dir='ltr'>lob</span> <span class='ocrx_word' id='word_1_552' title='bbox 894 5094 1047 5156; x_wconf 87' lang='lat' dir='ltr'>Dominus</span> <span class='ocrx_word' id='word_1_553' title='bbox 1065 5094 1169 5156; x_wconf 88' lang='lat' dir='ltr'>dixit:</span> <span class='ocrx_word' id='word_1_554' title='bbox 1225 5104 1345 5180; x_wconf 84' lang='lat' dir='ltr'>quanto</span> <span class='ocrx_word' id='word_1_555' title='bbox 1364 5097 1457 5178; x_wconf 91' lang='lat' dir='ltr'>plura</span> <span class='ocrx_word' id='word_1_556' title='bbox 1476 5095 1657 5178; x_wconf 88' lang='lat' dir='ltr'>acquirunt,</span> <span class='ocrx_word' id='word_1_557' title='bbox 1675 5101 1763 5158; x_wconf 91' lang='lat' dir='ltr'>tanto</span> <span class='ocrx_word' id='word_1_558' title='bbox 1782 5093 1866 5176; x_wconf 88' lang='lat' dir='ltr'>plura</span> <span class='ocrx_word' id='word_1_559' title='bbox 1881 5086 1940 5150; x_wconf 78' lang='lat' dir='ltr'>desi·</span> 
     </span>
     <span class='ocr_line' id='line_1_48' title="bbox 274 5189 1939 5276; baseline -0.008 -18"><span class='ocrx_word' id='word_1_560' title='bbox 274 5216 408 5268; x_wconf 63' lang='lat' dir='ltr'>uotiuis,</span> <span class='ocrx_word' id='word_1_561' title='bbox 424 5197 455 5260; x_wconf 88' lang='lat' dir='ltr'>Si</span> <span class='ocrx_word' id='word_1_562' title='bbox 482 5195 580 5258; x_wconf 91' lang='lat' dir='ltr'>habes</span> <span class='ocrx_word' id='word_1_563' title='bbox 605 5194 771 5256; x_wconf 91' lang='lat' dir='ltr'>brachium</span> <span class='ocrx_word' id='word_1_564' title='bbox 796 5201 830 5254; x_wconf 91' lang='lat' dir='ltr'>ut</span> <span class='ocrx_word' id='word_1_565' title='bbox 854 5194 948 5266; x_wconf 89' lang='lat' dir='ltr'>Deus,</span> <span class='ocrx_word' id='word_1_566' title='bbox 966 5199 995 5254; x_wconf 89' lang='lat' dir='ltr'>et</span> <span class='ocrx_word' id='word_1_567' title='bbox 1021 5191 1047 5252; x_wconf 95' lang='lat' dir='ltr'>si</span> <span class='ocrx_word' id='word_1_568' title='bbox 1072 5192 1169 5252; x_wconf 90' lang='lat' dir='ltr'>simili</span> <span class='ocrx_word' id='word_1_569' title='bbox 1226 5197 1396 5268; x_wconf 74' lang='lat' dir='ltr'>demutet</span> <span class='ocrx_word' id='word_1_570' title='bbox 1418 5214 1545 5276; x_wconf 92' lang='lat' dir='ltr'>semper</span> <span class='ocrx_word' id='word_1_571' title='bbox 1565 5202 1638 5257; x_wconf 93' lang='lat' dir='ltr'>sunt</span> <span class='ocrx_word' id='word_1_572' title='bbox 1659 5211 1823 5276; x_wconf 90' lang='lat' dir='ltr'>pauperes,</span> <span class='ocrx_word' id='word_1_573' title='bbox 1838 5189 1901 5273; x_wconf 88' lang='lat' dir='ltr'>quia</span> <span class='ocrx_word' id='word_1_574' title='bbox 1916 5201 1939 5243; x_wconf 79' lang='lat' dir='ltr'>se</span> 
     </span>
     <span class='ocr_line' id='line_1_49' title="bbox 276 5281 1940 5376; baseline -0.01 -18"><span class='ocrx_word' id='word_1_575' title='bbox 276 5283 297 5322; x_wconf 84' lang='lat'>⁸·</span> <span class='ocrx_word' id='word_1_576' title='bbox 424 5313 501 5358; x_wconf 90' lang='lat' dir='ltr'>voce</span> <span class='ocrx_word' id='word_1_577' title='bbox 525 5302 626 5367; x_wconf 90' lang='lat' dir='ltr'>tonas,</span> <span class='ocrx_word' id='word_1_578' title='bbox 652 5293 799 5374; x_wconf 81' lang='lat' dir='ltr'>disperge</span> <span class='ocrx_word' id='word_1_579' title='bbox 823 5310 934 5355; x_wconf 90' lang='lat' dir='ltr'>omnes</span> <span class='ocrx_word' id='word_1_580' title='bbox 959 5290 1112 5372; x_wconf 91' lang='lat' dir='ltr'>superbos</span> <span class='ocrx_word' id='word_1_581' title='bbox 1138 5292 1170 5354; x_wconf 93' lang='lat' dir='ltr'>in</span> <span class='ocrx_word' id='word_1_582' title='bbox 1226 5293 1658 5376; x_wconf 84' lang='lat' dir='ltr'>reputantindigentes.ldeo</span> <span class='ocrx_word' id='word_1_583' title='bbox 1673 5281 1940 5375; x_wconf 81' lang='lat' dir='ltr'>loquiturAugusti·</span> 
     </span>
    </p>
   </div>
   <div class='ocr_carea' id='block_1_3' title="bbox 0 0 2082 6258">
    <p class='ocr_par' dir='ltr' id='par_1_6' title="bbox 0 0 2082 6258">
     <span class='ocr_line' id='line_1_50' title="bbox 0 0 2082 6258; baseline 0 0"><span class='ocrx_word' id='word_1_584' title='bbox 0 0 2082 6258; x_wconf 95' lang='lat' dir='ltr'> </span> 
     </span>
    </p>
   </div>
  </div>
 </body>
</html>
