4164 6258
440 446 500 512 192
656 467 806 518 nonrmoa
827 469 861 515 111
882 468 955 516 ιιοιι
975 466 1168 514 summarum
1188 486 1228 496 -
1248 466 1291 514 an
1310 466 1504 531 nnurorosos3
1526 466 1625 514 sumo
1645 466 1773 524 onmrus

978 880 1169 967 SERMO
1203 877 1455 980 QUINTUS

835 1144 1017 1203 ooatttau
1044 1143 1404 1200 APPROPINQUANDU!
1432 1144 1487 1190 Sl'f
1514 1141 1594 1196 utto.

504 1425 633 1488 RANT
639 1425 939 1504 appropinquantes
951 1427 995 1484 ad
1008 1426 1118 1484 lesum
1128 1440 1190 1499 pcc
1203 1417 1229 1482 Α
1243 1417 1372 1501 proprie
1388 1424 1575 1502 competunt
1588 1418 1663 1492 Deo,
1679 1427 1716 1481 ut
1730 1421 1856 1496 caritas,
1867 1421 1974 1506 sapien·

520 1525 644 1584 blicani
659 1532 688 1584 ct
704 1532 901 1600 peccatores,
915 1531 952 1583 ut
972 1524 1130 1582 audirent
1150 1522 1188 1580 il·
1243 1517 1297 1590 tia,
1314 1517 1415 1599 pietas
1435 1525 1530 1600 atque
1547 1517 1689 1598 justitia3
1706 1521 1854 1601 quaedam
1873 1521 1974 1604 impro

439 1624 518 1684 tum,
535 1620 611 1684 Luc,
628 1639 680 1696 xv,
698 1619 725 1684 l.
1242 1614 1312 1696 prie
1332 1622 1364 1678 et
1382 1615 1487 1678 solum
1507 1624 1662 1697 quantum
1682 1617 1721 1679 ad
1743 1617 1974 1682 similitudinem

478 1718 752 1792 Quemadmodum
769 1718 890 1782 coelesti
906 1717 1081 1791 medicoin
1097 1715 1189 1780 terris
1242 1712 1359 1795 operis,
1381 1729 1445 1774 non
1470 1713 1574 1796 quoad
1598 1713 1766 1777 veritatem
1789 1714 1933 1792 affectus,
1947 1725 1975 1779 ut

439 1818 652 1891 conversanti,
670 1817 853 1900 praedicanti
874 1816 1103 1898 miraculisque
1122 1813 1189 1898 pol·
1242 1818 1317 1873 sunt
1331 1811 1466 1874 virtutes
1482 1811 1628 1888 morales,
1645 1813 1730 1876 circa
1744 1814 1926 1896 passionum
1939 1834 1976 1878 re

438 1915 527 1990 lenti,
551 1916 759 1998 corporaliter
785 1923 817 1978 et
841 1915 1051 1997 spiritualiter
1077 1930 1190 1997 appro-
1242 1909 1465 1973 formationem
1482 1917 1654 1974 versantes.
1671 1911 1838 1976 Passiones
1855 1932 1975 1996 namque

439 2014 637 2097 pinqnabant
658 2013 821 2097 publicani
842 2020 874 2075 ct
892 2021 1086 2095 peccatores,
1109 2028 1189 2093 qnos
1244 2006 1276 2068 in
1300 2008 1364 2070 Deo
1393 2009 1570 2071 secundum
1595 2009 1722 2073 deitatis
1751 2019 1898 2075 naturam
1924 2030 1975 2076 non
2064 2077 2065 2088 ,

289 2132 423 2184 ammae.
440 2112 596 2187 Christus,
626 2112 682 2194 qni
711 2111 801 2174 venit
830 2129 973 2192 quaerere
1006 2117 1038 2173 et
1067 2109 1189 2172 salvare
1243 2114 1318 2168 sunt
1334 2125 1341 2168 :
1360 2107 1478 2170 idcirco
1494 2109 1716 2185 mansuetudo,
1733 2111 1897 2192 patientia,
1911 2119 1976 2174 tem·
2064 2101 2065 2160 l

439 2211 525 2292 quod
547 2210 697 2292 perierat,
714 2209 852 2290 benigne
870 2208 1028 2291 suscepit;
1050 2207 1093 2268 ita
1112 2223 1188 2288 quo·
1243 2206 1398 2287 perantia,
1410 2205 1549 2280 castitas,
1560 2206 1594 2269 in
1610 2207 1675 2271 Deo
1690 2209 1907 2291 metaphorice
1920 2229 1976 2272 esse

440 2308 519 2370 tidie
548 2307 646 2370 etiam
671 2326 728 2372 nos
757 2307 821 2369 Deo
851 2307 1066 2388 propinquare
1095 2305 1190 2367 debe-
1242 2303 1403 2366 dicuntur.
1423 2304 1503 2367 Sunt
1522 2305 1618 2367 etiam
1639 2306 1784 2388 quadam
1805 2308 1934 2370 virtutes
1950 2309 1975 2370 in

440 2425 522 2470 mus.
541 2405 601 2470 Sed
618 2405 716 2487 quaeri
732 2411 846 2487 potest,
862 2403 1022 2486 quomodo
1036 2403 1100 2465 Deo
1115 2421 1188 2485 pro
1242 2402 1436 2465 sacratione
1456 2410 1511 2465 aut
1529 2403 1614 2466 circa
1634 2423 1729 2468 suum
1748 2405 1912 2486 obiectum
1930 2407 1977 2468 im

440 2505 597 2586 pinqnare
612 2521 795 2587 possumus,
811 2521 911 2585 quum
927 2503 996 2584 ipse
1011 2502 1188 2564 immensus
1242 2498 1473 2582 perlectionem
1487 2501 1629 2584 aliquam
1645 2502 1849 2568 includentes
1869 2525 1922 2568 seu
1935 2506 1976 2568 de-

438 2601 491 2676 sit,
509 2602 629 2685 nbique
650 2619 800 2684 praesens,
815 2599 923 2662 omnia
944 2607 1124 2682 penetrans,
1141 2599 1187 2662 in·
1202 2600 1226 2661 B
1242 2605 1397 2661 notantes.
1425 2599 1516 2662 Fides
1541 2619 1679 2683 namque
1707 2609 1741 2664 et
1763 2622 1839 2685 spes
1864 2604 1897 2667 in
1922 2605 1977 2666 suis

439 2701 537 2762 timus
552 2699 658 2774 rebus,
671 2700 736 2763 imo
751 2699 893 2761 intimior
908 2698 954 2760 eis
970 2717 1066 2780 quam
1081 2717 1187 2761 essen·
1243 2695 1419 2760 rationibus
1435 2696 1711 2780 imperfectionem
1727 2700 1909 2774 includunt,
1919 2720 1978 2784 quo

439 2797 531 2861 tiales
548 2806 653 2881 partes
669 2816 790 2871 earum,
801 2803 911 2878 utpote
926 2795 1062 2858 illabens
1077 2815 1187 2858 earum
1229 2796 1329 2884 ¹uiam
1351 2797 1433 2858 fides
1454 2795 1623 2859 obscuram
1646 2796 1804 2873 notitiam,
1825 2818 1900 2882 spes
1916 2817 1977 2863 vero

439 2896 596 2959 essentiis.
614 2897 733 2958 Rursus
748 2895 886 2969 videtur,
898 2894 983 2976 quod
998 2895 1062 2958 Deo
1076 2911 1188 2976 appro
1243 2893 1425 2957 distantiam
1449 2913 1467 2956 a
1491 2893 1644 2959 felicitate
1668 2902 1700 2958 et
1722 2895 1792 2976 ejus
1819 2898 1978 2961 carentiam

439 2995 595 3078 pinqnare
614 3011 678 3057 nou
694 2993 868 3067 valeamus,
885 3011 985 3074 quum
1002 2991 1129 3054 infinite
1143 2992 1188 3053 di·
1243 2991 1330 3054 dicit.
1347 2992 1536 3055 Poenitentia
1550 3010 1637 3068 vero,
1654 2993 1820 3057 humilitas
1840 3003 1874 3058 et
1890 2995 1977 3070 latria,

436 3099 499 3154 stet
520 3111 538 3154 a
560 3091 664 3167 nobis,
683 3091 847 3153 infinitum
871 3097 978 3152 autem
1002 3090 1187 3173 pertransiri
1244 3090 1328 3152 circa
1347 3109 1441 3153 suum
1464 3089 1646 3171 subjectum
1666 3092 1857 3174 exprimunt
1877 3094 1978 3176 imper·
2063 3135 2064 3160 2

438 3207 501 3253 non
527 3191 637 3272 possit.
661 3189 779 3251 Verum
803 3189 841 3250 ad
866 3189 933 3251 haec
958 3187 1062 3250 facilis
1087 3195 1188 3250 exstat
1244 3189 1426 3266 lectionem,
1444 3196 1553 3272 utpote
1578 3190 1836 3273 peccabilitatem
1861 3202 1892 3256 et
1913 3193 1977 3256 iula-
2063 3177 2064 3234 3

438 3289 615 3371 responsio,
642 3288 793 3370 quoniam
824 3287 906 3349 sicut
933 3304 997 3349 non
1028 3287 1108 3360 loeo,
1131 3287 1186 3348 sed
1243 3285 1418 3349 rioritatem
1450 3303 1457 3348 :
1487 3287 1675 3368 poenitentia
1706 3307 1848 3371 namque
1877 3291 1906 3352 ei
1932 3289 1978 3371 qni

437 3386 701 3450 dissimilitudine
726 3406 745 3448 a
768 3387 832 3449 Deo
860 3386 1025 3460 distamus,
1051 3385 1098 3447 sic
1122 3402 1187 3447 non
1242 3383 1387 3466 peccavit
1407 3382 1607 3447 solummodo
1629 3387 1801 3468 competit3
1825 3387 1977 3450 humilitas

438 3485 581 3548 locorum
598 3485 711 3566 spatio,
728 3483 783 3546 sed
799 3483 1011 3545 similitudine
1026 3483 1056 3545 ei
1073 3500 1186 3565 appro
1242 3499 1370 3565 quoque
1385 3499 1448 3544 non
1468 3482 1531 3545 nisi
1546 3483 1723 3546 defectibili
1742 3493 1774 3547 et
1793 3484 1977 3569 imperfecte

438 3583 645 3665 pinqnamus,
675 3599 735 3643 nec
765 3580 913 3663 passibus
946 3581 1099 3663 corporis,
1131 3582 1186 3644 sed
1241 3588 1361 3643 natura
1384 3587 1488 3662 potest
1509 3583 1681 3645 convenire
1689 3600 1698 3662 ;
1714 3582 1867 3647 similiter
1889 3584 1976 3656 latria,

439 3680 556 3743 mentis
576 3679 749 3742 affectibus
769 3679 853 3740 imus
873 3685 905 3740 et
924 3679 1129 3761 pervenimus
1146 3679 1186 3741 ad
1240 3696 1342 3760 quum
1358 3677 1399 3740 sit
1414 3678 1516 3740 virtus
1537 3678 1600 3742 Deo
1615 3680 1739 3744 cultum
1758 3683 1977 3746 caerimoniam-

439 3797 524 3842 eum.
542 3778 598 3840 Est
611 3785 718 3839 autem
733 3775 962 3838 dissimilitudo
976 3783 1107 3850 naturae,
1123 3795 1186 3859 qua
1203 3780 1225 3844 C
1240 3795 1303 3859 que
1319 3776 1520 3858 impendens,
1532 3794 1596 3840 non
1611 3777 1674 3840 nisi
1689 3781 1846 3844 creaturis
1862 3781 1979 3844 ratione

439 3895 567 3960 semper
589 3875 622 3938 in
646 3873 810 3938 infinitum
835 3875 990 3937 distamus
1013 3894 1032 3937 a
1055 3876 1139 3956 De03
1155 3882 1187 3938 et
1240 3872 1361 3937 bilibus
1376 3881 1408 3936 et
1424 3873 1693 3940 intellectualibus
1709 3879 1867 3959 congruit.
1883 3880 1978 3961 ltaque

438 3983 486 4039 est
501 3973 729 4038 dissimilitudo
744 3973 858 4056 culpa,
874 3993 937 4056 qua
951 3981 1038 4037 tanto
1052 3974 1125 4057 plus
1140 3975 1186 4036 di·
1241 3992 1299 4056 per
1321 3973 1455 4036 virtutes
1474 3974 1539 4037 Deo
1560 3974 1690 4057 proprie
1712 3978 1936 4040 convenientes
1953 3983 1978 4037 ct

437 4083 556 4138 stamus
570 4092 587 4136 a
603 4079 711 4136 sancto
725 4079 757 4135 et
771 4071 1097 4154 incircumscriptibili
1112 4073 1185 4147 Deo,
1241 4079 1330 4134 actus
1353 4091 1474 4146 earum,
1490 4073 1555 4137 Deo
1576 4082 1608 4136 ct
1630 4073 1767 4138 Domino
1788 4085 1898 4139 nostro
1915 4077 1977 4140 Jesu

437 4191 502 4257 qno
530 4170 678 4255 pluribus
702 4178 798 4254 atque
826 4169 1027 4252 gravioribus
1052 4170 1186 4235 involvi·
1242 4169 1366 4234 Christo
1388 4172 1565 4234 secundum
1587 4191 1678 4234 suam
1703 4172 1867 4250 deitatem,
1882 4173 1978 4258 praci-

438 4291 511 4336 mur
540 4270 654 4353 culpis.
678 4270 777 4334 Tanto
800 4287 928 4353 quoque
952 4269 1025 4352 plus
1048 4271 1088 4332 ad
1111 4290 1186 4333 eum
1241 4287 1304 4352 pue
1330 4269 1595 4353 propinquamus,
1612 4278 1722 4354 utpote
1747 4272 1781 4334 in
1805 4273 1932 4336 caritate
1952 4279 1978 4334 et

436 4369 631 4442 accedimus,
647 4373 767 4451 quanto
787 4367 859 4450 plus
874 4384 894 4429 a
911 4365 1051 4448 peccatis
1067 4367 1187 4430 recedi·
1241 4375 1357 4431 sauctae
1377 4367 1557 4432 dilectionis
1577 4367 1713 4446 fervore,
1730 4371 1763 4433 in
1783 4372 1936 4454 sapientia
1952 4378 1978 4433 et

437 4487 509 4530 mus
538 4473 570 4529 et
597 4465 690 4528 bonis
720 4464 899 4528 insistimus
927 4465 1062 4540 actibus,
1087 4466 1187 4547 gratia
1241 4467 1421 4549 sapientiali
1445 4467 1627 4532 divinorum
1653 4470 1930 4553 contemplatione,
1950 4469 1976 4531 in

437 4582 565 4649 quoque
580 4572 612 4626 et
626 4563 800 4627 virtutibus
815 4564 1013 4626 decoramur.
1032 4565 1092 4627 Sed
1108 4583 1186 4646 quo·
1239 4565 1365 4647 justitia
1380 4567 1492 4630 etzelo
1507 4567 1619 4649 ipsius,
1637 4567 1670 4630 in
1685 4569 1804 4651 pietate
1818 4578 1852 4632 et
1865 4568 1977 4634 actibus

438 4663 524 4726 uiam
540 4661 646 4726 omnis
666 4661 777 4742 gratia,
795 4661 896 4724 virtus
911 4669 943 4724 et
962 4661 1116 4745 perfectio
1131 4681 1186 4726 no·
1241 4665 1311 4745 ejus
1333 4665 1468 4727 essendo
1488 4673 1582 4748 atque
1602 4668 1784 4731 crescendo.

437 4769 512 4836 stra,
536 4779 555 4822 a
578 4760 697 4822 virtute
721 4767 753 4822 et
777 4760 973 4842 perfectione
998 4761 1054 4822 Dei
1078 4761 1185 4838 distat,
1281 4763 1432 4837 Quamvis
1456 4771 1562 4828 autem
1584 4764 1667 4830 fides
1689 4773 1721 4829 ot
1741 4785 1815 4850 spes
1841 4765 1977 4851 imperfe
2062 4811 2063 4816 .

437 4859 602 4923 occumbit
623 4876 660 4920 ac
683 4858 794 4921 deficit
817 4856 955 4934 infinite,
980 4859 1099 4922 idcirco
1122 4860 1187 4924 Deo
1241 4861 1380 4924 ctionem
1403 4861 1578 4937 includant,
1595 4881 1653 4926 neo
1679 4866 1807 4949 proprie
1829 4867 1894 4930 Deo
1914 4883 1976 4928 oon-
2062 4859 2063 4892 l

438 4959 653 5041 propinquare
669 4955 852 5029 asserimur,
864 4973 928 5018 non
943 4955 1047 5018 solum
1062 4976 1080 5019 a
1094 4957 1185 5020 dissi·
1201 4964 1226 5026 D
1241 4960 1382 5034 veniant,
1394 4969 1501 5024 tamen
1516 4961 1668 5045 quoniam
1685 4963 1785 5026 Deum
1801 4985 1861 5047 pro
1876 4967 1975 5028 imme-

438 5055 621 5118 militudine
641 5055 743 5137 culpae
763 5072 799 5116 ac
818 5053 905 5116 vitiis
926 5055 1113 5132 recedendo,
1130 5057 1185 5120 sed
1241 5058 1326 5122 diato
1350 5057 1469 5121 habent
1496 5059 1634 5140 objecto,
1660 5067 1693 5123 et
1716 5061 1749 5123 in
1771 5063 1897 5126 actibus
1919 5061 1975 5124 suis

438 5155 515 5219 item
536 5154 569 5216 in
588 5153 690 5235 gratia
703 5152 942 5236 virtutibusque
963 5155 1143 5218 crescendo.
1241 5157 1327 5221 circa
1350 5157 1456 5241 ipsum
1481 5167 1650 5222 versantur
1678 5167 1709 5223 et
1737 5160 1976 5244 proficiscuntur

477 5254 572 5320 Porro
596 5252 752 5316 virtutum
778 5251 923 5335 quasdam
946 5251 1125 5315 eminenter
1147 5273 1185 5318 ac
1240 5256 1280 5318 ad
1304 5256 1559 5340 ipsum,idcirco
1580 5266 1747 5342 peractus
1768 5259 1846 5323 fidei
1867 5255 1974 5345 etspei
