4154 6258
438 507 585 554 noumtca
605 508 658 554 xvr
679 508 752 556 rosr
772 510 965 558 rnrmrarnrs.
985 530 1025 541 —
1046 513 1144 561 sanae
1165 514 1318 562 saeuunos
1596 499 1655 562 tot

110 671 234 753 signum
249 675 334 756 quod
349 693 424 739 vere
440 677 587 740 surrexit.
598 681 641 740 Et
653 682 744 741 dedit
760 683 854 742 illem
870 681 894 746 A
910 684 989 765 quin
1004 683 1113 747 divina
1127 685 1245 748 virtute
1261 685 1339 749 lecit
1355 685 1415 748 boc
1430 685 1557 766 signum
1567 702 1573 746 :
1584 685 1656 748 ideo

110 773 210 831 matri
223 792 303 844 suoe,
320 774 351 836 id
372 782 431 850 est,
447 776 621 856 assignavit
634 796 709 840 eum
726 798 791 843 sue
805 798 856 862 ge·
909 781 1011 844 Deum
1026 782 1247 864 principaliter
1262 782 1494 856 collaudabant,
1504 789 1536 846 et
1549 783 1656 846 lesum

110 868 213 931 uitrici
237 871 410 946 viventem,
433 881 469 935 ut
491 892 565 936 cum
587 892 625 938 eo
644 876 715 940 laeta
738 878 856 940 rediret
909 886 1061 960 tanquam
1085 880 1141 942 Dei
1166 880 1354 962 praeclarum
1380 879 1574 954 ministrum,
1600 897 1657 961 per

109 966 292 1032 addomum
310 989 316 1033 :
335 973 604 1053 quemadmodum
622 974 706 1038 Elias
723 977 854 1040 suseita-
909 997 1005 1060 quem
1030 987 1062 1042 et
1086 997 1145 1061 per
1167 979 1260 1060 cujus
1285 978 1397 1040 merita
1420 979 1504 1040 Deus
1529 977 1658 1041 iecisset

13 1083 96 1172 rrr'eeq.
110 1073 140 1128 to
152 1065 222 1130 lilio
236 1068 340 1134 vidore
356 1071 388 1133 in
405 1071 545 1155 Sarepta,
558 1073 638 1136 dixit
653 1075 692 1138 ad
708 1094 790 1152 eam,
807 1077 854 1139 En
908 1082 1032 1139 tantum
1058 1077 1260 1139 miraculum.
1282 1077 1415 1158 lnsupcr
1441 1095 1498 1158 per
1520 1076 1657 1158 Prophe·

7 1152 62 1196 ¹¹⁹³·
109 1165 186 1226 vivit
206 1166 295 1231 lilius
316 1177 454 1244 tuus,ut
474 1170 590 1252 legitur
608 1174 702 1236 tertio
721 1174 851 1255 Regum.
908 1181 973 1236 tam
989 1193 1153 1256 magnum,
1168 1173 1268 1256 aliqui
1284 1173 1396 1235 dicunt
1410 1190 1464 1236 eos
1482 1173 1655 1236 intellexis-

108 1262 260 1346 Denique,
276 1266 360 1329 sicut
378 1267 433 1330 alii
450 1268 573 1332 inlirmi
589 1289 607 1332 a
622 1269 747 1334 Christo
765 1290 853 1334 cura·
908 1289 941 1334 se
957 1290 1064 1353 regem
1079 1272 1236 1346 llcssiam,
1248 1272 1290 1334 ita
1305 1272 1391 1354 quod
1405 1272 1474 1334 viso
1489 1271 1548 1335 hoc
1564 1271 1656 1352 signo

109 1362 141 1436 ti,
158 1380 232 1426 mox
251 1365 394 1446 plenarie
415 1367 554 1430 restituti
577 1377 650 1431 sunt
670 1369 796 1432 sanitati
816 1390 853 1434 ac
908 1370 1113 1434 erediderunt
1130 1371 1238 1434 lesum
1258 1389 1328 1432 osse
1348 1369 1508 1433 Christum
1531 1369 1564 1432 in
1586 1369 1654 1451 lege

109 1461 211 1524 robori
241 1465 388 1539 naturali,
416 1474 451 1527 ut
479 1474 566 1548 patet
590 1468 628 1529 de
658 1469 852 1552 paralyticis,
908 1468 1394 1551 promissum,quemadmodum
1411 1468 1599 1532 Samaritani
1614 1469 1653 1531 de

7 1560 225 1641 m.11.u;quibus
248 1563 377 1638 curatis,
401 1564 506 1626 statim
532 1567 684 1648 praecepit
707 1569 853 1651 proprios
908 1566 1032 1630 Christo
1056 1567 1197 1630 dicentes
1214 1585 1221 1630 ε
1238 1567 1317 1642 Quia
1340 1567 1393 1628 hic
1415 1574 1463 1630 est
1484 1585 1559 1630 vere
1582 1567 1652 1630 Pro·
1680 1587 1799 1646 rounam,

7 1643 97 1754 ξωζξζ
109 1660 205 1724 lectos
225 1662 366 1742 delerre;
383 1663 429 1726 sic
449 1665 544 1727 eredo
565 1667 649 1748 quod
670 1667 853 1730 adolescens
908 1665 1003 1748 pheta
1017 1667 1073 1748 qui
1086 1673 1241 1730 venturus
1256 1673 1304 1729 est
1319 1666 1352 1728 in
1369 1667 1534 1729 mundum.
1547 1667 1652 1730 Potius
1668 1656 1700 1696 ¹⁴·

109 1761 165 1822 iste
195 1763 413 1837 resuscitatus,
440 1763 547 1826 statim
577 1784 673 1828 sanus
703 1774 734 1827 et
762 1766 853 1830 lortis
907 1772 1013 1828 tamen
1036 1783 1118 1840 reor,
1135 1766 1219 1848 quod
1242 1782 1358 1828 nomen
1381 1765 1544 1848 Propheta
1567 1785 1653 1828 sum-

7 1879 95 1924 anun.
108 1861 306 1940 processerit.
324 1861 439 1924 Christi
456 1881 593 1946 namque
608 1882 705 1946 opera
723 1864 854 1927 luerunt
868 1867 890 1930 B
907 1872 1041 1945 pserunt
1055 1865 1279 1938 communiter,
1292 1864 1492 1928 intendentes
1507 1865 1591 1946 quod
1606 1866 1655 1928 Je-

108 1957 343 2039 perlecta.llinc
359 1960 499 2024 creditur
513 1962 656 2026 Christus
672 1963 853 2026 adolescen-
908 1983 961 2026 sus
981 1971 1065 2027 esset
1085 1983 1217 2046 magnus
1235 1964 1401 2046 Propheta,
1417 1963 1500 2026 sicut
1519 1964 1603 2026 Elias
1622 1971 1654 2026 et

106 2063 167 2118 ‘hm
192 2057 302 2133 istum,
322 2060 419 2122 etiam
441 2061 649 2143 spiritualiter
670 2063 850 2138 suscitasse,
908 2062 1031 2125 Eliseus
1055 2082 1092 2125 ac
1116 2063 1170 2125 alii
1196 2063 1325 2144 quidam
1351 2063 1490 2125 luerunt.
1510 2063 1597 2126 Unde
1622 2071 1654 2126 et

106 2154 135 2216 id
155 2162 204 2218 est
223 2175 241 2218 a
261 2155 359 2232 vitiis,
376 2159 403 2221 si
425 2178 495 2242 quae
513 2159 635 2234 habuit,
652 2161 849 2223 emundasse.
906 2163 969 2226 alio
984 2163 1064 2236 loco,
1075 2183 1176 2245 quum
1192 2163 1335 2225 Christus
1351 2162 1559 2244 interrogaret
1572 2163 1653 2246 alpe

141 2257 275 2332 Accepit
289 2267 399 2318 autem
414 2277 522 2318 omnes
538 2260 648 2328 timor,
664 2259 770 2332 idest,
788 2260 854 2322 uni·
907 2261 1015 2336 stolos,
1031 2261 1131 2334 Quem
1150 2261 1262 2324 dieunt
1281 2261 1426 2324 homines
1446 2279 1516 2323 esse
1538 2261 1653 2323 Filium
1668 2286 1799 2338 uarium,

104 2372 211 2418 versos
236 2356 291 2438 qui
316 2356 466 2418 viderunt
490 2357 574 2419 istud
599 2357 792 2440 prodigium,
814 2358 852 2420 ti·
907 2361 1067 2424 hominist
1082 2363 1316 2443 responderunt
1333 2377 1339 2422 :
1356 2361 1418 2423 Alii
1432 2361 1586 2423 ioannem
1600 2360 1655 2422 Bn·
1669 2352 1703 2402 ¹³·
1715 2353 1747 2393 ¹⁴·

105 2472 172 2517 mor
192 2455 319 2517 invasit.
336 2455 397 2518 lste
420 2455 481 2518 luit
500 2455 597 2518 timor
617 2457 802 2520 reverentie
821 2463 853 2518 et
907 2461 1048 2542 ptistam,
1078 2459 1133 2523 alii
1164 2460 1277 2534 Ellam,
1307 2459 1361 2522 alii
1389 2459 1570 2534 ieremiam,
1600 2465 1655 2521 aut

104 2553 334 2628 admirationis,
359 2555 512 2636 grandem
543 2554 791 2618 consolationem
821 2563 853 2616 et
907 2577 1008 2620 unum
1032 2579 1071 2621 ex
1092 2559 1267 2642 Prophetis.

103 2652 336 2731 jucunditatem
361 2653 482 2716 habens
510 2654 696 2728 admixtam,
723 2671 787 2717 non
815 2654 852 2716 ti·
946 2658 1118 2731 Postremo,
1137 2658 1169 2719 in
1185 2658 1246 2720 isto
1260 2657 1416 2720 miraculo
1434 2658 1547 2720 modus
1561 2675 1655 2738 agen-

105 2769 172 2813 mor
186 2751 375 2814 aillictionis
390 2771 426 2814 ac
442 2752 656 2816 desolationis.
670 2755 713 2814 Et
728 2755 853 2830 mapnt-
907 2755 938 2818 di
960 2755 1051 2818 valde
1073 2755 1255 2838 preclarus,
1273 2755 1430 2817 mirabilis
1451 2774 1488 2817 ac
1508 2754 1655 2836 magnili-

103 2851 244 2924 ficcbant
266 2855 383 2922 Deum,
400 2850 431 2914 ld
455 2859 514 2926 est,
535 2871 574 2914 ex
598 2851 851 2914 consideratione
907 2872 964 2915 cus
978 2853 1133 2936 luitquod
1150 2853 1273 2916 scilicet
1288 2853 1431 2917 Christus
1448 2860 1510 2915 mm
1525 2861 1655 2934 repente

104 2953 166 3010 tam
184 2951 291 3030 magni
308 2957 339 3012 et
355 2949 538 3013 miraculosi
554 2950 701 3024 allectus,
713 2949 853 3013 lateban·
907 2969 943 3012 ac
964 2951 1172 3033 imperialiter
1192 2950 1359 3014 suscitavit
1379 2950 1464 3013 buno
1481 2957 1653 3013 mortuum.

105 3053 153 3108 tur
168 3048 271 3110 Deum
287 3067 356 3112 esse
370 3049 773 3132 omnipotentemejusque
789 3051 889 3116 om·G
907 3049 975 3112 Non
998 3051 1084 3112 enim
1108 3050 1190 3112 Elias
1214 3057 1268 3111 aut
1293 3049 1417 3112 Eliseus
1441 3048 1548 3111 taliter
1573 3066 1655 3111 mor·

105 3145 315 3228 nipotentiam
331 3167 367 3210 ao
384 3147 534 3231 pietatem
551 3149 635 3211 circa
650 3149 796 3212 homines
811 3156 854 3210 to-
907 3154 999 3210 tuum
1025 3148 1200 3222 suscitavit,
1218 3149 1273 3210 sed
1298 3147 1454 3210 instanter
1477 3148 1607 3220 orando,
1624 3154 1656 3208 et
1703 3173 1729 3218 m
1744 3173 1801 3232 ηερ,

103 3246 141 3306 tis
157 3247 342 3328 precordiis
357 3247 852 3321 collaudabantdicentes:Quia,
908 3265 1004 3328 super
1026 3246 1213 3309 defunctum
1236 3246 1487 3329 procumbendo.
1668 3240 1800 3355 ῗῧζῑξξ

104 3343 134 3405 id
162 3353 212 3407 est
242 3345 338 3427 quod,
365 3347 533 3422 Propheta
561 3365 712 3424 meyerus,
743 3345 775 3407 id
804 3351 852 3406 est
948 3348 992 3406 lit
1017 3347 1095 3423 quia
1119 3348 1206 3407 Deus
1229 3347 1377 3406 visitavit
1398 3346 1523 3420 plebem
1548 3363 1653 3414 suom,
1669 3365 1738 3405 sess.
1796 3332 1801 3351 '

102 3461 225 3523 magnae
250 3443 426 3506 sanctitatis
448 3463 485 3506 ac
511 3444 687 3526 potestatis,
703 3444 853 3504 surremit
907 3444 967 3506 boc
983 3450 1041 3516 est,
1058 3443 1309 3505 misericorditer
1321 3444 1386 3525 egit
1401 3443 1580 3516 nobiscum,
1595 3442 1654 3506 boc

102 3543 134 3602 in
153 3543 259 3613 nobis,
276 3542 307 3604 id
323 3551 381 3617 est,
398 3543 552 3606 internos
568 3542 726 3626 apparuit.
743 3542 854 3616 Quam·
907 3548 955 3604 ost
979 3560 1053 3603 cum
1079 3540 1198 3626 populo
1221 3541 1412 3616 ludaeorum,
1430 3541 1585 3603 mittendo
1609 3542 1654 3604 eis

100 3641 146 3702 vis
162 3640 253 3704 enim
271 3641 413 3704 nondum
428 3641 577 3724 explicite
596 3639 792 3704 crediderint
805 3640 853 3702 Je-
908 3648 972 3702 tam
994 3647 1140 3703 sanctum
1163 3640 1363 3722 Prophetam,
1379 3647 1475 3722 atque
1500 3658 1556 3721 per
1580 3657 1654 3701 eum

99 3757 170 3802 sum
196 3757 269 3802 esse
298 3740 410 3814 Deum,
437 3757 500 3802 non
529 3747 636 3802 mmen
664 3737 854 3802 dubitabant
907 3745 954 3800 tot
968 3745 999 3800 et
1014 3745 1101 3800 tanta
1115 3736 1273 3800 benelicia
1292 3737 1507 3820 impendendo
1521 3736 1652 3799 eisdem.

610 4168 804 4257 SERMO
843 4166 1141 4256 SECUNDUS

234 4437 274 4486 na
295 4437 465 4486 semrom
485 4435 730 4486 stoutatuamorttt
750 4435 845 4482 t'tlltttt
864 4432 1050 4481 rtottruottmt
1071 4430 1146 4487 Quos
1168 4429 1311 4478 umalama
1333 4426 1516 4476 absumatur.

157 4719 271 4780 ICUT
286 4719 389 4781 Pater
408 4719 544 4778 suscitat
563 4723 707 4778 mortuos
726 4724 756 4776 et
772 4715 851 4776 vivi·
865 4714 891 4777 ll
905 4712 1036 4777 suscitat
1058 4719 1199 4776 mortuos
1219 4719 1250 4776 et
1268 4709 1422 4788 vivificat,
1440 4712 1482 4775 ita
1501 4720 1533 4775 et
1553 4710 1651 4776 Filius

172 4822 269 4896 ficet,
283 4818 329 4877 sic
343 4825 373 4876 et
388 4818 498 4878 Filius
513 4836 591 4896 quos
607 4819 677 4876 vult
692 4815 849 4892 vivificat.
906 4831 985 4897 quos
1000 4813 1070 4877 vult
1082 4812 1227 4875 vivificat
1235 4813 1362 4894 ›>:quod
1378 4811 1463 4875 idem
1479 4812 1518 4875 de
1531 4811 1651 4894 Spiritu

94 4917 210 4980 Joann.
231 4933 261 4989 r,
277 4913 327 4976 21.
906 4913 1020 4976 Sancto
1050 4911 1244 4974 credendum
1268 4917 1325 4972 est.
1351 4910 1415 4973 Nee
1443 4910 1522 4974 alios
1550 4911 1650 4984 Pater,

137 5015 249 5088 Ouum
269 5012 367 5077 Patris
387 5021 419 5075 et
438 5011 509 5074 Filii
532 5029 568 5074 ae
588 5010 725 5093 Spiritus
746 5009 851 5074 Sancti
906 5011 985 5074 alios
1000 5009 1109 5084 Filius,
1127 5008 1182 5072 sed
1197 5026 1327 5091 prorsus
1342 5008 1469 5071 eosdem
1490 5026 1570 5091 quos
1585 5027 1652 5070 sus·

95 5115 139 5176 sit
154 5131 226 5176 una
245 5117 383 5194 potestas
402 5112 577 5193 eademque
595 5109 753 5184 voluntas,
770 5110 853 5172 sieut
908 5110 982 5172 citat
1001 5116 1095 5192 atque
1114 5106 1259 5172 viviticat
1277 5107 1377 5180 Pater,
1395 5107 1526 5170 suscitat
1546 5105 1651 5170 vivili-

96 5221 129 5276 et
145 5231 215 5276 una
230 5210 378 5285 essentia,
395 5216 518 5273 constat
532 5210 616 5291 quod
631 5226 728 5292 opera
742 5227 853 5272 eorum
908 5215 1020 5290 catque
1034 5205 1218 5287 unigenitus
1231 5204 1329 5266 Pilius
1344 5205 1422 5285 ejus,
1429 5205 1582 5268 Dominus
1597 5221 1650 5268 ne

95 5313 137 5375 ad
153 5317 249 5375 extra
263 5309 327 5372 sint
342 5309 487 5372 indivisa.
500 5307 622 5372 idcirco
638 5307 750 5372 «sicut
764 5309 853 5372 Pater
908 5313 972 5370 ster
986 5308 1075 5369 lesus
1090 5304 1242 5368 Christus.
1255 5303 1422 5385 Deinceps,
1433 5303 1516 5366 sicut
1532 5302 1650 5386 duplex
