4288 6264
421 463 470 530 la
808 485 956 534 noumrm
977 485 1009 532 rr
1030 485 1103 533 ross
1124 485 1253 534 nisena.
1274 505 1313 516 -
1335 485 1434 536 sunno
1455 486 1609 535 sucmnus

472 657 577 722 Tertio
592 657 676 722 idem
697 657 850 742 probatur
869 676 907 720 ex
926 657 1094 720 benefieiis
1110 656 1176 720 liei.
1191 656 1217 719 Α
1234 676 1272 719 ex
1294 657 1353 720 hoo
1379 657 1446 721 solo
1468 658 1644 722 clarissime
1669 663 1801 731 constat,
1825 655 1901 739 quia
1921 672 1980 738 pro

432 757 465 822 Si
490 757 576 820 enim
602 759 841 822 consideremus
870 765 988 839 quanta
1017 764 1048 818 et
1072 756 1179 839 qualia
1231 776 1295 821 uno
1310 759 1434 821 mortali
1451 768 1580 841 peccato
1595 767 1658 821 tam
1672 758 1736 821 cito
1751 765 1879 841 peracto
1893 765 1980 820 eter-

432 858 516 920 lleus
531 873 589 939 pro
606 864 715 920 nostra
735 857 836 919 salute
856 855 976 930 effecit,
993 862 1110 937 quanta
1125 855 1179 916 be-

432 955 550 1018 nelicia
572 955 717 1030 contulit,
741 974 837 1036 quam
860 953 1109 1016 misericorditer
1130 953 1180 1015 de-

431 1072 521 1115 mum
536 1053 704 1116 nobiscum
723 1053 797 1134 egit,
814 1061 846 1116 et
865 1052 1040 1135 praesertim
1062 1058 1180 1133 quanta

431 1151 618 1234 Unigenitus
644 1152 700 1214 Dei
726 1151 824 1214 Patris
850 1169 908 1233 pro
931 1158 1038 1212 nostra
1059 1150 1180 1212 redem-

432 1250 541 1332 ptione
565 1248 750 1331 assumpsit,
776 1247 852 1310 lecit
874 1267 910 1310 ac
940 1247 1082 1330 pertulit,
1109 1247 1180 1308 luce

432 1348 549 1410 elarius
570 1347 690 1410 scimus
710 1366 807 1428 quam
827 1346 1047 1428 paratissimus
1067 1346 1108 1407 sit
1124 1347 1181 1408 Do·

433 1446 540 1509 minus
564 1447 647 1508 Deus
672 1452 780 1509 noster
809 1463 900 1507 suam
930 1443 1021 1506 nobis
1047 1444 1181 1524 gratiam

433 1544 570 1624 elargiri,
588 1543 762 1606 dummodo
780 1542 906 1605 obicem
928 1559 992 1604 non
1013 1559 1179 1623 ponamus.

433 1642 544 1706 Nonne
561 1642 652 1705 Pater
665 1649 802 1704 aternus
818 1657 876 1722 pro
892 1647 999 1702 nostra
1014 1640 1115 1702 salute
1131 1659 1181 1701 su·

434 1739 737 1822 perdilectissimum
754 1747 786 1802 et
800 1739 933 1801 unicum
953 1738 1070 1800 lilium
1087 1756 1181 1799 suum

1233 875 1307 918 nam
1328 855 1447 938 infligit
1462 857 1699 920 damnationem
1714 875 1751 918 ac
1766 873 1894 938 poenam
1914 861 1977 916 tam

1233 955 1347 1028 diram,
1382 963 1445 1017 tam
1480 956 1689 1018 indicibiliter
1719 973 1859 1036 gravem.
1892 953 1979 1017 Unde

1234 1053 1321 1115 hune
1339 1053 1456 1116 divinat
1476 1053 1612 1136 rigorem
1633 1053 1765 1134 justitiae
1780 1059 1895 1115 vocant
1910 1071 1980 1114 san·

1235 1153 1276 1214 cti
1289 1151 1452 1232 Propheta
1467 1151 1703 1233 furorem,quia
1717 1169 1774 1233 per
1790 1151 1919 1213 modum
1935 1149 1982 1210 fu-

1235 1249 1310 1310 riosi
1331 1250 1616 1332 tranquillissimus
1636 1250 1719 1312 Deus
1740 1268 1773 1312 se
1793 1248 1899 1323 babet,
1916 1254 1980 1311 tam

1236 1347 1441 1410 acerbissime
1464 1349 1627 1430 puniendo
1649 1349 1786 1429 iniquos.

1281 1445 1412 1520 Deinde,
1441 1447 1467 1508 si
1497 1465 1552 1509 rex
1577 1452 1632 1507 aut
1658 1446 1809 1528 princeps
1839 1453 1985 1506 terrenus

1237 1544 1309 1625 pius
1323 1563 1360 1606 ac
1375 1545 1705 1626 praepotensgraviter
1719 1551 1802 1607 esset
1817 1562 1835 1605 a
1849 1542 1986 1604 subditis

1238 1641 1304 1703 suis
1324 1641 1479 1716 oileusus,
1501 1641 1618 1723 quibus
1640 1660 1804 1722 nunquam
1822 1639 1986 1704 forelecis-

1238 1747 1296 1812 set,
1314 1741 1368 1802 sed
1390 1759 1517 1822 semper
1536 1739 1760 1812 benefecisset,
1777 1756 1857 1821 quos
1876 1738 1984 1812 etiam,

435 1838 523 1900 misit
538 1837 571 1898 in
592 1838 759 1910 mundum,
776 1844 808 1899 et
827 1844 966 1898 nostram
988 1843 1133 1898 naturam
1153 1835 1182 1896 ei
1198 1837 1221 1898 B
1240 1839 1265 1900 si
1290 1838 1397 1912 vellet,
1419 1846 1526 1920 posset
1550 1839 1587 1900 ad
1612 1837 1738 1899 libitum
1760 1837 1932 1910 trucidare,
1955 1843 1986 1898 ct

1239 1936 1340 1998 nihilo
1362 1937 1469 2000 minus
1488 1955 1527 1998 ex
1545 1937 1611 1999 sola
1626 1955 1684 1998 sua
1699 1936 1815 2018 pietate
1830 1942 1862 1998 et
1877 1934 1987 1998 carita-

436 1936 550 2008 univit,
566 1942 662 2017 atque
678 1935 710 1996 in
726 1954 763 1998 ea
778 1935 879 1997 voluit
900 1935 1005 2017 ipsum
1028 1933 1181 2006 laborare,

435 2034 501 2117 pati
521 2042 553 2096 et
573 2033 653 2097 mori
674 2051 732 2115 pro
752 2033 866 2096 nobisl
888 2034 945 2095 Per
965 2033 1050 2114 quod
1073 2032 1184 2094 inefla-

436 2132 534 2194 bilem
552 2151 642 2194 suam
658 2131 817 2193 caritatem
834 2130 923 2193 nobis
939 2130 1085 2203 ostendit,
1094 2131 1184 2209 juxta

301 2251 384 2293 Joann.
393 2263 422 2301 ιιι,
438 2230 517 2292 illud
532 2229 739 2292 loannis:Sic
753 2230 835 2291 Deus
851 2227 962 2290 dilexit
979 2229 1133 2290 mundum
1150 2235 1185 2288 ut

293 2316 324 2355 lo.

437 2327 554 2390 Filium
575 2345 668 2390 suum
686 2327 886 2409 unigenitum
910 2327 1008 2400 daret,
1025 2333 1061 2387 ut
1080 2325 1185 2388 omnis

438 2427 493 2508 qui
510 2425 612 2488 eredit
625 2425 657 2487 in
676 2425 863 2506 ipsum,non
877 2425 1058 2506 pereat‚sed
1072 2423 1186 2486 habeat

437 2524 535 2586 vitam
552 2531 712 2587 aeternam.
728 2524 801 2586 ldeo
815 2523 854 2584 ad
870 2523 1024 2586 Romanos
1044 2522 1089 2583 ait
1105 2522 1185 2603 Apo-

291 2646 423 2696 nomaso.
438 2623 538 2686 stolus
556 2639 563 2683 ε
581 2621 785 2684 Commendat
799 2620 961 2683 caritatem
978 2638 1067 2682 suam
1085 2620 1117 2681 in
1133 2637 1186 2680 no-

438 2721 488 2783 bis
503 2719 756 2800 Deus,quoniam
773 2737 874 2800 quum
886 2718 990 2780 adhuc
1003 2724 1185 2798 peccatores

437 2836 592 2891 essemus,
610 2815 753 2880 Christus
773 2834 831 2898 pro
850 2815 942 2878 nobis
964 2822 1107 2878 mortuus
1125 2821 1182 2876 est.

479 2917 524 2979 lix
545 2916 605 2978 boc
625 2932 752 2998 quoque
772 2915 856 2996 quod
879 2915 961 2976 Deus
985 2915 1074 2976 Pater
1098 2913 1186 2974 dedit

1240 2042 1281 2107 te,
1299 2034 1472 2096 destinaret
1495 2035 1618 2116 aliquos
1639 2034 1798 2114 sapientes
1820 2040 1852 2096 et
1871 2032 1989 2095 virtuo-

1240 2152 1291 2194 sos
1314 2132 1375 2194 sibi
1398 2151 1554 2214 praecaros
1575 2134 1614 2194 ad
1636 2133 1718 2204 illos,
1740 2132 1895 2194 hortando
1917 2130 1989 2193 illos

1242 2251 1298 2313 per
1316 2232 1430 2293 missos
1445 2250 1463 2293 a
1478 2250 1522 2305 se,
1540 2231 1579 2293 ad
1596 2230 1864 2303 emendationem,
1881 2247 1989 2292 rocon-

1242 2329 1435 2392 ciliationem
1462 2337 1493 2390 et
1517 2346 1650 2410 pacem3
1677 2345 1782 2390 nenne
1801 2327 1893 2390 valde
1916 2327 1988 2409 pius

1242 2435 1273 2488 et
1298 2427 1400 2489 bonus
1424 2427 1584 2489 diceretur
1608 2425 1792 2506 hujusmodi
1813 2425 1987 2507 princeps?

1242 2525 1320 2586 Etsi
1338 2524 1457 2587 subditi
1474 2525 1543 2604 ejus
1563 2543 1622 2586 nec
1643 2524 1689 2586 si'c
1709 2531 1870 2586 cessarent
1884 2523 1924 2586 ab
1941 2524 1987 2585 in-

1240 2623 1334 2703 juriis
1362 2629 1393 2683 et
1423 2621 1684 2703 perversitatibus
1714 2621 1791 2694 suiS,
1818 2639 1923 2684 nonne
1948 2622 1987 2683 ab

1241 2720 1391 2783 omnibus
1420 2719 1553 2801 pessimi
1582 2727 1614 2781 et
1637 2720 1722 2782 omni
1751 2719 1919 2801 punitione
1943 2719 1987 2780 di·

1240 2818 1387 2900 gnissimi
1411 2818 1652 2898 judicarenturl
1674 2818 1796 2891 Quanto
1821 2817 1989 2898 benignior

1242 2923 1290 2978 est
1314 2916 1467 2977 Dominus
1489 2916 1572 2978 Deus
1595 2923 1713 2988 noster,
1736 2923 1823 2978 tanto
1848 2922 1880 2977 et
1904 2915 1988 2977 dcte-

439 3014 530 3078 nobis
546 3014 662 3076 Filium
678 3032 784 3087 suum,
802 3012 972 3074 innotescit
987 3030 1082 3093 quam
1100 3011 1223 3092 para-C
1243 3014 1341 3076 riores
1363 3031 1420 3075 nos
1443 3031 1564 3074 sumus.
1589 3012 1669 3074 Ecce
1692 3019 1756 3073 tam
1781 3011 1896 3086 bonna,
1919 3030 1988 3073 san-

439 3111 547 3176 tussit
566 3111 658 3175 nobis
678 3113 753 3174 dare
771 3111 879 3191 gratiae
899 3129 963 3172 suae
984 3109 1185 3180 charismata,

293 3233 365 3281 illia.
381 3247 423 3283 ιιι,
441 3213 535 3275 Paulo
554 3211 680 3272 dicente
701 3225 707 3270 :
729 3209 858 3291 Proprie
878 3208 957 3271 Filio
977 3225 1035 3270 suo
1055 3225 1117 3269 non
1135 3225 1187 3288 pe-

292 3299 326 3342 32.

440 3310 543 3392 percit
567 3310 661 3382 Deus,
683 3307 738 3368 sed
757 3325 816 3389 pro
837 3306 930 3368 nobis
953 3304 1103 3368 omnibus
1124 3312 1186 3366 tra-

441 3409 523 3470 didit
545 3407 636 3469 illum
659 3425 666 3468 :
690 3407 849 3487 quomodo
870 3423 934 3467 non
957 3404 1054 3466 etiam
1078 3403 1187 3465 omnia

442 3505 534 3568 nobis
555 3524 629 3567 cum
651 3503 707 3565 illo
728 3504 879 3565 donavitl
901 3503 1045 3583 lnsuper,
1068 3501 1094 3562 si
1115 3519 1188 3563 con-

441 3603 619 3666 sideremus
648 3608 766 3682 quanta
795 3601 892 3662 Filius
923 3600 977 3661 liei
1009 3617 1066 3680 pro
1094 3597 1187 3660 nobis

439 3702 624 3783 assumpsit,
644 3699 721 3762 lecit
739 3707 834 3781 atque
854 3716 1025 3780 perpessus
1049 3705 1107 3771 est,
1131 3697 1188 3758 du·

439 3801 540 3862 bitare
560 3817 624 3862 uon
647 3816 817 3880 possumus
838 3796 915 3877 quin
932 3796 1014 3857 Deus
1030 3795 1189 3876 paratissi-

438 3919 509 3962 mus
529 3899 570 3961 sit
590 3897 683 3960 nobis
704 3895 878 3976 indulgere,
899 3911 1096 3968 succurrere,
1122 3912 1189 3975 gra-

438 3999 515 4060 tiam
537 4003 569 4059 et
590 3995 724 4058 salutem
747 3993 943 4076 impendere.

473 4097 540 4158 lmo
556 4096 640 4157 Deus
656 4093 774 4174 legatos
789 4109 863 4154 suos
880 4090 978 4152 mittit
990 4091 1029 4152 ad
1044 4090 1187 4152 homines

1242 3119 1311 3174 ctus
1333 3119 1364 3172 et
1384 3111 1457 3192 pius
1477 3117 1525 3172 est
1544 3110 1638 3183 Deus,
1656 3117 1742 3171 tanta
1759 3109 1842 3172 bona
1857 3109 1988 3190 largitus

1242 3217 1289 3271 est
1310 3208 1403 3271 nobis
1423 3216 1455 3270 et
1474 3208 1691 3269 indesinenter
1705 3206 1847 3288 largitur,
1867 3208 1988 3270 tamdiu

1242 3307 1392 3369 sustinuit
1407 3305 1585 3387 impietates
1598 3313 1692 3386 atque
1706 3305 1840 3386 injurias
1853 3313 1987 3367 nostras:

1242 3414 1274 3468 et
1288 3405 1390 3468 nihilo
1406 3405 1513 3466 minus
1529 3404 1627 3465 mittit
1646 3403 1788 3485 quotidie
1808 3402 1901 3466 nobis
1916 3422 1990 3466 suos

1242 3504 1371 3584 legates,
1389 3503 1517 3564 hortans
1533 3520 1590 3564 nos
1609 3501 1648 3563 ad
1666 3501 1934 3575 emendationem,
1951 3502 1989 3563 ad

1242 3601 1496 3674 conversionem,
1513 3601 1552 3662 ad
1568 3619 1680 3681 pacem
1696 3619 1769 3662 cum
1788 3600 1866 3681 ipso.
1885 3600 1943 3662 Per
1957 3619 1990 3662 se

1243 3702 1348 3783 ipsum
1366 3717 1493 3780 quoque
1514 3698 1648 3761 occultis
1665 3697 1872 3760 instinctibus
1893 3705 1925 3760 et
1944 3698 1991 3759 in·

1243 3796 1473 3880 spirationibus
1499 3796 1609 3858 incitat
1639 3813 1696 3857 nos
1725 3796 1765 3857 ad
1790 3794 1885 3870 bona,
1911 3813 1991 3878 quos

1243 3914 1308 3958 uno
1333 3902 1410 3956 nutu
1435 3901 1542 3976 posset
1566 3892 1757 3957 eternaliter
1779 3894 1991 3955 condemnare

1242 4003 1274 4057 et
1296 3995 1329 4056 in
1350 3993 1487 4054 nilrilum
1509 3991 1651 4071 redigere
1673 4009 1679 4052 :
1697 3998 1848 4053 ettamen
1865 3989 1992 4072 repelli-

1244 4112 1315 4156 mus
1340 4110 1426 4166 eum,
1448 4090 1640 4172 negligimus
1661 4089 1886 4171 nosmetipsos,
1908 4097 1941 4151 et
1958 4087 1991 4149 in

437 4194 565 4276 impios,
591 4192 742 4273 ingratos
765 4188 983 4272 pravissim08‚
1005 4188 1185 4261 exhortans,
1203 4188 1227 4249 Ι)
1243 4193 1359 4256 nostris
1382 4208 1623 4273 perseveramus
1645 4187 1829 4250 sceleribus.

438 4293 588 4366 invitans,
605 4308 739 4353 exorans
760 4296 795 4350 ut
814 4293 1050 4359 convertantur,
1068 4294 1099 4348 et
1117 4285 1187 4348 bea-

438 4392 610 4454 titudinem
626 4392 868 4469 consequantur,
877 4383 982 4465 Legati
999 4383 1115 4446 etenim
1131 4385 1186 4446 liei

439 4497 514 4552 sunt
528 4487 633 4569 angeli
649 4485 762 4559 sancti,
779 4491 809 4546 el
826 4483 900 4545 boni
917 4481 1039 4564 praelati
1055 4499 1091 4543 ae
1111 4501 1188 4563 prae·

438 4587 606 4658 dicatores,
627 4603 684 4666 per
708 4601 786 4665 quos
810 4583 892 4643 Deus
914 4580 1057 4642 bortatur
1080 4598 1187 4660 pecca-

439 4692 524 4748 tores
543 4684 582 4745 ad
603 4681 823 4764 poenitentiam
844 4679 1025 4740 salutarem.

480 4783 543 4845 Gur
562 4799 637 4862 crgo
656 4779 872 4861 negligimus?
891 4777 953 4839 Cur
973 4792 1035 4837 non
1055 4775 1188 4837 attendi-

441 4900 512 4942 mus
527 4881 650 4943 viseera
666 4876 800 4940 inlinitae
817 4873 1042 4937 misericordiae
1062 4873 1117 4935 liei
1133 4890 1187 4934 no-

1285 4290 1364 4365 Quid
1381 4309 1455 4370 ergo
1471 4290 1654 4350 meremurl
1674 4286 1754 4360 Quid
1775 4286 1923 4348 imminet
1938 4303 1990 4348 no·

1244 4391 1317 4453 bisl
1341 4389 1422 4463 Quid
1449 4387 1507 4449 liet
1532 4388 1570 4448 de
1594 4385 1698 4459 nobis,
1724 4403 1821 4466 quum
1849 4384 1993 4465 omnipo-

1244 4498 1313 4553 tens
1343 4490 1425 4551 lleus
1456 4487 1632 4549 secundum
1662 4503 1751 4546 suam
1778 4500 1835 4545 nos
1860 4481 1992 4563 coeporit

1242 4587 1400 4668 justitiam
1414 4586 1570 4667 judicare,
1588 4591 1619 4644 et
1634 4581 1809 4644 secundum
1826 4598 1923 4661 opera
1938 4597 1991 4642 no·

1244 4697 1318 4762 stra,
1340 4688 1405 4750 imo
1428 4693 1459 4749 et
1481 4684 1657 4747 secundum
1678 4680 1867 4745 omissiones
1890 4685 1921 4741 et
1940 4698 1992 4741 ne-

1243 4786 1411 4869 gligentias
1437 4791 1571 4857 nostras,
1600 4780 1775 4843 retribuere
1803 4777 1919 4840 nobisl
1942 4777 1991 4839 Ti-

1246 4903 1389 4948 meamus
1415 4900 1490 4962 ergo
1511 4881 1634 4962 justum
1656 4877 1814 4958 judicium
1841 4876 1908 4948 Dei,
1935 4875 1990 4957 qui

441 4980 499 5042 stri
515 4995 611 5059 super
627 4978 702 5038 ¹10⁵?
716 4974 752 5036 Et
767 4980 852 5036 aare
868 4990 964 5053 quam
982 4969 1189 5032 ineffabiliter
1245 4981 1397 5046 terribilis
1417 4988 1465 5042 est
1485 4980 1517 5041 ιιι
1538 4975 1766 5041 consenseras
1786 4993 1883 5056 super
1904 4973 1989 5035 raros
2011 4990 2123 5038 ιιιιι

443 5077 515 5160 pius
536 5083 584 5139 est
603 5091 700 5148 nunc,
721 5080 785 5135 tam
807 5069 1015 5134 ineffabiliter
1032 5069 1138 5150 justus
1158 5074 1190 5130 et
1245 5081 1422 5144 hominum,
1449 5079 1507 5152 Qui
1531 5085 1563 5138 et
1589 5095 1647 5158 pes
1671 5075 1872 5137 Salomonem
1897 5080 1989 5134 testa.

296 5201 353 5248 1au.
361 5203 429 5252 ⁸1²²·
443 5177 614 5257 Ρῑὲθΐθὸὓῦι
641 5172 716 5244 ῑῐῐὶθι
739 5169 915 5234 secundum
939 5167 1137 5248 ᾹΡΟΞῑΟῙΰΠΙι
1159 5173 1192 5228 et
1245 5188 1296 5242 tur
1314 5197 1321 5240 ε
1338 5179 1417 5252 Quia
1432 5175 1554 5248 vocavi,
1571 5181 1602 5236 el
1622 5171 1782 5244 renuistis,
1800 5170 1990 5252 despexistis
2004 5192 2129 5236 ratanza

444 5291 574 5337 severus
595 5278 643 5333 Osi
665 5277 737 5352 Ρθὸῑ
756 5268 854 5330 Vitam
876 5273 1076 5348 presentem.
1102 5264 1189 5338 011οό
1245 5297 1340 5342 omne
1365 5276 1535 5339 consilium
1562 5291 1681 5345 meum,
1704 5277 1736 5333 et
1757 5268 1991 5350 increpationes
2004 5256 2038 5296 ²⁷·
