4214 6254
555 527 704 576 nouimus
725 527 769 574 ss.
789 525 969 573 mrmrsrrs.
990 543 1030 554 -
1051 525 1150 574 annuo
1170 527 1281 573 narnus
1632 505 1689 572 tot

141 697 272 774 sistunt,
288 699 382 764 bonis
402 699 563 764 laboribus
581 699 741 781 variisque
761 698 892 762 tribula·
906 695 932 761 A
947 697 1090 761 absolute
1106 696 1300 780 perlectum;
1312 697 1344 758 in
1361 715 1456 778 quem
1472 696 1566 778 culpa
1581 697 1692 760 cadere

142 796 287 860 tionibus
303 805 499 862 exercentur.
516 798 720 862 Potissimum
735 815 811 860 vero
827 797 892 860 lau·
946 795 1226 878 nequit,quoniam
1240 795 1302 858 sibi
1316 795 1377 878 ipsi
1392 802 1440 858 est
1455 794 1580 868 linis,et
1594 814 1612 858 a
1626 795 1694 856 nul·

144 895 240 958 dibus
263 897 320 959 Dei
342 897 521 978 invigilant,
543 896 626 960 sicut
648 897 692 958 ait
712 897 890 980 Propheta:
948 893 978 956 lo
997 893 1164 975 dependet.
1187 893 1224 954 Et
1245 910 1309 974 quo
1331 891 1470 955 sanctior
1488 899 1546 966 est,
1562 909 1601 954 eo
1621 893 1693 974 plus

14 1011 126 1060 mmm.
144 993 337 1058 Benedicam
363 995 534 1058 Dominum
564 995 597 1058 in
624 995 711 1058 omni
736 1003 891 1077 tempore,
947 992 1069 1074 peccati
1092 991 1323 1074 turpitudinem
1345 990 1518 1053 detestatur
1538 1009 1574 1053 ac
1594 991 1670 1053 odit.

7 1077 20 1118 ι
146 1111 275 1176 semper
297 1093 365 1156 laus
385 1093 456 1174 ejus
476 1093 508 1154 in
528 1111 582 1156 ore
603 1111 683 1156 meo.
701 1092 894 1156 ldcosubdi-
988 1093 1031 1153 Et
1047 1111 1148 1170 quum
1163 1093 1282 1150 darent
1299 1093 1358 1149 itta
1372 1099 1515 1168 quatuor
1532 1091 1693 1150 animatia

144 1199 199 1254 tur
219 1195 303 1256 :die
323 1212 361 1252 ae
382 1201 484 1262 nocte,
504 1192 536 1253 id
560 1199 610 1254 est
632 1193 781 1273 congruis
806 1192 893 1255 boris
944 1191 1086 1267 pieriam
1106 1198 1136 1248 et
1156 1191 1309 1248 bonorem
1328 1197 1358 1248 et
1379 1190 1630 1250 benedictionem
1649 1209 1693 1249 se-

7 1311 119 1354 'utentia
145 1291 272 1352 dierum
301 1309 338 1352 ao
368 1291 522 1364 noctium,
548 1293 754 1352 clamantia'
777 1308 893 1372 magno
947 1289 1041 1348 denti
1058 1306 1157 1364 snper
1181 1289 1347 1356 thronum,
1369 1289 1493 1347 viventi
1516 1288 1552 1346 in
1575 1291 1693 1348 seacula

146 1389 253 1452 cordis
267 1406 374 1452 amore
391 1389 491 1470 magis
506 1408 601 1472 quam
622 1389 686 1452 oris
703 1389 891 1452 conatione:
947 1389 1152 1455 soeoutornm,
1178 1385 1209 1448 id
1234 1391 1293 1458 est,
1318 1391 1455 1467 quatuor
1484 1384 1692 1466 Evangelistis

144 1489 894 1558 sanctuasanctna,Sanctus,ltomtnnsDens
947 1483 1163 1564 evangelicam
1190 1483 1292 1565 legem
1321 1500 1379 1565 per
1408 1489 1510 1545 totum
1536 1483 1690 1546 mundum

143 1589 360 1662 ornnr'potens,
376 1587 436 1664 qrci
449 1595 520 1646 erat
539 1592 611 1648 ante
627 1585 735 1649 omnia
749 1585 790 1647 ab
804 1591 892 1648 aeter·
947 1581 1232 1644 disseminantibus
1248 1600 1305 1662 per
1319 1581 1437 1663 scripta
1451 1600 1519 1654 sua,
1531 1587 1563 1644 et
1577 1581 1692 1664 partim

144 1701 198 1757 no,
219 1694 250 1744 et
270 1685 330 1764 qni
345 1693 390 1744 est
412 1683 643 1746 invariabiliter
662 1685 694 1746 in
715 1684 785 1766 ipso
806 1691 893 1747 aeter·
948 1699 1005 1762 per
1020 1679 1149 1762 propria
1164 1678 1368 1761 verba(quod
1384 1679 1530 1742 iaciendo
1544 1680 1694 1743 exbibue-

144 1781 255 1844 nitatis
271 1782 411 1856 instanti,
425 1793 455 1842 et
471 1785 531 1862 qni
545 1793 703 1844 tenturus
718 1792 775 1852 est,
787 1783 818 1844 id
834 1791 891 1858 est,
948 1787 1022 1840 runt
1041 1780 1106 1841 Deo
1124 1778 1257 1860 gloriam
1283 1786 1315 1840 et
1334 1777 1487 1840 bonorem
1511 1785 1543 1840 et
1567 1778 1694 1842 benedi-

143 1881 338 1943 aeternaliter
362 1881 434 1956 erit,
459 1889 490 1942 et
513 1881 545 1942 in
570 1879 693 1962 judicio
716 1880 890 1964 apparebit.
911 1874 1086 1940 Bctiouem
1103 1896 1159 1938 seu
1176 1875 1331 1955 laudem);
1344 1879 1558 1956 procidebant
1574 1879 1695 1955 εἰρήκει·

20 2011 37 2039 r.
49 2013 76 2045 a,
101 2035 106 2044 .
144 1979 227 2041 lluic
243 1979 366 2042 cantico
381 1987 533 2043 consonat
549 1979 626 2041 illud
648 1979 734 2043 lsaiae
751 1997 757 2040 :
775 1979 894 2042 Clama-
948 1985 1091 2056 quatuor
1110 1977 1251 2035 seniores
1269 1983 1345 2034 ante
1364 1977 1524 2035 sedentem
1550 1977 1584 2036 in
1608 1977 1693 2036 thro-

144 2076 225 2140 bant
244 2078 324 2140 alter
341 2079 380 2141 ad
398 2078 533 2141 alterum
558 2095 564 2138 :
586 2077 731 2152 Sanctus,
749 2077 891 2152 Sanctus,
948 2095 1001 2142 no,
1028 2073 1137 2146 idest,
1162 2073 1303 2134 universi
1328 2072 1517 2146 sacerdotes,
1543 2075 1693 2156 praedica-

143 2177 291 2250 Sanctus,
302 2177 455 2239 Dominus
471 2178 554 2239 Deus
569 2175 774 2239 exercituum.
786 2177 893 2258 ltaque
947 2179 1031 2235 tores
1055 2191 1092 2234 ac
1116 2172 1221 2234 Patres
1246 2172 1320 2234 novi
1349 2170 1541 2234 Testamenti
1572 2173 1635 2234 Deo
1660 2193 1693 2236 sc

144 2274 290 2338 Ecclesia
314 2275 456 2337 militans
480 2275 691 2356 triumphanti
716 2293 750 2337 se
771 2275 893 2337 conlor-
947 2270 1113 2333 bumiliter
1127 2278 1376 2352 prostraverunt,
1393 2279 1423 2331 et
1438 2273 1619 2332 adorabant
1644 2275 1693 2336 Vt-

143 2381 213 2434 mat
237 2371 385 2436 Ecclesiae
415 2373 447 2434 in
477 2373 624 2435 laudibus
648 2373 716 2446 Dei,
741 2380 893 2454 tanquam
949 2379 1072 2429 ventem
1088 2372 1125 2429 in
1139 2372 1257 2428 serenta
1271 2372 1475 2438 soecntornm,
1484 2367 1515 2430 id
1531 2377 1578 2431 cst
1593 2370 1693 2432 Deum

142 2478 281 2532 ventura
302 2471 342 2532 ad
364 2470 462 2546 illam,
479 2479 511 2533 et
532 2470 632 2533 Deum
656 2489 729 2532 cum
751 2469 805 2532 illa
824 2471 893 2532 siue
947 2485 1060 2530 verum
1076 2485 1112 2528 ac
1129 2465 1372 2548 sempiternum,
1390 2465 1445 2548 qui
1461 2465 1494 2528 in
1510 2485 1543 2528 se
1560 2467 1629 2550 ipso
1649 2467 1694 2531 in-

143 2569 215 2631 line
235 2568 373 2631 feliciter
391 2567 564 2630 laudatura.
581 2569 687 2643 Porro,
704 2568 736 2630 in
757 2586 794 2631 eo
809 2569 894 2649 quod
949 2564 1171 2628 tellectualiter
1204 2581 1241 2626 ac
1275 2563 1555 2646 superbeatissime
1588 2566 1693 2646 vivit;

143 2675 195 2730 ter
207 2689 223 2724 u
234 2667 368 2729 Sanctus
379 2689 395 2726 a
408 2666 577 2749 profertur,
589 2666 894 2748 supersanctissimae
949 2671 1060 2745 estque
1076 2663 1197 2736 vivens,
1214 2671 1245 2724 ct
1260 2663 1510 2744 simplicissima,
1522 2663 1695 2746 purissima

142 2765 309 2828 Trinitatis
324 2767 509 2847 mysterium
524 2765 778 2844 commendatum
790 2765 894 2828 unitas
948 2781 984 2825 ac
1005 2760 1204 2824 nobilissima
1223 2760 1298 2834 vita,
1315 2779 1415 2842 quum
1435 2761 1475 2822 sit
1495 2761 1564 2844 ipsa
1579 2761 1694 2824 veritas

140 2881 223 2926 vero
237 2863 423 2936 divinitatis
442 2882 498 2944 per
518 2863 577 2925 boc
593 2863 677 2945 quod
693 2863 896 2944 singulariter
949 2868 981 2924 et
996 2860 1173 2942 sapientia;
1189 2866 1219 2921 et
1236 2859 1268 2921 in
1284 2876 1323 2921 eo
1337 2865 1411 2920 sunt
1431 2858 1516 2921 idem
1536 2859 1643 2922 vivere
1663 2868 1695 2922 et

140 2961 305 3036 subditur,
330 2961 515 3024 «Dominus
540 2961 622 3024 Deus
647 2961 848 3042 omnipotens
864 2983 892 3022 a.
950 2958 1127 3040 intelligere
1142 2965 1237 3038 atque
1251 2957 1393 3038 diligere.
1407 2957 1493 3019 Unde
1509 2957 1573 3019 vita
1587 2975 1694 3039 super·

140 3059 290 3141 Denique
305 3060 388 3122 Deus
408 3059 566 3141 gloriosus
585 3077 621 3121 ac
642 3059 832 3134 adorandus,
847 3067 895 3120 est
913 3061 935 3124 C
950 3057 1130 3139 dignissimi
1156 3055 1222 3128 liei,
1245 3061 1293 3117 est
1316 3074 1381 3118 suae
1405 3062 1530 3118 aeternae
1551 3055 1693 3120 veritatis

139 3158 359 3220 essentialiter
373 3157 711 3232 sanctusetsanctitas
726 3157 894 3220 omnifarie
950 3153 1291 3238 superdeliciosissima
1314 3153 1550 3235 contemplatio,
1574 3161 1605 3216 et
1629 3174 1693 3218 suae

141 3257 286 3330 infinita,
304 3275 404 3338 quum
421 3256 489 3339 ipse
504 3257 546 3319 sit
561 3256 685 3320 bonitas
701 3275 792 3339 pura,
814 3257 894 3318 veri·
950 3254 1084 3318 inlinitau
1110 3253 1260 3316 bonitatis
1284 3252 1488 3334 sempiterna,
1513 3252 1694 3314 ardentissi-

140 3364 191 3418 tas
214 3355 366 3427 increata,
389 3355 510 3438 puritas
535 3355 748 3430 interminata,
774 3373 894 3437 ensque
950 3373 1001 3416 ma
1022 3360 1053 3414 et
1074 3348 1358 3434 superdulcissima
1377 3349 1516 3412 dileetio.

695 3785 889 3871 SERMO
926 3783 1144 3870 PRIMUS

352 4053 392 4098 bit
412 4052 536 4098 NATURA
557 4052 595 4097 ΕΤ
615 4051 762 4098 esserum
784 4051 920 4096 AETERNAE
941 4049 1286 4105 suruuaoartssntnnouu
1305 4049 1488 4106 minirum,

675 4151 713 4196 ΕΤ
733 4149 849 4206 QUALES
870 4149 983 4195 lleGA‘l*
1004 4147 1163 4195 GULTORES.

207 4435 396 4503 ANCTL'S,
408 4435 562 4502 Sanctus,
574 4433 726 4501 Sanctus,
737 4431 934 4495 Domtnnsl)
950 4429 1060 4502 sentia,
1078 4446 1141 4490 una
1157 4427 1315 4508 majestas.
1332 4427 1475 4490 Persona
1494 4445 1571 4490 vero
1590 4426 1630 4489 ab
1650 4427 1696 4489 in·

222 4537 312 4595 Dens
327 4532 537 4606 pinnipotens.
554 4529 650 4612 Apoc.
669 4547 709 4604 ιν,
726 4528 755 4593 8.
949 4527 1053 4587 vicem
1075 4533 1149 4588 suut
1168 4525 1335 4599 distincte,
1354 4525 1397 4588 ita
1416 4526 1501 4607 quod
1520 4526 1610 4588 Pater
1632 4544 1695 4588 non

188 4631 345 4705 Quoniam
361 4629 455 4691 bodie
468 4647 601 4691 summae
618 4628 780 4690 ‘lrinitatis
795 4627 896 4691 solen·
951 4631 998 4686 est
1014 4625 1111 4686 Filius
1131 4631 1185 4686 aut
1205 4623 1342 4706 Spiritus
1361 4623 1505 4697 Sanctus,
1522 4643 1581 4686 nec
1598 4624 1695 4687 Filius

143 4731 232 4794 nitas
247 4729 363 4810 agitur,
379 4727 499 4810 aliquid
516 4727 555 4789 de
571 4727 639 4810 ipsa
654 4726 806 4788 l'rinitatc
823 4727 896 4788 sim·
951 4732 999 4786 est
1018 4725 1107 4787 Pater
1128 4732 1183 4785 arrt
1202 4724 1339 4805 Spiritus
1361 4724 1505 4798 Sanctus,
1523 4744 1582 4787 nec
1600 4725 1696 4807 Spiri-

143 4829 278 4913 plicitcr
291 4835 340 4890 est
355 4826 536 4888 dicendum.
555 4826 609 4888 Est
629 4826 735 4907 itaque
751 4824 832 4887 lides
847 4844 896 4887 ca·
951 4830 1001 4885 tus
1022 4822 1155 4885 Sanctus
1176 4830 1224 4884 est
1242 4823 1332 4884 Pater
1349 4830 1404 4884 aut
1422 4823 1530 4884 Filius.
1550 4822 1602 4885 llae
1621 4841 1696 4903 ergo

140 4926 279 5000 thelica,
305 4924 390 5007 quod
415 4923 561 5007 quamvis
586 4924 668 4986 Deus
693 4923 734 4985 sit
759 4943 840 4985 unus
866 4931 897 4985 et
952 4930 1014 4984 tres
1034 4939 1187 5003 personae,
1205 4921 1354 4984 videlieet
1373 4922 1472 4994 Pater,
1489 4927 1520 4984 et
1539 4921 1648 4996 Filius,
1665 4929 1696 4984 et

143 5042 276 5088 summe
299 5022 436 5104 simplex
458 5021 490 5083 in
513 5041 577 5084 suae
599 5021 726 5083 deitatis
748 5021 896 5094 essentia,
952 5021 1089 5102 Spiritus
1118 5020 1262 5092 Sanctus,
1292 5027 1367 5081 sunt
1399 5018 1695 5092 consubstantiales,

142 5123 251 5186 nibilo
283 5120 389 5183 minus
418 5119 520 5182 trinus
545 5119 648 5181 estin
675 5119 829 5202 personis
857 5119 899 5181 ita
952 5119 1127 5201 coaequales
1150 5125 1181 5181 et
1204 5125 1375 5180 coaeternae.
1400 5117 1436 5179 Et
1458 5118 1547 5179 Pater
1566 5136 1630 5180 non
1650 5125 1698 5180 cst

144 5221 234 5303 quod
257 5226 323 5282 tres
344 5235 487 5301 personae
507 5224 581 5279 sunt
603 5237 685 5279 unus
706 5218 800 5292 Deus,
824 5218 898 5299 quia
953 5217 992 5280 ab
1017 5217 1145 5298 aliquo;
1172 5217 1270 5278 Filius
1295 5234 1369 5278 vero
1393 5235 1411 5276 a
1434 5217 1522 5278 Patre
1546 5217 1613 5278 solo
1637 5223 1695 5288 est,

146 5321 181 5384 in
202 5319 309 5382 tribus
329 5317 475 5400 personis
493 5323 541 5378 est
561 5335 623 5378 una
642 5316 753 5392 deitas,
769 5335 833 5378 una
851 5335 897 5378 es·
953 5315 1029 5398 quia
1044 5315 1234 5378 {eternaliter
1246 5313 1373 5395 genitus
1388 5322 1436 5376 est
1450 5313 1698 5387 aPatre.Qucm·
