4164 6258
439 437 499 505 2st
791 461 939 509 boumlca
960 462 992 508 tv
1012 462 1085 507 POST
1105 459 1300 507 autumabat.
1321 479 1360 490 -
1382 461 1481 509 seluto
1501 462 1638 518 Quantus

441 629 520 692 dicit
534 630 689 694 Dominus
706 633 789 696 Deus
806 653 813 698 t
829 633 897 696 Non
918 632 1071 696 deficient
1089 651 1187 715 panes
1201 633 1227 696 Α
1242 652 1299 715 per
1313 640 1449 716 quatuor
1463 653 1586 698 menses
1602 634 1768 699 continuos
1782 637 1894 718 erogati
1907 645 1964 699 sunt

443 729 476 791 in
499 729 615 809 sportis
638 729 698 804 bis,
719 730 820 795 donec
843 731 997 793 satiemur
1017 749 1127 794 omncs
1148 732 1188 794 dc
1243 750 1340 813 panes
1355 733 1393 794 ad
1409 733 1639 796 sufficientiam
1654 751 1693 796 ex
1708 734 1821 816 sportis
1836 733 1964 814 illis;ncc

443 825 590 908 frugibus
620 827 719 892 novis.
746 829 785 891 Et
808 828 929 891 lactum
959 836 1007 892 est
1031 829 1082 892 ita.
1108 829 1186 892 Nam
1242 829 1363 912 aliquid
1385 838 1472 894 taum
1494 839 1637 914 tempore
1658 831 1770 894 deluit.

967 1258 1159 1344 SERMO
1198 1257 1468 1360 QUARTUS

546 1523 586 1569 bs
606 1522 790 1569 mundanus
812 1520 956 1567 lll'l'ANDlS
977 1518 1114 1576 sobicus,
1137 1519 1176 1564 DE
1197 1518 1382 1565 imputandis
1401 1519 1595 1578 nemsslous,
1615 1519 1654 1567 AG
1675 1520 1715 1566 ΠΕ
1736 1521 1887 1568 euoluere

854 1619 937 1666 loeo
958 1617 1118 1665 tunicatum
1140 1619 1177 1663 ΕΤ
1196 1616 1389 1664 confitentum
1410 1618 1571 1664 rnoxutos

512 1901 646 1962 ome
657 1901 827 1976 judicare,
843 1908 874 1958 et
893 1917 959 1959 uon
971 1899 1188 1976 jcdiccbimi-
1204 1897 1227 1959 B
1243 1913 1392 1978 procaces
1407 1897 1446 1959 ad
1462 1897 1676 1976 irridendum3
1693 1904 1725 1960 ct
1739 1897 1839 1960 dubia
1859 1897 1971 1979 paratio

524 1999 570 2058 ni.
588 1996 663 2058 Luc.
681 2015 723 2071 vr,
740 1996 788 2058 37.
1242 2013 1292 2056 res
1308 2002 1383 2057 sunt
1397 1995 1522 2057 trahere
1536 1994 1576 2056 ad
1591 2002 1714 2077 partem
1734 1995 1877 2078 pejorem
1892 2014 1970 2077 quarn

481 2093 625 2157 Christus
654 2094 685 2156 in
710 2094 876 2175 evangelie
905 2093 1058 2156 hodierno
1089 2093 1189 2154 multa
1242 2092 1418 2167 meliorem,
1436 2093 1467 2154 in
1489 2093 1548 2156 boe
1566 2093 1758 2156 arbitrantes
1777 2112 1813 2156 se
1832 2095 1971 2176 sapientes

440 2191 652 2254 saluberrima
684 2192 775 2255 nobis
807 2193 956 2275 proponit
985 2192 1186 2253 documenta.
1240 2197 1272 2252 et
1292 2190 1461 2263 virtuosos,
1478 2190 1563 2271 quod
1584 2190 1663 2253 alios
1684 2191 1724 2253 dc
1746 2190 1970 2273 insipientiaac

440 2290 557 2364 Prim0‚
575 2298 610 2351 ut
627 2291 727 2352 simus
749 2291 969 2353 misericordes
988 2307 994 2352 :
1011 2290 1050 2352 dc
1071 2307 1135 2371 quo
1155 2291 1186 2351 in
1241 2287 1327 2350 vitiis
1350 2296 1471 2362 notant,
1494 2288 1650 2368 judicant,
1674 2295 1816 2369 arguunt
1845 2296 1877 2350 et
1896 2287 1971 2350 dilla-

307 2387 567 2460 cs.p.aorduobus
599 2387 805 2469 praeinductis
836 2387 1037 2450 sermonibus
1065 2387 1186 2449 dictum
1242 2393 1339 2460 mant,
1362 2405 1462 2469 quum
1489 2387 1594 2467 potius
1618 2386 1825 2448 obscuratum
1849 2387 1890 2448 sit
1909 2385 2051 2447 insi-asin

292 2474 342 2514 ‘¹⁸'
440 2493 498 2547 est.
521 2485 678 2556 Secundo,
701 2492 735 2546 ut
759 2503 822 2547 non
845 2485 1036 2565 judicemus.
1064 2486 1097 2547 ln
1124 2503 1187 2567 quo
1240 2484 1332 2565 piens
1348 2502 1402 2545 cor
1417 2491 1642 2565 eorum,atque
1657 2484 1796 2546 inaniter
1810 2503 1848 2546 ac
1862 2484 1971 2546 damna-

439 2582 538 2645 vcrbo
560 2583 723 2665 prohibuit
744 2583 834 2645 nobis
855 2584 1043 2651 inordinata.
1062 2584 1187 2645 incanta
1240 2581 1347 2642 biliter
1362 2581 1581 2663 complaceant
1596 2581 1970 2663 sibimetipsiszquoniarn

438 2687 471 2743 ct
490 2681 588 2742 nimis
607 2681 687 2744 dura
706 2681 838 2762 judicia,
855 2699 919 2743 non
940 2690 1044 2744 autem
1066 2682 1187 2762 judicia
1239 2680 1383 2762 proprias
1408 2679 1675 2752 delectuositatcs,
1693 2680 1971 2761 presumptuosu-

438 2779 593 2852 ordinata,
618 2780 792 2853 caritativa,
820 2780 1043 2862 prudentialia,
1067 2787 1187 2862 tempe·
1240 2785 1286 2839 tes
1302 2786 1333 2839 et
1349 2777 1425 2840 vitia
1441 2795 1503 2840 non
1519 2778 2046 2859 perpendunt,aestimantesscou-

439 2883 515 2951 rata,
537 2897 637 2959 quum
662 2878 739 2940 alibi
761 2878 846 2940 dicat
867 2877 1009 2940 Salvator
1030 2897 1037 2941 :
1060 2878 1090 2940 Si
1118 2897 1188 2960 pec·
1239 2875 1360 2957 aliquid
1383 2893 1463 2950 csse,
1480 2895 1580 2959 quum
1603 2875 1684 2938 nibil
1707 2876 1780 2938 sint.

305 2979 318 3008 l
382 2997 387 3010 ·
439 2976 558 3039 caverit
574 2976 607 3037 in
622 2983 653 3038 te
669 2975 766 3038 irater
781 2975 999 3059 tuus,corripe
1015 2995 1088 3039 cum
1106 2977 1187 3039 inter
1275 2974 1634 3056 Praeterca‚praecipuum
1651 2975 1912 3056 impedimentum
1926 2992 1975 3056 quo

438 3082 469 3136 te
489 3081 521 3136 et
540 3074 647 3156 ipsum
668 3075 782 3137 solum.
799 3075 868 3137 Non
888 3073 974 3136 enim
995 3074 1185 3156 corripimus
1202 3076 1223 3139 C
1243 3073 1362 3155 plures,
1379 3089 1442 3135 non
1465 3072 1569 3134 solum
1591 3073 1771 3148 saeculares,
1788 3075 1846 3136 scd
1869 3082 1899 3136 et
1919 3073 1975 3135 reli-

438 3173 589 3254 aliquem,
606 3172 668 3235 nisi
689 3172 872 3253 judicemus
894 3192 968 3234 cum
991 3192 1059 3235 csse
1082 3173 1188 3256 culpa·
1242 3170 1334 3253 giosi,
1350 3189 1369 3232 a
1384 3169 1542 3251 spirituali
1565 3169 1721 3251 proiectu,
1738 3178 1804 3233 eta
1820 3172 1931 3234 virtute
1947 3190 1975 3232 ac
2080 3188 2081 3251 j

438 3269 537 3334 bilem
560 3288 566 3332 :
589 3287 664 3352 erge
688 3271 846 3352 correptio
869 3271 1027 3351 judicium
1053 3271 1189 3334 includit
1241 3269 1342 3350 gratia
1372 3268 1509 3350 Spiritus
1542 3268 1646 3331 Sancti
1680 3269 1912 3352 impediuntur,
1939 3280 1975 3332 est

437 3389 474 3432 ac
490 3369 719 3452 praesupponit.
738 3370 882 3452 Denique
902 3377 1008 3432 ectum
1024 3371 1189 3433 evidenter
1241 3367 1325 3447 quod
1342 3366 1468 3428 incaute
1484 3384 1517 3428 se
1532 3365 1650 3428 babent
1663 3366 1842 3448 judicando
1857 3369 1895 3430 de
1908 3367 1974 3430 aliis

439 3467 559 3530 bonum
575 3467 626 3529 vel
643 3468 762 3530 malum
780 3485 950 3550 possumus
964 3469 1188 3549 judicare,non
1241 3466 1362 3538 Quanto
1377 3465 1496 3526 etenim
1513 3464 1584 3545 quis
1599 3465 1755 3527 curiosior
1770 3483 1808 3528 ac
1824 3467 1976 3530 instantior

439 3573 546 3627 autem
567 3581 749 3647 personam,
764 3573 836 3628 actu
858 3573 1012 3640 cessante,
1029 3585 1102 3628 cum
1123 3586 1188 3630 cer·
1241 3571 1289 3624 cst
1308 3563 1346 3624 ad
1369 3563 1602 3626 observandum
1624 3571 1656 3626 ct
1674 3564 1887 3644 judicandum
1908 3565 1975 3627 lacta

440 3662 577 3724 titudine
592 3662 737 3725 absoluta
754 3679 762 3724 ε
779 3681 852 3724 nam
868 3663 1011 3744 quolibet
1027 3673 1189 3728 momento
1241 3661 1389 3734 aliorum,
1405 3669 1492 3725 tanto
1508 3662 1581 3744 plus
1597 3662 1807 3744 impeditura
1822 3663 1873 3728 sui
1891 3665 1976 3747 ipsius

441 3768 545 3842 potest
566 3768 714 3842 peccator
728 3761 883 3824 veraciter
903 3763 1059 3843 poenitere
1076 3771 1107 3825 et
1121 3771 1189 3826 tan-
1241 3758 1451 3821 saluberrima
1472 3760 1671 3823 discussione
1691 3769 1723 3823 el
1744 3780 1819 3825 vera
1840 3763 1977 3844 dijudica-

440 3859 471 3939 gi
486 3877 506 3920 a
520 3858 642 3939 Spiritu
658 3859 782 3922 Sancto.
795 3860 867 3924 ldco
884 3860 1025 3942 loquitur
1039 3862 1187 3942 Augusti·
1241 3857 1342 3937 tione3
1352 3865 1383 3919 et
1397 3857 1525 3920 tandem
1542 3857 1588 3919 sic
1603 3861 1883 3942 excecatur,quod
1898 3861 1977 3922 etiam

441 3975 502 4018 nus
519 3973 526 4017 :
544 3957 645 4029 Ouum
669 3958 889 4041 unusquisque
908 3966 963 4021 aut
977 3960 1030 4022 vix
1049 3968 1104 4021 aut
1123 3978 1187 4024 non
1241 3955 1325 4017 bona
1345 3956 1480 4018 aliorum
1501 3955 1598 4018 trahit
1619 3956 1651 4018 in
1674 3957 1780 4038 pejus,
1797 3977 1835 4020 ac
1855 3958 1976 4020 detrabit

441 4073 548 4117 veram
573 4055 673 4137 possit
693 4055 732 4118 de
752 4074 785 4118 sc
805 4056 875 4138 ipso
897 4057 1040 4138 prolerre
1062 4067 1187 4121 senten·
1240 4053 1323 4126 aliis,
1350 4053 1514 4134 negligens
1544 4071 1673 4136 prorsus
1702 4073 1736 4117 sc
1767 4055 1886 4137 ipsum.
1915 4057 1976 4118 ldeo

440 4153 529 4226 tiam,
555 4153 714 4234 quomodo
741 4161 845 4235 potest
871 4154 1015 4235 judicare
1044 4156 1083 4217 dc
1112 4157 1185 4231 alio,
1240 4151 1387 4214 Salomon
1417 4151 1461 4213 ait
1486 4171 1493 4216 ε
1519 4151 1578 4226 Oui
1607 4151 1792 4216 observator
1820 4163 1869 4218 est
1893 4154 1974 4217 malo·
1999 4167 2051 4210 rna

295 4266 425 4320 teanum.
440 4270 541 4333 quum
554 4251 646 4332 juxta
660 4250 837 4315 doctrinam
852 4253 1006 4334 Apostoli,
1023 4254 1100 4335 quid
1115 4273 1186 4336 aga-
1201 4258 1225 4319 D
1241 4270 1324 4324 rum,
1346 4251 1546 4332 opprimetur
1569 4251 1609 4313 ab
1634 4251 1689 4314 eis.
1715 4253 1887 4334 Apostolus
1910 4269 1975 4334 que
1986 4237 2009 4276 ‘⁷'

440 4351 548 4412 turin
574 4350 714 4422 homine,
736 4368 831 4413 nenio
855 4351 945 4424 sciat,
967 4351 1029 4413 nisi
1054 4353 1185 4435 spiritus
1240 4370 1303 4432 que
1329 4367 1335 4411 :
1362 4350 1408 4412 Tu
1433 4349 1506 4430 quis
1536 4367 1581 4423 es,
1607 4350 1662 4432 qui
1689 4349 1818 4432 judicas
1847 4352 2055 4414 alienumrnn·

439 4447 601 4510 bominisl
617 4447 662 4510 En
677 4448 727 4510 bis
743 4455 839 4529 patet,
855 4467 951 4530 quam
967 4448 1186 4532 imprudenter
1240 4451 1391 4512 servuml
1407 4448 1470 4511 Suo
1491 4447 1621 4510 domino
1643 4455 1703 4512 stet
1722 4457 1777 4511 aut
1796 4451 1891 4512 cadit.
1908 4450 1974 4511 llinc

440 4552 472 4607 et
494 4544 674 4608 intimoratc
696 4564 729 4607 se
752 4545 890 4608 habeant
907 4547 1011 4620 multi,
1030 4550 1085 4630 qui
1105 4551 1185 4612 lacta
1240 4547 1340 4610 sancti
1366 4546 1470 4609 Patres
1496 4547 1528 4608 in
1551 4563 1659 4609 eremo
1683 4547 1890 4628 singulariter
1909 4547 1974 4610 vita-

439 4643 575 4705 aliorum
593 4649 658 4704 tam
679 4643 771 4724 proni
792 4649 866 4706 sunt
884 4644 1028 4725 judicare
1047 4665 1083 4708 ac
1103 4648 1186 4709 vitu·
1240 4645 1316 4706 bant
1332 4645 1458 4706 incauta
1470 4643 1602 4724 judicia,
1619 4662 1678 4706 nec
1694 4643 1833 4707 faciliter
1847 4645 1974 4727 aliquem

440 4757 562 4822 perarc,
578 4747 610 4802 et
624 4739 710 4802 lucili
731 4741 899 4805 occasione
919 4742 958 4804 de
979 4743 1184 4807 interioribus
1237 4743 1470 4824 judicaverunt.
1489 4742 1575 4805 Unde
1595 4743 1792 4826 quicumque
1814 4745 1905 4826 cupit
1923 4743 1975 4806 beo

438 4837 553 4899 anima
565 4836 710 4918 judicare
726 4847 935 4919 praesumunt,
951 4848 1046 4922 atquc
1062 4861 1100 4904 ex
1115 4843 1184 4923 qui·
1239 4840 1374 4922 placere,
1392 4840 1424 4902 in
1440 4840 1540 4920 gratia
1556 4859 1752 4922 permanere,
1765 4841 1797 4903 in
1814 4841 1975 4904 virtutibus

438 4932 580 4996 buslibet
605 4933 697 4996 lactis
721 4936 889 5016 praeteritis
913 4937 1016 5000 adbuc
1039 4938 1185 5018 judicant
1237 4956 1366 5020 quoque
1388 4938 1557 5020 prolicere,
1579 4938 1722 5020 quotidie
1742 4939 1904 5013 observet,
1923 4938 1975 5000 dis·

438 5031 477 5093 de
498 5049 643 5113 persona,
660 5050 733 5094 cum
753 5035 927 5098 assertione
947 5036 1032 5117 quod
1052 5037 1093 5098 sil
1112 5036 1184 5099 talis
1238 5035 1347 5110 cutiat,
1367 5036 1490 5117 judicet
1512 5043 1544 5098 ct
1565 5036 1697 5118 castiget
1718 5055 1751 5099 sc
1774 5038 1895 5119 ipsum,
1916 5055 1973 5119 pro

438 5129 565 5191 ettalis.
583 5130 637 5192 lsti
657 5131 891 5196 suntbomines
910 5135 1182 5217 incircumspecti,
1237 5135 1307 5216 pria
1338 5142 1467 5216 peccata
1497 5135 1667 5208 intueatur,
1697 5143 1859 5216 aggravet,
1889 5135 1973 5198 ulcis·

438 5228 587 5292 malitiosi
607 5228 743 5306 stratui,
761 5231 853 5312 proni
873 5233 911 5294 ad
931 5232 1181 5315 obloquendum,
1238 5240 1327 5297 catur
1343 5250 1351 5314 ;
1380 5234 1420 5297 de
1451 5233 1522 5296 aliis
1555 5234 1638 5297 bene
1671 5234 1797 5310 sentiat,
1829 5245 1973 5318 quantum
