4154 6258
440 491 587 538 nommm
607 492 672 538 xvir
693 492 766 539 rosr
786 493 980 540 minimam.
1000 512 1040 523 -
1061 495 1160 542 semo
1181 494 1334 542 sccunnus
1601 470 1659 537 llll

106 679 172 724 nus
189 660 334 725 :Avarus
355 661 471 724 similis
493 670 541 724 est
561 660 696 726 inferno.
711 661 859 726 lnfernus
873 663 899 729 Α
914 682 986 726 rum
1002 665 1045 728 sit
1062 664 1231 740 bonorum,
1247 672 1365 748 quanta
1384 661 1542 727 beneficia
1562 659 1662 724 inces-

106 760 198 822 enim
220 766 497 842 quantoscumque
518 759 677 836 absorbet,
694 779 858 844 nunquam
913 763 1057 826 sabiliter
1084 763 1236 845 largiatur
1264 763 1460 828 bominibus.
1492 759 1663 824 Considera

106 857 200 932 dicit,
224 856 373 937 Sufficit3
390 857 436 920 sic
461 877 520 920 nec
544 877 669 934 avarus,
692 867 860 942 quantum·
914 861 1043 924 demum
1059 879 1155 944 quarn
1172 861 1391 925 indesinenter
1404 868 1437 924 et
1451 860 1535 923 clare
1551 859 1617 941 ipse
1630 865 1663 920 te

105 975 250 1038 cumque
270 956 418 1038 acquirit.
442 955 611 1039 Gregorius
634 976 761 1040 quoque
781 958 858 1022 fate·
914 968 946 1022 et
960 960 1069 1023 omnia
1083 960 1255 1034 intueatur,
1270 967 1426 1044 quantum
1443 959 1545 1042 ipsam
1560 956 1663 1020 acedi-

105 1061 162 1116 tur
178 1071 186 1115 :
203 1053 314 1117 Omnis
326 1073 442 1117 evasus
455 1073 497 1118 ex
511 1063 589 1137 potu
603 1055 689 1119 sitim
706 1057 860 1138 multipli·
912 1077 966 1120 am
980 1059 1166 1132 detestetur,
1175 1066 1326 1142 quantam
1342 1057 1580 1121 damnationem
1595 1074 1664 1119 ace·

106 1160 170 1226 cat,
199 1152 275 1234 qnia
303 1153 380 1215 dnm
410 1171 448 1216 ea
478 1172 548 1235 quae
575 1155 697 1237 appetit
725 1155 859 1236 adeptus
914 1156 1012 1220 diesis
1028 1156 1163 1238 infliget.
1172 1157 1337 1240 Siquidem
1350 1158 1382 1219 in
1395 1154 1585 1238 Apocalypsi
1599 1154 1660 1216 ait:

107 1251 218 1324 fuerit,
234 1251 273 1314 ad
294 1251 501 1334 adipiscenda
521 1252 584 1314 alia
604 1253 743 1335 amplius
764 1253 859 1316 anbe-
914 1255 993 1330 Ouia
1011 1255 1138 1336 tepidus
1158 1273 1203 1330 cs,
1227 1255 1379 1336 incipiam
1398 1261 1430 1316 te
1454 1270 1601 1316 evomere
1623 1251 1662 1314 de
1676 1269 1810 1326 emutio.

109 1350 162 1412 lat.
176 1350 320 1431 Denique
336 1350 466 1432 quidam
482 1350 541 1412 bac
556 1351 609 1414 siti
625 1351 669 1413 ita
684 1351 858 1426 insaniunt,
914 1371 969 1417 ore
982 1371 1069 1434 meo;
1079 1355 1170 1436 quasi
1184 1354 1441 1428 dicat,Nauseam
1455 1351 1556 1414 habeo
1569 1351 1608 1413 de
1620 1357 1660 1412 te.

109 1455 145 1509 ut
167 1447 265 1509 etiam
289 1447 425 1511 aliorum
451 1448 534 1512 bona
555 1457 664 1531 optare
687 1467 750 1512 non
773 1467 859 1512 vere·
956 1451 1059 1525 Sexta,
1077 1458 1125 1515 est
1138 1451 1326 1533 genitalium
1344 1449 1478 1524 inflatio,
1495 1467 1553 1531 per
1568 1465 1664 1531 quarn

107 1555 216 1620 antur,
239 1553 294 1608 aut
318 1564 375 1628 per
401 1546 547 1610 fraudem
572 1547 707 1622 occulte,
727 1547 779 1610 vel
804 1566 861 1630 per
916 1550 1042 1612 luxuria
1057 1551 1250 1632 designatur.
1269 1550 1323 1611 Est
1342 1566 1470 1631 quoque
1488 1547 1665 1630 proprietas

108 1643 297 1707 violentiam
322 1645 491 1708 manifeste
517 1664 628 1729 rapere
655 1646 826 1708 moliantur
852 1663 859 1708 :
916 1646 1546 1730 hydropicifoetcranhelitus,perqnem
1562 1644 1667 1726 aptius

108 1741 230 1824 quibus
249 1743 409 1806 damnatio
431 1743 579 1806 imminet
600 1745 795 1827 sempiterna
815 1743 861 1806 ni·
918 1745 1119 1826 significatur
1144 1745 1280 1818 luxuria,
1309 1745 1341 1806 in
1366 1752 1499 1827 quaest
1528 1741 1667 1805 maxima

108 1840 173 1902 mis
205 1841 402 1920 gravissima.
433 1841 544 1904 Avaris
576 1859 650 1922 ergo
681 1842 860 1904 timendum
881 1843 1083 1925 Bturpitndo
1098 1851 1130 1906 et
1145 1842 1319 1906 bestialitas
1334 1842 1418 1906 foeda
1432 1860 1469 1905 ac
1484 1841 1667 1904 inhonestas

108 1946 160 2000 est
182 1938 391 2002 vehementer
415 1940 501 2022 quod
530 1941 614 2002 Deus
640 1940 781 2022 loquitur
805 1959 863 2022 per
918 1942 1143 2004 erubescenda.
1157 1941 1244 2014 Quod
1259 1941 1285 2003 si
1303 1941 1346 2002 ita
1360 1947 1419 2014 est,
1436 1959 1531 2021 quam
1547 1946 1666 2021 turpes,

2 2068 49 2100 m.
75 2089 80 2098 .
108 2037 225 2100 isaiam
255 2054 261 2098 :
287 2037 340 2100 Vae
364 2038 420 2120 qui
445 2037 640 2118 conjungitis
667 2038 798 2100 domum
823 2038 862 2099 ad
917 2039 1024 2102 vitiosi
1043 2059 1081 2102 ac
1101 2039 1203 2102 foetidi
1227 2047 1302 2101 sunt
1323 2056 1428 2102 coram
1450 2037 1606 2100 altissimo
1625 2043 1669 2098 at-

109 2136 256 2208 domum,
281 2143 312 2198 et
336 2154 448 2216 agrum
473 2153 549 2217 agro
571 2135 746 2218 copulatis3
770 2155 862 2198 num·
917 2156 980 2219 que
1000 2138 1203 2200 sanctissimo
1222 2137 1297 2212 Deo,
1314 2137 1369 2219 qui
1392 2154 1455 2199 non
1479 2136 1583 2198 solum
1605 2153 1668 2196 una

108 2234 189 2316 quid
215 2233 401 2296 habitabitis
424 2251 481 2298 vos
506 2234 565 2298 soli
590 2235 623 2296 in
647 2237 753 2296 terrai
770 2234 862 2297 Disce
917 2255 953 2298 ac
976 2236 1116 2318 simplici
1139 2235 1348 2298 fornicatione
1368 2251 1401 2296 se
1424 2233 1595 2306 maculant,
1612 2231 1667 2294 sed

108 2349 197 2412 ergo,
215 2349 234 2395 o
249 2331 437 2406 Christiane,
455 2331 634 2414 spiritualia
653 2333 761 2412 gratie
780 2333 863 2394 dona
918 2342 948 2396 et
963 2333 1120 2397 adulterio
1134 2340 1165 2395 et
1180 2331 1435 2395 consuetudinali
1454 2330 1667 2393 luxuriatione

107 2438 273 2512 appetere,
291 2449 454 2492 summurn
479 2438 511 2492 et
535 2429 785 2513 incomparabile
810 2430 863 2492 bo
917 2431 1038 2514 absque
1054 2433 1145 2494 freno
1160 2450 1194 2494 se
1214 2431 1382 2513 polluuntl
1397 2430 1452 2492 llis
1473 2435 1667 2511 praeparatus

109 2547 203 2602 num,
215 2527 386 2591 Dominum
403 2528 503 2592 Deum
519 2537 693 2592 creatorem
709 2536 800 2591 tuum
816 2529 862 2591 di·
917 2538 966 2592 est
980 2531 1073 2593 ardor
1092 2530 1278 2610 gehennalis
1299 2529 1439 2591 incendii
1460 2535 1492 2591 et
1511 2527 1605 2590 foetor
1620 2527 1666 2588 in-

108 2626 222 2706 ligere,
245 2633 395 2689 aeternam
420 2625 600 2688 desiderare
625 2628 759 2690 salutem
778 2644 785 2688 t
802 2626 862 2688 sic·
917 2628 1057 2691 effabilis
1087 2627 1252 2690 infernalis
1281 2627 1442 2707 ergastuli,
1466 2626 1557 2707 Juxta
1586 2625 1666 2686 illud

107 2743 173 2806 que
190 2725 348 2806 despicies
365 2726 424 2786 ista
437 2731 575 2797 terrena,
591 2745 662 2806 qum
677 2723 717 2786 ab
734 2725 861 2787 illorum
916 2725 1123 2808 Apocalypsis
1141 2743 1147 2787 :
1165 2725 1237 2788 Pars
1264 2725 1392 2787 illorum
1414 2725 1475 2786 erit
1498 2724 1530 2786 in
1556 2731 1665 2804 stagno
1681 2736 1812 2786 ramme.

107 2841 220 2885 amore
243 2832 339 2904 atque
361 2823 528 2904 adeptione
551 2822 707 2886 bonorum
730 2823 863 2904 impedi·
917 2824 1040 2885 ardenti
1063 2823 1136 2903 igne
1158 2830 1189 2885 et
1211 2823 1343 2885 sulfure.
1362 2822 1449 2885 Unde
1473 2828 1504 2883 et
1530 2822 1563 2882 in
1583 2821 1665 2884 Psal-

5 2961 7 2972 ,
53 2954 94 2992 αι,
109 2929 182 2994 unt,
199 2922 350 3002 quoniam
374 2920 499 2984 Christo
523 2928 668 2994 testante,
691 2938 785 2985 nemo
811 2938 863 3004 pc
919 2939 971 2984 mo
988 2939 995 2983 :
1012 2922 1107 3002 lgnis,
1123 2920 1228 2982 sulfur
1242 2927 1273 2983 et
1288 2921 1419 3002 spiritus
1440 2920 1664 3002 procellarum,
1693 2936 1732 2981 rs.
1746 2935 1798 2986 nr.

109 3027 175 3082 test
197 3019 262 3081 Deo
283 3019 403 3082 servire
423 3038 460 3082 ao
483 3036 681 3082 mammonae.
881 3024 902 3088 c
918 3039 991 3102 pars
1006 3019 1115 3082 calicis
1129 3018 1176 3099 (id
1196 3027 1245 3080 est
1262 3019 1377 3100 poeuae)
1393 3035 1513 3082 eorum.
1530 3018 1618 3091 Quod
1638 3018 1665 3078 si

149 3117 268 3190 Quarta
285 3118 474 3199 proprietas,
492 3117 661 3198 indigestio
681 3125 728 3180 est
750 3118 862 3180 humo·
919 3126 1019 3180 totum
1041 3117 1101 3180 boc
1121 3125 1169 3180 est
1189 3135 1261 3199 pars
1283 3135 1385 3198 poeuae
1405 3116 1545 3191 illorum,
1563 3115 1665 3198 qualis

108 3235 186 3278 rum
205 3233 212 3276 ε
229 3215 339 3297 sicque
356 3234 412 3296 per
427 3215 638 3298 hydropicum
655 3215 862 3296 designantur
918 3225 950 3278 et
975 3223 1094 3297 quanta
1116 3223 1164 3278 est
1187 3222 1253 3277 tota
1273 3233 1382 3278 eorum
1409 3217 1522 3297 poenal
1545 3214 1596 3276 Vae
1621 3213 1666 3275 in-

109 3314 270 3377 iracundi.
292 3315 340 3376 lra
361 3332 500 3396 namque
521 3321 569 3376 est
590 3313 678 3376 velut
703 3313 810 3376 fumus
831 3323 863 3376 et
917 3314 1114 3377 felicissimis
1143 3332 1180 3376 ac
1208 3313 1366 3376 deflendis
1395 3311 1580 3375 bominibus
1609 3311 1664 3393 qui

105 3430 210 3494 vapor
239 3411 400 3484 incensus,
427 3419 568 3474 mentem
596 3411 771 3485 offuscans,
797 3419 862 3473 tur·
918 3413 1074 3495 quidquid
1099 3413 1145 3474 eis
1170 3412 1370 3493 praedicetur,
1387 3409 1419 3472 in
1444 3410 1510 3472 suis
1536 3416 1666 3472 manent

106 3510 191 3572 bans
207 3517 240 3572 et
260 3510 452 3592 inquietans,
469 3528 527 3592 per
546 3529 642 3593 quern
660 3510 697 3572 lit
713 3511 808 3574 bomo
823 3511 862 3573 si·
918 3513 1093 3596 spurcitiis,
1109 3530 1168 3574 nec
1184 3509 1400 3573 intolerabiles
1420 3527 1587 3591 poenarum
1602 3507 1665 3570 sibi

107 3609 199 3671 milis
224 3607 312 3671 fatuo
341 3616 372 3670 et
401 3607 521 3670 insano.
547 3608 605 3671 Per
629 3609 710 3670 iram
734 3627 861 3692 quoque
918 3610 1154 3676 imminentium
1169 3607 1358 3670 acerbitates
1373 3607 1666 3670 considerantl’re

106 3707 247 3770 societas
267 3714 464 3787 aggravatur,
486 3707 655 3770 concordia
677 3707 860 3788 dissipatur,
916 3719 1014 3783 terea,
1032 3728 1089 3790 per
1111 3714 1292 3790 praetactam
1317 3705 1504 3786 genitalium
1529 3704 1666 3767 inflatio-

107 3806 178 3868 imo
193 3813 226 3868 et
241 3804 377 3887 Spiritus
393 3805 527 3868 Sanctus
546 3805 722 3887 repellitur.
740 3806 813 3868 ldeo
828 3806 861 3868 in
917 3827 991 3870 nem
1022 3812 1126 3889 potest
1155 3804 1290 3885 intelligi
1319 3803 1404 3885 gula,
1431 3823 1501 3884 quae
1532 3801 1665 3865 luxuriae

2 3935 93 3970 tenni.
106 3901 292 3968 Proverbiis
311 3903 446 3966 babetur
464 3921 471 3966 :
489 3903 643 3986 Spiritum
662 3904 702 3967 ad
725 3905 861 3966 irascen-
918 3905 1039 3989 praebet
1055 3903 1218 3967 materiam
1234 3912 1266 3965 et
1281 3902 1423 3984 corporis
1440 3901 1664 3964 inflammatio·

105 4005 189 4067 dum
214 4003 340 4065 facilem
362 4004 435 4084 quis
457 4005 574 4084 poterit
595 4004 774 4066 sustineret
918 4006 950 4066 ni
971 4004 1118 4067 deservit.
1137 4002 1211 4075 Quae
1233 4018 1363 4083 prorsus
1382 4001 1510 4063 vitanda
1530 4008 1579 4062 est
1599 4007 1665 4062 tan-

149 4102 269 4175 Quinta
283 4101 461 4184 proprietas
476 4109 523 4164 est
543 4102 672 4164 tarditas
688 4103 805 4184 pedum
822 4102 860 4164 ad
917 4121 1014 4184 quarn
1038 4119 1113 4163 vere
1139 4109 1305 4181 peccatum
1333 4099 1476 4172 mortale,
1502 4099 1541 4160 ad
1568 4118 1664 4181 quam

105 4200 336 4263 incedendum.
355 4200 472 4282 Sicqne
496 4219 553 4282 per
575 4200 783 4282 hydropicum
808 4202 861 4262 de·
877 4199 901 4261 D
918 4199 1017 4262 multa
1039 4206 1070 4261 et
1095 4215 1208 4278 magna
1229 4204 1358 4278 peccata
1382 4205 1576 4278 sequuntur;
1593 4217 1664 4279 quae

104 4301 280 4380 signantur
302 4299 452 4372 acediosi,
475 4299 531 4380 qui
555 4317 614 4360 neo
639 4298 757 4360 summi
784 4297 860 4362 boni
917 4307 948 4360 ct
974 4299 1128 4360 rationem
1154 4294 1352 4369 obtenebrat,
1378 4311 1493 4376 corpus
1518 4294 1603 4358 laedit
1627 4315 1663 4358 ac

103 4398 330 4462 accenduntur
345 4416 463 4470 amore,
480 4416 538 4459 nec
554 4397 670 4460 divinae
687 4397 860 4477 majestatis
918 4397 1101 4479 indisponit,
1119 4401 1151 4456 et
1167 4394 1264 4456 vitam
1280 4411 1342 4456 non
1359 4412 1472 4475 parum
1488 4393 1661 4457 abbreviat.

104 4495 291 4559 reverentia
311 4501 524 4576 provocantur
544 4495 583 4556 ad
605 4495 763 4575 agendum
785 4495 861 4557 viri·
957 4497 1065 4578 ltaque
1089 4510 1292 4576 quacumque
1317 4491 1475 4573 spirituali
1500 4492 1662 4575 hydropisi

105 4597 196 4668 liter,
214 4612 273 4656 nec
292 4599 411 4673 quanta
431 4592 594 4656 beatitudo
612 4611 649 4655 ac
674 4611 796 4654 merces
819 4594 861 4654 sit
914 4594 980 4675 jam
997 4599 1146 4675 praetacta
1167 4589 1304 4653 infectus
1321 4589 1394 4672 quis
1411 4589 1518 4664 luerit,
1535 4588 1666 4652 festinet

104 4691 311 4756 ferventibus
332 4690 387 4754 Dei
412 4691 566 4754 ministris
590 4699 773 4773 preparata,
790 4711 860 4773 pcr-
917 4693 962 4754 ire
977 4693 1016 4755 ad
1031 4691 1204 4763 Christum,
1217 4705 1322 4751 coram
1340 4689 1409 4770 ipso
1424 4697 1603 4770 prosternat
1617 4708 1662 4762 se,

105 4791 268 4875 pendunt,
285 4790 340 4852 sed
356 4789 395 4852 ad
410 4789 492 4852 bene
507 4790 665 4870 agendum
680 4789 774 4852 taedio
788 4789 859 4851 affi·
915 4789 1146 4872 indulgentiam
1168 4787 1367 4869 gratiamque
1390 4788 1609 4851 conversionis
1633 4797 1664 4851 et

103 4892 241 4953 ciuntur
269 4895 417 4963 tartareo,
444 4906 549 4970 neque
579 4887 611 4950 in
639 4887 859 4969 spiritualibus
915 4888 1147 4954 emendationis
1172 4887 1204 4947 in
1230 4885 1380 4949 omnibus
1403 4886 1602 4969 deprecetur,
1619 4906 1665 4950 re-

102 4989 319 5052 delectantur.
337 4987 540 5050 Considerate
564 5004 650 5066 ergo,
666 5003 686 5048 o
708 4986 858 5060 acediosi,
915 4989 1032 5070 cogitet
1051 5005 1106 5048 suc
1127 4992 1256 5068 peccatu
1275 4992 1308 5046 et
1327 4984 1474 5047 confiteri
1497 4986 1662 5058 acceleret,

103 5105 210 5170 quam
226 5085 387 5148 ferventer
401 5085 582 5167 diligendus
598 5086 638 5147 sit
653 5085 747 5158 Deus,
763 5105 858 5168 quam
915 5106 951 5149 ac
974 5087 1064 5167 juxta
1089 5083 1261 5166 praehabita
1285 5082 1428 5145 instituat
1449 5102 1485 5146 ao
1508 5084 1665 5166 gubernet

104 5191 296 5249 reverenter
318 5202 354 5247 ac
379 5192 525 5267 prompte
552 5182 793 5264 obsequendum
819 5185 861 5246 sit
915 5205 949 5247 se
971 5185 1086 5266 ipsum.

105 5285 152 5359 ei,
169 5303 270 5367 quarn
289 5283 528 5366 copiosissimus
549 5289 767 5346 remunerator
788 5300 860 5364 ope·
956 5283 1085 5363 Legitur
1100 5283 1139 5345 de
1153 5281 1290 5362 quadam
1307 5282 1420 5344 devota
1440 5289 1592 5356 matrona,
1609 5301 1662 5346 cu-
