4154 6258
436 477 496 544 422
792 498 939 546 nouimus
959 499 1012 545 mv
1033 497 1106 544 rosv
1126 496 1320 544 rarmrarau.
1340 513 1381 524 -
1401 495 1500 542 suano
1521 495 1632 542 ramus

438 670 613 733 vindictam
643 676 793 732 exercent
823 685 1011 732 exercereve
1040 667 1183 749 cupiunt.
1201 663 1433 747 dperseveret,
1448 663 1603 728 dicendo:
1614 662 1690 726 Mihi
1705 661 1950 726 automadharerc
1959 685 2038 788 pn,

439 769 498 843 Qui
518 768 653 831 rebelles
674 775 749 830 sunt
768 766 883 831 Christi
904 772 1063 848 praecepto
1081 763 1187 827 dicen·
1241 763 1304 825 Deo
1328 762 1449 825 bonum
1474 770 1540 842 est;
1565 779 1684 844 ponere
1708 760 1740 823 in
1763 759 1886 824 Domino
1905 748 1980 824 bal·

305 877 393 922 Haut
404 892 426 930 v
439 867 510 929 tis:
532 867 691 948 Diligite'
684 865 832 929 mimicos
856 872 988 938 vestros,
1009 862 1187 926 benefacite
1241 880 1331 942 spem
1347 879 1462 924 meam.
1480 861 1530 924 Nil
1550 861 1670 924 etenim
1690 859 1796 922 evenit
1813 857 1952 922 nobisnisi

292 945 371 993 ⁸¹⁴⁵·
440 965 490 1028 his
513 966 566 1047 qui
590 967 725 1028 oderunt
749 982 816 1038 voe,
834 971 865 1026 et
889 970 975 1026 orate
999 980 1057 1045 pro
1081 979 1186 1044 perse·
1240 959 1406 1022 ordinante
1429 959 1630 1042 providentia
1647 957 1716 1032 Dei,
1732 957 1770 1020 dc
1790 956 1875 1037 cujus
1890 957 1952 1019 circa

440 1063 613 1147 quentibus
636 1070 667 1126 et
688 1062 958 1125 calumniantibus
980 1079 1046 1134 vos,
1063 1067 1098 1121 ut
1118 1058 1186 1122 sitis
1241 1075 1299 1120 nos
1324 1058 1532 1140 dispositione
1557 1057 1712 1121 debemus
1737 1073 1804 1118 esse
1830 1055 1952 1129 colenti,

440 1161 501 1224 filii
529 1163 627 1224 Patris
651 1161 749 1224 vestri
775 1161 829 1243 qui
855 1161 888 1222 in
912 1158 1001 1223 coelis
1025 1166 1081 1221 est.
1099 1159 1186 1220 Unde
1241 1175 1300 1218 nec
1324 1157 1501 1218 inordinate
1523 1155 1658 1230 turbari,
1675 1153 1859 1226 contristari,
1873 1172 1952 1234 neque
2044 1229 2045 1240 ἶ

440 1260 575 1343 quinon
592 1260 727 1343 implent
741 1260 907 1334 istud,non
923 1266 998 1320 sunt
1011 1257 1073 1320 filii
1088 1257 1187 1319 Patris
1241 1254 1352 1317 illicite
1373 1255 1532 1317 reluctari.
2044 1257 2045 1330 g

441 1359 592 1434 coelestis,
604 1359 657 1422 sed
673 1359 835 1422 demonis.
849 1358 955 1421 Simus
970 1374 1044 1438 ergo
1059 1373 1187 1418 concor·
1281 1354 1453 1427 Postremo,
1484 1355 1661 1416 secundum
1690 1351 1857 1434 apostolica
1881 1351 1953 1413 docn-

441 1457 497 1520 des
518 1457 551 1520 in
573 1457 675 1532 bonis,
692 1464 724 1519 et
742 1456 897 1520 caritativi
919 1456 959 1518 ad
978 1455 1128 1528 invicem,
1145 1461 1188 1515 at·
1242 1459 1360 1526 menta,
1377 1451 1531 1514 debemus
1552 1470 1622 1514 esse
1644 1450 1839 1532 longanimes
1857 1449 1885 1511 in
1902 1470 1953 1530 spe,

441 1573 504 1637 que
528 1556 696 1618 unanimes
721 1555 754 1616 in
777 1555 833 1618 Dei
857 1554 1021 1635 obsequio,
1038 1552 1188 1635 quemad·
1242 1549 1352 1613 etheo
1371 1548 1532 1611 ferventer
1551 1549 1690 1627 servire;
1707 1567 1767 1610 nec
1785 1546 1901 1628 longum
1914 1565 1954 1608 no·

442 1654 574 1716 modum
598 1654 637 1716 ad
666 1654 823 1716 Romanos
852 1659 960 1714 monet
982 1651 1151 1733 Apostolus
1178 1667 1185 1711 :
1242 1647 1292 1710 bis
1306 1666 1460 1730 apparere
1476 1647 1570 1710 debet
1585 1655 1711 1729 tempus
1728 1645 1954 1728 praeseutisvile,

293 1768 425 1820 masas.
441 1751 612 1816 Unanimes
635 1770 698 1815 uno
718 1769 772 1814 ore
791 1749 1012 1814 honorificetis
1033 1750 1145 1811 Deum.
1242 1747 1275 1808 in
1301 1764 1365 1828 quo
1388 1753 1539 1809 aeternam
1563 1763 1736 1829 possumus
1760 1743 1955 1806 beatitudinem

482 1851 625 1932 insuper,
654 1851 745 1932 juxta
777 1850 953 1912 doctrinam
982 1848 1123 1929 Apostoli
1154 1844 1545 1927 ianromereri,quum
1561 1845 1614 1906 vix
1631 1850 1829 1907 momentum
1843 1843 1879 1904 sit
1892 1861 1956 1904 corn-
2044 1819 2045 1896 i

441 1950 594 2012 hodierna
613 1950 758 2030 epistola,
776 1947 983 2010 studeamus
976 1967 1008 2009 m
1028 1947 1119 2008 nobis
1135 1947 1187 2008 ha·
1242 1945 1404 2026 paratione
1424 1943 1608 2008 eternitatis
1628 1961 1700 2024 quae
1719 1948 1823 2003 restat.
1839 1940 1956 2002 tudela

315 2065 391 2112 aaut
404 2080 425 2116 v
440 2048 516 2111 bere
531 2047 699 2110 duodecim
715 2046 838 2108 fructus
855 2046 1002 2128 Spiritus,
1015 2045 1054 2106 de
1069 2044 1186 2126 quibus
1242 2043 1339 2106 cobus
1359 2043 1460 2105 dicit:
1478 2040 1665 2123 Exemplum
1691 2039 1828 2121 accipite
1847 2037 1956 2119 longari·
1948 2051 2045 2092 -Jaec

293 2131 327 2180 ²²
337 2131 371 2171 ²³
440 2145 472 2207 in
489 2145 687 2228 expositione
702 2144 844 2226 epistolae
858 2151 978 2206 tactum
994 2151 1060 2204 est
1074 2141 1187 2226 primo·
1243 2141 1372 2214 mitatis,
1390 2149 1421 2204 et
1436 2140 1564 2214 laboris
1575 2147 1607 2201 et
1621 2138 1795 2220 patientie
1807 2137 1955 2218 Prophetas,
1965 2113 2045 2216 Ἠ

441 2262 503 2325 que
518 2261 676 2317 omnium
694 2243 856 2304 caritatem
873 2249 904 2303 et
918 2241 1096 2303 ferventem
1111 2240 1187 2302 affe
1242 2241 1297 2321 qui
1321 2239 1416 2301 locuti
1441 2246 1515 2300 sunt
1536 2239 1569 2300 in
1589 2237 1721 2300 nomine
1741 2236 1885 2300 Domini:
1902 2253 1956 2296 eece

440 2349 527 2402 ctum
542 2341 581 2402 ad
596 2341 709 2413 Deum,
726 2339 840 2401 deinde
854 2339 894 2400 ad
909 2339 1082 2420 proximos,
1094 2340 1138 2400 ita
1153 2346 1188 2401 ut
1243 2336 1465 2400 beatificamus
1484 2353 1538 2398 eos
1559 2337 1613 2418 qui
1636 2335 1870 2412 sustinuerunt,
1883 2332 1957 2394 sulfe-

441 2457 513 2501 eum
531 2437 739 2499 delectatione
759 2437 882 2498 interna
900 2436 1070 2517 diligamns
1086 2438 1186 2500 Deum
1243 2437 1378 2498 rentiam
1392 2435 1450 2498 lob
1470 2434 1613 2509 audistis,
1631 2443 1663 2496 et
1682 2433 1786 2496 finem
1806 2432 1915 2495 Domini
1927 2431 1958 2492 vi·

439 2556 475 2598 ac
498 2535 655 2608 homines,
673 2535 783 2616 sicque
809 2534 967 2616 spirituali
991 2536 1106 2616 gaudio
1128 2536 1186 2597 im·
1242 2535 1342 2596 distis.
1360 2535 1479 2616 ltaque,
1496 2552 1595 2615 quum
1622 2533 1723 2596 sancti
1751 2531 1861 2595 veteris
1881 2530 1959 2592 Testa·

439 2635 594 2718 pleamur.
613 2634 716 2708 Quum
731 2633 818 2695 enim
837 2632 989 2713 gaudium
1010 2635 1129 2696 oriatur
1147 2654 1186 2696 er
1243 2633 1424 2706 menti,imo
1439 2640 1471 2694 et
1485 2632 1532 2694 illi
1548 2631 1602 2713 qui
1618 2639 1691 2694 ente
1707 2631 1788 2693 illud
1802 2650 1820 2692 a
1833 2629 1959 2712 principio

437 2732 689 2815 apprehensione
702 2731 752 2794 vel
768 2731 936 2812 presentia
951 2731 1025 2794 boni
1042 2733 1188 2795 conveni·
1244 2731 1353 2793 mnndi
1380 2730 1520 2805 fuerunt,
1546 2730 1681 2793 Domino
1709 2738 1777 2792 tam
1805 2727 1911 2791 fervide
1933 2744 1958 2786 ac

438 2832 532 2905 entis,
550 2831 665 2913 etipse
682 2829 762 2892 Deus
778 2828 934 2910 gloriosus
950 2848 987 2891 ao
1008 2831 1186 2893 adorandus
1243 2829 1467 2910 longanimiter
1487 2827 1753 2902 ministraverint,
1774 2827 1828 2910 qui
1847 2826 1912 2888 certi
1929 2833 1960 2884 ta-

438 2929 480 2990 sit
494 2929 613 2991 bonum
630 2927 1099 3008 infinitum,incomparabiliter
1114 2929 1188 2991 deli·
1243 2947 1317 2990 men
1334 2927 1462 2990 fuerunt
1475 2945 1539 2989 non
1555 2927 1616 2988 nisi
1634 2932 1706 3009 post
1721 2925 1959 3007 longissimeon-

439 3028 573 3100 ciosum,
591 3025 1185 3102 convenientissimum,dulcissimum,
1203 3032 1225 3096 G
1244 3045 1321 3109 pora
1350 3044 1443 3108 posse
1472 3044 1505 3087 se
1534 3025 1669 3108 adipisci
1699 3025 1846 3098 salutem,
1869 3030 1959 3104 quanto

439 3123 693 3207 pulcherrimum
717 3131 748 3185 et
771 3141 910 3205 praesens
932 3122 1062 3205 ubique,
1080 3125 1112 3186 in
1133 3144 1187 3206 ap·
1244 3125 1344 3205 magis
1360 3141 1416 3186 nos
1432 3123 1601 3186 Christiani
1622 3123 1677 3205 qui
1694 3125 1774 3186 certi
1794 3141 1894 3185 snmus
1907 3135 1959 3181 mor

441 3222 653 3305 prehensione
673 3241 729 3283 seu
753 3221 1021 3303 contemplatione
1040 3230 1094 3284 aut
1117 3241 1188 3286 con·
1243 3231 1315 3306 post
1329 3223 1402 3284 vitae
1418 3222 1517 3284 finem
1533 3222 1700 3302 praesentis
1716 3239 1812 3304 posse
1825 3238 1876 3283 nos
1890 3217 1961 3280 beati

441 3319 632 3382 sideratione
667 3320 769 3401 ipsius
800 3319 954 3382 debemus
985 3321 1188 3402 potissimum
1244 3317 1960 3393 licecoronari,deberemusAltissimoferven-

441 3418 606 3500 gloriando
630 3418 781 3481 delectari
803 3419 842 3480 de
865 3419 925 3480 hoo
948 3420 1033 3500 quod
1053 3420 1121 3501 ipse
1141 3428 1189 3482 est
1244 3419 1367 3481 tissime
1382 3416 1761 3497 famularifAbjiciamus
1776 3435 1848 3498 ergo
1860 3433 1960 3478 omnen

440 3517 514 3579 talis
529 3535 565 3578 ac
585 3523 702 3590 tantus,
719 3524 751 3578 et
769 3536 834 3579 suaa
854 3516 1042 3579 beatitudini
1061 3519 1188 3599 penitus
1243 3517 1387 3600 acediam
1401 3535 1438 3578 ae
1456 3523 1630 3597 torporem,
1645 3523 1678 3577 et
1694 3524 1804 3579 mente
1822 3512 1960 3599 promptis·

443 3614 579 3676 infinitae
595 3614 842 3696 precordialiter
857 3615 1095 3695 congaudendo,
1107 3616 1190 3678 sicut
1244 3616 1326 3677 sima
1345 3615 1409 3677 Deo
1427 3614 1697 3696 obtemperemus,
1713 3615 1875 3695 simusque
1890 3613 1960 3673 bene

296 3731 429 3783 ramea
443 3712 588 3773 hortatur
608 3711 763 3792 Propheta
779 3728 786 3772 :
803 3710 965 3773 Delectare
988 3712 1021 3774 in
1043 3713 1186 3776 Domino.
1244 3714 1308 3776 voli
1324 3721 1356 3776 et
1370 3712 1500 3793 benigni
1515 3713 1553 3775 ad
1569 3713 1746 3795 proximos,
1757 3721 1795 3775 ut
1809 3713 1856 3794 pie
1869 3729 1899 3774 ao
1911 3707 1960 3771 dnl-

445 3808 543 3890 Cujus
558 3808 775 3871 delectationis
790 3808 931 3872 fructum
947 3810 1122 3892 subjungit,
1139 3813 1190 3892 ad·
1245 3812 1324 3874 citer
1338 3810 1520 3874 afficiamur
1534 3811 1573 3872 ad
1589 3829 1653 3884 eos,
1665 3818 1698 3872 et
1712 3811 1878 3874 consilium
1891 3817 1960 3888 atque

444 3907 549 3969 dendo
566 3924 572 3968 :
591 3906 629 3968 Et
642 3905 731 3968 dabit
745 3905 804 3968 tibi
825 3907 993 3987 petitiones
1011 3910 1115 3971 cordis
1129 3910 1187 3971 tui.
1245 3910 1400 3972 auxilium
1420 3909 1542 3972 eisdem
1563 3927 1620 3991 pro
1639 3927 1735 3992 posse
1755 3909 1946 3973 exhibeamus.

297 4027 429 4083 altrepa,
446 4005 533 4068 Unde
548 4010 657 4067 monet
671 4003 841 4085 Apostolus
858 4023 865 4066 :
883 4005 1020 4068 Gaudete
1038 4007 1069 4068 in
1085 4007 1191 4069 Domi·
1285 4009 1347 4072 Sed
1368 4015 1400 4071 et
1421 4008 1625 4070 moderamen
1647 4027 1815 4070 servemus
1834 4009 1863 4070 in
1881 4004 1961 4067 verbis

297 4095 318 4134 ⁴·
444 4120 486 4166 no
501 4121 637 4186 semper.
651 4102 688 4163 ht
702 4103 813 4184 utique
829 4103 884 4185 qui
899 4103 1080 4167 cordialiter
1095 4125 1192 4187 super
1246 4115 1277 4170 et
1293 4107 1385 4170 factis
1404 4125 1441 4168 ac
1461 4106 1615 4180 moribus,
1632 4114 1664 4169 et
1683 4106 1834 4170 custoditi
1850 4125 1882 4168 ac
1894 4105 1962 4166 tirno

444 4203 552 4265 omnia
583 4201 689 4284 diligit
718 4203 828 4274 Deum,
859 4203 1026 4283 cogitando
1054 4205 1093 4266 de
1121 4205 1191 4286 ipso
1207 4208 1231 4270 o
1247 4206 1305 4268 rati
1330 4223 1457 4286 semper
1481 4205 1581 4266 simus
1606 4205 1638 4267 in
1662 4204 1825 4268 omnibus.
1848 4203 1921 4266 l'nde
1938 4201 1960 4259 in

444 4299 694 4363 consolationem
719 4300 815 4363 sentit
843 4300 999 4363 internam
1025 4302 1191 4383 gaudium·
1245 4306 1460 4386 Vitaspatrum
1485 4311 1641 4377 narratur,
1658 4305 1746 4385 quod
1770 4323 1865 4386 quum
1885 4299 1962 4363 archi-

445 4418 508 4481 que
528 4399 701 4474 sincerum,
719 4407 814 4481 prout
831 4398 997 4461 Psalmista
1015 4401 1054 4463 de
1070 4420 1103 4463 se
1122 4403 1191 4484 ipso
1246 4403 1416 4484 episcopus
1431 4401 1663 4464 Alexandrinus
1678 4401 1870 4483 Theophilus
1885 4396 1962 4459 venis

296 4513 430 4566 esurus.
445 4497 712 4560 fatetur:Memor
725 4497 772 4559 fui
788 4497 856 4570 Dei,
872 4505 903 4560 et
919 4497 1092 4561 delectatus
1108 4519 1188 4562 sum.
1246 4509 1294 4564 set
1324 4501 1358 4563 in
1392 4519 1536 4562 eremum
1570 4501 1609 4562 ad
1638 4500 1834 4563 visitandum
1865 4505 1961 4561 sanctos

445 4594 670 4656 Verumtamen
694 4594 790 4657 homo
819 4594 976 4676 spirituali
1004 4597 1120 4677 gaudio
1143 4605 1190 4660 est
1245 4601 1350 4663 Patres
1380 4618 1416 4661 ac
1444 4599 1578 4672 Fratres,
1603 4599 1756 4661 dixerunt
1780 4600 1891 4662 Fratres
1911 4593 1962 4655 viro

445 4692 606 4774 indignus,
623 4693 679 4774 qui
693 4711 790 4755 vanas
811 4693 1042 4757 consolationes
1058 4695 1108 4757 vel
1127 4703 1190 4757 tur·
1245 4696 1448 4760 sanctissimo
1461 4696 1568 4759 abbati
1583 4695 1876 4770 Pambo:hbba,dic
1888 4707 1961 4755 unun

445 4810 501 4874 pes
522 4791 746 4854 delectationes
768 4791 911 4874 requirit.
1244 4796 1379 4861 verbum
1395 4795 1522 4858 salubre
1536 4794 1791 4877 archiepiscopo,
1807 4803 1842 4856 ut
1854 4789 1961 4856 edifice-

483 4890 642 4972 Amplius,
666 4889 757 4970 juxta
784 4891 1011 4954 documentum
1035 4893 1187 4974 Apostoli,
1244 4903 1297 4957 tur
1321 4913 1375 4957 cor
1399 4893 1469 4974 ejus
1500 4893 1532 4955 in
1558 4893 1627 4955 loco
1652 4893 1721 4955 isto.
1749 4893 1867 4967 Quibus
1887 4888 1961 4951 abhas

443 5006 555 5070 pacem
570 4987 770 5068 spiritualem
786 4988 819 5051 in
834 4988 927 5051 nohis
943 4991 1124 5052 studeamus
1139 4992 1191 5055 ha·
1244 4992 1362 5056 Pambo
1377 4992 1541 5074 respondit
1556 5009 1563 5054 :
1582 4991 1613 5054 Si
1629 5009 1694 5054 non
1709 4991 1884 5055 aedificatur
1896 4989 1922 5048 in
1933 4983 1962 5046 si-

441 5086 517 5150 bero
532 5093 564 5149 et
579 5103 777 5161 conservare,
794 5095 950 5169 quatenus
966 5089 1121 5170 quidquid
1136 5091 1189 5152 ad·
1245 5091 1343 5154 lentio
1359 5107 1438 5164 meo,
1446 5107 1509 5152 non
1525 5088 1740 5153 aedificabitur
1754 5090 1788 5152 in
1803 5088 1892 5152 verbo
1902 5100 1960 5147 meo

441 5185 600 5249 versitatis
615 5184 693 5247 foris
709 5186 851 5249 evenerit
864 5193 919 5249 aut
940 5187 1024 5249 intus
1044 5207 1188 5251 surrexe·
1243 5191 1392 5263 Rursum,
1409 5207 1508 5270 quum
1529 5188 1591 5250 alia
1611 5187 1681 5251 vice
1695 5187 1916 5251 Alexandrinus
1929 5199 1962 5244 ar-

441 5283 492 5360 rit‚
503 5303 594 5348 mens
610 5284 642 5347 in
659 5284 722 5348 Deo
738 5285 931 5368 quiescatin
948 5285 1018 5368 ipso
1033 5285 1188 5350 stabiliter
1244 5287 1429 5351 chiantistes
1450 5287 1590 5351 venisset
1613 5287 1646 5350 in
1667 5295 1811 5351 montem
1834 5283 1933 5350 deserti
1945 5287 1960 5349 ¹,
1978 5286 2030 5326 'lv
