4288 6264
470 497 618 546 noumrcn
640 498 659 543 v
680 497 754 545 rosr
774 494 903 543 riscus.
925 511 965 524 -
985 493 1160 543 snanmrro
1181 496 1213 542 m
1233 495 1428 543 miserum
1682 476 1719 542 tt

171 663 258 727 niam
288 665 371 729 Deus
395 685 434 730 ex
460 687 518 731 sua
545 667 674 731 infinita
702 666 1048 731 misericordiaAmen
1078 685 1142 729 non
1167 674 1231 729 tam
1256 667 1339 729 clare
1363 673 1398 728 ut
1424 673 1496 748 post
1519 667 1722 729 resurrectio-

172 762 333 826 interdum
353 765 585 848 indignissimis
604 766 763 829 subvenit.
974 783 1059 828 nem.
1076 763 1149 828 ldeo
1171 765 1318 828 subditur
1335 783 1342 829 :
1359 767 1415 824 sed
1431 768 1543 842 palam
1562 766 1602 824 de
1621 766 1725 826 Patre

215 863 320 940 Usque
340 867 431 924 modo
449 867 663 941 compotistis
683 866 862 944 quidquam
885 865 920 922 t’n
976 883 1042 924 meo
1066 864 1272 924 annuntiabo
1297 865 1395 932 ochis,
1421 862 1451 924 id
1476 869 1534 935 est,
1558 861 1724 923 clariorem

171 961 302 1019 nomine
325 980 403 1023 meo.
429 963 571 1045 Apostoli
601 969 674 1025 ante
704 962 785 1024 hanc
810 961 919 1024 boram
975 981 1071 1043 quam
1096 969 1168 1025 ante
1192 961 1274 1024 dabo
1298 960 1389 1023 vobis
1419 960 1566 1023 notitiam
1590 959 1645 1022 Dei
1670 960 1724 1021 Pa·

170 1055 355 1138 frequenter
374 1077 480 1124 orasse
500 1061 684 1123 creduntur.
701 1060 780 1122 Nam
800 1067 832 1122 ct
848 1058 919 1122 Ora·
975 1060 1137 1134 tris.0uod
1154 1061 1185 1122 in
1202 1060 1253 1122 dic
1268 1059 1466 1122 Pentecostes
1482 1059 1650 1141 impletum
1666 1065 1723 1134 cst,

170 1154 291 1218 tionem
307 1156 500 1222 dominicam
515 1160 696 1222 didicerunt
711 1179 729 1221 a
744 1158 920 1222 Christoln
976 1159 1102 1240 quando
1116 1157 1270 1240 Apostoli,
1287 1165 1436 1239 suscepto
1455 1157 1576 1239 Spiritu
1597 1157 1722 1231 Sancto,

20 1265 103 1310 amnt..
113 1281 156 1320 nv,
171 1253 231 1315 boc
247 1272 374 1338 quoque
389 1275 536 1322 sermone
551 1259 653 1323 oravit
669 1258 853 1340 Philippus:
866 1257 922 1319 Do
976 1254 1109 1338 limpida
1123 1257 1260 1338 quadam
1280 1256 1348 1318 acie
1364 1255 1480 1317 mentis
1500 1255 1726 1317 intellexerunt

36 1361 41 1372 “
172 1353 269 1428 mine,
286 1356 417 1419 ostende
436 1357 529 1420 nobis
544 1358 676 1420 Patrem.
694 1357 857 1431 Quomodo
873 1375 921 1418 er·
975 1354 1014 1415 dc
1035 1355 1124 1416 Patre
1144 1362 1271 1436 totaque
1293 1352 1574 1436 superbeatissima
1596 1353 1726 1415 Trinita-

169 1466 209 1530 go
225 1451 391 1534 bucusque
406 1453 452 1516 nil
468 1453 628 1536 petierunt
644 1455 676 1517 in
692 1454 821 1516 nomine
837 1451 921 1516 Chri·
975 1459 1017 1527 te,
1034 1472 1105 1536 qua
1123 1461 1197 1516 ante
1216 1453 1395 1535 passionem
1416 1452 1585 1516 audierunt
1599 1471 1617 1514 a
1633 1452 1722 1527 Filio,

170 1548 233 1610 stit
249 1550 528 1633 Respondcndum‚
540 1552 626 1634 quod
643 1552 750 1614 nullus
765 1553 825 1613 rite
841 1551 920 1634 petit
975 1552 1029 1614 sed
1053 1570 1165 1633 parum
1188 1559 1242 1614 aut
1261 1551 1342 1613 nihil
1366 1551 1599 1614 intellexerunt.
1617 1550 1722 1627 Porro,

170 1647 201 1709 in
219 1649 350 1712 nomine
365 1649 493 1725 Christi,
505 1651 567 1714 nisi
583 1651 639 1734 qui
655 1651 736 1714 bene
751 1651 848 1713 sentit
863 1669 920 1732 per
975 1651 1059 1731 quod
1075 1651 1129 1724 ait,
1140 1672 1157 1710 a
1169 1650 1273 1734 palam
1285 1657 1466 1725 »,etc.‚non
1482 1657 1531 1712 est
1546 1647 1724 1733 intelligen-

169 1745 268 1808 fidem
285 1747 387 1811 deco.
405 1749 545 1831 Apostoli
567 1757 674 1812 autem
692 1748 848 1830 usquead
864 1747 918 1810 ho·
974 1749 1051 1811 dum
1076 1750 1115 1812 de
1138 1749 1262 1812 visione
1291 1749 1346 1812 Dei
1377 1751 1461 1812 clara
1485 1756 1516 1810 et
1540 1749 1723 1812 immediata

169 1862 238 1906 ram
258 1844 339 1908 hanc
361 1864 423 1911 non
444 1846 625 1910 habuerunt
641 1847 716 1910 satis
735 1847 917 1929 explicitam
936 1851 1032 1929 Bper
1047 1848 1198 1930 speciem,
1214 1849 1269 1910 sed
1289 1847 1492 1929 singulariter
1507 1847 1646 1910 evidenti
1666 1867 1723 1930 per

169 1943 269 2006 fidem
291 1945 330 2007 de
352 1945 468 2008 Christi
495 1947 659 2027 majestate
681 1965 717 2008 ac
739 1947 866 2020 deitate,
888 1954 919 2009 et
974 1944 1074 2008 fidem
1091 1964 1098 2008 :
1116 1947 1154 2008 de
1169 1965 1233 2028 qua
1248 1945 1332 2008 fatur
1346 1946 1526 2028 Apostolus,
1537 1946 1599 2010 Nos
1614 1954 1720 2009 eutem
1749 1968 1868 2022 troam,

168 2041 307 2124 qualiter
327 2051 410 2106 esset
431 2045 486 2107 Dei
508 2063 545 2108 ac
567 2044 733 2108 hominum
756 2045 916 2118 mediator,
974 2045 1111 2108 revelata
1126 2045 1206 2107 facie
1221 2045 1355 2126 gloriam
1371 2045 1496 2108 Domini
1512 2046 1719 2128 speculantes
1738 2035 1769 2075 ¹⁸·

169 2142 439 2221 quemadmodum
457 2144 552 2206 etiam
568 2145 764 2225 Augustinus
784 2144 835 2206 hic
851 2153 918 2206 tan·
973 2143 1127 2224 Denique,
1143 2143 1239 2206 etiam
1255 2152 1328 2206 ante
1344 2143 1429 2206 diem
1447 2145 1648 2207 Pentecostes
1666 2145 1721 2209 do·

168 2239 224 2320 git.
241 2242 350 2301 Petite
365 2241 398 2302 in
416 2243 546 2306 nomine
566 2260 637 2305 mco
653 2242 870 2305 indesinenter
885 2243 917 2304 in
974 2242 1040 2303 cuit
1069 2240 1212 2305 Christus
1242 2243 1372 2324 proprio
1401 2259 1454 2305 ore
1483 2243 1657 2325 discipulos
1682 2244 1721 2306 de

17 2362 153 2410 m0‚2.‚m‚
169 2336 235 2400 fide
250 2345 282 2400 et
295 2358 362 2421 spe,
379 2349 410 2399 et
424 2343 590 2418 accipietis
609 2342 692 2424 quod
713 2341 830 2424 petitis.
849 2341 919 2404 Om·
973 2339 1102 2414 divinis,
1128 2339 1255 2422 quando
1283 2341 1408 2422 aperuit
1432 2341 1496 2402 illis
1521 2359 1661 2416 sensum,
1687 2349 1722 2404 ut
1750 2366 1869 2420 ruauh,

168 2435 219 2498 nis
234 2437 320 2499 euim
339 2437 394 2519 qui
414 2439 504 2520 petit,
521 2439 654 2520 accipit;
671 2446 702 2501 et
718 2439 771 2522 qui
792 2439 916 2522 quaerit,
974 2437 1189 2519 intelligerent
1213 2439 1403 2521 Scripturas,
1429 2447 1462 2502 et
1486 2439 1664 2502 insufflavit
1688 2442 1721 2504 in
1736 2430 1817 2535 ’ζέω
1831 2505 1858 2535 u

169 2534 306 2614 invenit3
323 2543 354 2598 et
369 2537 509 2618 pulsanti
524 2538 694 2619 aperietur.
712 2537 832 2601 ldcirco
846 2539 917 2600 Pro
974 2537 1204 2618 eos‚Accipite,
1217 2537 1376 2619 inquiens,
1388 2537 1542 2620 Spiritum
1559 2538 1719 2602 Sanctum.
1737 2555 1770 2596 aa.
1820 2524 1824 2536 '
1862 2524 1868 2546 '

23 2649 104 2700 ran,
117 2653 152 2694 n.
169 2632 265 2714 pheta
294 2633 435 2716 loquitur
459 2635 523 2697 Deo
549 2654 556 2699 :
583 2635 718 2717 Sperent
743 2635 775 2698 in
801 2643 832 2698 te
862 2638 917 2719 qui
973 2637 1015 2696 In
1035 2637 1092 2695 itto
1108 2637 1162 2695 <tte
1182 2638 1216 2695 in
1237 2639 1367 2696 nomine
1386 2657 1453 2698 meo
1465 2639 1594 2714 petetis,
1612 2637 1642 2700 id
1662 2647 1720 2713 est,

169 2740 327 2794 noverunt
347 2750 463 2796 nomen
484 2741 588 2808 tunm,
605 2734 664 2796 hoc
685 2741 733 2796 est
752 2741 838 2797 tuam
860 2754 917 2816 pu·
973 2733 1095 2795 Patrem
1119 2753 1177 2815 per
1195 2733 1310 2797 filium
1333 2734 1534 2810 invocabitis,
1551 2737 1626 2819 quia
1644 2743 1721 2799 tunc

168 2847 236 2892 ram
261 2829 486 2914 infinitamque
507 2831 694 2906 bonitatem,
716 2832 866 2915 pietatem
887 2841 919 2896 ct
972 2833 1104 2895 omnino
1125 2832 1265 2897 fideliter
1285 2834 1400 2896 filium
1422 2836 1629 2916 cognoscetis,
1647 2856 1722 2919 qua·

168 2927 342 3004 ceritatem,
358 2930 511 3011 quoniam
531 2947 594 2992 non
615 2930 813 3013 dereliquisti
834 2951 917 3014 quae-
974 2931 1045 2993 liter
1067 2933 1108 2994 sit
1128 2932 1239 2995 mundi
1261 2934 1443 3014 redemptor
1465 2941 1496 2995 et
1516 2934 1598 2997 inter
1620 2934 1719 2997 lleum

168 3033 273 3088 rentes
289 3034 330 3101 te,
343 3027 486 3091 Domine.
502 3029 536 3091 ln
553 3028 776 3092 Ecclesiastico
790 3047 917 3113 quoqne
933 3025 955 3090 G
972 3036 1003 3092 et
1025 3029 1170 3093 homines
1194 3031 1359 3106 mediator,
1376 3050 1434 3113 per
1455 3051 1551 3114 quem
1574 3039 1606 3094 et
1627 3033 1720 3113 quns

12 3135 150 3186 seranna.
166 3125 319 3188 asseritur
336 3145 342 3190 :
360 3126 436 3199 Quis
451 3127 611 3189 invocavit
624 3145 710 3202 eum,
727 3135 759 3190 et
773 3129 918 3211 despexit
972 3129 1089 3192 virtute
1113 3149 1149 3191 ac
1174 3129 1298 3203 merito,
1324 3130 1498 3211 gratiarum
1528 3131 1719 3194 charismata

168 3223 283 3284 illumt
304 3222 351 3286 Ad
377 3223 437 3286 hoc
463 3243 538 3306 crgo
561 3226 669 3300 cratia,
697 3236 734 3287 ut
753 3229 916 3303 gaudiam
971 3229 1086 3290 dantur
1100 3227 1296 3302 hominibus,
1306 3228 1397 3308 juxta
1411 3228 1489 3290 illud
1504 3229 1632 3292 loannis
1650 3248 1657 3292 :
1674 3231 1717 3294 De
1746 3251 1865 3306 rantra

167 3323 560 3398 cestrumsitplcnum,id
576 3325 817 3406 est,perfectam
830 3333 917 3389 aeter·
971 3325 1171 3408 plenitudine
1193 3325 1264 3406 ejus
1286 3343 1343 3388 nos
1365 3343 1476 3388 omncs
1498 3327 1692 3409 accepimus.

166 3437 215 3480 nae
230 3417 392 3482 felicitatis
407 3419 641 3500 jucunditatem
656 3421 834 3496 obtineatis,
844 3443 917 3505 qua·
1010 3425 1142 3498 Quidam
1168 3431 1332 3507 exponunt
1355 3424 1441 3487 bunc
1469 3425 1575 3489 locum
1599 3427 1639 3490 ab
1664 3427 1720 3492 illo

165 3525 259 3578 tenus
273 3516 426 3597 gaudium
446 3518 613 3600 spirituale
628 3520 712 3602 quod
732 3520 867 3583 babetur
883 3521 915 3583 in
969 3523 1078 3598 verbo,
1096 3523 1216 3585 «Venit
1230 3522 1307 3586 hora
1322 3542 1422 3605 quum
1437 3523 1503 3605 jam
1519 3542 1582 3588 non
1599 3525 1630 3588 in
1647 3544 1718 3608 pro·

165 3614 231 3676 vite
260 3616 409 3696 prasenti
439 3615 639 3698 imperfecte,
664 3624 696 3680 et
720 3618 753 3679 in
777 3619 915 3700 quodam
969 3620 1088 3684 verbiis
1111 3621 1221 3704 loquar
1241 3621 1331 3684 vobis
1348 3643 1376 3696 »‚
1394 3622 1433 3684 de
1455 3622 1665 3686 illustratione
1687 3633 1719 3687 et

165 3719 325 3792 praegustu
351 3730 387 3775 ac
411 3731 479 3795 spe,
501 3712 688 3795 perficiatur
712 3715 743 3777 in
766 3715 857 3778 vobis
882 3717 915 3778 in
970 3719 1118 3783 beatifica
1132 3721 1255 3782 visione
1272 3720 1458 3783 Sanctorum
1478 3722 1510 3784 in
1531 3723 1642 3804 patria,
1659 3722 1716 3786 ubi

165 3809 264 3872 coelis.
969 3819 1076 3881 omnia
1091 3819 1201 3882 vident
1215 3819 1248 3880 in
1263 3818 1377 3892 Verbo,
1395 3826 1426 3880 et
1442 3820 1558 3901 palam,
1575 3839 1637 3884 non
1658 3840 1715 3904 per
1737 3839 1809 3884 icor.
1820 3855 1863 3894 sur,

205 3911 283 3969 Hccc
307 3910 343 3968 tn
364 3911 550 3986 proverbiis
574 3914 700 3972 locutus
722 3932 794 3972 suan
816 3915 914 3984 vobis,
969 3917 1135 4001 speculum
1160 3917 1193 3979 in
1218 3917 1396 3998 aenigmate,
1422 3919 1477 3980 sed
1501 3917 1582 3981 facie
1606 3922 1645 3982 ad
1671 3921 1715 3983 la·
1731 3905 1764 3947 ¹³·

165 4005 226 4071 hoc
241 4008 338 4070 estin
354 4009 565 4072 similitudine
586 4009 777 4091 parabolica,
794 4019 915 4074 etcum
969 4017 1063 4091 ciem,
1079 4016 1180 4079 Deum
1199 4016 1410 4098 conspiciunt.
1428 4016 1526 4089 Quam
1546 4019 1716 4100 expositio-

164 4107 302 4188 quadam
325 4104 529 4169 obscuritate.
551 4107 629 4171 Nam
652 4109 747 4190 paulo
768 4117 841 4173 ante
863 4128 916 4192 po·
968 4133 1043 4176 nem
1065 4114 1213 4196 reprobat
1233 4114 1439 4195 Augustinus,
1455 4115 1531 4197 quia
1551 4115 1718 4200 subjungi·

164 4205 229 4267 suit
257 4204 504 4268 similitudinem
535 4206 663 4270 feminas
694 4209 858 4289 parientis,
884 4217 915 4273 et
930 4209 954 4272 l)
968 4219 1021 4273 tur
1038 4232 1044 4276 :
1063 4213 1125 4275 «ln
1142 4212 1197 4275 illo
1213 4213 1264 4274 die
1279 4213 1311 4274 in
1328 4213 1457 4275 nomine
1473 4231 1544 4276 meo
1559 4217 1714 4296 petetis.»

163 4303 345 4387 parabolice
361 4304 448 4385 loqui
463 4304 575 4367 solitus
590 4306 660 4368 fuit.
674 4309 765 4369 Venit
781 4309 913 4379 hora,id
969 4311 1074 4374 Sancti
1103 4318 1208 4372 autem
1240 4311 1271 4372 in
1302 4311 1403 4392 patria
1432 4329 1495 4374 non
1526 4319 1650 4394 petunt,
1681 4323 1716 4376 ut

162 4409 221 4475 est,
239 4408 365 4482 tempus
383 4401 449 4481 jam
470 4402 627 4478 imminet,
644 4424 744 4482 quum
757 4407 832 4483 jam
848 4427 914 4468 non
968 4409 1055 4482 dicit,
1082 4428 1181 4490 quum
1212 4408 1323 4489 petitio
1347 4409 1388 4470 sit
1410 4408 1546 4491 alicujus
1574 4411 1716 4493 indigen-

163 4503 200 4559 te
210 4501 396 4576 proverbiis
412 4503 529 4579 loquar
544 4503 643 4571 cobis,
659 4502 690 4563 id
711 4511 759 4566 cst
778 4503 912 4568 obscure
968 4509 1030 4580 tie,
1047 4526 1117 4589 quae
1141 4507 1173 4568 in
1198 4505 1298 4588 patria
1321 4506 1426 4569 locum
1447 4525 1510 4570 non
1532 4508 1636 4572 habet.
1654 4511 1715 4573 Sed

163 4605 199 4660 ut
214 4598 376 4660 consuevi.
393 4599 543 4672 Quamvis
558 4607 665 4662 autem
682 4601 825 4664 Christus
839 4611 912 4666 ante
967 4607 1005 4668 ad
1022 4605 1081 4668 hoc
1097 4607 1288 4687 respondere
1304 4606 1375 4686 quis
1391 4613 1508 4688 posset,
1525 4609 1609 4689 quod
1625 4619 1715 4672 orant

163 4696 344 4779 passionem
369 4717 460 4760 suam
489 4697 677 4780 loquebatur
699 4703 913 4766 communiter
967 4723 1025 4786 pro
1039 4703 1120 4778 aliis,
1137 4711 1232 4784 atque
1248 4722 1306 4785 pro
1321 4705 1415 4766 certis
1432 4707 1560 4786 punctis
1579 4708 1618 4769 ad
1636 4727 1713 4790 pre·

162 4795 330 4878 discipulis
354 4796 420 4858 suis
441 4796 587 4870 obscure,
608 4797 710 4860 nihilo
734 4800 839 4862 minus
861 4820 913 4863 ex·
967 4804 1068 4865 mium
1089 4800 1283 4864 accidentale
1305 4804 1532 4884 spectantibus.

163 4894 271 4976 posuit
294 4894 340 4956 eis
370 4913 509 4957 sensum.
537 4897 667 4977 Propter
690 4899 775 4978 quod
805 4900 849 4962 ait
872 4900 911 4962 ad
1007 4905 1049 4964 m
1069 4921 1134 4962 non
1153 4902 1225 4960 cliro
1245 4903 1332 4960 vobis
1346 4904 1425 4980 quia
1442 4923 1496 4979 epo
1517 4906 1633 4980 royabo
1648 4908 1713 4967 Pa·

9 5005 147 5060 Luc-auso.
162 5009 218 5055 eos
245 5011 251 5056 :
278 4993 373 5055 Vobis
397 4993 507 5056 datum
532 5003 581 5056 cst
606 5013 697 5058 nosse
723 4999 910 5079 mysterium
967 5009 1048 5060 tram
1069 5004 1109 5060 <te
1130 5001 1226 5069 vobis,
1243 5000 1273 5060 id
1294 5007 1342 5062 cst
1362 5017 1419 5082 pro
1434 5001 1533 5065 vobis.
1551 5003 1714 5076 Quomodo

164 5091 253 5172 regni
269 5091 455 5166 Dei,ceteris
469 5099 576 5155 autem
593 5093 625 5154 in
641 5094 810 5175 parabolis.
824 5097 911 5159 Unde
966 5099 1208 5179 intelligendum
1225 5106 1273 5160 est
1287 5099 1357 5173 hoc,
1376 5119 1474 5180 quum
1493 5119 1589 5181 supra
1604 5101 1637 5162 in
1653 5102 1713 5164 hoc

22 5193 101 5238 Marc·
116 5207 147 5244 ι’,
163 5197 195 5252 ct
208 5191 330 5253 Marcus
345 5191 549 5272 evangelista,
561 5192 709 5255 Seorsum
723 5194 856 5276 (inquit)
870 5195 913 5258 di·
965 5197 1035 5278 ipso
1059 5214 1206 5258 sermone
1237 5196 1352 5258 dixerit
1376 5196 1518 5259 Christus
1541 5198 1711 5280 Apostolis,
1725 5249 1799 5294 rann
1817 5263 1851 5294 m

9 5259 42 5300 Μ’
162 5288 297 5372 scipulis
318 5288 385 5352 suis
406 5290 515 5352 omnia
536 5290 910 5358 disserebatzverumta·
966 5295 1031 5376 Ego
1051 5293 1169 5376 rogabo
1190 5295 1323 5370 Patrem,
1344 5302 1376 5356 et
1396 5295 1496 5357 alium
1517 5296 1712 5360 Paracletum
1728 5314 1761 5357 ra.
1802 5283 1808 5296 ’
1854 5283 1860 5305 ’
