<?xml version="1.0" encoding="UTF-8"?>
<!DOCTYPE html PUBLIC "-//W3C//DTD XHTML 1.0 Transitional//EN"
    "http://www.w3.org/TR/xhtml1/DTD/xhtml1-transitional.dtd">
<html xmlns="http://www.w3.org/1999/xhtml" xml:lang="en" lang="en">
 <head>
  <title>
</title>
<meta http-equiv="Content-Type" content="text/html;charset=utf-8" />
  <meta name='ocr-system' content='tesseract 3.04.00' />
  <meta name='ocr-capabilities' content='ocr_page ocr_carea ocr_par ocr_line ocrx_word'/>
</head>
<body>
  <div class='ocr_page' id='page_1' title='image "./doctorisecstati01unkngoog/doctorisecstati01unkngoog_0062.png"; bbox 0 0 4288 6264; ppageno 0'>
   <div class='ocr_carea' id='block_1_1' title="bbox 435 492 1719 575">
    <p class='ocr_par' dir='ltr' id='par_1_1' title="bbox 435 492 1719 575">
     <span class='ocr_line' id='line_1_1' title="bbox 435 492 1719 575; baseline -0.003 -15"><span class='ocrx_word' id='word_1_1' title='bbox 435 512 583 560; x_wconf 75' lang='lat' dir='ltr'><strong>noumroi</strong></span> <span class='ocrx_word' id='word_1_2' title='bbox 604 514 623 558; x_wconf 84' lang='lat' dir='ltr'>v</span> <span class='ocrx_word' id='word_1_3' title='bbox 645 513 718 562; x_wconf 84' lang='lat' dir='ltr'><strong>rosr</strong></span> <span class='ocrx_word' id='word_1_4' title='bbox 737 511 866 560; x_wconf 76' lang='lat' dir='ltr'><strong>rusum.</strong></span> <span class='ocrx_word' id='word_1_5' title='bbox 888 531 927 540; x_wconf 90' lang='lat'><em>-</em></span> <span class='ocrx_word' id='word_1_6' title='bbox 948 513 991 558; x_wconf 76' lang='lat' dir='ltr'><strong>no</strong></span> <span class='ocrx_word' id='word_1_7' title='bbox 1011 511 1206 575; x_wconf 81' lang='lat' dir='ltr'><strong>nuniorosos3</strong></span> <span class='ocrx_word' id='word_1_8' title='bbox 1229 512 1328 559; x_wconf 80' lang='lat' dir='ltr'><strong>sunno</strong></span> <span class='ocrx_word' id='word_1_9' title='bbox 1349 512 1461 560; x_wconf 81' lang='lat' dir='ltr'><strong>sumus</strong></span> <span class='ocrx_word' id='word_1_10' title='bbox 1681 492 1719 556; x_wconf 81' lang='lat' dir='ltr'><strong>tr</strong></span> 
     </span>
    </p>
   </div>
   <div class='ocr_carea' id='block_1_2' title="bbox 171 679 1818 1454">
    <p class='ocr_par' dir='ltr' id='par_1_2' title="bbox 173 679 1721 764">
     <span class='ocr_line' id='line_1_2' title="bbox 173 679 1721 764; baseline -0.001 -20"><span class='ocrx_word' id='word_1_11' title='bbox 173 688 279 762; x_wconf 82' lang='lat' dir='ltr'><strong>partes</strong></span> <span class='ocrx_word' id='word_1_12' title='bbox 297 701 352 744; x_wconf 87' lang='lat' dir='ltr'><strong>seu</strong></span> <span class='ocrx_word' id='word_1_13' title='bbox 374 683 497 764; x_wconf 87' lang='lat' dir='ltr'><strong>speeies</strong></span> <span class='ocrx_word' id='word_1_14' title='bbox 517 683 680 758; x_wconf 81' lang='lat' dir='ltr'><strong>orationis,</strong></span> <span class='ocrx_word' id='word_1_15' title='bbox 697 684 856 747; x_wconf 90' lang='lat' dir='ltr'><strong>interdum</strong></span> <span class='ocrx_word' id='word_1_16' title='bbox 877 692 920 746; x_wconf 81' lang='lat' dir='ltr'><strong>to·</strong></span> <span class='ocrx_word' id='word_1_17' title='bbox 935 679 961 742; x_wconf 84' lang='lat' dir='ltr'><strong>A</strong></span> <span class='ocrx_word' id='word_1_18' title='bbox 976 683 1032 758; x_wconf 88' lang='lat' dir='ltr'><strong>dit,</strong></span> <span class='ocrx_word' id='word_1_19' title='bbox 1049 683 1125 746; x_wconf 90' lang='lat' dir='ltr'><strong>dum</strong></span> <span class='ocrx_word' id='word_1_20' title='bbox 1151 683 1273 746; x_wconf 86' lang='lat' dir='ltr'><strong>seilicet</strong></span> <span class='ocrx_word' id='word_1_21' title='bbox 1296 683 1468 747; x_wconf 88' lang='lat' dir='ltr'><strong>Dominum</strong></span> <span class='ocrx_word' id='word_1_22' title='bbox 1494 699 1661 745; x_wconf 82' lang='lat' dir='ltr'><strong>exoramus</strong></span> <span class='ocrx_word' id='word_1_23' title='bbox 1685 688 1721 743; x_wconf 90' lang='lat' dir='ltr'><strong>ut</strong></span> 
     </span>
    </p>

    <p class='ocr_par' dir='ltr' id='par_1_3' title="bbox 174 779 1720 864">
     <span class='ocr_line' id='line_1_3' title="bbox 174 779 1720 864; baseline -0.001 -21"><span class='ocrx_word' id='word_1_24' title='bbox 174 799 247 843; x_wconf 90' lang='lat' dir='ltr'><strong>men</strong></span> <span class='ocrx_word' id='word_1_25' title='bbox 262 781 371 862; x_wconf 87' lang='lat' dir='ltr'><strong>plures</strong></span> <span class='ocrx_word' id='word_1_26' title='bbox 391 801 512 857; x_wconf 82' lang='lat' dir='ltr'><strong>earum,</strong></span> <span class='ocrx_word' id='word_1_27' title='bbox 528 791 560 845; x_wconf 89' lang='lat' dir='ltr'><strong>et</strong></span> <span class='ocrx_word' id='word_1_28' title='bbox 575 801 638 847; x_wconf 91' lang='lat' dir='ltr'><strong>non</strong></span> <span class='ocrx_word' id='word_1_29' title='bbox 659 801 729 847; x_wconf 80' lang='lat' dir='ltr'><strong>raro</strong></span> <span class='ocrx_word' id='word_1_30' title='bbox 748 801 870 858; x_wconf 90' lang='lat' dir='ltr'><strong>omnes,</strong></span> <span class='ocrx_word' id='word_1_31' title='bbox 888 783 920 846; x_wconf 92' lang='lat' dir='ltr'><strong>in</strong></span> <span class='ocrx_word' id='word_1_32' title='bbox 974 783 1108 864; x_wconf 78' lang='lat' dir='ltr'><strong>gratiam</strong></span> <span class='ocrx_word' id='word_1_33' title='bbox 1133 801 1223 844; x_wconf 82' lang='lat' dir='ltr'><strong>suom</strong></span> <span class='ocrx_word' id='word_1_34' title='bbox 1248 801 1345 864; x_wconf 84' lang='lat' dir='ltr'><strong>super</strong></span> <span class='ocrx_word' id='word_1_35' title='bbox 1364 799 1474 845; x_wconf 91' lang='lat' dir='ltr'><strong>omues</strong></span> <span class='ocrx_word' id='word_1_36' title='bbox 1495 779 1650 854; x_wconf 77' lang='lat' dir='ltr'><strong>effundat,</strong></span> <span class='ocrx_word' id='word_1_37' title='bbox 1669 797 1720 860; x_wconf 81' lang='lat' dir='ltr'><strong>ge·</strong></span> 
     </span>
    </p>

    <p class='ocr_par' dir='ltr' id='par_1_4' title="bbox 172 876 1721 964">
     <span class='ocr_line' id='line_1_4' title="bbox 172 876 1721 964; baseline 0 -26"><span class='ocrx_word' id='word_1_38' title='bbox 172 897 236 940; x_wconf 84' lang='lat' dir='ltr'><strong>uun</strong></span> <span class='ocrx_word' id='word_1_39' title='bbox 254 879 396 942; x_wconf 83' lang='lat' dir='ltr'><strong>oratione</strong></span> <span class='ocrx_word' id='word_1_40' title='bbox 415 889 611 943; x_wconf 88' lang='lat' dir='ltr'><strong>ooneurrunt</strong></span> <span class='ocrx_word' id='word_1_41' title='bbox 629 881 918 964; x_wconf 82' lang='lat' dir='ltr'><strong>admiscenturque.</strong></span> <span class='ocrx_word' id='word_1_42' title='bbox 976 879 1115 942; x_wconf 82' lang='lat' dir='ltr'><strong>nerulem</strong></span> <span class='ocrx_word' id='word_1_43' title='bbox 1145 888 1177 942; x_wconf 89' lang='lat' dir='ltr'><strong>ot</strong></span> <span class='ocrx_word' id='word_1_44' title='bbox 1205 880 1332 962; x_wconf 79' lang='lat' dir='ltr'>plenam</span> <span class='ocrx_word' id='word_1_45' title='bbox 1362 878 1620 942; x_wconf 80' lang='lat' dir='ltr'><strong>reformationem</strong></span> <span class='ocrx_word' id='word_1_46' title='bbox 1650 876 1721 939; x_wconf 92' lang='lat' dir='ltr'><strong>effi-</strong></span> 
     </span>
    </p>

    <p class='ocr_par' dir='ltr' id='par_1_5' title="bbox 171 975 1722 1060">
     <span class='ocr_line' id='line_1_5' title="bbox 171 975 1722 1060; baseline 0 -23"><span class='ocrx_word' id='word_1_47' title='bbox 171 975 210 1037; x_wconf 86' lang='lat' dir='ltr'><strong>Et</strong></span> <span class='ocrx_word' id='word_1_48' title='bbox 225 977 297 1038; x_wconf 86' lang='lat' dir='ltr'><strong>tofis</strong></span> <span class='ocrx_word' id='word_1_49' title='bbox 317 978 417 1040; x_wconf 85' lang='lat' dir='ltr'><strong>oratio</strong></span> <span class='ocrx_word' id='word_1_50' title='bbox 436 997 507 1060; x_wconf 69' lang='lat' dir='ltr'><strong>quor</strong></span> <span class='ocrx_word' id='word_1_51' title='bbox 527 979 791 1054; x_wconf 78' lang='lat' dir='ltr'><strong>obsecrationem,</strong></span> <span class='ocrx_word' id='word_1_52' title='bbox 808 979 921 1060; x_wconf 80' lang='lat' dir='ltr'><strong>gretia·</strong></span> <span class='ocrx_word' id='word_1_53' title='bbox 976 978 1049 1052; x_wconf 83' lang='lat' dir='ltr'><strong>oiat,</strong></span> <span class='ocrx_word' id='word_1_54' title='bbox 1059 977 1141 1042; x_wconf 89' lang='lat' dir='ltr'><strong>vivis</strong></span> <span class='ocrx_word' id='word_1_55' title='bbox 1157 977 1356 1060; x_wconf 85' lang='lat' dir='ltr'><strong>mortuisque</strong></span> <span class='ocrx_word' id='word_1_56' title='bbox 1373 983 1548 1050; x_wconf 82' lang='lat' dir='ltr'><strong>succurrat,</strong></span> <span class='ocrx_word' id='word_1_57' title='bbox 1565 983 1722 1058; x_wconf 86' lang='lat' dir='ltr'><strong>quotenus</strong></span> 
     </span>
    </p>

    <p class='ocr_par' dir='ltr' id='par_1_6' title="bbox 171 1074 1818 1356">
     <span class='ocr_line' id='line_1_6' title="bbox 173 1074 1724 1158; baseline 0 -22"><span class='ocrx_word' id='word_1_58' title='bbox 173 1093 244 1136; x_wconf 91' lang='lat' dir='ltr'><strong>rum</strong></span> <span class='ocrx_word' id='word_1_59' title='bbox 265 1075 422 1138; x_wconf 83' lang='lat' dir='ltr'><strong>actionem</strong></span> <span class='ocrx_word' id='word_1_60' title='bbox 439 1085 471 1139; x_wconf 90' lang='lat' dir='ltr'><strong>et</strong></span> <span class='ocrx_word' id='word_1_61' title='bbox 491 1076 617 1140; x_wconf 85' lang='lat' dir='ltr'><strong>laudem</strong></span> <span class='ocrx_word' id='word_1_62' title='bbox 636 1079 691 1140; x_wconf 86' lang='lat' dir='ltr'><strong>Dei</strong></span> <span class='ocrx_word' id='word_1_63' title='bbox 714 1078 860 1152; x_wconf 79' lang='lat' dir='ltr'><strong>includit,</strong></span> <span class='ocrx_word' id='word_1_64' title='bbox 876 1077 921 1140; x_wconf 91' lang='lat' dir='ltr'><strong>ef·</strong></span> <span class='ocrx_word' id='word_1_65' title='bbox 977 1077 1045 1158; x_wconf 89' lang='lat' dir='ltr'><strong>ipse</strong></span> <span class='ocrx_word' id='word_1_66' title='bbox 1064 1077 1096 1138; x_wconf 92' lang='lat' dir='ltr'><strong>in</strong></span> <span class='ocrx_word' id='word_1_67' title='bbox 1116 1075 1266 1140; x_wconf 90' lang='lat' dir='ltr'><strong>omnibus</strong></span> <span class='ocrx_word' id='word_1_68' title='bbox 1281 1084 1313 1139; x_wconf 89' lang='lat' dir='ltr'><strong>et</strong></span> <span class='ocrx_word' id='word_1_69' title='bbox 1328 1075 1367 1138; x_wconf 80' lang='lat' dir='ltr'><strong>ab</strong></span> <span class='ocrx_word' id='word_1_70' title='bbox 1383 1074 1534 1138; x_wconf 89' lang='lat' dir='ltr'><strong>omuibus</strong></span> <span class='ocrx_word' id='word_1_71' title='bbox 1549 1093 1646 1156; x_wconf 86' lang='lat' dir='ltr'><strong>super</strong></span> <span class='ocrx_word' id='word_1_72' title='bbox 1660 1091 1724 1136; x_wconf 92' lang='lat' dir='ltr'><strong>om-</strong></span> 
     </span>
     <span class='ocr_line' id='line_1_7' title="bbox 171 1171 1818 1256; baseline -0.001 -24"><span class='ocrx_word' id='word_1_73' title='bbox 171 1171 366 1234; x_wconf 81' lang='lat' dir='ltr'><strong>fioacissimo</strong></span> <span class='ocrx_word' id='word_1_74' title='bbox 381 1182 429 1236; x_wconf 90' lang='lat' dir='ltr'><strong>est</strong></span> <span class='ocrx_word' id='word_1_75' title='bbox 447 1175 487 1236; x_wconf 81' lang='lat' dir='ltr'><strong>ad</strong></span> <span class='ocrx_word' id='word_1_76' title='bbox 508 1174 754 1256; x_wconf 81' lang='lat' dir='ltr'><strong>impetrandum.</strong></span> <span class='ocrx_word' id='word_1_77' title='bbox 771 1175 920 1238; x_wconf 81' lang='lat' dir='ltr'><strong>Praeston·</strong></span> <span class='ocrx_word' id='word_1_78' title='bbox 976 1175 1029 1237; x_wconf 83' lang='lat' dir='ltr'><strong>nin</strong></span> <span class='ocrx_word' id='word_1_79' title='bbox 1053 1174 1234 1238; x_wconf 86' lang='lat' dir='ltr'><strong>honoretur.</strong></span> <span class='ocrx_word' id='word_1_80' title='bbox 1262 1174 1335 1237; x_wconf 89' lang='lat' dir='ltr'><strong>ideo</strong></span> <span class='ocrx_word' id='word_1_81' title='bbox 1360 1172 1477 1236; x_wconf 78' lang='lat' dir='ltr'><strong>talibus</strong></span> <span class='ocrx_word' id='word_1_82' title='bbox 1501 1171 1650 1254; x_wconf 84' lang='lat' dir='ltr'><strong>precibus</strong></span> <span class='ocrx_word' id='word_1_83' title='bbox 1677 1173 1723 1234; x_wconf 90' lang='lat' dir='ltr'><strong>in·</strong></span> <span class='ocrx_word' id='word_1_84' title='bbox 1811 1217 1818 1230; x_wconf 87' lang='lat'><em>.</em></span> 
     </span>
     <span class='ocr_line' id='line_1_8' title="bbox 173 1270 1721 1356; baseline 0.001 -25"><span class='ocrx_word' id='word_1_85' title='bbox 173 1270 297 1333; x_wconf 80' lang='lat' dir='ltr'><strong>tissima</strong></span> <span class='ocrx_word' id='word_1_86' title='bbox 320 1272 395 1334; x_wconf 90' lang='lat' dir='ltr'><strong>item</strong></span> <span class='ocrx_word' id='word_1_87' title='bbox 419 1280 468 1335; x_wconf 87' lang='lat' dir='ltr'><strong>ost</strong></span> <span class='ocrx_word' id='word_1_88' title='bbox 487 1273 541 1336; x_wconf 83' lang='lat' dir='ltr'><strong>ilia</strong></span> <span class='ocrx_word' id='word_1_89' title='bbox 563 1275 663 1336; x_wconf 83' lang='lat' dir='ltr'><strong>oratio</strong></span> <span class='ocrx_word' id='word_1_90' title='bbox 686 1294 756 1356; x_wconf 82' lang='lat' dir='ltr'><strong>quae</strong></span> <span class='ocrx_word' id='word_1_91' title='bbox 781 1291 921 1355; x_wconf 75' lang='lat' dir='ltr'><strong>euporo</strong></span> <span class='ocrx_word' id='word_1_92' title='bbox 976 1273 1125 1336; x_wconf 76' lang='lat' dir='ltr'><strong>sistemus</strong></span> <span class='ocrx_word' id='word_1_93' title='bbox 1155 1273 1292 1346; x_wconf 80' lang='lat' dir='ltr'><strong>assidue,</strong></span> <span class='ocrx_word' id='word_1_94' title='bbox 1317 1273 1357 1334; x_wconf 85' lang='lat' dir='ltr'><strong>nd</strong></span> <span class='ocrx_word' id='word_1_95' title='bbox 1382 1271 1507 1334; x_wconf 81' lang='lat' dir='ltr'><strong>laudem</strong></span> <span class='ocrx_word' id='word_1_96' title='bbox 1532 1278 1564 1333; x_wconf 93' lang='lat' dir='ltr'><strong>et</strong></span> <span class='ocrx_word' id='word_1_97' title='bbox 1588 1270 1721 1352; x_wconf 83' lang='lat' dir='ltr'><strong>gloriam</strong></span> 
     </span>
    </p>

    <p class='ocr_par' dir='ltr' id='par_1_7' title="bbox 171 1369 1055 1454">
     <span class='ocr_line' id='line_1_9' title="bbox 171 1369 1055 1454; baseline 0.003 -23"><span class='ocrx_word' id='word_1_98' title='bbox 171 1369 229 1432; x_wconf 90' lang='lat' dir='ltr'><strong>Dei</strong></span> <span class='ocrx_word' id='word_1_99' title='bbox 249 1387 356 1432; x_wconf 79' lang='lat' dir='ltr'><strong>amore</strong></span> <span class='ocrx_word' id='word_1_100' title='bbox 376 1378 406 1433; x_wconf 88' lang='lat' dir='ltr'><strong>et</strong></span> <span class='ocrx_word' id='word_1_101' title='bbox 425 1371 493 1435; x_wconf 87' lang='lat' dir='ltr'><strong>zelo</strong></span> <span class='ocrx_word' id='word_1_102' title='bbox 515 1371 589 1436; x_wconf 90' lang='lat' dir='ltr'><strong>boni</strong></span> <span class='ocrx_word' id='word_1_103' title='bbox 614 1373 795 1436; x_wconf 86' lang='lat' dir='ltr'><strong>eommunis</strong></span> <span class='ocrx_word' id='word_1_104' title='bbox 814 1389 922 1454; x_wconf 87' lang='lat' dir='ltr'><strong>proce·</strong></span> <span class='ocrx_word' id='word_1_105' title='bbox 975 1370 1055 1453; x_wconf 89' lang='lat' dir='ltr'><strong>ejus.</strong></span> 
     </span>
    </p>
   </div>
   <div class='ocr_carea' id='block_1_3' title="bbox 2133 563 2153 5944">
    <p class='ocr_par' dir='ltr' id='par_1_8' title="bbox 2133 563 2153 5944">
     <span class='ocr_line' id='line_1_10' title="bbox 2133 563 2153 5944; baseline 0 0"><span class='ocrx_word' id='word_1_106' title='bbox 2133 563 2153 5944; x_wconf 95' lang='lat' dir='ltr'><strong> </strong></span> 
     </span>
    </p>
   </div>
   <div class='ocr_carea' id='block_1_4' title="bbox 0 0 2159 6260">
    <p class='ocr_par' dir='ltr' id='par_1_9' title="bbox 0 0 2159 6260">
     <span class='ocr_line' id='line_1_11' title="bbox 0 0 2159 6260; baseline 0 0"><span class='ocrx_word' id='word_1_107' title='bbox 0 0 2159 6260; x_wconf 95' lang='lat' dir='ltr'><strong> </strong></span> 
     </span>
    </p>
   </div>
  </div>
 </body>
</html>
