4154 6258
341 481 489 530 munuca
509 481 563 528 xrr
581 479 655 528 rosr
675 475 869 526 mmnsrnn.
890 493 930 506 -
950 475 993 522 an
1013 474 1207 539 nnararosos;
1230 475 1329 523 annuo
1348 475 1485 533 oosnrns
1629 453 1690 519 sto

133 653 165 718 ei
196 673 261 719 non
290 655 395 719 solum
425 652 540 718 similis
568 651 602 715 in
626 657 749 726 natura,
776 650 831 714 scd
855 648 926 713 eth
941 647 981 711 de
996 647 1263 730 possessionibus,
1278 665 1339 710 nec
1358 647 1397 710 de
1416 645 1614 729 parentibus,
1629 665 1690 711 neo

134 753 418 816 consubstantialis
441 752 558 826 eidem,
574 749 724 813 videlicet
744 749 838 824 Patri,
855 756 887 811 et
941 748 980 810 de
1004 746 1104 828 gloria
1125 747 1198 811 vite
1220 747 1398 828 presentis,
1418 764 1483 811 non
1504 746 1544 809 de
1565 744 1688 821 amicis,

134 869 239 914 unum
254 870 328 914 cum
345 851 415 934 ipso
428 851 462 913 in
477 849 626 922 essentia,
642 847 726 911 sicut
741 847 774 910 in
790 847 888 910 Dran·
940 853 995 908 aut
1011 844 1176 920 iratribus,
1187 854 1243 909 aut
1257 862 1463 928 quocumque
1478 853 1620 926 terreno;
1634 845 1691 908 sed

135 949 221 1033 gelio
236 949 377 1033 loquitur
394 968 401 1013 :
418 949 483 1032 Ego
497 955 530 1011 et
542 948 633 1011 Pater
647 965 748 1010 unum
764 965 883 1009 sumus.
941 961 1070 1007 omnem
1087 963 1178 1008 suam
1193 944 1414 1008 habitudinem
1429 952 1461 1006 et
1475 941 1689 1019 affectionem,

175 1049 451 1123 Quemadmodum
476 1065 551 1129 ergo
580 1045 692 1110 beatus
716 1045 886 1130 Apostolus
941 1061 1070 1108 omnem
1090 1045 1130 1107 ad
1149 1043 1271 1125 aliquid
1290 1043 1483 1125 passionem,
1499 1059 1630 1106 omnem
1650 1044 1689 1106 de

135 1146 232 1209 flexis
256 1147 394 1228 genibus
417 1147 518 1208 Deum
549 1146 673 1208 Patrem
703 1143 805 1207 oravit
828 1160 887 1224 pro
940 1142 990 1206 his
1006 1142 1257 1206 sollicitudinem
1272 1142 1383 1205 odiens
1402 1150 1497 1225 atque
1511 1143 1687 1216 excutiens,

89 1252 94 1262 '
135 1243 284 1327 Ephesiis
299 1244 418 1326 quibus
433 1245 501 1308 baec
516 1243 656 1326 scripsit,
668 1249 704 1304 ut
719 1242 787 1325 ipse
802 1242 886 1304 Deus
941 1249 973 1304 et
996 1241 1162 1326 proprium
1187 1257 1303 1325 corpus
1327 1239 1502 1314 refrenans,
1528 1241 1633 1303 nudus
1657 1247 1689 1303 et

134 1343 226 1406 Pater
247 1342 425 1406 secundum
445 1341 572 1404 divitias
595 1340 703 1422 glorias
722 1359 799 1414 suae,
818 1357 885 1402 cor·
941 1340 1010 1402 sine
1026 1338 1242 1402 sollicitudine
1257 1345 1395 1413 terrena,
1410 1345 1443 1402 et
1456 1338 1578 1420 absque
1592 1338 1689 1421 pigri·

134 1440 299 1504 roboraret
314 1441 410 1504 corda
427 1457 538 1504 eorum
558 1458 615 1522 per
636 1439 791 1521 Spiritum
810 1437 885 1500 San·
940 1437 995 1512 tia,
1012 1437 1174 1500 Christum
1194 1444 1356 1519 sequetur,
1375 1437 1408 1499 in
1428 1437 1544 1500 coelum
1561 1453 1688 1518 semper

134 1547 236 1614 ctum,
254 1540 296 1602 ita
311 1545 347 1601 nt
369 1539 512 1603 Christus
533 1557 590 1621 per
611 1537 709 1600 fidem
730 1537 887 1600 babitaret
940 1535 1106 1618 adspiciet,
1123 1542 1155 1598 et
1170 1535 1245 1598 inde
1260 1535 1415 1598 auxilium
1433 1533 1627 1616 implorabit,
1643 1551 1689 1596 se

133 1637 167 1699 in
189 1638 247 1710 eis,
269 1637 465 1718 radicatique
484 1643 592 1700 essent
615 1636 648 1698 in
673 1635 822 1715 caritate3
842 1637 885 1698 ita
941 1635 1082 1696 cundum
1097 1641 1242 1696 sanctum
1258 1633 1356 1696 David
1372 1634 1428 1716 qui
1443 1633 1533 1707 dixit,
1549 1632 1688 1696 Adhaesit
1702 1647 1827 1699 ramae.

132 1744 167 1798 et
187 1752 245 1798 nos
264 1735 470 1798 devotissime
486 1735 587 1798 Deum
601 1735 725 1797 Patrem
744 1751 882 1808 cremus,
940 1732 1047 1795 anima
1072 1751 1143 1794 moa
1168 1739 1240 1815 post
1263 1739 1305 1805 te,
1331 1739 1363 1794 et
1388 1731 1558 1794 leremiam
1581 1730 1688 1794 dicen-

132 1840 294 1915 quatenns
309 1833 404 1896 corda
419 1841 526 1896 nostra
545 1852 583 1894 ex
604 1851 637 1894 se
659 1831 737 1914 ipsis
758 1851 885 1914 semper
902 1833 926 1895 Β
941 1838 1017 1903 tem,
1035 1831 1099 1911 Ego
1114 1848 1177 1893 non
1194 1829 1334 1893 laboravi
1348 1837 1380 1892 te
1395 1848 1542 1912 sequens,
1554 1837 1586 1892 et
1600 1829 1685 1892 diem
1700 1843 1833 1896 aranas.

132 1930 262 2012 fragilia
275 1937 370 2013 atque
384 1931 417 1993 in
429 1947 525 1994 omne
537 1937 705 2013 peccatum
718 1930 883 2013 proclivia,
941 1928 1081 1992 hominis
1104 1947 1168 1992 non
1191 1929 1373 2012 concupivi,
1389 1935 1423 1990 tu
1446 1928 1518 1990 scis.
1536 1928 1687 1991 Confusio

132 2029 287 2110 dignetur
306 2030 483 2092 secundum
504 2029 665 2092 infinitam
688 2028 885 2111 opulentiam
942 2028 1080 2090 maxima
1099 2034 1147 2091 est
1162 2034 1233 2110 post
1248 2027 1448 2090 vocationem
1466 2027 1505 2088 ad
1521 2045 1617 2108 quam
1633 2043 1686 2090 vo-

133 2136 167 2190 et
180 2127 435 2190 munificentiam
452 2147 488 2190 ac
504 2127 768 2209 omnipotentiam
782 2146 884 2202 suam,
941 2127 1025 2189 cavit
1040 2144 1097 2189 nos
1117 2127 1211 2200 Deus,
1228 2133 1260 2188 et
1274 2143 1338 2189 non
1353 2126 1460 2201 homo,
1476 2143 1533 2188 nos
1549 2126 1604 2208 qui
1620 2143 1686 2188 om-

133 2225 365 2306 gratiosissime
389 2225 581 2289 confirmare
606 2233 638 2288 et
662 2226 751 2287 omni
775 2225 826 2288 die
852 2225 885 2288 in
941 2225 994 2287 nia
1008 2226 1164 2288 exteriora
1183 2225 1383 2306 reliquimus,
1400 2225 1439 2286 de
1453 2224 1561 2306 aliquo
1576 2242 1687 2286 curare

133 2342 170 2386 se
192 2323 262 2406 ipso
281 2322 395 2386 fortius
416 2323 623 2398 consolidare,
640 2341 681 2385 ne
701 2322 734 2384 in
757 2331 886 2404 peccata
941 2331 973 2386 et
1003 2323 1169 2386 sollicitari
1201 2341 1264 2386 non
1294 2322 1419 2385 valente
1449 2321 1542 2384 nobis
1572 2321 1605 2383 in
1635 2321 1687 2384 die

133 2441 280 2496 ruamus,
296 2422 352 2484 scd
372 2422 496 2485 Christo
517 2440 574 2503 per
595 2421 694 2485 fidem
716 2421 885 2484 formatam
942 2421 1052 2484 mortis
1074 2427 1190 2484 nostrae
1213 2422 1373 2504 prodesse.
1390 2420 1511 2502 Nempe
1534 2420 1619 2482 istud
1640 2419 1686 2481 di-

133 2519 300 2582 habitante
325 2520 358 2582 in
388 2519 493 2593 nobis,
519 2519 553 2580 in
581 2519 670 2582 omni
699 2519 830 2582 caritate
854 2526 886 2581 et
941 2521 987 2582 xit
1010 2520 1165 2583 Dominus
1186 2521 1275 2582 lesus
1299 2519 1452 2594 Christus,
1475 2519 1617 2581 converti
1639 2536 1833 2592 remaneas.

133 2616 334 2699 perfectione
364 2616 574 2690 stabiliamur,
600 2634 728 2679 omnem
758 2635 885 2699 quoque
940 2626 1079 2680 trorsum
1112 2625 1143 2679 et
1172 2617 1330 2700 respicere
1360 2625 1455 2692 retro,
1486 2635 1544 2679 nec
1574 2623 1686 2699 aptum

133 2715 349 2778 tentationum
369 2715 557 2797 impulsum,
573 2721 747 2777 etomnem
768 2715 886 2796 passio·
942 2716 1079 2780 inveniri
1108 2716 1146 2778 ad
1177 2734 1311 2797 regnum
1342 2716 1505 2779 coelorum.
1532 2715 1686 2778 Dominus

134 2833 217 2876 num
232 2819 364 2877 ventum
384 2832 421 2876 ac
439 2815 596 2896 impetum
612 2813 765 2877 velociter
778 2814 884 2876 exsuf·
941 2813 1084 2877 Christus
1099 2815 1203 2876 sciens
1219 2814 1323 2877 cordis
1340 2813 1440 2876 nostri
1456 2812 1612 2875 lubricam
1627 2813 1688 2875 fra-

134 2910 267 2986 flemus,
298 2912 464 2994 simusque
496 2912 618 2974 similes
647 2912 717 2975 viro
748 2913 885 2994 sapienti
939 2912 1094 2994 gilitatem
1110 2913 1149 2974 ad
1164 2912 1351 2975 affectiones
1367 2912 1554 2985 mundanas,
1566 2918 1597 2974 et
1612 2929 1688 2994 qno

133 3011 195 3092 qui
224 3009 396 3072 aedificavit
421 3010 551 3072 domurn
582 3028 673 3072 suam
702 3027 798 3091 supra
828 3028 884 3091 pe·
901 3017 922 3081 c
940 3011 1035 3074 modo
1059 3011 1207 3073 monachi
1231 3010 1437 3074 saecularibus
1462 3009 1687 3092 participantes

132 3117 229 3170 tram.
255 3107 464 3170 AEdificemus
488 3126 563 3189 ergo
585 3107 804 3170 babitaculum
829 3127 885 3170 nc-
940 3128 996 3172 seu
1018 3109 1291 3171 communicantes
1311 3127 1409 3191 seque
1429 3108 1685 3182 commiscentes,

132 3207 193 3269 stri
215 3206 320 3270 cordis
339 3225 436 3288 supra
451 3206 624 3280 Christum,
643 3207 676 3269 in
691 3207 762 3288 ejus
781 3207 885 3269 humi·
941 3207 1077 3270 faciliter
1092 3215 1317 3270 convertantur
1331 3224 1441 3270 rursus
1462 3207 1494 3268 in
1515 3206 1683 3280 mundum,

131 3306 236 3380 litate,
267 3305 431 3387 patientia,
463 3312 660 3387 paupertate,
690 3305 882 3381 obedientia,
940 3307 1059 3369 dicenti
1084 3305 1157 3380 sibi,
1183 3306 1313 3368 Dimitte
1338 3324 1389 3368 mc
1413 3306 1554 3387 primum
1583 3305 1629 3368 ire
1653 3313 1831 3373 etruscern

131 3405 266 3466 caritate
300 3421 354 3466 cor
387 3411 532 3466 nostrum
564 3412 597 3466 et
627 3421 755 3466 omnem
785 3405 883 3468 vitam
940 3405 1076 3487 sepelire
1091 3412 1214 3486 patrem
1231 3423 1350 3478 meum,
1368 3404 1531 3487 respondit
1548 3421 1555 3466 :
1572 3384 1831 3496 Dimit·{†}¹‘,‘2¹{·*¹”'

129 3510 276 3564 nostram
292 3501 625 3584 fundantes,praefatas
640 3502 810 3564 Salvatoris
825 3504 885 3565 vir·
940 3511 971 3564 te
987 3510 1127 3565 mortuos
1147 3502 1283 3584 sepelire
1299 3509 1440 3565 mortrms
1459 3519 1543 3565 suos.
1560 3502 1632 3565 llaec
1652 3502 1685 3564 in

129 3609 218 3663 tutes
240 3608 368 3662 strenue
384 3600 557 3674 imitantes,
574 3607 688 3663 utnon
709 3600 883 3664 habeamus
940 3600 1097 3663 sententia
1115 3599 1283 3664 Climacus.

129 3699 173 3760 ad
192 3697 316 3780 aliquid
336 3697 529 3779 passionem,
546 3697 579 3759 id
599 3705 657 3772 est,
675 3699 714 3760 ad
737 3698 820 3760 nihil
839 3698 884 3761 vi·
981 3699 1040 3761 Sed
1071 3699 1155 3761 circa
1183 3698 1420 3781 praeallegatum
1444 3700 1589 3763 tarenta
1617 3719 1686 3763 ver-

130 3797 216 3860 tiose
238 3794 431 3858 afficiamur.
941 3798 1018 3861 burn
1040 3799 1163 3862 utiliter
1187 3799 1350 3881 quaeritur,
1370 3800 1447 3881 quid
1473 3800 1515 3862 sit
1538 3801 1689 3883 concupi-

174 3895 264 3968 Quod
284 3894 361 3976 quid
381 3893 433 3967 sit,
447 3900 479 3956 ct
493 3912 512 3955 a
527 3911 591 3976 quo
611 3893 679 3969 fiat,
696 3903 728 3956 et
747 3895 884 3977 qualiter
941 3915 1029 3959 scere
1055 3897 1141 3960 diem
1170 3898 1321 3961 hominis.
1347 3898 1578 3981 Respondetnr‚
1604 3899 1688 3980 quod

128 3993 207 4056 fieri
232 3991 356 4066 debeat,
377 3991 488 4074 pandit
509 3991 680 4067 Climaous,
697 3993 807 4056 dicens
824 4011 831 4054 :
847 3994 882 4056 ln
941 3997 1026 4058 diem
1048 3996 1189 4060 hominis
1213 3998 1451 4080 concupiscere,
1475 4005 1524 4061 est
1547 4017 1583 4061 ea
1607 3999 1688 4061 desi·

128 4092 268 4155 veritate
295 4090 467 4153 Dominum
497 4098 640 4153 nostrum
664 4091 772 4154 lesum
796 4093 883 4155 Chri·
941 4095 1051 4158 derare
1073 4115 1143 4177 quaa
1164 4094 1310 4158 homines
1330 4096 1484 4160 mundani
1500 4105 1531 4160 et
1547 4098 1688 4161 carnales

128 4198 221 4252 stum
247 4188 395 4270 diligens,
417 4195 450 4250 et
469 4189 577 4270 ipsum
599 4189 631 4251 in
655 4191 750 4254 corde
770 4209 828 4254 suo
847 4211 883 4254 ac
898 4194 923 4258 D
941 4193 975 4255 in
1000 4193 1114 4256 diebus
1143 4195 1209 4256 suis
1234 4195 1268 4257 in
1298 4196 1415 4260 seculo
1439 4196 1500 4258 isto
1524 4195 1686 4271 affectant,

129 4305 268 4371 corpore
292 4296 432 4370 portans,
459 4287 492 4350 in
516 4289 611 4351 corde
636 4308 693 4372 per
717 4289 827 4365 fidem,
850 4291 882 4354 in
939 4293 1160 4376 appretiantur
1174 4301 1206 4356 et
1220 4295 1628 4376 amplectuntur,videlicet
1643 4297 1688 4359 di-

128 4404 267 4469 corpore
286 4405 343 4469 per
359 4386 460 4469 ipsius
481 4386 720 4469 castigationem
735 4390 883 4471 etquoti·
938 4391 1043 4466 vitias,
1074 4392 1205 4455 delicias
1234 4400 1266 4454 et
1293 4393 1440 4467 honores,
1471 4394 1626 4457 vanitates
1655 4403 1687 4458 et

127 4487 261 4549 dianam
277 4484 573 4560 crucifixionem,in
588 4487 721 4550 veritate
736 4487 881 4552 futurum
939 4490 1077 4552 insanias
1105 4490 1212 4565 falsas,
1236 4491 1347 4572 jocari,
1373 4491 1488 4566 ridere,
1514 4493 1547 4554 in
1571 4511 1686 4557 concu-

128 4603 269 4665 regnum
290 4583 423 4666 adipisci
447 4583 613 4665 inquirens
632 4603 668 4646 ac
688 4587 831 4661 studens,
848 4588 880 4649 in
938 4588 1104 4670 piscentiis
1124 4597 1155 4651 et
1170 4589 1408 4652 carnalitatibus
1424 4599 1551 4674 tempus
1571 4611 1686 4675 expen-

126 4682 267 4746 veritate
289 4681 431 4745 dolorem
459 4681 498 4743 de
525 4682 592 4744 suis
617 4685 757 4764 peccatis
781 4693 813 4747 et
837 4687 881 4748 of·
937 4689 1022 4762 dere,
1048 4689 1318 4770 quemadmodum
1343 4690 1382 4752 ad
1405 4690 1579 4753 Jerusalem
1603 4691 1684 4753 dixit

127 4779 335 4845 fensionibus
350 4779 482 4853 habens,
499 4780 532 4842 in
547 4781 680 4844 veritate
696 4784 882 4847 memoriam
937 4785 1078 4848 Salvator
1088 4804 1095 4848 :
1105 4787 1143 4848 Et
1158 4787 1288 4869 quidem
1302 4787 1334 4849 in
1346 4788 1405 4851 hec
1421 4788 1473 4851 die
1485 4796 1628 4871 tuaque
1642 4791 1681 4852 ad
1716 4808 1769 4851 aaa.
1784 4819 1828 4858 m,

128 4887 365 4944 tormentorum
394 4878 512 4941 inferni
542 4881 719 4962 possidens,
745 4889 778 4945 et
801 4883 881 4963 rigo
936 4903 1048 4966 pacem
1063 4885 1133 4948 tibi.
1151 4885 1209 4959 Dui
1230 4903 1304 4967 ergo
1318 4887 1375 4950 Dei
1396 4887 1512 4950 intuitu
1528 4896 1560 4950 et
1574 4905 1681 4951 amore
1694 4877 1729 4919 ⁴²·

128 4997 200 5042 rem
230 4977 340 5041 aeterni
368 4977 483 5059 judicii
514 4997 663 5061 pensans,
690 4979 723 5043 in
747 4982 880 5044 veritate
936 4982 1125 5046 haecomnia
1144 4992 1342 5066 aspernatur,
1359 4986 1443 5048 diem
1460 4986 1600 5050 hominis
1616 5005 1681 5050 non

128 5077 321 5140 memoriam
347 5083 379 5138 et
404 5077 553 5140 timorem
583 5077 686 5140 exitus
715 5079 766 5140 sni
794 5098 880 5142 assu·
935 5083 1142 5164 concupiscit.
1159 5083 1223 5146 Nec
1243 5082 1347 5146 solum
1364 5103 1401 5146 ea
1421 5067 1484 5146 non
1501 5085 1680 5147 desiderare

127 5195 235 5250 mens,
261 5191 324 5238 non
348 5175 482 5239 ulterius
506 5175 636 5250 amabit,
662 5196 766 5259 neque
790 5197 879 5242 cura·
934 5180 1100 5254 debemus,
1118 5182 1172 5245 sed
1193 5181 1289 5245 etiarn
1309 5181 1463 5256 fastidire,
1481 5190 1512 5244 et
1531 5191 1680 5265 tanquam

126 5276 188 5350 bit,
205 5291 311 5356 neque
330 5273 486 5338 sollicitus
507 5275 568 5338 erit
587 5275 625 5337 de
645 5275 802 5358 pecuniis,
820 5297 878 5340 nec
934 5286 1092 5342 tormenta
1109 5280 1208 5342 vitare
1229 5297 1265 5341 ac
1285 5278 1405 5360 fugere,
1427 5287 1462 5341 ut
1478 5279 1523 5342 sic
1542 5282 1680 5344 mundus
