4154 6258
482 471 630 520 ocumrca
651 472 704 519 xvr
724 473 797 520 rosr
817 471 1011 519 mmraaram
1031 489 1071 504 -
1092 474 1191 522 sanxo
1211 475 1364 523 saouunus
1637 460 1698 524 469

144 639 290 706 inlundit
311 643 441 727 iniquis.
458 644 503 707 De
524 643 642 706 talibus
664 644 750 707 enim
773 644 895 707 devotis
909 644 936 708 Α
950 643 1041 727 pium
1069 653 1164 728 atque
1192 647 1374 710 damnabile
1401 655 1450 710 est
1480 667 1581 710 unum
1608 667 1696 711 scan-

6 758 126 810 tentes.
144 748 177 803 et
197 741 370 804 caritativis
390 742 472 805 dixit
490 761 547 825 per
563 743 676 805 lsaiam
694 761 701 804 :
717 743 895 824 Antequam
949 742 1084 806 dalizare
1108 744 1274 825 pusillum,
1295 753 1331 806 ut
1354 745 1438 808 dicet
1462 745 1614 820 Salvator,
1635 746 1694 820 oui
1733 770 1823 818 naq,

144 840 295 916 clament,
317 841 485 904 exaudiam
509 858 573 904 eos.
600 841 680 904 Hinc
703 841 892 904 Psalmista:
948 842 1210 905 scandalizaverit
1230 863 1331 906 unum
1354 863 1393 907 ex
1414 845 1465 908 his
1488 844 1614 928 pusillis
1638 845 1694 926 qui
1708 837 1794 886 ”¹⁸¹⁶-

6 938 345 1008 rs.1‚1r,l)esiderium
369 939 504 1021 (inquit)
527 957 705 1022 pauperum
732 938 895 1001 exaudivit
948 939 981 1001 in
1003 958 1054 1002 me
1074 941 1217 1016 credunt,
1234 943 1363 1024 expedit
1381 943 1411 1006 ei
1431 949 1467 1004 ut
1482 943 1695 1026 suspendatur

6 1019 110 1063 κω·
143 1037 317 1118 Dominus3
343 1037 607 1120 preparationem
637 1037 740 1100 cordis
769 1055 891 1111 eorum,
948 1039 1032 1101 mola
1046 1039 1183 1102 asinaria
1197 1040 1231 1102 in
1247 1041 1329 1104 collo
1346 1041 1428 1126 ejus,
1445 1049 1476 1104 et
1491 1042 1694 1124 demergatur

143 1135 175 1198 id
197 1144 246 1199 est
264 1136 506 1219 dispositionem
529 1137 568 1198 ad
587 1135 754 1210 orandum,
770 1136 893 1198 audivit
947 1137 980 1199 in
1006 1137 1202 1220 prolundum
1226 1138 1322 1201 maris
1340 1158 1346 1200 :
1364 1157 1460 1221 quarn
1484 1140 1636 1204 vitiosum
1662 1149 1694 1204 et

141 1234 230 1296 auris
256 1241 318 1296 tua.
336 1234 416 1297 llinc
438 1233 610 1297 innotescit
631 1253 726 1316 quam
752 1234 829 1296 utile
851 1234 892 1296 sit
947 1234 1129 1298 damnabile
1148 1243 1250 1298 exstat
1265 1243 1362 1299 totam
1381 1237 1549 1312 familiam,
1565 1245 1598 1301 et
1616 1257 1694 1320 pre-

141 1332 302 1395 orationcs
331 1339 440 1415 petere
469 1333 657 1395 devotorum
682 1349 690 1393 τ
716 1332 749 1394 in
774 1331 891 1414 quibus
946 1333 1056 1396 sertim
1072 1341 1170 1397 totam
1186 1336 1459 1410 communitatem,
1472 1336 1694 1412 scandalizare,

140 1437 249 1492 umen
265 1429 372 1494 nullus
387 1430 482 1492 debet
496 1429 703 1493 immoderate
719 1429 889 1503 confidere,
946 1451 1044 1514 quum
1059 1440 1092 1494 et
1106 1434 1208 1496 sancti
1221 1434 1365 1496 doctores
1381 1435 1694 1509 testentur,0uicum-

141 1535 176 1588 ut
193 1528 317 1592 scilicet
331 1529 483 1592 audacius
498 1536 620 1611 peccet,
630 1528 781 1610 quoniam
798 1529 891 1590 multi
946 1548 1008 1612 que
1024 1531 1056 1592 in
1071 1538 1245 1614 conspectu
1261 1532 1372 1614 populi
1394 1533 1475 1596 male
1491 1533 1566 1614 agit,
1582 1540 1628 1596 tot
1642 1552 1693 1597 oc-

139 1634 233 1689 oraut
258 1645 316 1710 pro
340 1645 389 1702 eo,
412 1627 488 1710 quia
511 1627 572 1690 hoc
598 1627 722 1689 fatuum
747 1635 830 1690 esset
853 1646 890 1690 ac
946 1628 1024 1690 cidit
1039 1647 1145 1691 coram
1160 1637 1238 1711 quot
1252 1634 1383 1712 peccatl
1398 1631 1541 1712 Denique
1555 1631 1693 1713 gravitas

139 1726 339 1807 pessimum3
355 1726 439 1788 Deus
459 1743 586 1808 quoque
605 1743 670 1789 non
689 1745 816 1808 semper
834 1745 889 1788 au·
945 1725 1043 1807 hujus
1072 1727 1212 1789 scandali
1241 1735 1329 1790 tanto
1357 1737 1405 1792 est
1433 1728 1545 1809 maior,
1575 1738 1694 1812 quanto

139 1823 189 1884 dit
213 1824 344 1887 devotos
366 1841 425 1905 pro
445 1823 526 1886 aliis.
907 1823 931 1885 Β
946 1824 1162 1887 scandalizans
1176 1826 1315 1908 amplius
1329 1827 1488 1908 obligatur
1502 1828 1693 1910 exemplaris

17 1943 122 1989 meaa
181 1921 292 2004 ltaque
313 1921 457 1985 Christus
479 1922 645 1985 suscitavit
666 1921 699 1984 in
719 1922 832 2004 primis
852 1920 890 1984 li·
945 1922 1109 1994 exsistere,
1126 1930 1157 1985 et
1178 1931 1298 2004 quanto
1317 1924 1447 2005 majoris
1462 1931 1510 1986 est
1527 1925 1694 1988 auctorita·

60 2035 66 2045 ·
139 2020 219 2082 liam
244 2020 483 2102 archisynagogi
510 2019 542 2081 in
564 2021 659 2083 domo
678 2038 715 2082 ac
741 2020 822 2083 lecto
845 2020 890 2102 ja·
944 2021 997 2095 tis,
1014 2021 1189 2103 potestatis,
1210 2023 1338 2103 gradus,
1356 2023 1477 2086 ordinis
1499 2023 1567 2086 sive
1592 2024 1693 2086 scien-

139 2127 279 2192 centem,
296 2119 438 2181 nondum
462 2119 587 2180 elatam.
606 2119 664 2181 Per
688 2137 784 2201 quam
808 2119 890 2180 desi·
944 2119 1006 2182 tias.
1033 2118 1227 2202 Certumque
1251 2129 1299 2182 est
1323 2121 1407 2203 quod
1436 2121 1521 2184 sicut
1544 2122 1693 2205 prelatus

138 2225 257 2300 gnatur
271 2217 492 2299 unusquisque
508 2223 656 2299 peccator
670 2217 725 2298 qui
746 2223 889 2280 mortuus
944 2225 1070 2280 ‘tenetur
1094 2235 1164 2280 csse
1192 2219 1384 2301 exemplaris
1408 2219 1496 2301 plebi
1522 2220 1584 2283 sibi
1608 2239 1693 2284 com-

139 2324 191 2380 est
210 2316 278 2379 solo
298 2314 442 2378 interiori
465 2315 570 2377 cordis
591 2323 732 2398 peccato,
750 2323 826 2398 puta
845 2315 890 2378 vi·
945 2315 1062 2392 misse,
1078 2317 1122 2378 ita
1141 2324 1288 2398 parentes
1308 2318 1444 2400 proprie
1464 2317 1566 2381 soboli
1580 2336 1617 2380 ac
1636 2319 1693 2382 toti

137 2415 224 2479 tloso
252 2414 371 2478 aflectu
401 2421 433 2476 et
458 2414 623 2495 pravitatis
652 2432 821 2490 consensu,
846 2415 889 2478 ita
944 2414 1084 2478 familia.
1110 2414 1258 2478 [lectores
1284 2433 1412 2498 quoque
1442 2417 1692 2493 communitatis,

137 2514 227 2597 quod
250 2512 392 2576 nondum
417 2512 573 2595 processit
595 2513 635 2574 ad
658 2530 755 2596 opera
779 2531 886 2595 prava,
944 2513 1095 2578 videlicet
1127 2513 1274 2588 officiati,
1306 2522 1341 2576 ut
1371 2515 1536 2590 scultetus,
1570 2515 1694 2579 scabini

137 2613 196 2676 scd
220 2611 355 2695 quiescit
376 2610 408 2672 in
429 2609 521 2684 lecto,
541 2608 602 2672 hoc
625 2618 673 2673 est
696 2611 730 2673 in
752 2611 890 2693 propriae
943 2611 1061 2686 acalii,
1078 2611 1169 2674 valde
1188 2611 1551 2676 tenenturedilicatorii
1571 2633 1693 2676 esseae

137 2709 258 2773 mentis
286 2729 323 2772 ac
349 2708 439 2772 mala
462 2707 666 2772 conscientia
689 2709 776 2790 turpi
800 2709 887 2784 nido,
943 2709 1077 2773 virtuosi
1094 2727 1101 2771 :
1117 2709 1195 2772 alias
1217 2717 1324 2773 essent
1346 2710 1468 2792 indigni
1493 2711 1632 2774 ministri
1656 2732 1693 2776 ac

137 2809 257 2873 similis
279 2807 392 2871 avibus
414 2807 508 2871 loedis
532 2825 603 2889 quaa
627 2807 773 2890 proprios
797 2807 889 2870 nidos
943 2815 1145 2870 exsecutores
1168 2807 1310 2888 justitiae,
1334 2809 1487 2890 quoniam
1511 2810 1613 2872 sancti
1639 2830 1693 2892 pa-

138 2905 387 2971 commaculant.
418 2905 501 2968 Talis
536 2903 657 2986 indiget
691 2905 838 2967 suscitari
871 2925 890 2968 a
943 2914 1007 2969 tres
1031 2906 1219 2969 Ambrosius
1243 2906 1550 2990 chrysostomusque
1578 2915 1694 2971 testan-

139 3006 278 3079 Christo,
290 3004 345 3087 qui
361 3011 501 3066 mentem
517 3003 693 3086 peccatoris
709 3003 887 3067 misericor·
905 3003 927 3068 C
944 3012 1005 3078 tur,
1023 3005 1107 3086 quod
1129 3003 1278 3085 indignus
1298 3011 1347 3066 est
1364 3003 1443 3068 alios
1463 3005 1619 3086 judicare,
1637 3007 1700 3089 qui'

136 3106 222 3168 diter
245 3103 414 3176 visitando,
440 3101 581 3164 infundit
610 3101 639 3164 ei
669 3103 887 3184 compunctio·
944 3103 976 3165 in
991 3103 1113 3166 eisdem
1128 3121 1201 3165 cum
1222 3103 1286 3165 illis
1300 3111 1355 3166 aut
1373 3103 1549 3185 majoribus
1564 3124 1620 3168 seu
1640 3124 1693 3188 pa·

135 3223 214 3266 nem
235 3201 534 3283 displicentiamque
549 3199 716 3282 culparum
731 3219 885 3264 suarum:
942 3201 1031 3263 ribus
1053 3209 1101 3264 est
1121 3201 1271 3283 peccatis,
1287 3221 1388 3284 quum
1409 3210 1441 3264 et
1460 3202 1629 3284 Apostolus
1649 3202 1692 3266 lo

135 3303 329 3383 adquorum
350 3299 635 3362 considerationem
652 3317 689 3361 ac
707 3299 886 3362 detestatio·
942 3309 1081 3382 quatur:
1098 3302 1135 3363 ln
1149 3318 1213 3382 quo
1228 3299 1364 3363 alterum
1383 3301 1519 3382 judicas,
1536 3308 1568 3364 te
1583 3301 1690 3384 ipsum
1710 3331 1775 3376 Rom,
1785 3345 1807 3385 Π,
1818 3336 1837 3378 1,

136 3419 214 3463 nem
240 3398 400 3461 illuminat
420 3415 502 3472 eam,
520 3398 564 3459 ita
585 3397 670 3479 quod
690 3397 827 3459 advertit
850 3416 886 3459 ac
942 3399 1153 3478 condemnas;
1169 3398 1280 3460 eadem
1300 3399 1388 3462 enim
1403 3399 1479 3480 agis.
1498 3399 1536 3462 Et
1553 3418 1687 3462 rursus:

135 3505 251 3582 pensat
273 3514 368 3579 quam
389 3495 612 3577 multipliciter
632 3501 727 3576 atque
749 3496 887 3558 enormi·
942 3496 1122 3570 Existimas,
1148 3496 1297 3570 choma,
1324 3497 1379 3579 qui
1407 3497 1533 3577 judicas
1556 3497 1634 3560 alios
1659 3507 1690 3561 at
1716 3527 1808 3572 sarda,

135 3607 187 3660 ter
206 3597 307 3659 Deum
330 3594 483 3668 offendat,
500 3600 618 3675 quanta
639 3593 701 3655 sibi
725 3594 886 3658 damnatio
941 3594 1016 3656 talia
1035 3594 1113 3674 agis,
1130 3594 1206 3676 quia
1225 3601 1260 3655 tu
1280 3594 1417 3675 eflugies
1432 3594 1591 3675 judicium
1610 3596 1689 3659 [leil

136 3697 246 3769 instet,
270 3700 387 3776 quanta
411 3691 553 3774 quotidie
578 3692 717 3773 negligat
738 3692 831 3768 bona,
855 3702 886 3755 ct
981 3694 1115 3774 Insuper
1130 3711 1187 3774 per
1201 3693 1332 3755 domum
1349 3692 1484 3773 intelligi
1502 3701 1606 3775 potest
1620 3713 1690 3777 pro·

135 3799 290 3877 quantam
314 3791 425 3873 perdat
446 3789 634 3852 felicitatem
655 3790 688 3851 in
709 3791 819 3872 patria.
941 3791 1047 3872 prium
1069 3808 1195 3872 corpus,
1211 3791 1302 3871 juxta
1324 3790 1403 3852 illud
1424 3790 1481 3854 Job
1499 3810 1506 3853 ι
1522 3792 1580 3865 Qui
1600 3792 1690 3855 habi·
1714 3812 1835 3866 aaran.

6 3919 116 3963 acmen
176 3890 335 3964 Secundo,
352 3889 495 3952 Christus
519 3888 685 3951 suscitavit
707 3887 814 3950 filium
839 3889 885 3950 vi·
940 3896 1007 3950 tant
1029 3889 1140 3952 domos
1169 3889 1280 3964 luteas,
1307 3897 1537 3952 consumentur
1559 3890 1648 3953 velut
1671 3910 1689 3953 a

6 3990 61 4032 Ἢ·
135 3994 207 4055 duae
225 3997 313 4053 extra
333 3989 464 4051 domum
481 3995 512 4050 et
532 3986 694 4050 civitatem
711 3993 883 4069 portatum,
938 3987 1034 4049 tinea.
1052 3987 1139 4050 Unde
1155 3994 1187 4050 et
1201 3987 1370 4069 Apostolus
1390 3989 1532 4070 loquitur
1544 4006 1550 4050 :
1563 3990 1688 4053 Scimus
1702 4017 1834 4072 new,

136 4087 307 4169 loculoque
323 4085 520 4168 impositum.
530 4085 588 4148 Per
603 4083 734 4146 domum
750 4083 884 4165 intelligi
940 4085 1091 4167 quoniam
1116 4085 1144 4147 si
1168 4086 1328 4148 terrestris
1353 4087 1466 4149 domus
1490 4095 1598 4150 nostra
1621 4107 1689 4152 cor-

135 4192 242 4270 potest
254 4184 378 4248 lamilia
398 4202 454 4246 scu
474 4181 724 4245 cohabitantium
744 4182 884 4244 multitu·
899 4185 924 4247 l)
939 4190 1117 4265 rumpatur,
1142 4185 1227 4265 quod
1256 4185 1502 4248 edificationem
1531 4186 1687 4249 babemus

134 4288 195 4366 do;
211 4303 271 4368 per
285 4283 447 4347 civitatem
462 4281 657 4362 autem,ipsa
672 4281 883 4343 communitas
940 4282 972 4342 in
989 4281 1087 4344 coelis.
1105 4282 1235 4355 Rursus,
1252 4301 1309 4364 per
1326 4284 1457 4345 domurn
1477 4283 1612 4365 intelligi
1632 4303 1686 4366 po

133 4384 250 4467 plebis.
267 4382 376 4462 ltaque
396 4399 453 4463 per
468 4379 655 4442 dolunctum
672 4378 769 4440 istum
783 4378 885 4460 signa·
938 4386 1000 4442 test
1021 4397 1086 4452 cor,
1101 4380 1192 4461 juxta
1211 4379 1291 4442 illud
1312 4381 1344 4442 in
1365 4381 1587 4444 Ecclesiastico
1608 4385 1685 4445 scri-

131 4491 185 4545 tur
206 4481 403 4564 quicumque
426 4486 574 4560 peccator
592 4495 655 4540 non
674 4476 777 4539 solum
798 4477 883 4540 intus
939 4487 1029 4561 ptum
1049 4479 1139 4540 :Nisi
1160 4479 1193 4540 in
1213 4478 1327 4540 timore
1347 4478 1472 4541 Domini
1492 4481 1634 4544 tenueris
1653 4489 1684 4545 te
1697 4507 1833 4561 earam„

133 4579 318 4664 culpabilis,
335 4578 389 4640 sed
410 4578 465 4660 qui
486 4577 519 4639 in
539 4583 645 4639 actum
664 4576 783 4657 peccati
802 4594 883 4638 mor·
939 4577 1103 4650 instanter,
1120 4577 1183 4638 cito
1206 4576 1409 4639 subvertetur
1433 4579 1546 4640 domus
1570 4587 1636 4653 tua,
1653 4580 1684 4643 id
1699 4571 1720 4614 ⁴·

130 4681 205 4743 talis
222 4677 379 4761 processit
393 4676 426 4738 in
441 4683 577 4749 tantum,
588 4681 622 4736 ut
637 4681 701 4736 tarn
717 4675 884 4737 condome-
938 4683 986 4736 est
1001 4693 1055 4737 cor
1069 4683 1170 4736 tuum.
1180 4675 1266 4737 Tunc
1282 4693 1357 4756 ergo
1373 4685 1519 4758 peccator
1534 4683 1622 4740 extra
1637 4680 1686 4742 do

133 4779 224 4842 sticis
245 4777 311 4840 suis
332 4793 428 4858 quam
447 4773 668 4837 communitati
689 4780 794 4855 pateat
813 4772 883 4854 ejus
938 4792 1028 4835 mum
1043 4775 1282 4855 portatur‚dum
1298 4774 1376 4836 vitia
1391 4775 1494 4838 cordis
1509 4777 1686 4858 procedunt

133 4883 315 4960 peccatum,
333 4875 376 4936 ita
390 4873 476 4956 quod
491 4873 659 4954 plurimos,
676 4880 831 4954 quantum
851 4871 883 4933 in
938 4871 971 4932 in
995 4870 1183 4952 conposita
1204 4871 1288 4954 quod
1310 4871 1453 4934 membra
1472 4882 1579 4936 nostra
1597 4875 1684 4937 exhi·
1699 4895 1833 4948 nomano.

134 4983 244 5048 seest,
261 4973 460 5036 scandalizat.
478 4971 567 5045 Quod
587 4988 716 5054 prorsus
736 4971 884 5052 iniquum
939 4969 1052 5031 bemus
1084 4988 1171 5032 arma
1200 4969 1378 5052 iniquitatis
1408 4979 1564 5053 peccato;
1596 4973 1682 5048 item,

133 5081 184 5137 est
198 5079 231 5136 et
245 5072 336 5134 valde
351 5068 729 5150 damnabile,llugustino
742 5069 882 5131 dicente:
939 5068 1015 5130 dum
1032 5075 1161 5149 peccate
1176 5075 1284 5130 nostra
1299 5087 1355 5150 per
1371 5086 1487 5151 corpus
1506 5077 1626 5151 patrata
1641 5071 1686 5133 in·

133 5173 284 5235 Peccator
298 5177 400 5232 tantos
415 5168 534 5232 occidit
548 5187 565 5230 a
579 5167 706 5250 quantis
722 5167 803 5229 male
818 5185 886 5247 age·
939 5166 1047 5228 lerunt
1068 5166 1139 5228 aliis
1161 5168 1287 5241 damna,
1304 5168 1387 5229 sicut
1408 5166 1484 5229 dum
1507 5168 1612 5231 verbis
1632 5178 1687 5231 aut

136 5289 171 5332 re
196 5269 297 5332 scitur
320 5275 375 5330 aut
398 5265 550 5330 cernitur.
567 5265 599 5327 Si
625 5265 712 5328 enim
737 5273 801 5326 tam
827 5264 885 5326 im·
941 5264 1032 5326 lactis
1054 5265 1216 5346 proximos
1239 5265 1393 5329 laedimus.
1410 5265 1457 5326 Ad
1482 5267 1566 5348 quod
1588 5267 1687 5330 vitan-
