4140 6258
466 481 614 530 munerea
634 483 666 530 xl
686 482 760 530 rosr
778 481 972 530 rnrnnarnu.
993 500 1033 512 -
1053 483 1152 531 sunam
1173 484 1283 533 ramos
1590 469 1651 534 359

108 661 164 716 tur.
186 653 350 728 Praeterea,
369 653 429 717 hoc
448 672 513 718 non
528 654 634 718 subito
648 672 752 737 neque
773 653 886 718 casuA
904 653 1087 718 cedentium
1106 655 1334 738 Prophetarum
1353 655 1480 718 oracula
1499 675 1555 720 seu
1572 656 1650 720 vati-

109 752 221 814 lactum
246 771 328 826 esso,
353 753 409 816 sed
433 773 472 817 ex
496 753 605 816 divina
629 751 847 834 dispositione,
903 752 987 815 cinia
1016 753 1046 816 ei
1078 753 1298 816 testimonium
1330 753 1501 836 perhibent
1532 772 1539 817 :
1570 753 1648 838 quin

107 851 176 913 hinc
191 850 363 914 innotescit
380 851 465 933 quod
485 851 568 914 lleus
589 851 649 913 hoc
669 869 703 912 se
718 869 788 912 esse
804 849 848 913 ia·
903 852 1009 933 potius
1024 853 1116 933 quasi
1135 851 1243 916 omnia
1257 852 1374 916 veteris
1393 852 1532 934 novique
1547 853 1650 916 'lesta-

108 956 227 1011 cturum
242 949 353 1012 multis
372 949 600 1032 Prophetarum
621 949 766 1031 praedixit
783 965 849 1012 ora·
904 951 1003 1013 menti
1019 951 1210 1014 documenta
1229 959 1260 1015 et
1274 951 1403 1034 scripta,
1419 951 1565 1014 fabulosa
1581 971 1650 1015 nar-

108 1047 192 1120 culis,
209 1065 346 1129 qnorum
363 1047 436 1110 libri
451 1047 536 1130 apud
551 1065 609 1110 nos
625 1047 656 1110 in
673 1047 848 1110 veneratio·
903 1049 1025 1112 ratione
1054 1050 1216 1132 depravat,
1243 1058 1278 1112 ut
1302 1057 1388 1132 patet
1417 1051 1519 1131 legem
1547 1050 1649 1131 ipsius

107 1164 143 1208 na
165 1144 331 1208 habentur.
349 1145 420 1209 llaeo
442 1153 548 1208 autem
573 1152 637 1208 tam
662 1145 849 1208 admiranda
903 1146 1098 1230 inspicienti.
1116 1147 1203 1210 Unde
1227 1156 1329 1211 astute
1351 1149 1450 1212 libros
1472 1148 1588 1213 vetoris
1612 1167 1649 1212 ac

108 1243 212 1308 mundi
236 1245 276 1306 ad
305 1245 511 1307 christianam
540 1243 640 1306 iidem
669 1243 846 1318 conversio,
902 1245 977 1307 novi
993 1245 1184 1307 Testamenti
1203 1246 1270 1308 suis
1290 1246 1482 1328 sequacibus
1500 1264 1564 1309 non
1579 1246 1650 1309 reli-

109 1342 316 1406 certissimum
332 1350 433 1405 exstat
449 1342 604 1404 indicium
617 1341 848 1424 preteritorum
903 1343 973 1427 quit
987 1343 1148 1425 legendos,
1165 1363 1205 1407 ne
1226 1363 1283 1427 per
1302 1362 1356 1407 eos
1375 1343 1522 1409 falsitatis
1541 1363 1650 1426 argue-

108 1442 277 1523 signorum,
290 1441 332 1502 ita
347 1449 382 1502 ut
398 1459 435 1504 ea
449 1439 556 1503 iterari
571 1459 700 1503 necesse
715 1457 779 1504 non
794 1440 845 1514 sit,
903 1449 999 1516 retur,
1016 1461 1136 1524 suaque
1151 1441 1273 1506 falsitas
1288 1442 1588 1526 deprehenderetur.
1605 1443 1651 1505 ld-

108 1559 200 1623 qoum
219 1541 251 1602 in
272 1557 330 1604 suo
349 1538 469 1602 ellectu
489 1539 651 1602 reluceant
669 1539 845 1602 evidenter.
903 1539 1015 1621 ecqui
1035 1540 1105 1620 ejus
1127 1539 1220 1603 dictis
1236 1539 1335 1605 iidem
1355 1539 1520 1614 adhibent,
1537 1540 1650 1604 leviter

108 1641 190 1702 Esset
211 1639 298 1702 enim
320 1638 471 1701 omnibus
493 1638 592 1719 signis
613 1638 804 1711 mirabilius,
820 1638 847 1701 si
903 1638 1045 1699 credunt.
1063 1673 1103 1683 -
1118 1639 1188 1701 llaeo
1204 1639 1338 1702 Thomas
1354 1637 1423 1701 loco
1438 1637 1646 1720 praeallegato.

107 1738 141 1802 ad
157 1737 349 1801 credendum
365 1745 428 1800 tam
447 1735 792 1819 incomprehensibilia,
808 1737 847 1798 ad
903 1735 942 1798 Et
961 1736 1022 1799 ista
1040 1735 1104 1798 sint
1124 1737 1208 1799 dicta
1226 1745 1342 1818 pro'eo
1361 1737 1446 1818 quod
1465 1736 1509 1798 ait
1528 1736 1560 1799 in
1582 1736 1649 1818 epi-

107 1837 295 1919 operandum
321 1845 386 1898 tam
410 1834 569 1910 diflicilia,
590 1834 629 1897 ad
653 1834 845 1918 sperandum
865 1834 983 1901 Bstnla
997 1835 1150 1897 hodierna
1164 1834 1331 1916 Apostolus
1342 1834 1422 1908 :Qua
1438 1835 1559 1905 ratione
1574 1853 1650 1917 prm
1663 1853 1795 1907 leaena.

106 1943 164 1998 hm
185 1935 259 2009 alta,
275 1934 416 1998 mundus
438 1934 559 2016 absque
582 1933 784 1996 mirabilibus
808 1934 848 1996 si·
903 1933 1077 1996 dicaverim
1099 1933 1202 2008 vobis,
1226 1934 1252 1996 si
1274 1934 1428 1997 retinetis.

106 2033 170 2116 gnis
183 2033 298 2096 luisset
314 2032 463 2095 inductus
477 2052 496 2095 a
511 2031 713 2114 simplicibus
728 2031 848 2113 ignobi·
943 2031 1100 2115 Amplius,
1114 2032 1207 2112 juxta
1226 2032 1403 2096 doctrinam
1422 2031 1576 2115 Apostoli,
1594 2051 1651 2115 per

108 2132 248 2214 libusque
274 2131 470 2206 hominibus,
487 2130 634 2212 quamvis
658 2147 722 2192 non
746 2139 848 2193 cesset
904 2129 1119 2210 evangelicam
1144 2131 1321 2194 doctrinam
1346 2139 1477 2206 sumus,
1499 2131 1650 2214 quoniam

108 2233 194 2306 neus,
218 2230 315 2293 etiam
339 2229 538 2313 temporibus
560 2230 687 2302 nostris,
709 2230 748 2291 ad
771 2229 847 2291 iidei
904 2229 970 2291 hac
993 2229 1137 2290 doctrina
1156 2229 1247 2292 docet
1267 2247 1303 2291 ac
1321 2229 1413 2311 jubet
1434 2247 1491 2293 nos
1513 2227 1652 2292 carnalia

107 2329 390 2402 confirmationem,
407 2346 464 2410 per
479 2328 609 2390 Sanctos
624 2345 697 2389 suos
714 2327 848 2389 miracu·
904 2334 936 2388 et
951 2334 1076 2389 terrena
1091 2327 1370 2409 despicere,atque
1384 2327 1423 2389 ad
1439 2345 1651 2410 supernorum

109 2430 135 2492 la
155 2428 288 2511 operari.
904 2433 936 2488 et
959 2434 1151 2489 eternorum
1175 2443 1317 2488 amorem
1347 2433 1487 2489 mentem
1518 2425 1650 2507 erigere,

143 2527 245 2600 Porro,
262 2525 283 2588 ii
305 2525 362 2608 qui
381 2531 482 2587 sectas
503 2541 648 2586 errorum
668 2524 849 2588 introduxc-
904 2524 1030 2587 dicente
1044 2524 1195 2606 Apostolo
1212 2542 1219 2586 :
1236 2525 1309 2598 Quae
1329 2543 1456 2588 sursum
1477 2531 1551 2587 sunt
1567 2544 1651 2606 quae·
1674 2543 1799 2598 uaesana,

107 2633 185 2699 runt,
200 2624 253 2687 via
269 2623 469 2686 incesserunt
484 2622 651 2694 contraria,
663 2629 698 2684 ut
715 2630 800 2704 patet
816 2623 848 2685 in
904 2623 974 2696 rite,
992 2639 1055 2684 non
1073 2641 1143 2704 qum
1158 2630 1398 2704 superterram.
1416 2623 1503 2686 Unde
1518 2629 1549 2684 et
1564 2621 1651 2686 Chri·
1666 2611 1714 2660 ¹⁸³·

107 2723 356 2803 llahometn,qui
371 2720 547 2784 carnalium
563 2719 763 2801 voluptatum
780 2737 850 2802 pro·
904 2728 971 2782 stus
998 2737 1005 2780 ε
1028 2719 1132 2784 Nolite
1155 2719 1288 2802 (inquit)
1313 2720 1526 2782 thesaurizare
1555 2739 1798 2802 superuacua,

106 2821 219 2896 missis,
236 2821 275 2883 ad
297 2838 433 2901 quarum
454 2817 611 2880 desideria
630 2817 765 2880 carnalis
783 2836 848 2881 mo·
904 2825 1037 2897 terram3
1054 2817 1263 2880 thesaurizate
1285 2825 1392 2879 autem
1415 2817 1507 2881 vobis
1526 2817 1651 2880 thesau-
1666 2807 1736 2850 ¹⁹³¹·

105 2929 153 2984 vet
174 2917 446 3001 concupiscentia,
463 2917 599 2999 populos
619 2916 681 2978 sibi
699 2917 848 2996 attraxit;
904 2933 954 2978 ros
971 2915 1003 2978 in
1019 2915 1100 2979 coelo
1118 2933 1124 2978 :
1143 2915 1197 2978 ubi
1214 2915 1302 2978 enim
1318 2915 1486 2978 thesaurus
1502 2923 1588 2990 tuus,
1606 2916 1650 2979 ibi

104 3025 258 3101 praecepta
288 3017 385 3079 etiam
419 3015 550 3077 tradidit
583 3013 750 3097 promissis
781 3015 952 3083 suisCest
972 3022 1003 3078 et
1025 3031 1079 3077 cor
1099 3021 1200 3077 tuum.

104 3116 287 3190 conformia,
304 3113 424 3177 carnali
448 3114 593 3177 relaxans
617 3113 772 3195 voluptati
796 3113 848 3176 ha·
942 3115 1075 3195 insuper
1099 3131 1137 3175 ex
1162 3111 1296 3194 epistola
1325 3113 1384 3175 ista
1413 3114 1566 3176 docemur
1593 3129 1650 3176 nos

104 3215 207 3290 henas,
226 3215 258 3277 in
279 3213 398 3294 quibus
418 3213 451 3276 in
471 3218 622 3295 promptu
643 3220 691 3274 est
709 3231 727 3274 a
742 3230 848 3274 carna·
903 3214 988 3296 ipsos
1009 3211 1042 3273 in
1063 3210 1214 3275 omnibus
1234 3209 1483 3292 profundissime
1504 3210 1651 3274 humilis·

106 3314 184 3376 libus
213 3311 401 3376 hominibus
430 3310 563 3374 obediri.
591 3311 726 3392 lnsuper
754 3311 848 3374 docu·
903 3331 948 3384 re,
965 3328 1002 3374 eo
1019 3308 1103 3391 quod
1124 3309 1196 3371 tulis
1214 3328 1251 3371 ac
1272 3316 1378 3371 tantus
1392 3309 1574 3390 Apostolus,
1590 3310 1651 3372 soi·

105 3421 207 3474 menta
233 3410 376 3474 veritatis
405 3427 469 3472 non
497 3409 613 3485 attulit,
639 3409 700 3472 nisi
730 3428 801 3491 quaa
829 3427 848 3472 a
902 3410 977 3472 licet
996 3407 1121 3480 Paulus,
1138 3406 1193 3488 qui
1216 3406 1367 3469 omnibus
1386 3407 1458 3488 plus
1481 3407 1647 3480 laboravit,
1675 3427 1795 3480 reama,

105 3510 243 3592 quolibet
259 3508 463 3572 mediocriter
482 3507 625 3589 sapiente
645 3507 780 3569 naturali
801 3507 847 3568 in·
901 3516 933 3570 et
948 3505 1102 3588 usquead
1123 3505 1252 3567 tertium
1273 3505 1390 3568 coelum
1405 3504 1509 3568 luerat
1528 3513 1646 3587 raptus,
1664 3493 1743 3598 ’,ῗῇον
1759 3567 1786 3597 ¹„

104 3609 192 3690 genio
208 3615 343 3690 possunt
362 3605 509 3688 cognosci
528 3623 534 3668 :
553 3606 631 3688 quin
650 3605 756 3688 potius
774 3624 847 3667 vera
901 3615 995 3687 atque
1011 3610 1075 3666 tam
1091 3602 1349 3685 copiosissimum
1367 3603 1399 3665 in
1415 3603 1557 3666 Ecclesia
1572 3602 1648 3666 iecit
1661 3619 1682 3660 ε.
1744 3585 1749 3598 ’
1788 3587 1793 3606 ’

103 3726 170 3788 quaa
191 3706 310 3780 docuit,
326 3704 446 3768 fabulis
467 3703 712 3785 falsissimisque
731 3702 847 3765 doctri·
900 3705 1053 3776 fructum,
1070 3707 1162 3764 vocat
1181 3719 1215 3763 se
1236 3701 1406 3763 minimum
1424 3701 1646 3783 Apostolorum
1675 3715 1792 3768 acarna,

103 3807 149 3868 nis
165 3803 352 3868 immiscuit.
368 3803 464 3884 Signa
479 3819 606 3884 qnoque
621 3819 684 3864 non
700 3800 847 3864 adhibuit
901 3810 933 3864 et
948 3801 1116 3881 indignum
1132 3799 1237 3862 vocari
1256 3798 1445 3880 apostolum.
1463 3799 1553 3862 'lauti
1573 3818 1647 3881 ergo
1660 3783 1681 3823 ⁹·

102 3902 381 3986 supernaturaliter
396 3900 489 3978 lacta,
506 3899 623 3983 quibus
639 3899 715 3963 solis
730 3899 846 3963 divinoe
901 3898 1048 3980 exemplo
1063 3897 1217 3979 Apostoli,
1227 3897 1435 3980 inspiciamus
1450 3905 1581 3981 peccata
1595 3916 1648 3962 no

102 4001 301 4084 inspirationi
316 4007 348 4062 et
363 3997 597 4082 supernaturali
614 3999 739 4061 veritati
755 3998 846 4060 sulli-
901 4005 965 4060 stra
985 3995 1154 4079 praeterita,
1171 4003 1203 4057 et
1222 3994 1478 4058 delectuositates
1497 3994 1647 4058 vilitates·

101 4103 185 4164 ciens
205 4101 426 4164 testimonium
446 4097 627 4172 adhibetur,
643 4097 720 4160 dum
739 4115 846 4180 opera·
900 4114 963 4179 que
996 4088 1130 4167 nostras,
1160 4111 1197 4154 ac
1226 4092 1337 4174 culpas
1366 4093 1576 4174 quotidianas,
1607 4111 1646 4155 er

99 4201 142 4263 tio
162 4199 302 4264 visibilis
325 4219 396 4282 quae
417 4214 480 4260 non
502 4204 607 4280 potest
630 4215 699 4258 esse
720 4196 782 4258 nisi
802 4196 847 4258 di·
861 4199 885 4262 D
901 4211 1037 4278 quorum
1058 4191 1311 4255 consideratione
1328 4191 1536 4254 humiliemus
1550 4211 1587 4254 ac
1602 4193 1646 4254 vi-

101 4299 182 4374 vina,
199 4298 339 4363 ostendit
353 4297 496 4361 veritatis
516 4295 678 4358 doctorem
692 4295 846 4358 divinitus
901 4293 1103 4375 lipendamus
1119 4308 1177 4353 nos
1191 4290 1310 4371 jugiter
1324 4307 1360 4352 aa
1378 4289 1546 4372 proiunde,
1563 4289 1646 4353 bona

100 4398 310 4481 ipspiratum3
326 4397 381 4460 sed
402 4395 482 4457 dixit
500 4413 534 4456 se
557 4393 589 4455 in
611 4411 773 4456 armorum
793 4409 846 4474 po
900 4409 987 4465 vero,
1008 4391 1035 4453 si
1057 4409 1120 4472 qua
1139 4388 1271 4451 forsitan
1291 4387 1456 4462 habemus,
1477 4389 1541 4452 Deo
1559 4396 1646 4472 grata

100 4497 196 4560 tentia
220 4515 292 4559 esse
316 4495 450 4557 missum
477 4511 484 4556 :
510 4494 595 4575 quod
619 4510 720 4574 genus
744 4491 846 4571 signo
900 4508 937 4553 ac
961 4488 1077 4551 humili
1100 4495 1205 4550 mente
1230 4486 1451 4561 attribuamus,
1469 4505 1543 4549 cum
1564 4487 1645 4570 Apo

98 4614 167 4657 rum
184 4613 247 4657 nec
267 4593 442 4657 latronibus
462 4611 566 4674 neque
586 4591 728 4675 tyrannis
745 4590 842 4651 deest.
901 4588 982 4651 stolo
997 4586 1185 4670 prolitentes
1202 4604 1209 4647 :
1226 4585 1331 4649 Gratia
1345 4586 1401 4648 [lei
1422 4604 1493 4648 sum
1510 4585 1542 4648 id
1561 4588 1647 4669 quod
1673 4609 1732 4655 ratu.
1748 4613 1781 4655 ao.

97 4693 131 4756 Ei
154 4711 285 4777 quoque
307 4710 370 4755 nnn
393 4691 492 4773 aliqui
516 4691 675 4775 sapientes
698 4689 730 4750 in
750 4686 845 4749 rebus
901 4705 982 4749 sum.

97 4793 215 4854 divinis
232 4799 328 4873 atque
343 4791 493 4853 humanis
508 4787 713 4860 exercitatis
728 4784 845 4868 princi·
941 4785 1002 4847 Sed
1019 4790 1129 4846 contra
1144 4783 1340 4866 prminducta
1354 4782 1452 4864 objici
1470 4792 1573 4866 potest
1589 4802 1596 4846 :
1614 4783 1646 4847 Si

96 4889 148 4971 pio
168 4889 386 4962 crediderunt,
404 4888 459 4950 sed
478 4887 624 4950 homines
644 4884 793 4947 bestiales
814 4883 846 4945 in
902 4883 989 4946 enim
1013 4882 1127 4944 Paulus
1150 4881 1211 4944 init
1234 4881 1382 4962 indignus
1402 4880 1508 4943 vocari
1527 4887 1649 4962 aposto

97 4989 230 5052 desertis
255 4995 424 5060 morantes,
441 4987 538 5050 totius
560 4983 675 5048 divinae
695 4982 847 5046 doctrinae
903 4982 964 5056 lus,
981 4999 1056 5061 ergo
1077 4980 1157 5042 malo
1178 4979 1241 5060 egit
1260 4980 1403 5042 vocando
1421 4999 1454 5042 se
1469 4979 1648 5061 apostolum
1673 5006 1794 5056 pm,

97 5106 228 5170 prorsus
246 5086 358 5170 ignari,
369 5104 427 5168 per
442 5103 578 5168 quorum
596 5083 846 5156 multitudinem,
904 5081 936 5143 iu
953 5079 1063 5143 multis
1083 5079 1290 5160 epistolarum
1311 5097 1440 5140 suarum
1456 5077 1544 5140 locis.
1561 5078 1648 5139 lnsu·
1663 5067 1733 5174 {affl}
1745 5081 1759 5172 ¹¹·
1770 5071 1793 5174 {3

99 5203 263 5250 armorum
286 5184 449 5256 violentia,
469 5183 547 5245 alios
570 5183 607 5244 ad
632 5201 722 5244 snam
745 5181 848 5262 legem
905 5197 962 5261 per
977 5176 1118 5259 Apostoli
1134 5195 1227 5259 pares
1241 5175 1372 5238 luerunt
1389 5175 1420 5237 in
1436 5175 1649 5238 ecclesiastica
1663 5195 1705 5234 aa.
1735 5161 1763 5181 '⁵
1788 5161 1793 5178 '

100 5285 330 5367 acceptandam
350 5282 462 5363 coegit.
484 5282 646 5354 Praeterea,
664 5280 751 5344 nulla
771 5298 849 5362 prae-
905 5285 1072 5360 potestate,
1096 5277 1185 5339 Petro
1207 5281 1350 5357 excepto,
1373 5274 1429 5356 qui
1454 5273 1513 5336 luit
1539 5292 1649 5336 eorum
