4288 6264
444 469 484 534 ll
708 487 856 536 ⁰011ch
876 489 897 534 v
918 485 992 536 rosv
1012 487 1141 535 riscus.
1161 505 1202 518 -
1221 486 1264 534 sn
1283 487 1458 536 nanrcrosos
1469 488 1478 552 ;
1501 487 1600 536 senno
1621 488 1734 537 snxrus

444 659 559 733 tiones,
585 661 825 743 postulationes,
846 661 1017 742 gratiarum
1041 659 1190 722 actiones.
1206 657 1233 722 Α
1247 666 1326 722 tans.
1349 659 1468 722 Deinde
1493 679 1550 743 per
1570 660 1649 736 haec,
1672 661 1834 726 hilaritate
1858 663 1992 746 quadam

446 757 529 821 Sunt
542 759 628 822 enim
645 778 724 842 quos
740 761 844 822 adhuc
861 759 981 842 peccati
999 757 1193 822 conscientia

445 863 543 918 terret
557 865 652 940 atque
668 859 987 933 excruciat,n0ndum
1002 864 1132 939 accepta
1147 875 1193 918 re-

444 955 577 1017 sistendi
599 956 728 1030 virtute,
744 964 821 1018 tunc
841 957 965 1020 scilicet
986 975 1085 1038 quum
1107 955 1193 1036 ipsos

444 1053 477 1116 in
492 1053 644 1116 vitiorum
664 1073 756 1118 coeno
773 1055 914 1136 jacentes
930 1055 1067 1138 Spiritus
1083 1054 1194 1118 verita-

442 1151 484 1218 tis
506 1151 611 1234 primo
630 1153 770 1226 irradiat,
788 1159 820 1214 et
840 1153 982 1215 excitans
1004 1153 1192 1215 erubescere

441 1249 519 1312 lacit
542 1258 574 1312 et
595 1251 709 1315 timere
730 1252 807 1313 dum
829 1251 939 1312 vident
959 1250 1189 1312 immanitatem

442 1347 614 1411 criminum
630 1367 766 1422 suorum,
775 1348 981 1429 exiguitatem
996 1349 1191 1426 meritorum;

441 1452 475 1506 et
488 1445 576 1506 velut
590 1446 755 1508 ardentem
771 1463 877 1510 coram
894 1465 928 1508 sc
944 1453 1191 1527 expavescentes

440 1543 631 1623 gehennam,
648 1545 800 1624 quoniam
819 1545 901 1606 inse
918 1544 996 1626 ipsis
1016 1542 1090 1606 boni
1110 1543 1191 1605 nihil

442 1639 622 1715 inveniunt,
637 1641 767 1704 aliunde
782 1643 1028 1724 apprehendunt
1044 1642 1129 1703 unde
1142 1641 1192 1720 ju-

441 1747 566 1802 ventur.
583 1740 673 1814 Nam,
688 1742 839 1822 quoniam
855 1741 970 1803 timent
985 1760 1042 1824 per
1057 1759 1090 1802 se
1106 1741 1192 1823 ipsos

441 1955 512 2000 care
526 1956 532 2000 :
546 1937 629 1999 sicut
644 1939 719 2000 dum
736 1937 885 2011 dicimus
898 1937 1011 2000 Sancte
1026 1938 1125 2012 Petre,
1137 1956 1192 2000 ora

441 2054 499 2119 pro
515 2035 618 2099 nohis.
636 2036 692 2098 Vel
707 2037 733 2098 si
749 2055 807 2117 per
825 2055 858 2098 se
873 2036 1039 2109 accedunt,
1056 2055 1093 2098 ea
1108 2054 1193 2099 com-

441 2143 621 2196 memorant
642 2153 700 2216 per
720 2154 790 2216 quae
812 2135 1032 2208 exaudientur,
1050 2141 1085 2194 nt
1100 2134 1139 2196 lit
1159 2135 1190 2195 in

440 2232 659 2295 obsecratione
684 2234 760 2295 dum
783 2233 909 2306 dicitur,
931 2233 989 2294 Per
1010 2233 1189 2314 passionem

441 2337 530 2393 tuam
547 2330 647 2392 libera
662 2348 731 2400 nos,
743 2331 886 2393 llcmine.
904 2331 1011 2405 Porrc,
1024 2331 1190 2392 resistendi

441 2435 472 2491 et
498 2429 682 2491 continendi
706 2429 823 2492 virtute
845 2437 986 2512 accepts,
1007 2448 1066 2510 per
1086 2447 1120 2490 se
1141 2448 1190 2490 ac-

442 2527 537 2600 cedit,
571 2528 805 2609 praeteritorum
839 2528 1030 2590 delictorum
1064 2527 1190 2589 veniam

441 2641 604 2705 quaercns3
621 2631 653 2686 et
672 2625 813 2687 oratione
833 2644 890 2686 sua
908 2625 1049 2706 loquitur
1065 2624 1140 2697 Dec,
1158 2624 1190 2685 in

299 2738 330 2781 n.
340 2752 426 2790 ιωιιι,
442 2721 591 2785 lamentis
607 2723 803 2805 poenitentias
818 2741 852 2785 se
867 2722 1027 2804 affligens,
1044 2731 1075 2785 et
1091 2739 1190 2784 annos

295 2805 326 2845 ts.

442 2838 516 2884 suos
541 2820 574 2883 in
599 2821 812 2884 amaritudine
841 2821 956 2884 animae
981 2841 1046 2884 snae
1071 2821 1190 2901 recogi-

1246 766 1278 820 et
1303 758 1506 840 indulgentiae
1534 768 1688 843 concepta
1715 760 1849 836 fiducia,
1875 764 1993 826 accedit

1246 857 1286 918 ad
1309 856 1566 939 postulationem,
1582 879 1645 940 qua
1665 859 1732 940 jam
1753 860 1846 942 quasi
1871 861 1904 923 in
1926 880 1992 943 gra-

1247 954 1324 1015 tiam
1339 955 1464 1017 Domini
1486 956 1535 1017 sui
1556 964 1714 1038 receptus,
1731 959 1830 1020 etiam
1851 977 1910 1042 pro
1929 961 1991 1023 suis

1247 1053 1409 1114 conservis
1425 1053 1621 1116 intercedere
1641 1056 1746 1118 audet.
1764 1057 1838 1119 Post
1857 1057 1992 1139 postula-

1245 1151 1365 1212 tionem
1395 1151 1567 1233 gratiarnm
1597 1153 1681 1215 actio
1708 1156 1857 1236 sequitur
1883 1173 1890 1216 :
1917 1157 1990 1218 dum

1246 1248 1374 1331 quisse
1398 1250 1581 1312 exauditum
1608 1252 1773 1334 experitur
1797 1261 1830 1316 et
1853 1263 1991 1336 optatam

1246 1355 1453 1410 consecutum
1472 1349 1617 1429 gratiam,
1633 1367 1692 1431 pro
1707 1369 1741 1413 se
1763 1351 1833 1433 ipso
1852 1360 1909 1414 aut
1926 1353 1993 1416 aliis

1246 1445 1422 1526 gratulatur
1442 1465 1478 1507 ac
1499 1448 1697 1527 regratiatur.

1286 1545 1386 1624 Igitur
1405 1543 1495 1624 juxta
1517 1545 1668 1626 praedicta
1690 1547 1863 1609 Dominum
1891 1567 1996 1613 exore-

1247 1661 1328 1714 mus,
1347 1641 1523 1718 laudemns,
1540 1651 1572 1705 et
1590 1643 1621 1705 in
1643 1644 1820 1726 psallendo,
1838 1646 1997 1709 celebran-

1246 1740 1296 1813 de,
1313 1741 1474 1822 llcrasque
1490 1741 1710 1822 persolvendo,
1722 1760 1780 1805 nos
1797 1743 1993 1807 habeamus:

341 1869 345 1876 ·
440 1840 604 1913 accedere,
625 1839 754 1902 student
775 1839 864 1921 quasi
892 1858 948 1921 per
968 1840 1047 1903 alios
1072 1839 1192 1921 suppli·
1208 1839 1231 1902 B
1246 1839 1371 1919 singula
1395 1838 1492 1900 verba
1516 1839 1666 1902 distincte
1690 1840 1902 1922 proferentes,
1930 1863 1996 1907 sen-

1246 1957 1317 2000 sum
1342 1937 1540 2018 singulorum
1565 1938 1736 2001 verborum
1762 1949 1947 2022 pensantes,
1967 1951 1996 2005 et

1246 2037 1278 2099 in
1305 2038 1404 2099 Deum
1430 2053 1485 2098 cor
1508 2036 1666 2117 erigentes
1690 2057 1727 2100 ac
1752 2038 1942 2120 deligentes.
1961 2043 1996 2104 Et

1245 2135 1382 2217 quilibet
1411 2152 1468 2215 pro
1496 2134 1604 2215 gratiis
1634 2134 1695 2196 sibi
1723 2138 1995 2202 necessarioribus

1245 2240 1323 2307 oret,
1340 2241 1375 2294 ut
1394 2253 1412 2295 a
1431 2233 1634 2316 passionibus
1654 2242 1685 2297 et
1706 2237 1846 2316 peccatis
1867 2239 1906 2300 ad
1926 2259 1994 2322 quae

1245 2349 1279 2392 se
1301 2331 1524 2411 procliviorem
1545 2331 1658 2405 noscit,
1676 2341 1817 2408 curetur,
1834 2334 1994 2416 proficiat-

1244 2446 1307 2510 que
1337 2428 1368 2489 in
1393 2429 1565 2491 virtutibus
1596 2429 1659 2491 illis
1684 2430 1850 2512 oppositis
1878 2431 1993 2497 Omnes

1243 2544 1320 2588 vero
1334 2545 1472 2600 oremus,
1490 2535 1525 2588 nt
1540 2528 1757 2591 indesinenter
1773 2529 1806 2591 in
1822 2532 1912 2594 omni
1932 2534 1993 2596 vir·

1244 2632 1310 2686 tute
1326 2632 1357 2686 et
1376 2625 1475 2704 gratia
1494 2643 1749 2700 concrescamus,
1766 2628 1831 2690 Deo
1850 2631 1993 2711 quotidie

1243 2723 1494 2806 propinquiores,
1505 2723 1800 2806 complacentiores,
1812 2727 1992 2792 devotiores

1244 2829 1275 2884 et
1295 2822 1446 2903 gratiores
1467 2822 1658 2885 efficiamur.

987 3271 1182 3357 SERMO
1221 3270 1439 3356 SEXTUS

439 3539 479 3586 ott
500 3538 675 3601 cntrlottlt3
697 3538 734 3583 ΕΤ
756 3538 897 3593 QUOMODO
919 3539 961 3583 Ab
982 3538 1046 3583 halt
1066 3537 1259 3592 huoufflhwh
1279 3536 1426 3582 Acronus
1448 3537 1599 3594 lNTllN'l'lO,
1623 3538 1660 3583 ΕΤ
1682 3539 1832 3594 cucuron
1855 3542 1927 3587 ΤΙΑΤ
1949 3543 1991 3589 ΑΙ)

538 3637 759 3684 rhemmon!
776 3637 909 3700 looulth;
925 3638 962 3682 ΕΤ
979 3637 1022 3682 ΛΝ
1039 3635 1158 3682 cacam
1174 3634 1247 3681 ESSE
1264 3635 1419 3680 brustinus
1436 3635 1473 3680 ΕΤ
1489 3636 1633 3682 PLUlllBUS
1651 3637 1745 3683 UTENS
1763 3639 1882 3686 veneis.

500 3920 646 3989 ΕΤΙΤΕ,
662 3927 692 3978 et
711 3918 889 3992 accipietis,
905 3924 942 3976 ct
957 3918 1121 3994 gaudium
1136 3913 1221 3978 vec
1240 3920 1271 3976 et
1287 3932 1398 3996 preces
1418 3913 1457 3977 ab
1479 3913 1619 3978 Ecclesia
1634 3935 1689 3978 seu
1709 3916 1749 3979 ab
1765 3916 1882 3982 Ordine
1903 3921 1993 3984 insti·

512 4026 619 4077 strum
635 4017 677 4075 sit
689 4015 957 4092 praemisum.
975 4031 1039 4086 xvl,
1056 4013 1105 4076 tl.

476 4115 617 4190 Qualiter
636 4115 677 4176 sit
696 4113 863 4186 orandum,
880 4120 1008 4174 sanctus
1029 4120 1118 4195 pater
1132 4112 1186 4174 Be·

436 4215 582 4278 nedictus
604 4214 636 4276 in
657 4211 775 4294 llegula
791 4231 848 4274 sue
867 4211 1185 4294 compendiosissime

435 4315 537 4386 docet,
555 4313 690 4375 dicendo
708 4329 715 4374 :
733 4311 764 4374 Si
781 4311 857 4372 dum
873 4310 1060 4375 hominibus
1075 4317 1185 4392 poten-

435 4412 521 4474 tibus
536 4412 644 4493 eliqua
658 4411 808 4473 volumus
828 4426 1007 4490 suggerere,
1025 4427 1088 4470 non
1110 4426 1186 4489 prae-

435 4511 594 4572 sumimus
609 4509 668 4572 hoc
685 4509 747 4570 nisi
763 4527 838 4570 cum
855 4507 1033 4569 humilitate
1051 4513 1082 4567 et
1098 4524 1184 4568 reve-

435 4609 539 4672 rentia
562 4627 666 4688 egere,
692 4615 811 4690 quanto
837 4607 936 4685 magis
961 4605 1096 4667 Domino
1122 4604 1185 4664 Deo

435 4707 659 4769 universorum
679 4725 752 4769 cum
774 4705 861 4767 omni
882 4704 1063 4766 humilitate
1084 4709 1116 4764 et
1135 4702 1186 4763 dc-

434 4804 573 4868 votionis
603 4804 741 4887 puritate
773 4811 821 4866 est
849 4801 1118 4884 supplicanduml
1148 4799 1186 4860 Et

434 4923 498 4967 non
515 4903 546 4965 in
564 4902 779 4985 multiloqui0,
797 4901 851 4964 sed
869 4901 900 4962 in
922 4900 1060 4982 puritate
1081 4897 1185 4960 cordis

434 5012 466 5066 ct
481 5003 728 5085 compunctione
746 5001 948 5062 lacrimarum
968 5017 1025 5060 nos
1041 4995 1184 5059 exaudiri

1239 4020 1315 4076 tutae
1336 4020 1367 4074 et
1388 4013 1616 4089 determinatae,
1633 4035 1711 4096 quas
1732 4016 1903 4081 immutare
1926 4039 1991 4083 non

1240 4129 1422 4193 possumus,
1439 4129 1497 4173 nec
1517 4131 1632 4193 augere
1647 4132 1706 4175 nec
1724 4115 1903 4196 minorare;
1920 4118 1991 4182 alie

1239 4217 1314 4271 sunt
1329 4209 1486 4271 orationes
1501 4210 1686 4285 arbitrariae,
1697 4213 1886 4294 peculiares
1896 4234 1991 4297 spon-

1239 4315 1339 4370 taneas
1360 4314 1391 4368 et
1410 4307 1550 4389 privatae,
1568 4328 1645 4390 quas
1666 4328 1724 4391 pro
1744 4310 1837 4374 libitu
1859 4332 1918 4377 suc
1933 4334 1989 4398 po·

1238 4413 1300 4467 test
1322 4406 1393 4487 quis
1416 4406 1598 4487 protrahere
1614 4405 1681 4468 sive
1697 4410 1919 4488 praescindere.

1279 4504 1373 4566 Porro
1394 4504 1432 4565 ad
1456 4504 1662 4585 quaestionem
1687 4525 1750 4587 que
1772 4509 1926 4590 quaeritur
1947 4531 1988 4573 an

1239 4602 1372 4664 attentio
1396 4601 1574 4682 requiratur
1594 4603 1631 4663 ad
1655 4603 1843 4679 orationem,
1860 4608 1890 4670 S.
1908 4608 1990 4671 Tho

1240 4720 1306 4763 mas
1323 4700 1517 4782 respondens
1535 4718 1541 4762 :
1558 4701 1777 4766 Necessarium
1792 4706 1927 4788 (inquit)
1941 4715 1990 4770 est

1240 4801 1271 4862 id
1292 4799 1362 4861 sine
1381 4815 1509 4880 queres
1530 4819 1623 4861 suum
1645 4800 1745 4864 linem
1762 4803 1812 4865 vel
1833 4804 1988 4868 ellectum

1239 4895 1390 4978 consequi
1408 4897 1528 4977 nequit.
1546 4897 1600 4959 Est
1614 4906 1719 4961 autem
1741 4901 1858 4983 triplex
1875 4904 1990 4966 cratic-

1240 4996 1289 5058 nis
1313 4994 1457 5057 ellectus
1476 4993 1598 5057 Primus
1618 5003 1676 5070 est,
1694 5002 1868 5080 promereri
1888 5004 1988 5064 vitam

434 5103 573 5165 sciamus
592 5118 598 5162 :
617 5100 688 5162 ideo
712 5097 820 5160 brevis
842 5104 874 5159 et
896 5115 976 5178 pure
997 5095 1092 5158 debet
1116 5113 1184 5157 esse
1199 5099 1224 5160 Ι)
1239 5102 1389 5158 aeternam
1408 5110 1414 5156 :
1432 5092 1487 5174 qni
1503 5091 1638 5156 ellectus
1658 5099 1840 5159 communis
1854 5107 1903 5161 est
1920 5119 1988 5164 om-

433 5200 543 5265 oratio.
557 5199 647 5262 Circa
662 5215 733 5280 quae
748 5194 927 5258 beatissimi
941 5193 1104 5256 Benedicti
1120 5212 1186 5255 ver-

434 5298 475 5361 ba
490 5294 764 5376 sciendum,quod
778 5293 924 5375 quaedam
939 5300 1013 5355 sunt
1028 5291 1185 5355 orationes

1239 5192 1273 5255 ni
1289 5191 1406 5254 actioni
1426 5191 1516 5253 tacte
1535 5209 1573 5254 ex
1594 5194 1732 5256 caritate.
1751 5195 1789 5256 Et
1807 5196 1894 5259 hunc
1913 5198 1990 5262 elle·

1240 5298 1326 5354 ctum
1347 5289 1477 5354 sortitur
1498 5289 1608 5364 oratic,
1626 5291 1652 5352 si
1673 5291 1705 5352 in
1725 5293 1886 5377 principio
1904 5297 1988 5359 adsit
