4214 6254
354 424 412 489 too
671 442 820 490 commea
841 442 884 488 ss.
905 440 1086 488 mmrrarrs.
1107 455 1147 470 -—
1167 439 1342 486 summare
1363 437 1395 484 m
1415 437 1584 484 arrsromu

350 612 426 693 gelii
442 611 492 674 sui
508 612 697 695 descripsit3
714 632 771 696 per
785 613 923 676 vitulum
943 629 1019 675 vero
1037 611 1097 674 Lu·
1113 610 1205 684 Ado,
1222 610 1367 686 orationi,
1384 607 1546 672 devotioni
1564 614 1597 670 et
1612 604 1761 669 laudibus
1776 603 1835 668 [lei
1849 621 1904 666 va·

352 729 434 785 cam,
458 710 532 792 quia
553 711 781 774 sacerdotalem
806 711 922 774 Christi
947 708 1101 773 describit
1155 710 1265 773 cando.
1593 763 1597 768 .

352 808 521 889 originem,
539 809 716 872 secundum
731 809 886 872 Hilarium
900 826 909 888 ;
925 827 982 891 per
999 808 1099 870 homi·
1202 811 1246 870 Et
1270 818 1412 888 quatuor
1435 806 1608 876 animalia,
1633 806 1766 882 sinqula
1789 821 1906 864 eorum

353 925 427 968 nem
443 907 593 981 Marcum,
605 907 756 988 quoniam
771 907 822 969 his
837 907 974 980 emissis,
991 906 1100 968 huma·
1156 908 1313 966 habebant
1333 910 1403 965 alas
1422 925 1523 966 senas.
1541 903 1605 968 Alae
1622 903 1810 966 Sanctorum
1828 906 1907 963 sunt

354 1022 411 1067 nos
433 1005 549 1068 Christi
573 1006 725 1069 describit
749 1014 861 1084 actus3
884 1024 940 1088 per
959 1004 1098 1088 aquilam
1156 1005 1300 1078 virtutes,
1327 1003 1445 1086 quibus
1468 1003 1507 1065 ad
1535 1021 1674 1085 superna
1701 1021 1735 1064 se
1763 1000 1903 1081 erigunt

353 1121 429 1166 vero
447 1121 558 1167 omnes
578 1106 732 1168 loannem
755 1104 948 1184 intelligunt,
971 1110 1101 1184 propter
1156 1102 1309 1176 Quoniam
1330 1120 1405 1184 ergo
1424 1101 1569 1164 senarius
1588 1118 1742 1162 numerus
1764 1105 1813 1160 est
1832 1115 1906 1179 per·

353 1202 585 1266 sublimitatem
600 1203 829 1266 sententiarum
844 1201 1001 1283 evangelii
1017 1201 1097 1280 ejus.
1155 1199 1269 1274 lectus,
1286 1208 1318 1262 et
1337 1219 1394 1283 per
1414 1200 1520 1282 ipsum
1543 1199 1728 1281 frequenter
1746 1195 1907 1279 perfectio

346 1302 496 1383 lnsuper,
518 1310 553 1364 ut
577 1302 688 1364 recitat
708 1301 942 1382 Berengandus‚
969 1299 1099 1380 quidam
1156 1299 1350 1380 designatur,
1367 1299 1438 1362 ideo
1452 1297 1618 1381 quodlibet
1632 1295 1750 1360 animal
1766 1313 1821 1358 εει
1837 1293 1905 1355 alas

353 1417 412 1480 per
427 1399 563 1474 leonem,
575 1407 611 1462 ut
625 1400 746 1462 dictum
762 1407 819 1474 est,
831 1398 1027 1475 llatthaeum3
1044 1411 1100 1478 per
1156 1396 1272 1459 habere
1288 1396 1498 1459 describitur:
1512 1396 1663 1478 quoniam
1679 1395 1712 1456 in
1727 1391 1906 1474 cujuslibet

354 1496 492 1559 vitulum
521 1515 608 1571 vero,
639 1498 790 1572 Marcum,
822 1503 953 1579 propter
980 1495 1099 1576 eloquii
1156 1494 1364 1577 Evangelistaa
1380 1495 1462 1558 libro
1476 1495 1621 1558 omnium
1637 1494 1792 1556 virtutum
1809 1491 1904 1554 doce-

353 1595 609 1678 simplicitatem;
623 1613 680 1678 per
694 1596 858 1658 hominem
874 1593 1100 1656 intellexerunt
1156 1601 1207 1654 tur
1227 1592 1391 1676 perfectio,
1409 1602 1440 1656 et
1458 1612 1548 1657 novae
1567 1593 1646 1674 legis
1665 1591 1810 1655 doctrina
1831 1608 1904 1671 per-

352 1693 481 1768 Lucam‚
499 1695 574 1776 quia
593 1679 767 1756 humanam
787 1691 903 1757 Christi
924 1691 1100 1772 generatio
1155 1691 1367 1754 lectionaliter
1388 1691 1577 1755 continetur.
1601 1691 1745 1773 lnsuper,
1768 1706 1824 1750 εει
1844 1686 1905 1750 alae

351 1810 426 1854 nem
454 1799 503 1855 est
533 1792 661 1875 plenius
690 1799 878 1875 prosecutus
904 1808 910 1852 :
937 1789 1096 1864 videlicet,
1116 1790 1342 1857 BSanctorum
1364 1797 1439 1852 sunt
1460 1790 1510 1851 lex
1528 1788 1691 1862 naturalis,
1709 1788 1760 1849 lex
1774 1785 1904 1868 Moysis,

351 1889 487 1971 qualiter
511 1890 623 1971 angelo
650 1890 817 1952 nuntiante
847 1894 1020 1970 conceptus
1045 1887 1097 1962 sit,
1155 1889 1298 1951 doctrina
1317 1888 1514 1970 prophetica,
1538 1888 1589 1950 lex
1610 1886 1806 1967 evangelica,
1829 1901 1907 1966 apo

351 1988 510 2068 quomodo
526 1997 619 2051 natus
638 1995 670 2050 et
690 1989 722 2050 in
742 1987 898 2070 praesepio
913 1985 1097 2059 collocatus,
1155 1987 1265 2050 stolica
1280 1988 1478 2062 documenta,
1487 1994 1520 2050 et
1534 1986 1763 2049 catholicorum
1778 1984 1908 2047 Petrum

351 2085 561 2148 circumcisus
582 2092 615 2149 et
636 2086 669 2148 in
691 2086 813 2167 templo
832 2084 960 2148 oblatus
982 2083 1033 2146 sit.
1155 2086 1305 2148 doctriua.
1337 2085 1391 2149 llis
1419 2086 1478 2148 alis
1507 2085 1653 2147 homines
1683 2082 1817 2146 virtuosi
1846 2100 1908 2164 per

390 2183 498 2266 Aliqui
513 2184 645 2246 demum
662 2203 718 2267 per
733 2190 869 2266 quatuor
887 2182 1038 2244 animalia
1057 2181 1097 2243 is·
1156 2184 1457 2266 contemplationem
1482 2191 1513 2247 et
1541 2201 1683 2246 amorem
1712 2180 1904 2254 ascendunt,

351 2289 393 2357 ta,
410 2289 545 2364 quatuor
565 2283 791 2366 patriarchales
810 2281 968 2344 Ecclesiae
986 2279 1098 2342 volunt
1154 2289 1249 2363 atque
1272 2283 1312 2343 ad
1337 2282 1556 2363 proximorum
1580 2279 1826 2344 aedilicationem
1851 2279 1906 2340 de·

351 2380 487 2462 intelligi
505 2398 511 2442 :
534 2381 682 2463 primam,
698 2380 848 2442 videlicet
865 2377 1098 2461 ierosolymitae·
1154 2380 1320 2442 scendunt.
1331 2379 1443 2442 Volant
1459 2398 1585 2462 quoque
1600 2379 1639 2441 ad
1654 2379 1905 2458 dexteramgra-

352 2497 436 2552 nam,
467 2496 525 2561 per
557 2478 693 2552 leonem,
724 2486 854 2561 propter
888 2475 1097 2539 constantiam
1154 2479 1215 2540 tias
1238 2478 1360 2560 agendo
1385 2497 1482 2559 seque
1506 2477 1671 2542 humiliter
1694 2475 1842 2539 babendo
1866 2475 1901 2536 in

350 2577 574 2658 Apostolorum
589 2585 621 2640 et
634 2577 768 2639 aliorum
783 2577 837 2658 qui
853 2576 886 2637 in
902 2594 939 2638 ea
952 2574 1096 2653 luerunt;
1155 2576 1335 2659 prosperis;
1352 2584 1383 2639 et
1396 2577 1434 2639 ad
1450 2577 1623 2652 sinistram,
1640 2595 1698 2658 per
1712 2574 1900 2658 patientiam

351 2674 536 2749 secundam,
553 2681 662 2757 utpote
681 2674 922 2750 Antiochenam,
938 2692 996 2756 per
1015 2675 1097 2736 vitu·
1155 2676 1187 2738 in
1203 2676 1354 2739 adversis.
1372 2677 1534 2751 Praeterea,
1550 2677 1634 2738 sicut
1653 2677 1686 2738 in
1704 2674 1784 2737 lsaia
1802 2672 1900 2736 babe-

350 2772 429 2848 lum,
446 2780 576 2856 propter
591 2773 804 2837 obedientiam
820 2792 883 2855 qua
897 2772 993 2855 primi
1010 2772 1097 2833 illius
1152 2783 1215 2848 tur,
1232 2775 1398 2856 Seraphim
1413 2795 1484 2857 quae
1497 2775 1586 2838 lsaiae
1599 2779 1827 2857 apparuerunt,
1842 2790 1899 2834 sex
1947 2789 2036 2838 aaa.

351 2870 501 2936 Ecclesiae
519 2871 581 2934 lilii
602 2873 703 2955 parati
722 2872 854 2935 luerunt
871 2870 1000 2934 obedire
1015 2871 1097 2952 Apo·
1153 2872 1217 2934 alas
1241 2872 1409 2935 habebant.
1434 2873 1513 2936 llinc
1537 2882 1569 2936 ct
1589 2873 1740 2935 animalia
1761 2871 1821 2933 ista
1842 2889 1898 2933 sex

350 2971 458 3050 stolis3
474 2971 612 3046 tertiam,
629 2971 752 3033 scilicet
766 2970 1023 3043 Alexandrinam,
1041 2989 1098 3051 per
1117 2965 1138 3038 C
1153 2971 1212 3033 alis
1232 2972 1313 3034 alata
1332 2971 1473 3046 luerunt,
1490 2971 1641 3054 quoniam
1661 2989 1719 3054 per
1733 2968 1897 3050 Evangeli-

349 3070 525 3144 hominem,
544 3070 620 3152 quia
639 3070 672 3133 in
693 3089 731 3133 ea
749 3089 767 3132 a
787 3069 947 3152 principio
967 3069 1098 3131 luerunt
1153 3078 1272 3132 starum
1288 3070 1465 3134 doctrinam
1480 3071 1518 3134 ad
1536 3071 1713 3153 angelicam
1729 3069 1898 3153 perlectio-

350 3168 527 3231 doctissimi
542 3168 622 3248 viri;
638 3177 796 3251 quartam,
810 3170 870 3231 hoc
886 3175 933 3230 est
948 3168 1098 3232 Constan·
1153 3188 1226 3231 nem
1242 3169 1536 3252 beatitudinemque
1551 3169 1751 3252 pertingitur.
1766 3170 1896 3242 lterum,

351 3266 605 3349 tiuopolitauam,
632 3286 689 3350 per
714 3267 866 3349 aquilam,
893 3266 968 3349 quia
997 3266 1031 3328 in
1059 3284 1097 3327 ea
1154 3287 1211 3350 per
1230 3287 1284 3330 εει
1303 3268 1380 3341 alas,
1399 3286 1454 3330 εει
1475 3270 1598 3350 species
1620 3267 1898 3351 contemplationis

351 3365 481 3427 luerunt
496 3365 556 3427 viri
572 3364 754 3427 sublimiter
769 3365 1017 3447 contemplativi.
1036 3364 1096 3426 Sed
1153 3367 1345 3446 (secundum
1374 3367 1458 3447 quod
1487 3367 1618 3449 quidam
1646 3385 1699 3429 eas
1723 3366 1899 3448 assignant)

351 3461 412 3525 hoc
432 3461 702 3544 lerosolymitanae
724 3462 873 3525 Ecclesia
896 3462 997 3524 multo
1019 3481 1097 3543 praa-
1155 3465 1289 3546 intelligi
1305 3474 1447 3547 possunt.
1464 3465 1685 3540 -Quaeritur,
1702 3484 1759 3528 cur
1778 3466 1837 3529 boe
1853 3463 1908 3527 lo·'

351 3559 468 3622 clarius
483 3560 647 3642 competit,
665 3561 741 3641 quia
759 3561 792 3621 iu
811 3579 849 3622 ea
867 3560 997 3622 luerunt
1016 3561 1097 3643 Apo·
1154 3581 1191 3625 co
1212 3563 1362 3625 animalia
1387 3570 1495 3626 sancta
1520 3583 1574 3626 εει
1598 3563 1662 3626 alas
1684 3563 1801 3627 habere
1822 3562 1899 3626 scri-

337 3659 423 3722 ·stoli
452 3665 485 3720 et
512 3658 608 3740 primi
638 3657 789 3740 discipuli
819 3658 947 3732 Christi,
978 3658 1033 3739 qui
1065 3658 1098 3721 in
1154 3661 1280 3737 bantur,
1307 3681 1406 3744 quum
1430 3662 1515 3744 apud
1539 3663 1737 3725 Ezechielem
1762 3669 1898 3745 quatuor
1911 3677 2060 3733 amana

351 3757 629 3840 contemplationis
659 3756 760 3838 gratia
788 3755 939 3820 omnibus
968 3755 1097 3838 praelul-
1154 3779 1275 3843 pennas
1294 3760 1411 3823 babere
1431 3761 1585 3823 dicantur.
1603 3761 1649 3824 Ad
1666 3762 1751 3843 quod
1770 3778 1899 3844 rospon-

351 3863 470 3919 serunt.
1154 3860 1229 3922 dere
1254 3877 1325 3922 reor
1348 3858 1494 3934 dillicile,
1520 3858 1583 3920 nisi
1607 3857 1688 3921 forte
1717 3859 1898 3941 quisdicat

400 3955 491 4029 Hinc,
521 3973 579 4037 per
607 3963 743 4036 quatuor
771 3953 932 4028 animalia,
963 3961 1099 4037 quatuor
1155 3958 1343 4041 mysterium
1366 3957 1553 4019 animalium
1580 3957 1695 4019 horum
1718 3957 1897 4020 evidentius

352 4052 568 4136 Evangelistas
603 4052 740 4116 arbitror
774 4053 964 4134 designatos,
1000 4071 1098 4134 quan·
1154 4065 1248 4137 atque
1276 4054 1448 4117 sublimius
1480 4055 1655 4118 revelatum
1686 4073 1757 4119 esse
1784 4055 1896 4119 loanni

352 4172 449 4235 quam
463 4171 521 4236 per
535 4171 572 4215 ea
587 4153 682 4215 etiam
699 4151 841 4215 Christus
856 4152 991 4234 ejusque
1005 4170 1098 4214 mem·
1115 4158 1140 4221 Ι)
1154 4174 1250 4237 quam
1273 4153 1440 4215 Ezechieli.

353 4251 420 4327 bra,
436 4251 498 4315 viri
518 4251 642 4314 scilicet
658 4250 835 4325 christiani,
852 4259 970 4332 queant
985 4249 1099 4312 intelli·
1194 4256 1237 4315 Et
1255 4254 1462 4322 incircuitu,
1479 4252 1509 4315 id
1525 4260 1574 4315 est
1588 4271 1645 4335 per
1661 4261 1762 4316 totum
1782 4269 1897 4336 corpus

352 4352 393 4432 gi.
412 4351 483 4413 Fuit
498 4351 584 4413 enim
604 4349 747 4414 Christus
767 4350 863 4413 homo
882 4351 914 4412 in
934 4349 1098 4411 nativitate
1154 4367 1248 4413 suum
1262 4349 1361 4431 (sicut
1376 4357 1408 4412 et
1423 4350 1567 4412 Ezechiel
1587 4350 1697 4432 habet)
1712 4367 1720 4412 τ
1736 4351 1821 4414 unde
1836 4351 1898 4414 alia
1912 4365 2027 4422 omre
2038 4385 2062 4422 ι,

353 4457 385 4511 ct
399 4448 650 4522 conversatione,
666 4448 787 4510 vitulus
808 4448 841 4510 in
861 4448 1042 4511 obeditione
1061 4465 1097 4509 ac
1154 4447 1250 4510 babet
1274 4448 1448 4523 translatio,
1474 4447 1554 4511 Ante
1577 4456 1609 4511 et
1633 4457 1737 4528 retr03
1757 4458 1788 4510 et
1806 4451 1898 4510 intua
1913 4433 1948 4475 ¹¹·

353 4547 511 4628 passione,
533 4546 583 4609 leo
606 4547 639 4608 in
659 4547 883 4629 praedicationc
902 4565 938 4609 ac
961 4564 1098 4608 resurre-
1151 4555 1251 4626 plena
1266 4556 1343 4607 sunt
1358 4549 1471 4617 oculis,
1488 4547 1519 4610 id
1538 4556 1587 4610 est
1606 4547 1848 4631 sapientialibus
1866 4553 1900 4611 et

352 4645 468 4719 ctione,
483 4645 592 4727 aquila
606 4646 638 4707 in
655 4645 922 4728 contemplatione
943 4651 974 4708 et
992 4663 1100 4706 ascen·
1156 4644 1410 4729 prudentialibus
1439 4645 1758 4720 considerationibus,
1783 4646 1899 4708 discre-

352 4743 451 4806 sione.
469 4743 520 4805 Sic
540 4751 572 4805 et
591 4743 727 4825 quilibet
746 4743 982 4818 Christilidelis,
1004 4743 1099 4806 bomo
1155 4745 1296 4808 tionibus
1320 4751 1416 4829 alque
1440 4743 1583 4807 scientiis
1607 4763 1681 4808 vere
1705 4743 1899 4818 salubribus,
1997 4747 2002 4754 ’

352 4849 400 4906 est
423 4842 579 4904 rationem
604 4842 766 4923 sequendo
779 4861 787 4922 3
813 4841 943 4918 vitulus,
970 4861 1099 4905 carnem
1155 4845 1275 4927 ubique
1289 4853 1321 4908 et
1336 4846 1368 4908 in
1383 4842 1543 4908 universis
1557 4843 1704 4908 habendo
1719 4863 1752 4907 se
1767 4843 1902 4907 circum·

353 4959 426 5003 cum
451 4940 538 5003 vitiis
561 4947 593 5004 et
615 4941 884 5022 concupiscentiis
909 4940 1099 5023 crucifigen·
1155 4951 1271 5026 specte.

353 5040 392 5102 do
403 5057 412 5118 ;
434 5039 495 5115 leo,
517 5059 535 5101 a
558 5038 697 5120 peccatis
722 5040 879 5120 surgendo
904 5047 934 5102 et
953 5040 1099 5106 hostibus
1194 5047 1238 5105 Et
1254 5047 1398 5123 requiem
1416 5065 1482 5106 non
1501 5043 1671 5104 habebant.
1689 5043 1793 5106 Sancti
1813 5043 1900 5106 enim

354 5159 418 5204 suae
433 5137 546 5202 salutis
566 5137 772 5201 victorialiter
792 5138 995 5220 reluctando;
1011 5142 1100 5223 aqui·
1155 5143 1188 5206 in
1204 5143 1267 5206 vita
1282 5143 1340 5205 bac
1356 5143 1551 5226 corporalem
1568 5141 1823 5224 repausationem
1838 5160 1901 5205 non

353 5241 393 5316 la,
409 5238 593 5304 divinorum
609 5237 930 5320 contemplationibus
950 5239 1098 5306 insisten-
1154 5248 1272 5316 amant,
1287 5242 1342 5305 sed
1362 5241 1523 5305 exercitiis
1541 5241 1693 5305 virtuosis
1712 5259 1840 5325 semper
1854 5241 1900 5306 in-
