4214 6254
428 451 469 516 92
650 472 683 522 ΙΝ
703 472 755 520 bnt
777 471 892 522 SANGTO
914 473 1129 522 nummosque.
1152 494 1191 506 -
1212 477 1254 523 Ab
1275 476 1471 542 nattumsoffl
1493 477 1592 525 sanxo
1613 477 1758 526 serimus

946 889 1139 978 SERMO
1179 891 1462 979 SEPTIMUS

438 1155 588 1213 coniurati
608 1155 737 1202 SPllllTlll
759 1154 874 1201 SANGTO
895 1153 954 1199 Pllll
974 1152 1120 1199 lllll'lll'lllS
1142 1153 1179 1199 ΕΤ
1199 1154 1283 1201 bona
1304 1155 1482 1212 sanumque
1502 1157 1602 1204 OPERA
1624 1158 1800 1205 Asamum
1821 1159 1969 1206 uubanus.

492 1441 754 1503 abacturus
763 1443 1176 1520 SpirituaSanctus,qucm
1193 1438 1218 1501 A
1234 1440 1393 1516 ecstasim,
1411 1441 1486 1522 quia
1505 1451 1665 1505 amantem
1690 1460 1755 1504 non
1780 1441 1884 1504 solum
1908 1457 1981 1503 con-

506 1541 614 1598 mittet
629 1542 734 1602 Pater
754 1541 788 1599 in
810 1543 941 1600 nomine
961 1561 1040 1610 meo,
1055 1540 1178 1599 docebit
1232 1538 1339 1619 jungit
1353 1540 1530 1613 amato,sed
1546 1548 1578 1603 et
1592 1541 1772 1623 transponit
1787 1547 1819 1602 et
1832 1539 1981 1602 transfor·

430 1657 484 1697 vos
499 1639 617 1700 omnia.
633 1639 742 1701 loann.
760 1656 821 1712 xrv,
839 1637 887 1701 ²6.
1234 1644 1298 1698 mat
1314 1655 1388 1699 cum
1410 1639 1442 1699 in
1460 1638 1561 1702 illum.
1578 1639 1666 1712 Quod
1685 1639 1725 1701 fit
1745 1657 1803 1720 per
1821 1637 1979 1711 ecstasim,

471 1736 618 1809 Quaedam
651 1735 684 1797 in
716 1737 998 1817 superbeatissima
1026 1735 1178 1798 ‘lrinitate
1234 1754 1305 1817 quae
1328 1743 1376 1797 est
1398 1736 1603 1818 extrapositio
1626 1757 1689 1819 qua
1709 1755 1819 1799 amans
1840 1737 1873 1798 in
1897 1755 1981 1798 ama-

430 1841 505 1896 sunt
526 1833 665 1917 propria,
682 1835 826 1916 quaedam
847 1836 1050 1917 appropriata
1071 1835 1178 1896 Persu-
1234 1841 1301 1895 tum
1318 1835 1485 1910 tendendo,
1498 1836 1588 1917 quasi
1604 1843 1693 1899 extra
1708 1855 1742 1898 se
1757 1836 1889 1918 ponitur
1903 1841 1935 1897 et
1951 1834 1980 1896 in

429 1933 490 1994 nis.
508 1933 780 2006 Quemadmodum
802 1935 888 1996 enim
910 1935 1000 2009 vitio,
1018 1952 1118 2016 quum
1137 1933 1179 1994 sit
1235 1931 1325 1994 illum
1350 1932 1549 1995 transfertur.
1575 1934 1674 2009 Unde,
1699 1933 1877 1996 seeundum
1903 1933 1982 1995 divi-

430 2031 589 2094 emanatio
616 2031 807 2106 intellectus,
829 2033 1076 2114 appropriantur
1097 2030 1178 2092 veri·
1203 2094 1204 2097 ,
1234 2050 1310 2092 num
1329 2031 1526 2114 Dionysium,
1543 2032 1671 2094 divinus
1686 2050 1775 2095 amur
1794 2051 1852 2094 seu
1867 2032 1980 2094 caritas
2013 2043 2093 2114 unat

431 2138 490 2204 tea,
511 2129 678 2211 sapientia,
699 2149 760 2204 ara,
782 2131 956 2213 exemplar,
974 2129 1179 2212 pulchritudo
1235 2147 1298 2192 non
1321 2130 1397 2191 sinit
1420 2139 1562 2193 amantes
1587 2150 1656 2194 esse
1681 2131 1729 2194 sui
1755 2131 1910 2212 ipsorum,
1927 2122 2093 2193 sed¹¹⁰'¹''“³''

432 2247 488 2291 seu
505 2228 646 2310 species;
664 2228 709 2290 sic
730 2229 861 2311 Spiritui
882 2230 1007 2304 Sancto,
1025 2247 1124 2311 quum
1140 2227 1180 2289 sit
1235 2227 1311 2289 facit
1332 2245 1385 2290 eos
1405 2246 1474 2290 esse
1497 2246 1606 2291 corum
1628 2247 1707 2311 quos
1728 2235 1848 2302 amant,
1864 2227 1982 2310 quibus

432 2327 590 2390 emanatio
615 2326 799 2401 voluntatis
826 2327 1073 2408 appropriantur
1101 2325 1179 2387 cari·
1235 2345 1292 2407 per
1314 2326 1476 2388 caritatem
1499 2344 1533 2388 se
1555 2327 1640 2409 ipsos
1660 2325 1813 2408 praebent,
1831 2326 1983 2389 exhibent

432 2432 491 2498 tas,
508 2443 607 2498 amur,
629 2444 701 2506 pax,
720 2425 942 2507 tranquillitas,
959 2425 1108 2499 suavitas,
1126 2423 1180 2486 be·
1235 2431 1330 2506 atque
1346 2424 1594 2500 communicant,
1604 2433 1636 2487 et
1651 2444 1713 2489 uon
1730 2444 1788 2488 sua
1802 2425 1981 2487 dumtaxat:

433 2523 583 2604 nignitaS,
610 2522 843 2597 munificentia,
870 2543 957 2598 usus,
985 2523 1179 2597 communio,
1236 2523 1319 2584 sicut
1334 2531 1365 2585 et
1380 2523 1515 2605 Spiritus
1536 2523 1680 2600 SanctuS,
1697 2524 1751 2605 qui
1771 2523 1985 2586 essentialiter

430 2621 626 2704 jucunditas,
648 2639 759 2695 nexus,
779 2622 924 2683 osculum
949 2629 981 2684 et
1003 2621 1178 2703 amplexus.
1196 2617 1219 2679 B
1236 2621 1350 2682 caritas
1366 2628 1580 2702 nuncupatur,
1597 2639 1660 2683 non
1676 2621 1779 2684 solum
1795 2621 1904 2702 gratia
1918 2641 1984 2684 suaa

433 2719 530 2782 ldulta
545 2736 673 2801 quoque
688 2718 825 2801 Spiritus
841 2719 972 2782 Sanctus
988 2719 1117 2780 nomina
1132 2719 1182 2781 ha·
1236 2718 1436 2791 charismata,
1458 2720 1513 2780 sed
1536 2727 1568 2782 et
1591 2739 1625 2781 se
1650 2719 1756 2800 ipsum
1780 2718 1892 2781 electis
1916 2719 1985 2781 suis

334 2817 338 2824 ’
432 2817 487 2881 bet
502 2817 564 2880 sibi
585 2817 799 2900 appropriata,
816 2825 945 2900 propter
964 2816 1100 2881 effectus
1119 2817 1180 2880 sibi
1235 2817 1274 2878 ad
1297 2816 1490 2892 habendum,
1508 2817 1735 2899 possidendum
1755 2835 1793 2880 ac
1812 2816 1985 2879 fruendum

432 2915 653 3000 appropriatos
671 2933 678 2978 :
696 2934 769 2977 nam
792 2916 972 2998 appellatur
990 2917 1179 2999 paracletus,
1235 2934 1269 2978 se
1290 2915 1430 2996 largitur.
1447 2915 1511 2978 Nec
1531 2915 1644 2978 caritas
1664 2915 1768 2978 solum
1785 2917 1867 2978 hanc
1885 2923 1985 2978 ecsta-

432 3015 527 3096 iguis,
544 3015 663 3088 unctio,
676 3013 794 3095 digitus
810 3014 875 3078 Dei.
889 3014 984 3078 Porro
999 3016 1119 3077 donum
1134 3015 1180 3076 di·
1235 3012 1296 3074 sim
1312 3013 1460 3086 facit,sed
1476 3019 1508 3076 ct
1522 3022 1682 3076 amantem
1697 3020 1801 3077 amatu
1815 3013 1986 3076 indissolu-

432 3113 515 3176 citur
527 3112 694 3196 proprium
710 3131 827 3176 nomen
846 3113 983 3194 Spiritus
999 3113 1115 3186 Sancti,
1133 3133 1181 3176 sc·
1236 3110 1343 3173 biliter
1357 3111 1457 3173 nectit
1470 3129 1507 3174 ac
1521 3109 1659 3192 colligat,
1671 3111 1796 3174 dicente
1811 3111 1982 3194 Apostolo:

432 3213 574 3276 cundum
595 3212 680 3293 quod
700 3211 820 3273 donum
842 3211 1000 3293 accipitur
1019 3231 1076 3293 per
1095 3211 1182 3273 habi·
1235 3209 1310 3282 Quis
1333 3209 1492 3290 separabit
1514 3226 1571 3272 nos
1595 3228 1613 3270 a
1637 3210 1766 3271 caritate
1790 3209 1931 3273 Christil
1948 3209 1985 3270 lit
2008 3230 2088 3271 rom

432 3311 577 3374 tudinem
593 3311 720 3372 adeum
737 3309 828 3391 cujus
844 3316 891 3373 est
905 3310 1024 3373 ratione
1039 3310 1180 3391 originis,
1236 3308 1321 3370 istud
1339 3308 1388 3389 agi
1407 3308 1510 3370 fertur
1529 3327 1586 3390 per
1605 3308 1720 3383 zelum,
1737 3327 1808 3390 quaa
1825 3315 1874 3370 est
1889 3308 1984 3370 vebe·
1998 3296 2026 3336 ³³·

433 3417 465 3473 et
486 3428 504 3471 a
524 3427 588 3492 quo
610 3409 711 3470 datur.
1236 3425 1327 3469 mens
1348 3407 1439 3470 valde
1458 3405 1597 3470 affectio.

474 3509 519 3570 Ex
535 3507 586 3569 his
602 3507 676 3569 elici
692 3513 805 3589 potest,
818 3504 954 3588 qualiter
968 3513 1000 3568 et
1015 3506 1046 3567 in
1063 3506 1181 3588 quibus
1275 3505 1415 3567 Primum
1436 3505 1551 3568 horum
1571 3505 1759 3580 effectuum,
1776 3504 1899 3569 scilicet
1912 3506 1984 3568 uni·

433 3606 593 3669 adorando
608 3603 767 3686 paracleto
783 3604 916 3685 Spiritui
931 3604 1045 3666 Sancto
1060 3604 1182 3666 assimi·
1235 3622 1341 3677 onem,
1365 3603 1441 3666 facit
1465 3604 1578 3666 caritas
1601 3604 1634 3666 in
1657 3603 1815 3666 universis
1838 3605 1985 3667 camba-

434 3703 492 3765 lari
518 3702 679 3784 possimus
698 3720 735 3764 ac
759 3701 942 3764 debeamus.
966 3702 1071 3764 Primo
1094 3722 1182 3764 nam·
1236 3701 1386 3764 bentibus
1405 3719 1411 3763 :
1429 3709 1461 3763 et
1477 3701 1615 3783 pertinet
1629 3703 1706 3764 unio
1720 3701 1776 3763 illa
1793 3702 1985 3785 simpliciter

433 3809 542 3885 queat
563 3800 700 3863 maxime
720 3801 748 3862 ei
769 3800 984 3862 assimilamur
1000 3819 1056 3883 per
1071 3800 1218 3864 carita-C
1237 3801 1320 3862 dicta
1340 3801 1378 3861 ad
1400 3799 1600 3881 incipientes.
1622 3799 1837 3882 Transpusitio
1855 3819 1931 3863 vero
1952 3801 1984 3862 in

432 3910 498 3964 tem
522 3898 792 3980 supernaturalem
822 3898 969 3974 inlusum,
995 3919 1055 3981 qua
1080 3900 1181 3962 Deum
1236 3907 1388 3972 amatum,
1411 3905 1532 3980 spectat
1556 3899 1594 3960 ad
1620 3897 1838 3979 proficientes,
1859 3900 1914 3981 qui
1942 3899 1986 3961 di-

433 3999 681 4084 proximumque
698 3997 870 4070 meritorie,
888 4017 967 4079 pure
987 4006 1018 4061 et
1033 3998 1181 4062 irreflexe
1237 3997 1318 4059 lecto
1334 4016 1431 4078 super
1445 3996 1552 4058 omnia
1566 3997 1630 4058 Deo
1645 3997 1787 4078 quotidie
1800 3998 1901 4078 magis
1916 4015 1987 4080 pro

433 4099 607 4181 diligimus.
624 4098 695 4161 llaec
711 4097 830 4160 etenim
846 4096 959 4158 caritas
974 4105 1022 4159 est
1036 4099 1180 4178 quaedam
1237 4097 1392 4177 pinquare
1420 4095 1577 4169 nituntur,
1604 4096 1780 4158 ferventius
1809 4097 1984 4177 diligendo,

433 4197 684 4282 supernaturalis
700 4195 887 4270 similitudo,
900 4196 1004 4276 imago
1019 4204 1113 4278 atque
1128 4215 1180 4259 ex·
1235 4216 1271 4258 ac
1293 4215 1350 4277 per
1372 4195 1431 4258 hoc
1452 4194 1565 4258 lortius
1591 4195 1622 4257 in
1639 4195 1746 4276 ipsum
1767 4196 1936 4270 tendendo,
1955 4205 1986 4260 et

433 4297 556 4379 pressio
579 4297 711 4358 increati
733 4314 770 4358 ac
791 4295 901 4377 spirati
924 4296 1052 4370 amoris,
1070 4296 1180 4358 videli-
1237 4296 1269 4358 in
1293 4295 1398 4377 ipsum
1420 4314 1453 4357 se
1473 4295 1709 4375 transponendo
1723 4301 1818 4377 atque
1834 4295 1986 4376 quodam·

433 4403 484 4459 cet
508 4394 646 4477 Spiritus
673 4394 779 4456 Sancti
806 4411 813 4455 :
839 4402 871 4456 et
898 4394 956 4456 hoc
984 4413 1042 4476 per
1067 4413 1180 4477 appru·
1238 4395 1331 4457 modo
1346 4392 1611 4468 transformando,
1628 4400 1737 4475 utpote
1752 4413 1823 4474 quae
1840 4393 1894 4456 Dei
1910 4401 1987 4455 sunt

433 4494 634 4576 priatiunem.
664 4492 801 4555 llealitcr
827 4511 966 4574 namque
991 4492 1104 4554 caritas
1133 4500 1182 4554 est
1237 4493 1337 4574 magis
1369 4511 1405 4553 ac
1438 4492 1537 4572 magis
1566 4492 1696 4572 agendo.
1729 4492 1986 4574 Unumquodque

433 4591 615 4655 communis
638 4591 733 4653 totius
754 4591 1029 4671 superessentialis
1049 4591 1182 4653 Trinita-
1237 4591 1385 4672 equidem
1412 4590 1530 4652 dicitur
1554 4589 1601 4650 illi
1629 4590 1790 4673 praecipuc
1814 4589 1986 4652 assimilari

432 4691 474 4752 tis
498 4689 645 4763 effectus,
672 4697 703 4751 ct
727 4689 858 4751 increati
885 4689 1013 4762 amoris,
1037 4690 1181 4752 absolute
1237 4699 1267 4752 et
1284 4689 1531 4764 conformari,et
1547 4689 1578 4751 in
1596 4688 1674 4751 illud
1690 4688 1920 4762 transformari,
1930 4707 1986 4750 cu-

431 4788 509 4852 dicti
528 4788 598 4870 (qui
621 4796 668 4850 est
687 4788 796 4850 divina
816 4787 977 4868 essentia),
994 4797 1182 4868 supernatu·
1235 4789 1288 4870 jus
1308 4788 1507 4869 operationes
1530 4794 1562 4850 et
1583 4787 1791 4871 proprietates
1814 4787 1915 4868 magis
1937 4805 1986 4849 se-

432 4888 508 4950 ralis
528 4887 714 4960 similitudo,
732 4886 895 4967 expressio
915 4905 971 4948 seu
993 4885 1105 4967 imago.
1124 4887 1181 4948 lta·
1237 4895 1350 4960 ctatur,
1376 4893 1502 4948 exercet
1525 4893 1556 4948 et
1584 4885 1723 4968 complet
1748 4902 1755 4946 :
1781 4885 1987 4967 quemadmo

433 5005 575 5068 que,qu0
591 4985 624 5048 iu
640 4984 770 5047 caritate
785 4983 957 5065 purissima
974 4983 1181 5047 ferventiores
1198 4983 1222 5044 D
1237 4987 1314 5048 dum
1330 4984 1435 5047 callidi
1452 4985 1603 5047 dicuntur
1618 4984 1759 5066 vulpini;
1775 4983 1890 5065 gulosi,
1904 4984 1986 5066 lupi·

433 5091 466 5148 et
482 5083 687 5166 perfectiores
709 5081 882 5156 efficimur,
900 5100 937 5144 eo
958 5081 1090 5164 Spiritui
1107 5083 1181 5145 San·
1238 5083 1271 5146 ni
1283 5100 1292 5162 ;
1313 5084 1460 5158 audaces,
1483 5083 1611 5146 leonini.
1640 5083 1885 5164 contemplativi
1911 5099 1987 5146 vero

434 5191 485 5246 cto
512 5181 682 5244 similiores
712 5179 978 5261 amabilioresque
1007 5181 1179 5244 reddimur.
1237 5201 1274 5244 ac
1296 5179 1422 5256 fervidi,
1440 5181 1597 5244 caritativi
1616 5182 1675 5244 rite
1694 5200 1731 5243 ac
1749 5181 1852 5243 divini
1872 5199 1986 5244 vocan-

478 5280 597 5344 Caritas
618 5286 724 5341 autem
748 5277 899 5340 unionem
920 5278 1007 5354 facit,
1028 5277 1132 5341 zelum
1153 5288 1184 5343 et
1238 5288 1298 5342 tur.
1321 5281 1415 5342 Porro
1438 5280 1550 5343 tertius
1572 5279 1712 5342 caritatis
1733 5278 1881 5355 effectuS,
1899 5280 1984 5343 vide-
