4288 6264
565 481 712 532 nouimus
733 483 753 528 v
774 481 847 530 rosr
867 479 997 528 rasum.
1018 497 1058 510 -
1079 480 1178 529 suauo
1199 482 1309 529 rsruns
1679 466 1719 530 29

164 669 260 732 guam
284 669 374 714 suam
399 671 418 714 a
441 651 548 714 verbis
573 651 694 714 illicitis
719 650 880 714 refrenare
904 649 1002 714 :Aet
1017 651 1133 733 pictate
1148 650 1487 728 consistit,secundum
1501 653 1714 716 Ambrosium.

31 759 149 812 teau.
165 749 242 831 quia
259 759 295 812 ut
313 751 358 816 ait
376 749 556 832 Apostolus,
578 749 793 832 Corrumpunt
815 748 915 811 bonos
971 748 1114 812 Christus
1139 766 1266 832 quoque
1292 766 1299 812 :
1325 750 1411 813 Beati
1436 751 1570 833 (inquit)
1594 751 1716 814 miseri·
1731 769 1863 824 uariam.

19 827 51 865 ³³·
166 865 271 910 mores
292 849 452 932 colloquia
477 848 569 910 mala.
591 848 723 930 Nempe,
744 865 840 929 quam
862 865 915 909 ne·
971 848 1092 920 cordes,
1110 847 1261 929 quoniam
1284 848 1345 930 ipsi
1369 849 1619 912 misericordiam
1644 867 1717 912 con·

167 947 304 1008 cessaria
324 947 365 1008 sit
385 948 444 1008 ista
461 945 632 1008 refrenatio
649 945 776 1026 linguae,
793 951 915 1006 constat
971 953 1150 1026 sequentur.
1158 946 1358 1008 Potissimum
1374 965 1450 1010 vero
1464 947 1718 1011 subveniendum

17 1057 103 1134 unsel.
116 1071 152 1107 ιιι.
167 1062 206 1106 ex
222 1045 359 1127 eoquod
374 1046 414 1107 de
429 1044 517 1108 omni
532 1044 630 1107 verbo
645 1045 745 1106 otioso
759 1042 914 1105 reddituri
971 1051 1019 1106 est
1033 1043 1193 1118 desolatis,
1205 1045 1314 1126 egenis
1331 1045 1632 1129 miserabilibusque
1647 1065 1718 1130 per-

18 1125 51 1163 ³⁰·
167 1149 242 1204 sunt
256 1142 402 1206 homines
422 1143 577 1205 rationem
598 1143 631 1202 in
651 1141 703 1204 die
721 1141 845 1221 judicii.
862 1139 914 1202 Sa·
971 1141 1164 1215 sonis,sicut
1178 1143 1344 1218 mendicis
1356 1143 1518 1226 orphanis,
1531 1144 1674 1226 pupillis,
1687 1152 1719 1207 et

17 1239 275 1304 acco.1.xs.lomon
298 1258 426 1322 quoque
447 1241 494 1302 ait
514 1259 520 1302 :
543 1240 665 1303 Stultus
687 1238 784 1302 verba
808 1237 916 1300 multi·
971 1239 1076 1302 viduis
1091 1259 1128 1302 ac
1143 1241 1316 1322 oppressis.
1333 1242 1379 1304 ld
1396 1244 1481 1324 quod
1496 1242 1592 1305 etiam
1609 1244 1718 1325 praala-

166 1337 370 1419 plicat.Unde
386 1346 510 1401 constat
523 1338 608 1421 quod
623 1336 747 1399 fatuum
763 1337 804 1399 sit
817 1335 915 1398 verba
971 1337 994 1398 ti
1020 1345 1051 1400 et
1072 1337 1196 1418 judices
1226 1341 1387 1422 praecipue
1411 1339 1602 1421 obligantur,
1627 1342 1718 1422 juxta

165 1436 235 1499 sine
259 1437 440 1500 rationabili
465 1455 559 1498 causa
585 1435 807 1518 multiplicare.
834 1434 913 1495 llinc
972 1436 1050 1499 illud
1071 1437 1103 1498 in
1125 1436 1249 1500 Psalmo
1267 1456 1273 1500 :
1289 1439 1431 1501 iudicate
1450 1456 1551 1520 egeno
1567 1447 1599 1502 et
1614 1442 1717 1524 pupil-
1741 1467 1782 1511 p„
1795 1481 1863 1520 um,

29 1545 150 1596 Pru-nr,
166 1533 282 1596 iterum
303 1534 445 1616 loquitur
462 1552 468 1596 :
485 1534 543 1607 Qui
564 1533 750 1596 custoditos
770 1551 864 1594 suum
881 1539 914 1593 et
973 1534 1012 1608 lo,
1029 1535 1184 1596 humilem
1205 1544 1237 1598 et
1255 1555 1428 1618 pauperem
1447 1537 1639 1618 justificate3
1656 1540 1715 1602 eri·
1731 1533 1780 1582 ³¹⁴·

17 1610 51 1650 '³'
166 1632 308 1714 linguam
330 1652 433 1708 suam,
450 1632 588 1695 custodit
609 1632 649 1694 ab
670 1629 825 1712 angustiis
845 1631 913 1692 ani·
971 1632 1036 1714 pite
1058 1651 1244 1714 pauperem,
1261 1643 1293 1696 et
1312 1652 1448 1716 egenum
1468 1636 1507 1698 de
1527 1654 1624 1699 manu
1643 1656 1717 1719 pec-

16 1749 73 1791 um
84 1762 105 1798 ι,
116 1751 149 1792 ss.
165 1749 250 1794 mam
271 1749 381 1810 suam3
397 1739 439 1806 et,
456 1731 514 1804 Qui
538 1731 720 1793 moderatur
741 1729 824 1792 labia
843 1747 911 1802 sua,
970 1731 1086 1794 catoris
1102 1731 1242 1794 liberate.
1253 1733 1340 1796 Unde
1355 1734 1394 1796 de
1410 1734 1538 1815 injustis
1551 1735 1716 1816 judicibus

16 1845 148 1892 uetans.
164 1829 434 1911 prudentissimus
450 1837 507 1892 est.
525 1829 583 1902 Oui
602 1836 709 1892 autem
727 1827 837 1890 multis
852 1827 912 1888 uti·
931 1833 955 1896 B
970 1829 1053 1891 Deus
1068 1847 1125 1911 per
1140 1830 1252 1892 lsaiam
1268 1831 1484 1913 conqueritur,
1500 1833 1629 1898 dicens:
1644 1835 1718 1916 Ege
1743 1856 1776 1900 ι..
1787 1871 1800 1907 ι,
1811 1859 1843 1900 aa.

165 1935 217 1989 tur
231 1927 349 2004 verbis,
367 1928 453 1992 laedit
470 1928 610 1990 animam
632 1946 733 2000 suam,
750 1933 785 1988 ut
804 1925 838 1986 in
858 1925 913 1987 Ec
969 1944 1011 1989 uo
1034 1944 1097 1988 non
1117 1926 1273 2007 judicant,
1290 1937 1322 1990 et
1343 1947 1437 1992 causa
1457 1930 1562 1995 viduae
1584 1949 1648 1996 non
1671 1933 1717 1995 in·

165 2025 344 2089 clesiasticn
366 2026 490 2107 legitur.
508 2025 673 2088 Psalmista
692 2042 819 2106 quoque
838 2023 913 2086 late·
969 2025 1113 2106 greditur
1126 2026 1165 2088 ad
1181 2043 1243 2088 eos.
1256 2027 1413 2108 Amplius,
1425 2029 1641 2092 custodiamus
1659 2049 1716 2094 nos
1730 2049 1864 2104 reconna.

14 2144 55 2186 rs.
64 2155 149 2192 ιιιιιιι
166 2132 217 2186 tur
235 2124 314 2186 :Vir
333 2124 498 2205 linguosus
517 2141 580 2186 nou
600 2123 754 2204 dirigetur
769 2123 802 2184 in
817 2129 910 2184 terra.
970 2124 1010 2186 ab
1032 2123 1091 2186 boc
1113 2124 1229 2186 saeculo
1253 2125 1484 2200 immaculatos,
1501 2135 1533 2190 et
1553 2147 1650 2210 prava
1670 2131 1716 2192 vi·

14 2209 47 2250 ¹²·
165 2223 307 2305 Denique
322 2242 361 2286 ex
377 2223 553 2286 incustodia
567 2222 681 2303 linguae
696 2221 809 2284 incidit
821 2221 913 2283 homo
970 2229 1075 2286 temus
1089 2223 1258 2298 consortia,
1269 2241 1351 2286 vana
1365 2227 1556 2306 spectacula,
1572 2228 1714 2305 choreas,

165 2323 199 2384 in
222 2321 350 2384 infinita
370 2340 407 2384 ac
428 2321 536 2403 gravia
556 2321 647 2384 valde
671 2328 807 2402 peccata.
826 2320 913 2382 Unde
969 2321 1127 2396 tabernas,
1142 2321 1242 2403 jocos,
1260 2322 1350 2386 ludos
1369 2331 1401 2385 et
1419 2325 1502 2387 risus
1522 2327 1715 2408 superfluos,

14 2437 148 2487 nemum.
163 2421 300 2485 lacobus
325 2438 332 2482 :
360 2421 554 2484 Universitas
579 2419 712 2501 (inquit)
736 2418 913 2501 iniquitatis
970 2439 1009 2482 ne
1025 2439 1098 2482 cum
1115 2420 1274 2502 perversis
1289 2429 1627 2507 pervertamur,neque
1642 2444 1715 2489 cum
1730 2454 1863 2504 mmm,

166 2520 275 2600 lingua
305 2519 512 2582 constituitur
539 2519 572 2580 in
602 2516 756 2580 membris
785 2517 910 2580 nostris.
970 2518 1178 2600 pereuntibus
1199 2537 1377 2601 pereamus.

163 2618 295 2700 Propter
315 2618 400 2700 quod
422 2617 511 2699 llugo
531 2618 571 2680 dc
596 2617 626 2680 S.
647 2615 772 2678 Victore
792 2615 913 2679 notabi-
1010 2617 1138 2698 Legitur
1159 2618 1198 2680 de
1219 2618 1248 2680 S.
1267 2618 1397 2699 llugone
1421 2621 1572 2703 episcopo
1596 2621 1719 2686 Lincol-

165 2715 238 2778 liter
257 2714 399 2798 loquitur
415 2735 421 2780 :
439 2715 561 2797 Lingua
580 2714 708 2788 dicitur,
724 2714 800 2796 quia
823 2712 914 2796 lingit
971 2715 1086 2789 nicusi,
1103 2715 1159 2798 qui
1181 2715 1243 2777 luit
1264 2715 1485 2792 cartusiensis,
1502 2718 1586 2801 quod
1609 2719 1648 2782 ab
1674 2721 1720 2783 in·

163 2815 333 2890 adulando,
344 2815 468 2878 mordet
482 2812 813 2886 detrahendo,occidit
828 2830 916 2874 men·
971 2813 1071 2877 santia
1090 2814 1188 2895 coepit
1204 2815 1267 2876 lieo
1286 2816 1416 2890 servire,
1434 2824 1466 2878 et
1479 2835 1590 2880 omncs
1610 2820 1720 2882 sacculi

164 2914 289 2992 tiendo;
317 2913 435 2975 labitur
463 2920 495 2975 et
522 2912 614 2975 fallit.
641 2911 772 2974 Labitur
800 2919 835 2974 ut
862 2931 917 2974 an·
971 2912 1126 2974 vanitates
1141 2911 1253 2973 vitavit
1262 2929 1270 2990 ;
1287 2919 1382 2994 atque
1398 2913 1429 2975 in
1445 2920 1531 2975 tanta
1547 2916 1721 2996 permansit

164 3013 275 3094 guilla,
297 3019 442 3095 penetrat
464 3019 498 3072 ut
520 3011 649 3092 sagitta3
675 3009 759 3074 tollit
783 3010 915 3083 amicos,
935 3011 957 3076 C
974 3009 1165 3082 innocentia,
1187 3009 1271 3090 quod
1294 3009 1435 3071 creditur
1458 3031 1620 3094 nunquam
1648 3033 1720 3095 pec-

165 3109 359 3193 multiplicat
374 3109 533 3182 inimicos,
550 3115 657 3171 movet
672 3108 767 3181 rixas,
782 3107 918 3170 seminat
972 3125 1060 3169 casse
1077 3106 1261 3182 mortaliter,
1278 3125 1337 3169 uec
1351 3108 1466 3188 gaudia
1482 3110 1592 3172 mundi
1609 3128 1720 3194 expor-

165 3209 356 3288 discordias3
373 3225 437 3271 uno
455 3208 521 3270 ictu
537 3206 654 3269 multos
670 3207 808 3288 percutit
822 3213 917 3287 atque
973 3213 1023 3266 tus
1046 3211 1103 3267 est.
1121 3205 1159 3266 Et
1180 3211 1286 3266 tamen
1311 3205 1344 3266 in
1370 3205 1493 3286 magnis
1516 3206 1719 3272 abstinentiis

166 3306 339 3386 interlicit;
365 3305 482 3368 blanda
505 3312 554 3368 est
577 3312 608 3367 et
630 3304 775 3378 subdola,
802 3303 863 3366 lata
887 3312 918 3366 et
974 3305 1069 3382 vixit;
1090 3311 1122 3366 et
1140 3321 1267 3385 semper
1288 3304 1415 3386 quando
1436 3305 1598 3386 evigilavit
1623 3307 1657 3368 in
1679 3307 1720 3372 le-

167 3413 275 3488 parata
290 3405 329 3467 ad
345 3403 561 3468 exhaurienda
581 3403 674 3477 bona,
692 3403 918 3484 miscendaque
974 3410 1035 3476 cto,
1046 3401 1167 3484 absque
1183 3418 1271 3464 mora
1285 3401 1433 3476 surrexit,
1444 3403 1642 3468 orationibus
1657 3425 1721 3470 me-

13 3518 151 3568 Prouum.
169 3505 260 3566 mala.
288 3503 368 3566 Hinc
391 3502 523 3584 Sapiens
553 3502 638 3564 latur
663 3521 669 3565 :
696 3501 754 3576 Qui
783 3502 920 3564 incensi·
973 3499 1246 3580 ditationibusque
1261 3501 1394 3562 vacavit.
1412 3501 1579 3583 Quumque
1599 3504 1721 3586 episco-

166 3605 296 3667 deratus
320 3609 369 3664 est
393 3601 431 3663 ad
457 3601 665 3683 loquendum,
687 3600 804 3662 sentiet
826 3600 917 3669 mala.
975 3617 1034 3682 pus
1056 3597 1169 3672 lactus,
1191 3597 1359 3660 interesset
1380 3599 1541 3662 interdum
1565 3602 1722 3666 conviviis

166 3703 236 3766 Non
261 3717 336 3782 crgo
360 3700 482 3782 absque
512 3698 786 3780 praemeditatione
815 3699 919 3778 sagaci
975 3697 1057 3777 regis
1078 3694 1199 3776 Angliae
1219 3713 1255 3757 ac
1279 3703 1473 3776 magnatum,
1495 3706 1526 3760 et
1547 3707 1654 3761 essent
1676 3700 1721 3762 ibi

168 3802 347 3884 loquamur,
364 3816 464 3881 quum
486 3805 517 3858 et
532 3797 677 3860 Christus
697 3795 730 3857 in
747 3796 919 3878 Evangelio
974 3802 1117 3857 cantores
1141 3812 1178 3856 ac
1203 3794 1334 3856 musicis
1362 3795 1583 3860 instrumentis
1612 3798 1721 3861 luden-

167 3905 360 3982 protestetur
376 3915 383 3960 :
401 3897 446 3958 Ex
466 3895 572 3958 verbis
592 3895 656 3957 tuis
675 3894 917 3975 justificaberis,
973 3899 1031 3966 tes,
1049 3900 1125 3954 tunc
1146 3892 1377 3973 specialissime
1398 3901 1539 3957 mentem
1562 3914 1653 3958 suam
1673 3916 1721 3960 re·

42 4009 48 4019 '
166 4007 199 4062 et
220 4017 259 4062 ex
282 3996 388 4060 verbis
411 3995 475 4058 tuis
496 3993 770 4058 condemnaberis.
973 3991 1101 4072 collegit
1130 3991 1162 4052 in
1193 3990 1256 4054 Deo
1285 3997 1316 4052 et
1345 3992 1527 4068 custodivit,
1557 4002 1652 4077 atque
1681 3995 1721 4059 ab

207 4098 379 4168 Postremo,
394 4094 485 4175 juxta
509 4094 686 4156 doctrinam
711 4091 845 4174 apostoli
869 4093 916 4155 la·
973 4088 1183 4152 exterioribus
1204 4107 1258 4151 cor
1277 4091 1416 4164 retraxit,
1434 4109 1474 4153 ne
1494 4091 1526 4154 iu
1546 4093 1654 4176 aliquo
1671 4095 1721 4158 de-

167 4196 251 4270 cobi,
267 4194 360 4277 proni
380 4193 481 4255 simus
501 4193 540 4254 ad
559 4209 656 4274 opera
679 4190 914 4264 misericordie,
932 4193 957 4256 D
972 4187 1143 4250 lectaretur
1162 4187 1315 4266 inaniter3
1333 4206 1391 4250 nec
1409 4188 1530 4271 aliquid
1550 4191 1640 4266 dixit,
1657 4193 1719 4256 nisi

165 4304 231 4356 tam
251 4292 540 4376 spiritualiaquam
557 4289 744 4372 corporalia,
762 4297 915 4371 quantum
971 4287 1056 4369 quod
1086 4286 1328 4350 aedificatorium
1358 4287 1428 4349 luit.
1455 4289 1532 4369 Ejus
1561 4309 1635 4372 ergo
1661 4309 1720 4374 pro

166 4393 322 4464 valemus,
349 4389 496 4452 iaciendo
521 4388 675 4472 proximis
705 4396 800 4469 prout
824 4387 916 4450 nobis
972 4405 1064 4469 posse
1085 4394 1244 4450 sectemur
1260 4386 1456 4467 vestigia3et
1477 4395 1624 4469 praetacta
1640 4392 1720 4473 Apo-

166 4491 241 4554 iieri
263 4491 424 4562 volumus,
440 4495 494 4550 aut
517 4489 683 4562 vellemus,
700 4488 726 4550 si
750 4487 783 4549 in
805 4505 915 4550 eorum
971 4485 1043 4548 stoli
1061 4486 1253 4568 impleamus
1272 4484 1428 4547 stabiliter
1442 4487 1652 4550 saluberrima
1667 4491 1719 4554 do·

166 4597 251 4652 statu
271 4596 327 4651 aut
345 4587 533 4650 necessitate
552 4604 704 4650 essemus.
722 4586 853 4648 Summa
872 4593 916 4648 et·
972 4593 1131 4658 cumeuta,
1157 4584 1308 4667 quoniam
1333 4584 1387 4666 qui
1412 4589 1661 4666 perseveraverit
1685 4591 1717 4653 in
1758 4629 1846 4676 paup

167 4687 256 4752 enim
271 4685 452 4749 christianae
471 4683 632 4766 religionis
648 4683 681 4746 in
698 4682 917 4746 misericordia
972 4683 1064 4746 bonis
1088 4703 1187 4765 usque
1209 4683 1243 4745 in
1265 4681 1377 4756 linem,
1394 4681 1446 4745 bic
1468 4685 1574 4748 salvus
1596 4688 1665 4751 erit.
1731 4699 1833 4748 :nam
