4288 6264
317 480 464 528 nouimus
486 481 560 528 rosr
581 479 790 527 ,rsomsroumr
812 478 930 526 uoxmr.
951 497 990 506 -
1011 479 1053 524 nu
1073 478 1266 543 asarotosos3
1289 481 1387 528 sanim
1407 482 1535 538 oumrus
1665 465 1705 531 63

150 669 223 711 rum
246 667 253 711 :
274 650 424 732 quoniam
451 649 565 713 caritas
590 649 811 713 universarum
836 648 898 712 vir·
914 649 939 712 Α
955 647 1036 712 bene
1050 668 1250 712 servaremus
1271 650 1448 732 colloquiis.
1466 651 1510 714 Ue
1526 649 1576 714 his
1593 659 1700 714 autem

150 755 257 810 tutum
279 757 328 811 est
349 748 424 824 vita,
442 757 562 822 vertex,
580 747 692 820 lorma,
714 747 899 830 imperatrix
955 755 1149 829 pertranseo,
1166 748 1241 830 quia
1261 749 1293 810 in
1315 749 1521 830 praeinductis
1540 749 1635 831 paulo
1650 768 1702 811 an-

150 853 182 907 et
203 845 290 908 linis.
308 847 378 928 lpsa
399 864 526 930 quoque
549 855 596 908 est
618 846 700 928 ignis
725 845 900 927 spiritualis
956 854 986 908 te
1006 846 1209 910 sermonibus
1226 847 1326 910 multa
1346 848 1384 910 de
1404 846 1450 910 eis
1470 855 1546 910 sunt
1567 866 1704 912 comme-

150 952 281 1025 peccata
305 963 506 1008 consumens.
532 945 614 1007 Dum
643 944 730 1006 enirn
760 942 899 1006 inlundi·
957 953 1085 1008 morata.

151 1051 213 1117 tur,
231 1044 391 1125 praeterita
406 1051 535 1126 peccata
550 1043 697 1106 delentur
707 1059 715 1121 ;
732 1049 764 1104 et
779 1061 835 1124 per
851 1061 900 1104 ca·
996 1045 1115 1127 ltaque,
1139 1043 1229 1126 juxta
1259 1044 1584 1126 compendiosissima
1608 1045 1705 1126 hujus

150 1139 254 1202 ritatis
275 1140 433 1204 servorem
459 1140 644 1224 quotidiana
668 1147 901 1202 consumuntur
956 1141 1098 1224 epistolae
1114 1143 1405 1216 documentum,sit
1419 1161 1547 1225 semper
1562 1143 1594 1205 in
1613 1143 1706 1206 nobis

151 1245 291 1320 peccata.
316 1239 439 1312 Quanto
463 1240 559 1302 etiam
589 1238 692 1319 major
720 1245 768 1300 est
795 1237 902 1302 fervor
956 1259 1031 1303 vera
1046 1241 1309 1322 prudentiarum
1325 1241 1482 1323 praetactis
1497 1261 1568 1325 quae
1583 1242 1621 1304 ad
1638 1260 1706 1304 eam

152 1336 344 1412 dilectionis,
370 1345 458 1400 tanto
488 1338 560 1420 plus
588 1337 626 1399 de
657 1356 750 1418 poena
779 1336 901 1419 peccati
958 1338 1118 1420 pertinent
1133 1347 1164 1401 et
1179 1346 1383 1414 concurrunt,
1400 1358 1440 1401 ne
1458 1339 1552 1402 lacile
1567 1341 1705 1422 decipia-

153 1435 335 1498 dimittitur.
354 1436 441 1499 Unde
457 1437 495 1498 de
512 1435 695 1498 beatissima
711 1435 806 1498 llaria
821 1435 901 1515 blag-
958 1455 1039 1508 mur,
1057 1455 1115 1498 nec
1132 1437 1257 1500 incaute
1272 1438 1359 1500 omni
1379 1438 1546 1502 credamus
1565 1438 1704 1520 spiritui,

13 1562 96 1598 uani,
118 1551 138 1589 r.
154 1533 265 1596 dalene
283 1533 415 1617 loquens
431 1534 590 1598 Salvator:
603 1533 740 1596 Dimissa
754 1540 829 1596 sunt
842 1534 903 1613 (ln-
957 1553 1015 1596 nec
1031 1554 1172 1617 unquam
1189 1536 1289 1598 simus
1304 1536 1527 1598 inconsiderati
1543 1543 1596 1598 aut
1613 1537 1707 1599 indis·

154 1631 238 1714 quit)
261 1633 290 1694 ci
321 1641 450 1714 peccata
479 1633 588 1706 multa,
615 1633 765 1714 quoniam
791 1632 903 1696 dilexit
958 1632 1044 1694 creti.
1072 1633 1149 1696 Nam
1179 1641 1210 1696 et
1234 1635 1353 1697 Seneca
1382 1642 1574 1716 protestatur
1599 1654 1606 1700 :
1631 1635 1705 1698 Pru-

30 1758 96 1796 ομ,
118 1747 138 1786 a.
156 1730 303 1793 multum.
326 1731 364 1793 Et
387 1731 534 1794 Salomon
559 1731 700 1814 loquitur
722 1751 729 1795 :
751 1731 903 1794 Universa
957 1731 1060 1793 dentis
1076 1731 1241 1813 proprium
1257 1739 1305 1793 est
1319 1733 1500 1795 examinare
1516 1733 1659 1808 consilia,
1675 1741 1707 1796 et

154 1828 270 1890 delicta
284 1829 388 1911 operit
404 1830 527 1892 caritas.
547 1829 584 1892 ut
602 1830 678 1911 qnia
694 1829 837 1910 diligere,
854 1835 903 1891 est
919 1829 941 1892 B
958 1847 1020 1892 non
1041 1829 1104 1892 cito
1120 1829 1204 1892 lucili
1226 1830 1413 1893 credulitate
1428 1831 1467 1892 ad
1484 1830 1563 1894 lalsa
1583 1831 1657 1906 labi,
1672 1832 1705 1894 in

152 1928 270 1991 dilecto
294 1928 414 1991 bonurn
436 1928 529 2003 velle,
552 1929 671 1991 idcireo
691 1927 830 1990 fraterna
854 1946 901 1990 re·
957 1927 1064 1990 dubiis
1086 1945 1149 1990 non
1172 1927 1319 2003 delinire,
1336 1929 1391 1992 sed
1413 1948 1601 2012 suspensam
1621 1938 1707 1992 tene-

152 2027 252 2108 quirit
271 2026 399 2089 dilectio
418 2036 454 2089 ut
473 2026 556 2089 bona
577 2026 733 2109 proximis
754 2033 901 2108 optemus
958 2045 991 2088 re
1010 2027 1210 2089 sententiam.
1228 2028 1345 2090 lterum
1365 2028 1408 2090 ait
1426 2045 1433 2090 :
1451 2027 1482 2090 Si
1503 2028 1706 2110 prudentiam

151 2143 187 2186 ac
212 2125 435 2207 impendamus
460 2143 518 2208 pro
542 2126 611 2188 loco
632 2133 664 2188 et
684 2133 828 2208 tempore
849 2143 902 2206 op·
956 2124 1170 2206 amplecteris,
1197 2125 1317 2208 ubique
1341 2126 1427 2188 idem
1456 2127 1530 2201 eris,
1556 2134 1588 2188 et
1611 2135 1706 2209 prout

152 2231 300 2305 portuno.
324 2224 404 2286 llinc
428 2225 461 2286 in
486 2225 635 2306 praesenti
659 2223 794 2306 epistola
817 2223 902 2305 prin·
957 2242 1064 2285 rerum
1092 2231 1337 2307 temporumque
1366 2225 1500 2287 varietas
1530 2225 1638 2306 exigit,
1664 2225 1708 2287 ita

49 2349 93 2379 er.
106 2350 135 2386 a.
152 2340 228 2404 ceps
251 2322 345 2385 docet
366 2322 601 2404 Apostolorum,
623 2329 657 2382 ut
681 2322 901 2403 unusquisque
957 2329 987 2383 te
1003 2321 1181 2394 exhibebis,
1198 2331 1229 2384 ct
1243 2323 1386 2405 pericula
1406 2324 1506 2387 multa
1520 2324 1643 2386 evades.
1661 2323 1706 2385 ld-

12 2932 69 2976 laid.
88 2936 122 2975 ll.

152 2422 236 2483 dona
254 2420 361 2502 gratiae
376 2419 438 2482 sibi
458 2420 572 2482 collata
591 2419 807 2483 communicet
820 2419 898 2482 aliis
957 2437 995 2482 co
1019 2420 1160 2503 loquitur
1180 2422 1377 2501 Augustinus
1398 2441 1405 2486 :
1427 2423 1485 2486 Ubi
1510 2421 1609 2485 luerit
1633 2441 1705 2504 pru·

152 2521 284 2601 Propter
307 2519 391 2601 quod
414 2519 620 2592 consulendo,
637 2518 831 2591 auxiliando,
848 2518 900 2580 do·
957 2519 1075 2592 dantia,
1091 2518 1285 2582 lrustrantur
1299 2521 1474 2601 contraria3
1490 2521 1545 2583 ubi
1561 2539 1636 2584 vero
1652 2521 1703 2583 de·

153 2619 265 2692 cende,
282 2616 494 2699 corripiendo,
514 2617 680 2691 hortando,
697 2617 900 2691 consolando,
956 2617 1064 2692 luerit,
1081 2617 1332 2682 dominabuntur
1351 2621 1492 2683 adversa.
1509 2620 1588 2682 Hinc
1608 2620 1652 2683 ait
1672 2627 1705 2682 et

151 2717 304 2797 juvando,
319 2715 535 2798 obsequendo,
552 2715 707 2778 debemus
722 2723 833 2778 mutuo
849 2715 902 2778 bo
957 2716 1110 2791 Christus,
1123 2717 1227 2780 Estote
1243 2717 1415 2800 prudentes
1430 2718 1514 2782 sicut
1527 2726 1702 2800 serpentes,
1731 2743 1819 2788 narra.
1829 2757 1851 2796 x,

153 2836 194 2879 na
210 2815 304 2879 nobis
318 2815 457 2897 desuper
476 2815 637 2896 impertita
652 2815 898 2878 communicare.
957 2822 988 2877 et
1011 2814 1175 2897 simplices
1199 2816 1283 2879 sicut
1307 2816 1463 2880 columba
1489 2833 1496 2878 τ
1523 2824 1557 2878 ut
1580 2817 1704 2880 scilicet
1719 2811 1752 2850 ¹⁰·

153 2915 241 2977 Etsi
271 2915 344 2998 quis
373 2913 515 2996 loquitur
542 2913 645 2986 alteri,
671 2931 734 2976 non
760 2933 842 2976 vana
870 2922 902 2976 et
957 2913 1171 2996 serpentinam
1201 2915 1349 2978 astutiam
1375 2914 1559 2978 columbina
1582 2915 1704 2998 simpli-

151 3013 277 3087 lrivola,
294 3013 349 3076 sed
371 3012 461 3094 quasi
484 3030 647 3074 sermones
667 3011 735 3086 Dei,
752 3008 938 3075 videlicctG
957 3013 1036 3074 citas
1060 3019 1226 3094 temperet,
1252 3020 1284 3075 et
1307 3012 1524 3075 columbinam
1550 3013 1705 3095 simplici·

150 3112 249 3174 verba
272 3109 490 3184 aedificatoria,
510 3109 613 3186 utilia,
634 3109 823 3184 necessaria,
839 3111 902 3173 vir·
956 3117 1053 3172 tatem
1083 3110 1266 3192 serpentina
1289 3110 1459 3192 prudentia
1482 3118 1574 3173 ornet
1597 3129 1633 3173 ac
1658 3111 1704 3173 di·

151 3217 252 3284 tuosa,
278 3209 435 3292 loquatur.
462 3209 548 3283 Quod
579 3209 700 3272 utinam
726 3210 759 3272 iu
783 3210 900 3273 nostris
957 3209 1047 3290 rigat.

684 3641 877 3729 SERMO
916 3640 1168 3743 QUINTUS

192 3911 232 3954 DE
252 3909 413 3955 ttrsrunlts
435 3907 626 3954 cunlsrhtltffl
647 3907 740 3964 FlDffl,
762 3907 799 3952 nr
818 3907 890 3962 QUll)
909 3906 1014 3952 llllllllld
1033 3906 1164 3952 Ol‘llllllhl
1187 3904 1218 3950 lli
1238 3905 1327 3950 VlllllS
1350 3903 1467 3950 DEBEAT
1488 3906 1663 3953 hutrorosts.

229 4193 329 4253 UUM
347 4193 474 4251 venerit
498 4193 704 4260 Paracletus,
730 4209 824 4268 quem
849 4189 1195 4270 cpollpugnaverunt;
1218 4186 1333 4249 deinde
1358 4185 1564 4268 philosophos
1589 4187 1706 4269 princi·

155 4188 221 4388 Ο
239 4290 368 4349 mittam
392 4291 479 4348 vobis
498 4309 518 4348 α
537 4291 652 4358 Patre,
668 4289 835 4362 Spiritum
855 4306 905 4344 ne·
959 4305 1079 4368 pesque
1100 4291 1252 4358 terrenos,
1269 4285 1476 4367 imperatores
1493 4286 1706 4348 Romanorum

155 4389 281 4456 citatis,
303 4389 363 4465 qui
385 4409 405 4446 a
429 4391 532 4451 Patre
551 4388 711 4462 procedit,
737 4389 794 4444 illc
818 4388 905 4444 testi·
958 4393 1052 4466 atque
1069 4385 1244 4459 Persarum,
1260 4384 1460 4466 aliarumque
1474 4385 1636 4464 gentium3
1651 4386 1706 4448 sed

155 4487 302 4545 monium
318 4487 502 4560 perhibebit
522 4489 561 4545 (le
580 4506 638 4545 me.
659 4485 768 4547 loann.
785 4501 836 4555 xv,
853 4481 902 4544 26.
959 4493 990 4546 et
1015 4483 1154 4546 haeretici
1185 4501 1254 4544 eam
1283 4482 1432 4546 atmciter
1461 4483 1648 4564 impugnare
1675 4492 1707 4546 et

194 4582 308 4645 Omnia
328 4603 397 4665 quaa
418 4591 492 4645 sunt
507 4583 582 4645 lidei
603 4582 794 4656 christianas,
811 4581 904 4643 ratio·
959 4581 1163 4663 suppeditare
1189 4581 1289 4643 moliti
1312 4588 1395 4642 sunt.
1416 4579 1476 4643 Sed
1502 4581 1634 4644 mentita
1658 4591 1706 4644 est
1720 4607 1853 4658 runnu.

155 4701 228 4744 nem
253 4681 482 4742 transcendunt
505 4682 694 4758 humanam;
710 4686 742 4740 et
764 4679 833 4760 ipsa
855 4679 904 4740 lex
959 4679 1111 4761 iniquitas
1127 4679 1188 4758 eis3
1200 4687 1231 4741 et
1246 4680 1329 4741 Deus
1344 4680 1557 4761 omnipotens,
1569 4681 1624 4763 qui
1640 4689 1705 4743 tam

155 4779 283 4852 Christi,
301 4779 351 4840 lex
366 4778 560 4859 evangelica,
578 4785 642 4839 tota
657 4785 705 4837 est
720 4782 905 4857 supernatu·
959 4778 1233 4860 supernaturalem
1258 4778 1404 4859 praestitit
1430 4778 1542 4858 legem,
1568 4786 1633 4840 ‘tam
1658 4779 1706 4841 in·

155 4878 240 4940 ralis.
259 4876 375 4938 llabuit
394 4877 524 4958 quidem
545 4877 611 4939 haec
632 4875 713 4936 lides
729 4881 761 4936 et
776 4874 825 4936 lex
847 4875 905 4935 ista
959 4875 1281 4958 comprehensibilem
1297 4876 1384 4937 dedit
1399 4875 1508 4950 iidem,
1525 4896 1584 4959 per
1597 4897 1707 4960 super-

154 4975 352 5039 adversarios
382 4974 499 5037 multos
529 4993 547 5036 a
577 4993 642 5037 snae
671 4971 905 5055 predicationis
959 4973 1114 5037 naturalia
1146 4981 1342 5055 argumenta,
1374 4994 1430 5056 per
1460 4974 1707 5039 innumerabilia

154 5073 288 5136 exordio
305 5091 312 5136 :
331 5073 434 5154 primo
452 5073 586 5145 ludaeos,
605 5073 660 5154 qui
683 5071 905 5154 persecutione
959 5072 1020 5134 sihi
1041 5072 1100 5134 soli
1121 5071 1287 5154 possibilia
1307 5089 1493 5134 conservare
1509 5091 1579 5135 eam
1599 5073 1707 5153 digna-

154 5191 192 5236 ac
209 5171 410 5246 violentia,et
426 5172 656 5254 scripturarum
672 5169 789 5233 veteris
804 5169 906 5231 Testa·
960 5177 1010 5232 tus
1030 5177 1079 5233 est
1094 5170 1191 5250 signa.
1210 5170 1348 5243 Quorum
1369 5169 1429 5233 hoc
1448 5178 1515 5232 erat
1529 5189 1593 5234 non
1613 5172 1706 5233 mini-

155 5271 258 5335 menti
285 5269 473 5352 allegatione
496 5287 566 5332 cam
597 5268 819 5352 multipliciter
849 5267 906 5329 im-
961 5288 1062 5342 mum,
1078 5268 1163 5350 quod
1186 5267 1217 5328 in
1239 5267 1393 5330 hodierno
1412 5269 1552 5350 tangitur
1575 5287 1706 5350 evange·
