4214 6254
19 2072 63 2098 m„
84 2073 113 2099 s
134 2091 139 2108 ,
156 2042 227 2104 lista
241 2043 375 2104 loannes
391 2049 521 2105 testatus
536 2043 596 2104 sit:
609 2043 745 2123 Spiritus
761 2041 902 2105 nondum
959 2050 1014 2103 tuo
1035 2040 1129 2104 facito
1149 2041 1229 2105 ostia
1248 2051 1389 2104 etseras.
1407 2043 1494 2116 Quod
1514 2042 1564 2102 vir
1578 2041 1705 2124 sapiens

385 493 417 541 nv
437 495 489 541 nra
510 493 627 542 sxuoro
648 495 864 543 rauraoosrns.
884 515 925 526 -
946 497 988 543 nn
1009 497 1205 562 aauroaosos3
1228 498 1326 545 suano
1346 498 1475 555 ournrus
1663 477 1702 542 87

152 669 261 728 tamen
282 674 450 748 postquam
471 665 643 730 humanam
661 666 834 750 assumpsit
849 685 902 728 na·
916 665 941 730 Α
957 673 1073 748 quatur
1093 667 1125 728 in
1147 667 1250 740 nobis,
1266 667 1403 730 vitemus
1419 685 1516 749 prava
1533 665 1701 747 colloquia,

153 770 258 826 turam
281 764 313 826 in
333 765 488 828 unitatem
508 765 677 848 suppositi,
694 764 797 828 faetus
817 782 903 827 vera·
957 765 1068 838 otiosa,
1095 765 1201 838 stulta,
1226 765 1336 828 illicita
1361 765 1468 836 verba,
1491 763 1588 826 verba
1610 763 1703 845 plane

153 862 234 924 citer
259 863 366 937 homo,
395 882 459 945 pra
487 863 580 926 solito
604 863 846 926 liberalissimus
872 869 903 924 et
957 863 1103 926 scurrilia
1117 871 1148 926 et
1169 863 1200 924 in
1217 863 1316 926 risum
1338 863 1542 936 movendae
1562 861 1704 924 beatissi-

151 959 402 1039 gratiosissimus
418 960 478 1022 fuit
493 961 688 1035 hominihus,
705 969 737 1023 et
752 961 904 1023 mirabili·
958 977 1010 1038 mo
1023 961 1194 1024 benedicto
1212 961 1474 1024 anathematizata
1491 979 1528 1024 ao
1543 960 1701 1022 ebannita.

153 1066 202 1120 tar
224 1060 387 1123 decoravit
405 1078 442 1122 ac
462 1059 647 1123 sublimavit
666 1062 794 1122 eosdem
813 1077 819 1122 :
838 1061 902 1122 imo
956 1057 1066 1122 Omnis
1086 1078 1191 1123 sermo
1211 1061 1324 1134 malus,
1341 1060 1538 1143 pungitivus,
1555 1075 1704 1142 provoca·
1726 1071 1849 1127 aptata,

153 1163 185 1217 et
214 1156 377 1220 deificavit
405 1176 463 1239 per
486 1157 740 1239 supernaturalia
770 1175 902 1220 munera
957 1157 1051 1230 tivus‚
1069 1137 1751 1232 mendax,irrisorius,detractorius‚dis·²⁹'

152 1254 340 1336 gratiarum,
370 1263 435 1318 tam
464 1257 572 1336 gratie
600 1264 725 1336 gratum
756 1255 901 1318 facientis
956 1256 1305 1331 cordiaaseminativus,
1322 1277 1360 1319 cx
1376 1264 1483 1320 nostro
1502 1274 1702 1337 nequaquam

153 1373 251 1436 quam
273 1354 380 1434 gratie
400 1354 498 1436 gratis
520 1354 599 1418 datae
621 1355 703 1418 dona
725 1354 903 1437 copiosissi·
956 1372 1010 1417 ore
1025 1356 1185 1438 procedat,
1203 1357 1257 1418 sed
1273 1356 1328 1439 qui
1346 1355 1433 1418 utilis
1449 1361 1497 1417 est
1511 1356 1550 1417 ad
1565 1352 1703 1416 adifica-

154 1471 206 1514 me
222 1452 269 1514 eis
285 1451 396 1514 dando.
416 1452 454 1514 Et
468 1453 527 1515 hoc
544 1453 576 1514 in
592 1451 643 1514 die
659 1453 718 1515 hac
734 1451 902 1515 celeberri-
956 1453 1089 1526 tionem,
1107 1461 1142 1515 ut
1166 1453 1220 1516 det
1243 1454 1376 1535 gratiam
1401 1452 1552 1516 audienti.
1572 1451 1640 1514 Non
1665 1451 1704 1513 si-

153 1570 206 1612 ma
222 1551 400 1613 eminenter
415 1551 554 1614 innotuit
568 1557 600 1612 et
614 1551 805 1614 excellenter
821 1551 903 1613 ince-
958 1571 1028 1612 mus
1045 1552 1225 1633 precipites
1241 1553 1279 1614 ad
1296 1552 1563 1633 loquendum,neo
1579 1549 1703 1612 veloces

153 1659 246 1731 ptum
274 1657 333 1722 est,
363 1650 394 1711 in
424 1667 486 1730 qua
511 1657 576 1712 tam
604 1648 815 1712 exuberanter
838 1668 903 1730 pree
957 1649 995 1712 ad
1012 1649 1223 1730 garriendum,
1233 1649 1287 1712 sed
1304 1668 1377 1711 cum
1394 1650 1547 1732 Propheta
1561 1665 1702 1711 oremus:

155 1747 249 1810 solito
271 1748 343 1810 data
365 1754 439 1811 sunt
461 1747 576 1810 Christi
599 1747 766 1829 discipulis
790 1747 903 1828 gratia·
957 1747 1051 1817 Pone,
1068 1747 1212 1821 Domine,
1230 1747 1405 1810 custodiam
1426 1747 1473 1810 ori
1488 1764 1570 1820 meo,
1587 1753 1618 1808 et
1632 1745 1705 1808 osti-
1719 1762 1759 1806 ra.
1773 1764 1850 1812 aaa.

155 1866 227 1908 rum
257 1845 456 1920 charismata,
482 1853 513 1908 et
537 1845 568 1907 in
594 1845 641 1908 eis
669 1845 804 1927 ipsemet
831 1845 903 1908 fons
922 1847 1013 1909 Burn
1030 1845 1277 1908 circumstantiae
1297 1845 1389 1906 labiis
1406 1845 1495 1908 meis.
1512 1844 1704 1927 lmpleamus

154 1944 263 2026 gratiae
278 1944 394 2016 omnis,
411 1944 548 2026 Spiritus
564 1945 708 2017 Sanctus,
722 1951 755 2004 ut
770 1963 902 2024 evauge-
959 1961 1085 2025 quoque
1101 1944 1184 2025 quod
1202 1943 1233 2004 in
1251 1943 1472 2006 Ecclesiastico
1485 1942 1636 2024 jubetur:
1653 1941 1704 2005 Ori
1745 1959 1824 2063 ³⁶⁶2}

1719 2035 1791 2073 xxvru,
1827 2050 1833 2062 .

154 2147 224 2203 erat
237 2141 340 2214 datae,
353 2141 428 2222 quia
442 2140 532 2203 lesus
548 2140 688 2203 nondum
705 2149 771 2203 erat
785 2139 904 2222 glorifi-
959 2139 1175 2202 necessarium
1198 2139 1259 2202 sibi
1284 2158 1354 2202 esse
1379 2157 1583 2220 cognoscens,
1600 2138 1703 2202 dixit:

153 2245 253 2300 catus.
959 2238 1034 2312 Quis
1059 2237 1146 2300 dahit
1175 2237 1221 2299 ori
1248 2256 1319 2299 meo
1344 2237 1531 2310 custodiam,
1555 2246 1586 2300 et
1610 2256 1707 2319 super
1734 2252 1852 2302 raama,

194 2335 349 2417 Denique,
366 2353 430 2418 quo
452 2334 701 2417 benignissimus
726 2336 904 2399 adorandus
960 2334 1043 2397 lahia
1059 2354 1129 2396 mea
1149 2335 1348 2416 signaculum
1368 2343 1501 2409 certum,
1520 2343 1553 2397 ut
1573 2353 1636 2398 non
1657 2353 1706 2396 ca·
1721 2319 1754 2358 ³³¹

152 2434 333 2516 paraeletus
349 2434 485 2515 Spiritus
502 2434 635 2496 Sanctus
650 2434 702 2496 die
718 2435 777 2497 hoc
791 2435 905 2515 gratio
959 2433 1032 2496 dam
1054 2433 1095 2495 ab
1118 2434 1207 2516 ipsiS,
1223 2441 1255 2496 et
1276 2434 1382 2515 lingua
1405 2453 1474 2496 mea
1498 2453 1549 2496 me
1574 2433 1707 2515 perdatf

152 2532 220 2594 sius
246 2532 310 2613 egit
339 2531 518 2604 nobiscum,
545 2539 577 2593 et
602 2532 700 2614 magis
725 2532 902 2613 dignanter,
960 2533 1040 2594 Ecce
1062 2551 1158 2614 quarn
1183 2534 1394 2596 neeessariam
1412 2532 1569 2614 judicavit
1589 2531 1639 2595 vir
1660 2551 1707 2594 sa-

151 2649 298 2694 amorose
320 2649 356 2692 ao
383 2630 609 2693 munificenter
631 2648 664 2693 sc
686 2630 797 2693 hahuit
820 2632 904 2694 circa
960 2631 1051 2713 piens
1068 2631 1183 2712 lingua
1204 2631 1450 2694 refrenationem
1469 2650 1505 2692 ac
1522 2631 1708 2693 moderatio

152 2748 222 2803 uos,
249 2747 287 2791 eo
318 2730 349 2791 iu
380 2730 567 2792 solennitate
597 2729 757 2810 praesenti,
784 2730 849 2792 imo
873 2738 904 2792 et
960 2748 1043 2790 nem.
1075 2730 1108 2791 ln
1140 2749 1202 2811 qua
1231 2737 1358 2791 sanctus
1388 2729 1549 2811 apostolus
1573 2729 1707 2791 Jacohus

153 2847 293 2910 semper,
315 2829 415 2909 magis
435 2829 557 2900 devote,
582 2828 739 2890 custodite
763 2835 796 2890 et
815 2848 903 2891 reve·
961 2826 1189 2909 perlectionem
1206 2828 1402 2891 constituens
1420 2828 1472 2890 :Si
1490 2827 1853 2909 quis(inquit)va00t.m,t.

154 2934 272 3000 renter,
290 2927 389 3008 magis
404 2924 579 2988 affectuose
595 2934 626 2988 et
641 2934 800 3007 gratanter
819 2927 905 2989 cirea
961 2925 992 2987 in
1017 2923 1116 2986 verbo
1140 2943 1202 2986 non
1230 2925 1375 3000 offendit,
1399 2925 1452 2987 hio
1478 2924 1637 3008 perfectus
1660 2931 1709 2986 est

155 3027 263 3108 ipsum
289 3042 345 3088 nos
370 3023 487 3086 habere
512 3024 678 3098 debemus,
699 3033 730 3086 et
754 3025 905 3089 exhihere
921 3025 942 3089 G
960 3022 1020 3084 vir.
1037 3023 1071 3084 ln
1092 3040 1155 3103 quo
1175 3030 1206 3084 et
1225 3022 1304 3084 altar
1325 3022 1554 3084 beatitudinem
1573 3041 1706 3104 ponens,

155 3141 213 3184 nos
231 3123 348 3184 munda
364 3122 563 3203 receptacula
577 3141 613 3185 ao
629 3123 723 3203 digna
743 3122 905 3185 habitacu-
960 3121 1040 3182 dixit
1063 3120 1204 3182 :Beatus
1228 3121 1277 3182 vir
1301 3121 1356 3202 qui
1381 3139 1444 3183 non
1470 3129 1518 3183 est
1542 3121 1648 3202 lapsus
1674 3121 1706 3183 in
1735 3132 1854 3185 acerram,

158 3221 187 3282 la
202 3221 281 3301 ejus,
296 3227 330 3282 ut
346 3221 378 3282 in
395 3221 496 3302 ipsius
517 3221 658 3294 caritate,
676 3220 768 3282 donis
788 3240 823 3282 ac
839 3239 905 3300 gra·
960 3218 1058 3279 verbo
1083 3237 1120 3280 ex
1146 3235 1199 3280 ore
1225 3236 1291 3280 suo.
1319 3218 1342 3280 0
1366 3239 1462 3300 quam
1489 3217 1650 3300 perfectus
1676 3227 1707 3281 et
1722 3200 1742 3240 ¹·

156 3320 210 3380 tiis
242 3318 459 3381 indesinenter
488 3319 703 3401 proficiamus.
734 3320 842 3400 ltaque
873 3319 904 3380 in
960 3315 1036 3378 felix
1062 3315 1120 3377 luit
1141 3315 1361 3378 sanctissimus
1385 3316 1482 3378 abbas
1508 3316 1706 3400 Pambo,qui

155 3417 276 3478 divinis
301 3416 402 3478 simus
428 3417 597 3490 ferventes,
614 3417 754 3490 solliciti,
771 3417 904 3497 diligen·
961 3414 1100 3476 moriens
1115 3415 1169 3489 ait,
1179 3415 1223 3476 Ex
1238 3431 1302 3495 quo
1317 3413 1418 3475 factus
1434 3433 1504 3475 sum
1522 3415 1705 3488 monachus,

155 3523 225 3593 tes;
243 3514 274 3576 in
295 3514 465 3577 refectorio
479 3514 576 3577 sobrii
594 3522 626 3576 et
644 3515 742 3577 saeris
763 3516 904 3578 lectioni·
960 3531 1023 3575 non
1040 3513 1189 3595 poenituit
1206 3531 1255 3574 me
1272 3512 1360 3574 verbi
1377 3512 1461 3594 quod
1479 3512 1602 3574 locutus
1618 3519 1705 3574 sumt

155 3614 216 3675 hus
232 3613 327 3695 digne
343 3612 515 3692 intenti3in
532 3612 692 3694 colloquio
704 3613 857 3675 moderati
872 3615 903 3675 in
960 3612 1018 3686 Oui
1043 3611 1138 3672 etiarn
1162 3619 1288 3691 rogatus
1309 3630 1327 3673 a
1349 3610 1509 3672 Fratribus
1533 3610 1618 3692 loqui
1641 3629 1708 3673 ver-

155 3711 263 3775 verbis
280 3729 316 3772 ao
332 3711 492 3789 moribus;
510 3711 541 3772 in
558 3711 648 3772 cellis
668 3711 783 3774 nostris
799 3712 904 3774 devoti
961 3709 1037 3770 burn
1059 3708 1280 3772 edificationis
1303 3708 1542 3790 archiepiscopo
1563 3726 1616 3771 eos
1636 3709 1709 3770 visi-

154 3818 187 3873 et
211 3809 377 3882 fructuosi,
394 3809 466 3890 puri
490 3809 522 3870 in
545 3809 788 3889 cogitationibus
810 3818 905 3890 atque
960 3807 1050 3881 tanti,
1069 3808 1234 3888 respondit
1255 3824 1261 3868 :
1283 3807 1314 3869 Si
1336 3825 1399 3868 non
1419 3805 1596 3870 edificatur
1615 3807 1647 3869 in
1668 3807 1708 3869 si·

155 3907 349 3985 affectibus;
373 3907 406 3968 in
430 3907 517 3969 omni
543 3907 623 3980 loco,
645 3915 798 3989 tempore,
819 3915 903 3980 actu,
961 3905 1059 3968 lentio
1076 3923 1225 3978 meo‚non
1239 3904 1451 3968 edificabitur
1466 3905 1498 3966 in
1514 3904 1610 3967 verbo
1626 3922 1704 3967 meo.

156 4008 222 4070 otio
242 4013 275 4068 et
296 4005 422 4086 negotio
443 4022 549 4067 coram
571 4006 634 4067 lieo
655 4004 769 4066 sinceri
791 4013 822 4066 et
842 4005 906 4066 lau·
994 4004 1196 4076 Preterea,ut
1213 4003 1379 4084 loquamur
1394 4011 1426 4064 et
1441 4010 1600 4065 taceamus
1616 4011 1709 4085 prout

158 4105 308 4168 debiliter
322 4103 478 4186 occupati.
497 4103 605 4184 llagua
621 4103 751 4166 omniuo
767 4113 814 4166 est
830 4124 906 4185 prae-
962 4101 1098 4183 Spiritus
1123 4101 1256 4163 Sanctus
1283 4101 1336 4162 dat
1360 4101 1447 4182 loqui
1472 4109 1567 4183 atque
1592 4108 1707 4176 tacere,

158 4225 232 4268 sens
253 4203 436 4276 solennitas,
453 4209 484 4265 et
503 4201 707 4264 devotissime
726 4200 946 4284 expenden·D
963 4199 1063 4262 multa
1077 4207 1152 4261 sunt
1171 4200 1369 4261 attendenda.
1387 4200 1465 4262 Nam
1485 4200 1567 4262 sicut
1581 4200 1614 4262 in
1634 4217 1708 4282 ope-

160 4305 210 4366 da.
229 4303 348 4384 h‘empe
369 4301 393 4362 si
414 4299 542 4380 grandis
563 4307 611 4360 est
629 4299 748 4380 qumvis
770 4299 906 4379 Virginis
962 4299 1051 4360 ribus
1065 4298 1196 4379 justitiae
1212 4305 1335 4379 oportet
1351 4297 1454 4380 primo
1468 4317 1486 4359 a
1502 4298 1593 4360 malis
1608 4299 1709 4380 operi·

161 4403 318 4483 gloriose,
351 4406 405 4461 aut
436 4397 596 4459 Michaelis
629 4396 821 4476 archangeli,
854 4404 908 4458 aut
963 4398 1022 4459 bus
1047 4397 1210 4458 discedere
1236 4405 1267 4458 et
1290 4415 1425 4468 cessare,
1448 4396 1562 4458 deinde
1588 4397 1708 4459 bonurn

162 4499 318 4583 principis
341 4497 563 4578 Apostolorum
588 4495 771 4568 solennitas
789 4503 908 4576 quanto
962 4496 1112 4558 accedere
1138 4503 1169 4555 et
1192 4495 1388 4565 continuare,
1410 4494 1500 4574 juxta
1523 4497 1608 4576 quod
1633 4495 1708 4558 scri-

161 4596 342 4680 praeolarior
362 4596 421 4656 ista
442 4602 489 4655 est
510 4593 549 4655 de
572 4593 691 4675 Spiritu
711 4595 835 4661 Sancto,
853 4594 907 4674 qui
965 4603 1053 4676 ptum
1076 4601 1134 4666 est,
1153 4593 1317 4655 Decliuaa
1340 4593 1432 4665 malo,
1449 4601 1480 4654 et
1500 4593 1549 4655 fac
1570 4594 1708 4671 bouum3
1738 4615 1857 4666 rama,

160 4694 371 4758 essentialiter
390 4701 422 4754 et
442 4691 820 4773 incircumscriptibiliter
839 4711 908 4752 san·
964 4693 1009 4754 sio
1041 4693 1071 4754 in
1102 4692 1314 4754 refrenatione
1343 4710 1379 4753 ac
1410 4691 1564 4772 regimine
1594 4682 1758 4773 linguae²⁷·

160 4804 231 4856 ctus
261 4801 309 4856 est
337 4800 369 4855 et
392 4791 496 4853 omnis
521 4790 695 4852 sanctitatis
725 4790 865 4862 collator,
891 4808 909 4850 a
963 4798 1087 4872 oportet
1103 4790 1207 4872 primo
1222 4791 1319 4852 verba
1334 4790 1457 4856 vitiosa.
1472 4790 1593 4863 illicita,
1610 4793 1710 4854 otiosa

161 4912 225 4976 quo
247 4911 357 4954 omnes
379 4891 485 4954 Sancti
508 4889 705 4952 sanctitatem
728 4907 818 4950 suam
844 4907 908 4950 sor·
964 4889 1074 4960 vitare,
1101 4907 1201 4969 quum
1230 4889 1314 4950 dicat
1338 4889 1506 4969 Apostolus
1533 4907 1539 4950 :
1567 4890 1712 4952 Corrum-
1740 4911 1856 4965 renam,

161 4993 210 5055 titi
233 4994 325 5054 souti
965 4993 1046 5068 punt
1063 5004 1166 5048 moves
1187 4986 1285 5048 bonos
1306 4986 1464 5068 colloquia
1484 4987 1583 5066 mala;
1600 4996 1632 5050 et
1647 5009 1711 5050 rur·
1726 4980 1759 5018 ³³·

203 5093 366 5162 Praeterea,
391 5089 416 5150 si
442 5096 589 5168 optamus
615 5093 648 5147 ut
674 5086 810 5167 Spiritus
835 5087 910 5148 San·
966 5105 1030 5158 sus,
1048 5086 1157 5146 Sermo
1177 5085 1310 5167 (inquit)
1326 5084 1566 5166 vaniloquorum
1590 5095 1624 5147 ut
1643 5107 1713 5148 can·
1740 5103 1757 5146 ιι
1772 5103 1859 5152 rima.

164 5199 234 5252 ctus
259 5189 354 5250 corda
383 5195 489 5250 nostra
513 5184 619 5246 visitet
650 5192 679 5246 et
708 5184 854 5254 illustret,
880 5191 912 5246 et
966 5202 1019 5244 cer
1049 5183 1156 5264 serpit.
1184 5183 1376 5262 lleligiosum
1407 5201 1481 5263 ergo
1505 5185 1559 5265 qui
1589 5168 1760 5246 morum¹⁷·

167 5289 251 5352 intra
271 5303 330 5348 nos
351 5286 509 5368 loquatur,
525 5291 555 5345 et
576 5283 743 5345 audiamus
767 5283 842 5364 quid
869 5282 911 5344 fo·
968 5282 1210 5344 conversionem
1235 5282 1299 5344 Deo
1324 5282 1480 5364 promisit,
1498 5288 1529 5344 et
1553 5282 1592 5343 ad
1616 5281 1713 5345 refor-
