4206 6258
437 487 506 559 ‘650
636 514 784 562 nonnum
804 514 866 562 xxv
886 514 960 564 sosr
979 513 1173 561 rsmrrsrss.
1194 533 1234 544 —
1254 514 1297 560 an
1316 513 1491 562 antrorosos
1502 514 1511 578 ;
1533 514 1632 562 sunno
1651 514 1805 562 saturnus

446 683 513 748 ait:
530 683 681 750 Diabolus
702 687 827 769 accepit
847 694 1035 769 potestatem
1059 686 1092 749 in
1113 704 1195 761 cam,
1210 685 1334 753 stacta
1354 685 1508 762 oratione,
1524 686 1690 750 suscitavit
1710 705 1781 750 earn
1805 706 1824 749 a
1848 689 1971 752 mortuis

298 806 434 860 assensu,
447 791 479 846 et
499 784 602 868 ipsam
622 785 749 849 occidit.
767 786 887 849 Deinde
909 785 1099 867 subjunxit:
1116 785 1197 848 Seri·
1250 785 1307 848 llla
1334 803 1410 848 vero
1441 785 1600 868 poenitsns
1630 793 1662 849 et
1690 785 1819 848 veniam
1847 803 1971 868 poscens,

299 872 333 912 ²¹·
447 891 539 967 ptum
553 892 602 948 est
622 891 657 946 ut
676 883 846 948 reddamus
861 883 945 947 hona
965 884 1140 966 promatis.
1158 883 1197 946 Et
1250 884 1433 947 emendavit
1452 884 1551 948 vitam
1572 903 1664 948 suam
1684 883 1849 948 veraciter.

492 1144 599 1195 NOTA.
616 1173 648 1184 -
666 1145 849 1208 Evangettum
872 1146 1020 1198 dominicae
1037 1145 1124 1211 hujus
1142 1149 1194 1206 est,
1214 1144 1289 1211 quod
1310 1145 1338 1196 in
1357 1149 1457 1212 quarta
1471 1145 1612 1198 domInica
1627 1145 1859 1210 Quadragesimae
1871 1145 1974 1212 legitur:

446 1216 522 1282 quod
537 1217 639 1268 ibidem
655 1218 814 1282 expositum
837 1221 889 1270 est.
912 1220 1040 1284 Suntque
1058 1217 1160 1269 ibidem
1177 1221 1235 1269 tres
1250 1231 1396 1270 sermones
1411 1219 1513 1270 annexi
1529 1219 1620 1270 eidem
1637 1233 1642 1268 :
1660 1217 1766 1270 idcireo
1781 1231 1855 1270 nunc
1868 1217 1974 1270 bretitati

445 1289 574 1350 studens,
590 1289 658 1341 illud
673 1290 864 1354 praetermitto.

889 1664 1003 1746 AD
1051 1661 1552 1747 RELIGIOSOS

978 2119 1154 2205 SERMO
1189 2117 1457 2206 SECUNDUS

774 2375 813 2421 nn
839 2374 1009 2422 nntcnnntn
1034 2375 1071 2422 ΕΤ
1098 2375 1213 2424 andorn
1239 2375 1477 2426 tntannartortts
1503 2377 1574 2424 rttn
1599 2376 1662 2423 DEI.

508 2665 588 2726 oon
609 2663 679 2722 dies
700 2662 848 2730 veniunt,
864 2661 947 2720 dicit
970 2661 1142 2731 Dominus,
1157 2669 1187 2721 et
1203 2660 1227 2723 B
1244 2677 1297 2724 mo
1315 2660 1415 2723 David
1435 2659 1528 2742 pueri
1541 2659 1604 2736 sui,
1620 2660 1706 2723 sicut
1724 2660 1851 2725 locutus
1870 2669 1914 2725 est
1927 2680 1973 2744 per
2074 2739 2075 2744 ἵ

520 2761 679 2822 suscitabo
703 2759 814 2822 David
836 2777 971 2836 permen
987 2759 1132 2836 justum,
1157 2767 1187 2817 et
1242 2777 1277 2822 os
1296 2767 1491 2834 sanctorum,
1507 2758 1563 2841 qui
1582 2778 1601 2821 a
1619 2759 1737 2824 saeculo
1756 2766 1844 2835 sunt,
1858 2760 1972 2842 Prophe·
2074 2785 2075 2808 1

440 2862 591 2941 reparabit
604 2863 689 2930 Res,
704 2865 764 2921 etc.
780 2858 843 2921 ler.
861 2875 949 2930 xxnr,
965 2857 994 2920 5.
1240 2865 1345 2919 tarum
1374 2857 1455 2938 ejus.
1481 2857 1624 2940 Denique
1652 2858 1869 2921 sacratissIma
1893 2859 1971 2939 Virgo

479 2961 565 3022 Inter
586 2957 694 3020 omnia
714 2973 811 3038 opera
833 2955 1062 3037 omnipotentis
1085 2961 1118 3017 et
1136 2974 1187 3017 su·
1242 2954 1429 3019 christifera
1458 2954 1542 3018 idern
1573 2954 1691 3018 latetur
1715 2973 1723 3018 ε
1748 2955 1895 3039 Suscepit
1918 2956 1969 3036 (in-
1990 2971 2057 3014 rats

1242 3053 1370 3136 quiens)
1394 3052 1489 3116 lsrael
1513 3071 1650 3135 puerum
1674 3072 1781 3128 sunm,
1807 3041 2005 3118 recordatui

439 3155 667 3220 rabilissimum
683 3160 715 3216 et
728 3151 1186 3234 incomprehensibilissimum,
1243 3151 1469 3215 misericordias
1483 3171 1559 3226 sua,
1576 3152 1660 3215 sicut
1674 3151 1800 3216 locutus
1816 3162 1865 3216 est
1881 3153 1916 3217 ad
1930 3171 1973 3236 ps·

440 3263 488 3320 est
508 3253 684 3318 incarnatio
702 3251 798 3313 Verbi
817 3250 938 3324 aeterni,
956 3250 1114 3332 Unigeniti
1133 3250 1187 3313 Pa·
1242 3259 1306 3314 tres
1330 3257 1466 3326 nostros,
1481 3250 1640 3314 Abraham
1664 3259 1698 3313 et
1719 3252 1839 3314 semini
1862 3253 1926 3333 ejus
1947 3253 1973 3313 in

292 3367 423 3422 remiss.
439 3355 497 3417 tris
521 3351 680 3415 altissimi.
698 3350 772 3412 Ideo
795 3349 890 3422 Deus,
907 3348 1000 3430 cujus
1023 3348 1187 3431 sapientiae
1241 3348 1366 3412 saccula.
1384 3347 1423 3410 Et
1442 3348 1475 3411 in
1496 3349 1556 3412 isto
1576 3348 1752 3412 clarissime
1768 3348 1878 3414 lucent
1893 3349 1973 3414 robur

439 3471 502 3516 non
527 3459 576 3514 est
599 3449 686 3522 finis,
705 3466 785 3530 opus
810 3447 871 3509 hoe
896 3446 1187 3528 incomparabiles
1241 3464 1277 3508 ac
1303 3446 1419 3509 veritas
1446 3445 1525 3509 fidei
1554 3446 1745 3521 christiana,
1771 3448 1920 3529 quoniam
1945 3465 1974 3509 es

440 3549 553 3614 mnndi
572 3547 719 3631 predixit
739 3544 879 3620 exordio,
897 3552 928 3607 ct
947 3564 1005 3627 per
1021 3545 1187 3627 Propheta·
1241 3563 1312 3626 quse
1332 3545 1365 3606 in
1385 3562 1468 3607 novo
1487 3545 1689 3608 'testamento
1709 3546 1873 3609 credimus
1890 3546 1973 3609 adin·

439 3669 510 3712 rum
526 3647 664 3720 oracula,
682 3664 739 3728 pcr
753 3644 1005 3707 Patriarcharurn
1023 3643 1184 3726 mysteria,
1241 3643 1337 3725 pieta,
1354 3642 1528 3725 prohemus
1549 3661 1567 3704 a
1589 3644 1701 3706 muudi
1722 3644 1894 3727 principio,
1909 3663 1973 3727 pre-

438 3766 496 3830 per
515 3746 683 3826 aenigmata
703 3751 735 3806 et
754 3740 874 3823 figuras
894 3741 925 3804 id
944 3740 1089 3803 futurum
1110 3759 1186 3823 prae·
1241 3741 1351 3804 sertim
1376 3741 1408 3803 in
1432 3741 1534 3804 veteri
1557 3741 1768 3817 testamento,
1789 3761 1863 3806 csse
1885 3743 1974 3806 multi·

439 3845 608 3909 nuntiavit.
627 3842 714 3914 Quod
739 3841 836 3903 etiam
856 3841 927 3902 ideo
946 3847 1011 3901 tam
1032 3839 1099 3914 diu,
1120 3847 1184 3901 tam
1201 3837 1223 3901 C
1241 3841 1368 3924 pliciter
1392 3839 1546 3903 divinitus
1571 3841 1718 3915 revelata,
1740 3843 1926 3925 praesignata
1945 3860 1973 3904 aa

439 3941 661 4025 multipliciter
678 3958 715 4002 ac
735 3938 919 4020 frequenter
938 3937 1094 4020 predixit,
1110 3938 1186 4018 quia
1241 3939 1974 4024 prophetata-Etinsuperomniadivinapro

438 4044 471 4106 in
488 4043 558 4124 ipso
573 4037 719 4102 consistit
732 4036 872 4100 omniurn
889 4036 981 4099 salus.
989 4036 1046 4099 Per
1060 4036 1130 4098 Filii
1145 4044 1186 4099 et·
1241 4038 1326 4118 digia
1348 4055 1385 4100 ao
1408 4055 1534 4100 summa
1556 4036 1711 4100 miracula
1732 4057 1790 4120 per
1815 4059 1887 4122 qua
1906 4041 1972 4102 heus

437 4141 524 4205 enim
539 4140 587 4202 sui
603 4135 851 4201 incarnationem
867 4142 899 4198 et
913 4135 1089 4217 passionem
1103 4136 1185 4198 heus
1240 4135 1385 4199 excelsus
1402 4141 1435 4198 et
1450 4135 1640 4210 adorandus,
1659 4135 1737 4198 olim
1758 4137 1791 4198 in
1816 4138 1913 4201 veteri
1931 4137 1974 4200 'Ie

436 4242 527 4304 Pater
550 4256 651 4319 genus
679 4235 855 4297 humanum
885 4233 1027 4296 decrevit
1049 4233 1112 4296 sibi
1138 4253 1185 4296 re·
1240 4241 1396 4298 stamento
1427 4232 1575 4315 probavit
1604 4234 1837 4316 Prophetarum
1865 4235 1973 4300 oracula

438 4337 609 4402 conciliare
624 4341 719 4415 atque
734 4333 855 4395 salvare
873 4349 880 4393 :
898 4331 969 4393 ideo
988 4349 1116 4414 semper
1131 4349 1185 4393 ne·
1240 4351 1309 4396 esse
1324 4351 1398 4395 vere
1413 4331 1557 4406 divinas
1572 4339 1717 4413 tempore
1732 4332 1852 4398 Christi
1867 4343 1898 4398 et
1910 4335 1975 4417 Apo

438 4435 612 4500 cessarium
637 4431 699 4494 iuit
728 4429 806 4492 illud
832 4429 940 4511 aliquo
965 4429 1059 4492 modo
1085 4428 1181 4490 credi.
1239 4430 1392 4494 stolorum
1414 4449 1433 4491 a
1457 4429 1620 4512 Synagoga
1644 4428 1750 4494 ablata
1775 4440 1862 4506 sunt,
1878 4441 1907 4496 et
1928 4451 1974 4514 per

287 4553 420 4606 sannas
436 4535 516 4597 ilinc
542 4533 691 4615 princeps
714 4527 938 4612 Apostolorum
965 4526 1010 4588 ait
1035 4545 1042 4588 :
1068 4527 1184 4590 Omnes
1240 4529 1355 4594 Christi
1375 4527 1542 4611 Apostolos
1561 4528 1705 4609 aliosque
1727 4529 1832 4610 ipsius
1851 4531 1974 4612 discipu·

437 4631 599 4713 Prophetas
625 4648 643 4691 a
670 4625 797 4690 Samuel
826 4631 858 4688 et
886 4625 1037 4707 deinceps
1061 4643 1184 4686 annun·
1239 4629 1286 4691 los
1301 4627 1340 4689 ad
1361 4625 1536 4688 Ecclesiam
1558 4625 1781 4708 copiosissime
1801 4636 1974 4691 sunttrans·

436 4730 597 4793 tlaverunt
620 4726 688 4788 dies
714 4726 799 4787 istos.
824 4724 863 4786 Et
886 4741 996 4785 rursus
1020 4729 1181 4785 testatur:
1239 4725 1310 4798 lata,
1335 4724 1432 4788 etiarn
1457 4723 1549 4806 quasi
1573 4724 1871 4807 incomparabiliter
1891 4727 1975 4790 abun·

303 4847 360 4892 resa.
376 4853 407 4894 rs.
436 4831 520 4894 Deus
535 4826 590 4909 qui
607 4823 754 4907 praedixit
769 4841 825 4905 per
839 4840 874 4885 os
890 4822 1034 4884 omnium
1049 4822 1184 4904 Prophe·
1238 4823 1365 4886 dantius
1390 4830 1485 4904 atque
1513 4822 1698 4904 preclarius
1722 4842 1821 4905 quam
1849 4843 1973 4906 unquam

436 4934 540 4988 tarum
564 4923 628 5006 pati
651 4920 812 4985 Christum
834 4938 940 4993 suum,
958 4919 1105 5001 implevit
1125 4919 1180 4982 sic.
1238 4920 1369 4984 luerunt
1390 4929 1534 5002 tempore
1556 4920 1675 4984 veteris
1695 4921 1901 4987 Testamenti.
1916 4924 1974 4986 Pro

438 5022 647 5105 Evangelious
663 5037 790 5102 quoque
806 5019 969 5080 Zacharias
985 5019 1126 5101 apertius
1141 5018 1183 5081 lo·
1198 5021 1223 5084 D
1239 5028 1309 5103 pter
1331 5019 1415 5101 quod
1437 5019 1580 5082 Christus
1599 5019 1633 5080 in
1655 5037 1804 5084 sermone
1829 5030 1899 5104 post
1918 5021 1973 5085 ts

301 5117 776 5204 L„0‚1‚⁶⁸.quitur:Benedictus
796 5116 950 5181 Dominus
972 5116 1055 5179 Deus
1075 5117 1182 5191 Israel,
1239 5136 1312 5181 nam
1341 5117 1525 5180 disseruit:
1556 5116 1589 5179 Si
1616 5133 1715 5200 opera
1742 5135 1809 5181 non
1839 5119 1973 5183 iecissem
1987 5134 2055 5176 rents

289 5213 323 5253 ⁷⁰·
437 5220 510 5303 quia
524 5216 665 5282 visitavit
679 5223 711 5279 et
724 5215 801 5278 lecit
815 5214 1066 5298 redemptionem
1082 5216 1184 5298 plebis
1239 5217 1271 5278 in
1300 5215 1347 5279 eis
1373 5235 1444 5298 qnae
1470 5233 1566 5278 nemo
1593 5215 1675 5278 alius
1703 5215 1793 5293 lecit,
1820 5200 2007 5301 peccatum*

439 5336 521 5400 suae3
538 5325 570 5380 et
588 5315 690 5380 erexit
709 5332 808 5379 cornu
827 5313 938 5377 salutis
958 5314 1062 5389 nohis,
1079 5315 1113 5377 in
1130 5315 1183 5380 do·
1239 5332 1303 5380 non
1326 5314 1491 5378 haherent.
1517 5314 1597 5378 Sunt
1621 5321 1729 5378 autem
1759 5324 1793 5380 et
1818 5317 1881 5380 alia
1904 5315 1973 5380 mul·
