4140 6258
468 497 615 546 noumrca
637 501 668 546 ur
690 500 762 547 rosa
782 498 977 546 nummatas.
998 517 1037 530 -
1058 501 1157 548 suaso
1177 502 1302 550 rannus
1595 485 1656 551 325

107 667 195 731 nulla
223 675 272 732 est
300 671 506 754 comparatio,
531 678 563 736 et
592 689 655 735 non
685 679 734 736 est
759 672 854 754 digna
869 672 895 735 Α
910 671 966 734 Dei
986 680 1017 735 et
1034 673 1287 740 misericordiam
1307 683 1531 760 consequatur,
1547 683 1579 740 et
1600 696 1654 760 po·

106 767 293 849 ponderatio
315 767 385 830 auri
406 777 438 832 et
458 769 579 850 argenti
602 779 711 833 contra
731 769 854 833 bonita-
908 771 1066 834 tissimum
1084 791 1140 854 per
1155 773 1400 840 intercessiones
1414 782 1445 838 et
1459 775 1570 839 merita
1583 795 1657 859 pau·

106 873 169 928 tem
195 863 273 928 fidei
302 865 398 930 illius.
422 867 553 931 Amicus
578 867 696 944 fidelis,
720 868 854 932 medica·
908 886 1022 950 perum
1045 871 1162 952 quibus
1184 873 1351 936 succurrit.

107 971 251 1026 mentum
281 964 354 1028 vitae
383 973 415 1027 et
442 965 712 1046 immortalitatis3
737 973 769 1028 et
798 965 854 1048 qui
948 967 1040 1032 Circa
1059 969 1126 1033 haec
1148 971 1415 1035 considerandum
1437 980 1495 1046 est,
1519 972 1655 1055 qualiter

106 1069 254 1124 metuunt
277 1063 460 1138 Dominum,
482 1063 651 1126 inveniunt
672 1064 773 1128 illum.
795 1065 853 1127 lta·
907 1067 1004 1130 homo
1017 1067 1056 1130 ad
1071 1067 1245 1131 amicitiam
1260 1069 1316 1132 Dei
1332 1071 1506 1152 perveniat.
1517 1070 1655 1152 llespon·

106 1161 295 1243 quesitam
312 1161 395 1224 bona
409 1169 441 1224 et
455 1161 676 1225 desiderabilis
692 1181 728 1225 ac
740 1163 854 1244 jncun-
909 1164 1061 1238 dendum,
1083 1166 1168 1248 quod
1191 1166 1295 1248 primo
1318 1185 1375 1248 per
1395 1167 1577 1230 divinorum
1601 1167 1655 1230 ob-

105 1259 144 1321 da
165 1267 214 1322 est
235 1259 377 1322 amicitia
396 1260 575 1336 hominum,
597 1261 854 1344 incomparabili·
909 1262 1102 1326 servantiam
1138 1272 1382 1346 praceptorum.
1420 1265 1508 1329 Unde
1542 1265 1655 1328 asserit

106 1365 153 1420 ter
170 1356 296 1432 melior,
313 1358 555 1422 desiderabilior
573 1366 668 1442 atque
681 1360 854 1441 jucundior
909 1359 1053 1424 Christus
1070 1378 1077 1422 :
1094 1361 1155 1424 Vos
1170 1363 1265 1426 amici
1287 1363 1350 1426 mei
1367 1363 1455 1438 estis,
1472 1363 1499 1425 si
1515 1362 1655 1426 feceritis
1676 1383 1801 1434 coenan.

106 1462 153 1517 est
178 1455 322 1519 amicitia
345 1456 410 1532 Dei,
437 1457 530 1538 cujus
559 1464 623 1520 tarn
654 1456 782 1520 infinita
805 1465 855 1519 est
909 1477 980 1540 que
1002 1475 1060 1539 ego
1082 1460 1234 1543 precipio
1253 1460 1353 1524 vobis.
1377 1460 1492 1543 Sicque
1514 1461 1655 1524 universi
1672 1451 1704 1493 ¹⁸·

106 1553 208 1635 pietas
224 1571 263 1615 ac
283 1554 434 1636 dignatio,
452 1555 536 1637 quod
558 1555 703 1618 homines
726 1555 853 1637 fragiles
909 1554 1141 1620 christifideles
1156 1557 1212 1639 qui
1227 1558 1260 1620 in
1276 1566 1358 1621 statu
1374 1558 1485 1622 salutis
1501 1566 1586 1632 sunt,
1596 1558 1656 1621 hoe

105 1670 141 1714 ac
157 1652 320 1726 mortales,
330 1653 385 1715 sed
401 1653 559 1716 virtuosos
573 1671 610 1716 ac
626 1653 796 1736 sapientes,
808 1653 854 1714 di·
909 1661 957 1716 est
977 1653 1009 1716 in
1030 1653 1160 1717 caritate
1180 1663 1211 1717 et
1229 1657 1339 1738 gratia,
1355 1656 1451 1718 amici
1471 1656 1527 1719 Dei
1542 1673 1656 1719 vocan-

106 1757 220 1830 gnatus
237 1758 285 1813 est
300 1757 331 1812 et
346 1750 494 1832 dignatur
514 1768 627 1814 vocare
646 1752 776 1814 amicos.
794 1751 854 1814 Un-
909 1758 962 1813 tur
983 1769 990 1814 :
1012 1771 1086 1814 nam
1110 1753 1248 1834 diligunt
1271 1755 1372 1818 lleum
1392 1761 1424 1817 et
1442 1754 1619 1835 diliguntur
1638 1772 1657 1815 a

4 1847 144 1912 t.1n‚a.de
167 1865 226 1929 per
248 1848 361 1910 lsaiam
385 1848 508 1910 locutus
530 1856 577 1910 est
595 1867 601 1910 :
623 1849 737 1912 Samen
760 1848 854 1911 Abra·
872 1849 985 1924 aueo,
1002 1851 1057 1932 qui
1073 1850 1127 1924 ait,
1145 1850 1209 1932 Ego
1224 1851 1392 1934 diligentes
1409 1871 1459 1914 me
1475 1850 1582 1934 diligo.
1599 1852 1656 1914 Vc·
1683 1881 1802 1931 p„,‚,.„‚

107 1947 180 2008 ham
196 1947 293 2008 amici
310 1946 382 2008 mei.
396 1947 559 2010 Psalmista
574 1965 699 2030 quoque
716 1947 855 2030 loquitur
911 1955 1091 2010 rumtamen
1117 1949 1174 2010 iste
1197 1957 1245 2011 est
1266 1957 1415 2012 extensus
1438 1957 1469 2012 ct
1489 1950 1571 2013 latus
1591 1969 1657 2013 mo-
1673 1945 1705 1988 ¹⁷·

4 2046 171 2115 ωηιιοῦοο
197 2063 205 2108 :
237 2045 314 2108 hlibi
343 2053 450 2108 autem
482 2045 578 2108 nimis
608 2046 752 2108 honorati
782 2054 857 2108 sunt
911 2046 970 2108 dus
994 2045 1143 2109 amicitia
1168 2046 1233 2109 Dei.
1260 2048 1405 2110 Secundo
1430 2048 1528 2129 igitur
1557 2049 1657 2130 magis

2 2156 6 2166 ·
106 2144 201 2207 amici
227 2145 287 2218 tui,
314 2144 406 2207 Deus.
433 2144 577 2207 Christus
601 2145 696 2207 etiam
720 2145 802 2206 Deus
825 2153 855 2206 et
911 2144 1020 2206 stricte
1040 2153 1072 2207 et
1092 2145 1221 2227 proprie
1240 2145 1357 2208 dicitur
1377 2146 1472 2210 horno
1490 2147 1658 2228 pervenire

2 2273 91 2312 ulixi,
106 2241 212 2316 homo,
240 2243 286 2304 ait
313 2259 320 2304 :
345 2243 410 2305 Jam
438 2261 502 2306 non
526 2243 630 2306 dicam
656 2261 711 2306 vos
735 2260 854 2316 servos,
911 2242 950 2304 ad
966 2242 1141 2305 amicitiam
1156 2243 1212 2305 Dei
1227 2263 1286 2326 per
1304 2243 1539 2308 observantiam
1556 2245 1658 2306 consi-

1 2351 6 2364 ·
106 2342 159 2403 sed
181 2342 314 2404 amicos.
913 2340 1028 2403 liorum
1051 2341 1244 2422 evangelice
1268 2341 1358 2423 legia,
1380 2361 1451 2424 quae
1472 2342 1659 2405 ordinantur

144 2442 291 2524 [lenique
318 2441 461 2506 Christus
486 2441 518 2503 in
543 2441 708 2523 evangelio
731 2441 856 2504 hodier-
911 2446 944 2502 et
967 2440 1103 2502 tendunt
1125 2441 1163 2502 ad
1189 2441 1261 2515 hoc,
1284 2449 1319 2503 ut
1342 2441 1438 2504 horno
1458 2440 1602 2524 perfecto
1622 2460 1659 2503 ac

105 2557 145 2602 no
164 2540 219 2602 dat
239 2538 334 2602 facile
354 2559 390 2602 ac
405 2539 672 2622 benignissimum
687 2539 855 2602 documen·
911 2538 1130 2602 sincerissimo
1150 2539 1245 2602 corde
1264 2539 1376 2620 diligat
1390 2541 1501 2614 Deum,
1518 2549 1613 2623 prout
1626 2541 1659 2602 in

102 2646 180 2712 tum,
190 2637 329 2720 qualiter
342 2639 559 2720 unusquisque
572 2637 768 2702 Christianus
783 2636 856 2700 fieri
913 2638 1061 2720 presenti
1082 2639 1147 2700 vita
1169 2639 1241 2702 fieri
1263 2645 1376 2720 potest.
1399 2639 1520 2702 Idcirco
1543 2638 1576 2701 in
1596 2639 1660 2720 pri-

103 2737 201 2818 possit
217 2736 274 2799 Dei
296 2743 328 2799 et
346 2737 530 2817 angelorum
552 2743 733 2798 sanctorum
754 2737 855 2799 omni·
912 2755 964 2799 ma
985 2755 1041 2798 sua
1061 2737 1219 2800 Canonica
1237 2737 1281 2798 ait
1299 2736 1434 2800 loannes
1452 2753 1458 2797 :
1476 2736 1534 2810 Qut
1554 2743 1658 2798 servat
1680 2755 1806 2808 troanno.

103 2853 224 2916 umque
245 2834 413 2896 Beatorum
436 2852 473 2896 ac
493 2834 679 2896 devotorum
705 2834 853 2896 amicus:
912 2835 1045 2897 verbum
1071 2834 1199 2908 Christi,
1226 2835 1258 2896 in
1283 2852 1322 2897 eo
1345 2834 1458 2896 caritas
1480 2833 1535 2896 bei
1555 2833 1657 2916 perfe-
1672 2822 1693 2865 ⁵·

103 2933 232 2994 «Facite
242 2931 462 3013 »,inquiens,«
471 2931 562 2994 vobis
574 2932 693 2994 amicos
706 2933 745 2994 de
760 2951 856 2995 mam·
912 2941 962 2995 cta
986 2941 1041 2996 est.
1067 2933 1182 3014 Sicque
1204 2933 1360 2996 veraciter
1381 2932 1521 3013 religiosi
1543 2940 1575 2994 et
1596 2933 1658 2994 viri

104 3029 489 3112 monainiquitatisahoc
502 3029 762 3103 est,divitiasseu
775 3049 857 3112 quae-
875 3027 896 3092 C
912 3031 1032 3094 heroici
1057 3049 1112 3093 seu
1139 3031 1273 3112 perfecti
1296 3036 1450 3094 vocantur
1473 3029 1568 3093 amici
1589 3030 1657 3104 Dei,

104 3147 246 3210 cumque
268 3127 351 3190 bona
374 3135 500 3190 terrena
524 3127 718 3210 pauperihus
743 3129 795 3210 pie
819 3148 856 3191 ac
912 3129 1064 3212 quoniam
1094 3129 1203 3192 omnia
1232 3129 1333 3191 vitant
1363 3147 1399 3190 ac
1431 3128 1659 3210 derelinquunt

103 3227 281 3290 liberaliter
295 3225 622 3308 communicate‚quia
635 3245 692 3308 per
706 3225 766 3288 hoc
782 3227 857 3289 ami·
911 3245 1048 3309 quorum
1063 3227 1230 3290 occasione
1246 3226 1349 3289 solent
1364 3225 1509 3289 homines
1524 3246 1542 3289 a
1557 3226 1659 3309 perfe-

102 3327 211 3389 citiam
227 3325 286 3389 Dei
301 3333 333 3387 et
346 3325 532 3388 Sanctorum
552 3343 589 3387 ac
609 3344 787 3407 pauperum
802 3327 855 3388 de·
911 3325 1016 3387 ctione
1033 3333 1064 3387 et
1084 3324 1229 3406 profectu
1250 3323 1351 3386 divini
1370 3324 1488 3386 amoris
1506 3324 1656 3399 deficere,

101 3433 249 3489 votorum
265 3423 439 3506 acquiritis.
457 3423 559 3496 Quum
576 3423 661 3486 enirn
678 3423 855 3486 similitudo
910 3430 987 3505 puta
1004 3440 1010 3484 :
1028 3421 1166 3496 divitias,
1189 3421 1336 3496 feminas,
1357 3439 1532 3504 omnesque
1549 3440 1657 3484 carna·

101 3524 142 3586 sit
156 3541 258 3586 causa
271 3521 389 3584 amoris
408 3528 440 3583 ct
458 3521 608 3584 amicitie
624 3521 714 3596 ratio,
732 3529 856 3584 constat
911 3521 983 3584 liter
998 3520 1196 3602 propinquos
1214 3538 1251 3581 ac
1269 3519 1432 3602 propriam
1447 3519 1654 3583 voluntatem.

101 3622 186 3703 quod
202 3621 291 3683 Deus
306 3619 492 3682 naturaliter
506 3619 855 3701 pius,misericordissi-
908 3618 1016 3682 Nihilo
1031 3618 1138 3680 minus
1153 3636 1192 3680 en
1206 3617 1308 3698 gratie
1327 3617 1459 3699 speciali
1480 3625 1586 3699 posset
1602 3617 1656 3681 ho·

100 3737 172 3782 mus
189 3736 229 3781 ac
246 3717 501 3792 liberalissimus,
514 3716 624 3800 diligat
639 3716 786 3780 homines
803 3737 853 3780 ca·
909 3735 962 3781 mo
976 3716 1049 3779 fieri
1064 3715 1114 3778 vir
1128 3715 1276 3778 heroicus
1291 3722 1323 3778 et
1337 3715 1498 3797 perfectus
1519 3715 1551 3778 in
1572 3723 1655 3778 statu

100 3819 261 3891 ritativos,
278 3816 500 3879 misericordes
518 3833 555 3878 ac
575 3815 732 3878 liberales.
749 3816 852 3890 Quum
908 3813 1052 3878 saeculari
1080 3832 1118 3876 ac
1149 3813 1321 3895 conjugali,
1351 3813 1435 3876 sicut
1463 3820 1496 3876 et
1524 3813 1653 3896 quidam

100 3919 210 3999 itaque
228 3916 291 3978 ista
305 3923 430 3978 terrena
445 3915 509 3978 sint
528 3921 592 3976 tam
609 3914 695 3989 vilia,
712 3915 854 3977 amicitia
908 3912 1039 3976 fuerunt
1061 3928 1067 3973 :
1089 3911 1174 3994 quod
1194 3919 1301 3974 tamen
1323 3910 1485 3974 rarissime
1507 3911 1588 3974 solet
1606 3931 1654 3974 ac-

98 4023 208 4078 autem
223 4013 283 4077 Dei
298 4020 330 4076 et
341 4013 529 4076 Sanctorum
545 4011 853 4086 nobilissima,valde
908 4011 1023 4074 cidere.

99 4115 222 4178 stultus
246 4121 279 4176 et
303 4120 397 4176 tenax
422 4121 470 4175 est
494 4111 550 4194 qui
576 4128 634 4194 pro
657 4117 746 4174 tanto
769 4111 854 4174 bono
948 4109 1053 4173 Tertio
1069 4109 1215 4192 pervenit
1233 4109 1330 4171 homo
1348 4109 1386 4171 ad
1406 4109 1579 4172 amicitiam
1598 4109 1654 4171 [lei

97 4212 312 4296 adipiscendo
326 4229 388 4274 non
403 4211 473 4273 vult
487 4217 551 4272 tam
567 4209 644 4272 vilia
658 4209 852 4292 pauperibus
868 4208 893 4269 l)
909 4229 966 4292 per
979 4226 1076 4290 opera
1092 4207 1328 4282 misericordiae,
1345 4207 1427 4269 sicut
1443 4207 1475 4269 in
1491 4207 1655 4289 evangelio

97 4309 355 4374 misericorditer
373 4325 513 4391 erogare,
534 4316 566 4370 et
585 4308 721 4370 discrete
741 4326 853 4370 secun·
908 4307 1062 4370 hodierno
1077 4306 1168 4368 docet
1184 4305 1335 4379 Salvator,
1345 4305 1476 4386 jamque
1491 4312 1655 4367 ostensum

96 4411 175 4473 dum
198 4429 268 4472 suae
288 4407 448 4470 facultatis
471 4425 654 4470 mensuram
675 4406 852 4470 communi·
909 4414 965 4468 est.
984 4406 1110 4479 Quarto,
1128 4423 1185 4485 per
1205 4403 1324 4465 donum
1347 4401 1522 4483 sapientie,
1546 4410 1577 4464 et
1600 4421 1656 4484 per

96 4528 181 4573 care.
200 4509 358 4572 Praeterea
372 4505 515 4570 Christus
530 4505 626 4568 aliam
642 4505 743 4586 tangit
761 4505 852 4567 ratio·
908 4512 997 4567 actus
1022 4503 1094 4564 vitae
1119 4499 1385 4582 contemplative,
1411 4500 1467 4582 qui
1492 4508 1567 4562 sunt
1592 4501 1656 4563 heo

97 4627 173 4670 nem
190 4624 254 4670 cur
268 4604 405 4667 debeant
420 4603 590 4667 Christiani
611 4603 695 4668 istud
716 4602 852 4665 libenter
909 4601 1073 4664 intendere
1088 4608 1120 4663 et
1135 4618 1246 4662 vacare
1263 4619 1320 4682 per
1336 4598 1589 4681 speculationem
1610 4599 1656 4661 di-

96 4723 257 4790 peragere
274 4722 282 4765 :
298 4703 374 4786 quie
393 4702 541 4764 videlicet
559 4721 616 4784 per
636 4703 697 4766 hoc
718 4702 853 4766 coelesti-
908 4701 1069 4772 vinorum,
1095 4717 1152 4780 per
1181 4697 1402 4761 meditationes
1432 4698 1572 4771 devotas,
1599 4716 1656 4780 per

96 4825 151 4868 um
178 4802 388 4868 mansionum
413 4801 643 4864 beatitudinem
668 4817 852 4883 promeren·
908 4797 1101 4881 psalmodias
1123 4803 1155 4858 et
1175 4795 1284 4859 laudes
1307 4796 1428 4858 alacres
1450 4803 1482 4858 et
1502 4796 1653 4870 sinceras,

95 4913 159 4978 tur,
186 4901 366 4966 dnmmodo
393 4919 432 4963 ex
456 4899 586 4963 caritate
609 4917 705 4982 opera
731 4899 851 4961 miseri·
908 4894 1137 4979 perorationes
1157 4893 1326 4957 ferventes.
1343 4895 1421 4968 lmo,
1438 4913 1539 4976 quum
1559 4895 1655 4958 homo

96 5002 218 5065 cordiae
237 4999 367 5062 faciant.
385 4999 452 5060 lmo
467 5005 499 5060 et
514 4997 662 5079 quamvis
677 4997 709 5060 in
728 4997 852 5060 mortali
908 4995 940 5058 in
963 4995 1046 5057 dono
1066 4993 1230 5075 sapientie
1251 4992 1387 5055 multum
1408 4993 1590 5075 profecerit,
1611 5001 1654 5056 at·

96 5100 138 5163 sit
153 5099 257 5181 culpa
276 5097 331 5180 qui
352 5095 455 5160 efficit
475 5113 522 5171 ea,
539 5103 643 5177 potest
659 5103 765 5158 tamen
781 5114 853 5159 con·
908 5111 970 5176 que
995 5092 1034 5153 ad
1058 5091 1188 5153 tertium
1215 5091 1285 5172 ejus
1314 5091 1479 5154 devenerit
1506 5093 1652 5175 gradum,

96 5199 240 5278 tingere,
261 5202 294 5258 et
313 5195 497 5276 frequenter
517 5194 681 5275 contingit,
698 5194 781 5275 quod
802 5211 853 5256 oc·
908 5193 964 5276 qui
989 5191 1106 5254 dicitur
1135 5190 1291 5273 sapientia
1315 5190 1437 5252 unitiva
1465 5197 1496 5252 et
1522 5191 1654 5272 mystica

96 5296 233 5358 casione
250 5310 383 5376 operum
399 5291 526 5375 pietatis
542 5289 855 5374 quaefacit,gratiam
911 5290 1079 5371 theologia,
1106 5297 1181 5352 tunc
1211 5297 1259 5351 est
1288 5287 1378 5370 quasi
1407 5288 1597 5351 secretarius
1623 5296 1654 5350 et
