<?xml version="1.0" encoding="UTF-8"?>
<!DOCTYPE html PUBLIC "-//W3C//DTD XHTML 1.0 Transitional//EN"
    "http://www.w3.org/TR/xhtml1/DTD/xhtml1-transitional.dtd">
<html xmlns="http://www.w3.org/1999/xhtml" xml:lang="en" lang="en">
 <head>
  <title>
</title>
<meta http-equiv="Content-Type" content="text/html;charset=utf-8" />
  <meta name='ocr-system' content='tesseract 3.04.00' />
  <meta name='ocr-capabilities' content='ocr_page ocr_carea ocr_par ocr_line ocrx_word'/>
</head>
<body>
  <div class='ocr_page' id='page_1' title='image "./doctorisecstati01unkngoog/doctorisecstati01unkngoog_0048.png"; bbox 0 0 4288 6264; ppageno 0'>
   <div class='ocr_carea' id='block_1_1' title="bbox 542 497 1712 562">
    <p class='ocr_par' dir='ltr' id='par_1_1' title="bbox 542 497 1712 562">
     <span class='ocr_line' id='line_1_1' title="bbox 542 497 1712 562; baseline 0.005 -6"><span class='ocrx_word' id='word_1_1' title='bbox 542 509 690 556; x_wconf 77' lang='lat' dir='ltr'><strong>novimen</strong></span> <span class='ocrx_word' id='word_1_2' title='bbox 711 509 731 552; x_wconf 89' lang='lat' dir='ltr'><strong>v</strong></span> <span class='ocrx_word' id='word_1_3' title='bbox 751 507 825 555; x_wconf 86' lang='lat' dir='ltr'><strong>vosr</strong></span> <span class='ocrx_word' id='word_1_4' title='bbox 846 507 974 555; x_wconf 73' lang='lat' dir='ltr'><strong>visens.</strong></span> <span class='ocrx_word' id='word_1_5' title='bbox 995 525 1035 536; x_wconf 94' lang='lat'>—</span> <span class='ocrx_word' id='word_1_6' title='bbox 1057 507 1155 556; x_wconf 79' lang='lat' dir='ltr'><strong>snnuo</strong></span> <span class='ocrx_word' id='word_1_7' title='bbox 1177 509 1330 558; x_wconf 84' lang='lat' dir='ltr'><strong>sacunnus</strong></span> <span class='ocrx_word' id='word_1_8' title='bbox 1672 497 1712 562; x_wconf 77' lang='grc'><strong>35</strong></span> 
     </span>
    </p>
   </div>
   <div class='ocr_carea' id='block_1_2' title="bbox 163 676 1859 1156">
    <p class='ocr_par' dir='ltr' id='par_1_2' title="bbox 163 676 1859 1156">
     <span class='ocr_line' id='line_1_2' title="bbox 163 676 1713 764; baseline 0.005 -26"><span class='ocrx_word' id='word_1_9' title='bbox 163 677 348 740; x_wconf 85' lang='lat' dir='ltr'><strong>incustoditi</strong></span> <span class='ocrx_word' id='word_1_10' title='bbox 377 683 409 739; x_wconf 90' lang='lat' dir='ltr'><strong>et</strong></span> <span class='ocrx_word' id='word_1_11' title='bbox 438 676 612 740; x_wconf 86' lang='lat' dir='ltr'><strong>intimorati</strong></span> <span class='ocrx_word' id='word_1_12' title='bbox 641 676 809 750; x_wconf 80' lang='lat' dir='ltr'><strong>fuerimus,</strong></span> <span class='ocrx_word' id='word_1_13' title='bbox 837 695 911 739; x_wconf 89' lang='lat' dir='ltr'><strong>ecce</strong></span> <span class='ocrx_word' id='word_1_14' title='bbox 925 677 951 740; x_wconf 80' lang='lat' dir='ltr'>A</span> <span class='ocrx_word' id='word_1_15' title='bbox 966 677 1083 760; x_wconf 86' lang='lat' dir='ltr'><strong>aliquis</strong></span> <span class='ocrx_word' id='word_1_16' title='bbox 1098 677 1267 742; x_wconf 91' lang='lat' dir='ltr'><strong>lorelactor</strong></span> <span class='ocrx_word' id='word_1_17' title='bbox 1282 680 1484 764; x_wconf 89' lang='lat' dir='ltr'><strong>ollensorque</strong></span> <span class='ocrx_word' id='word_1_18' title='bbox 1499 683 1580 762; x_wconf 91' lang='lat' dir='ltr'><strong>regis</strong></span> <span class='ocrx_word' id='word_1_19' title='bbox 1596 684 1713 746; x_wconf 88' lang='lat' dir='ltr'><strong>terreni</strong></span> 
     </span>
     <span class='ocr_line' id='line_1_3' title="bbox 163 773 1713 859; baseline 0.005 -23"><span class='ocrx_word' id='word_1_20' title='bbox 163 775 316 836; x_wconf 88' lang='lat' dir='ltr'><strong>damnum</strong></span> <span class='ocrx_word' id='word_1_21' title='bbox 335 782 383 837; x_wconf 93' lang='lat' dir='ltr'><strong>est</strong></span> <span class='ocrx_word' id='word_1_22' title='bbox 403 773 648 848; x_wconf 76' lang='lat' dir='ltr'><strong>irremediabile,</strong></span> <span class='ocrx_word' id='word_1_23' title='bbox 664 774 911 857; x_wconf 81' lang='lat' dir='ltr'><strong>irrecuperabile</strong></span> <span class='ocrx_word' id='word_1_24' title='bbox 966 774 1006 836; x_wconf 91' lang='lat' dir='ltr'><strong>ab</strong></span> <span class='ocrx_word' id='word_1_25' title='bbox 1023 775 1091 856; x_wconf 93' lang='lat' dir='ltr'><strong>ipso</strong></span> <span class='ocrx_word' id='word_1_26' title='bbox 1106 776 1233 839; x_wconf 91' lang='lat' dir='ltr'><strong>veniam</strong></span> <span class='ocrx_word' id='word_1_27' title='bbox 1249 785 1442 859; x_wconf 82' lang='lat' dir='ltr'><strong>precaretur,</strong></span> <span class='ocrx_word' id='word_1_28' title='bbox 1452 799 1510 841; x_wconf 91' lang='lat' dir='ltr'><strong>nec</strong></span> <span class='ocrx_word' id='word_1_29' title='bbox 1525 788 1632 843; x_wconf 90' lang='lat' dir='ltr'><strong>tamen</strong></span> <span class='ocrx_word' id='word_1_30' title='bbox 1647 800 1713 844; x_wconf 88' lang='lat' dir='ltr'><strong>ces·</strong></span> 
     </span>
     <span class='ocr_line' id='line_1_4' title="bbox 164 872 1715 961; baseline 0.005 -28"><span class='ocrx_word' id='word_1_31' title='bbox 164 880 195 934; x_wconf 89' lang='lat' dir='ltr'><strong>et</strong></span> <span class='ocrx_word' id='word_1_32' title='bbox 216 873 422 944; x_wconf 91' lang='lat' dir='ltr'><strong>immensum,</strong></span> <span class='ocrx_word' id='word_1_33' title='bbox 445 873 521 954; x_wconf 90' lang='lat' dir='ltr'><strong>quia</strong></span> <span class='ocrx_word' id='word_1_34' title='bbox 544 891 606 934; x_wconf 94' lang='lat' dir='ltr'><strong>non</strong></span> <span class='ocrx_word' id='word_1_35' title='bbox 633 872 736 934; x_wconf 93' lang='lat' dir='ltr'><strong>solum</strong></span> <span class='ocrx_word' id='word_1_36' title='bbox 761 880 911 934; x_wconf 74' lang='lat' dir='ltr'><strong>eternam</strong></span> <span class='ocrx_word' id='word_1_37' title='bbox 966 881 1049 934; x_wconf 87' lang='lat' dir='ltr'><strong>saret</strong></span> <span class='ocrx_word' id='word_1_38' title='bbox 1063 874 1093 934; x_wconf 91' lang='lat' dir='ltr'><strong>ei</strong></span> <span class='ocrx_word' id='word_1_39' title='bbox 1109 876 1337 938; x_wconf 90' lang='lat' dir='ltr'><strong>contumeliam</strong></span> <span class='ocrx_word' id='word_1_40' title='bbox 1353 876 1589 958; x_wconf 85' lang='lat' dir='ltr'><strong>irrogarellinc</strong></span> <span class='ocrx_word' id='word_1_41' title='bbox 1605 879 1637 941; x_wconf 94' lang='lat' dir='ltr'><strong>in</strong></span> <span class='ocrx_word' id='word_1_42' title='bbox 1654 879 1715 961; x_wconf 95' lang='lat' dir='ltr'><strong>pri-</strong></span> 
     </span>
     <span class='ocr_line' id='line_1_5' title="bbox 165 967 1712 1058; baseline 0.006 -28"><span class='ocrx_word' id='word_1_43' title='bbox 165 968 395 1030; x_wconf 89' lang='lat' dir='ltr'><strong>beatitudinem</strong></span> <span class='ocrx_word' id='word_1_44' title='bbox 427 967 603 1048; x_wconf 87' lang='lat' dir='ltr'><strong>perdimus,</strong></span> <span class='ocrx_word' id='word_1_45' title='bbox 636 968 691 1030; x_wconf 89' lang='lat' dir='ltr'><strong>sed</strong></span> <span class='ocrx_word' id='word_1_46' title='bbox 723 974 911 1048; x_wconf 89' lang='lat' dir='ltr'><strong>perpetuam</strong></span> <span class='ocrx_word' id='word_1_47' title='bbox 968 988 1019 1030; x_wconf 94' lang='lat' dir='ltr'><strong>ma</strong></span> <span class='ocrx_word' id='word_1_48' title='bbox 1043 989 1100 1032; x_wconf 89' lang='lat' dir='ltr'><strong>sua</strong></span> <span class='ocrx_word' id='word_1_49' title='bbox 1121 971 1277 1034; x_wconf 87' lang='lat' dir='ltr'><strong>Canonica</strong></span> <span class='ocrx_word' id='word_1_50' title='bbox 1302 973 1346 1034; x_wconf 90' lang='lat' dir='ltr'><strong>ait</strong></span> <span class='ocrx_word' id='word_1_51' title='bbox 1368 974 1502 1038; x_wconf 90' lang='lat' dir='ltr'><strong>loannes</strong></span> <span class='ocrx_word' id='word_1_52' title='bbox 1526 976 1712 1058; x_wconf 90' lang='lat' dir='ltr'><strong>apostolus:</strong></span> 
     </span>
     <span class='ocr_line' id='line_1_6' title="bbox 164 1064 1859 1156; baseline 0.007 -30"><span class='ocrx_word' id='word_1_53' title='bbox 164 1083 291 1148; x_wconf 91' lang='lat' dir='ltr'><strong>quoque</strong></span> <span class='ocrx_word' id='word_1_54' title='bbox 310 1065 548 1128; x_wconf 82' lang='lat' dir='ltr'><strong>damnationem</strong></span> <span class='ocrx_word' id='word_1_55' title='bbox 571 1064 824 1146; x_wconf 79' lang='lat' dir='ltr'><strong>infernalemque</strong></span> <span class='ocrx_word' id='word_1_56' title='bbox 846 1082 912 1146; x_wconf 80' lang='lat' dir='ltr'><strong>poe-</strong></span> <span class='ocrx_word' id='word_1_57' title='bbox 968 1066 1141 1142; x_wconf 88' lang='lat' dir='ltr'><strong>Carissimi,</strong></span> <span class='ocrx_word' id='word_1_58' title='bbox 1162 1069 1188 1130; x_wconf 92' lang='lat' dir='ltr'><strong>si</strong></span> <span class='ocrx_word' id='word_1_59' title='bbox 1211 1087 1265 1132; x_wconf 89' lang='lat' dir='ltr'><strong>eor</strong></span> <span class='ocrx_word' id='word_1_60' title='bbox 1289 1078 1433 1132; x_wconf 92' lang='lat' dir='ltr'><strong>nostrum</strong></span> <span class='ocrx_word' id='word_1_61' title='bbox 1459 1091 1521 1134; x_wconf 91' lang='lat' dir='ltr'><strong>non</strong></span> <span class='ocrx_word' id='word_1_62' title='bbox 1547 1074 1715 1156; x_wconf 89' lang='lat' dir='ltr'><strong>reprehen-</strong></span> <span class='ocrx_word' id='word_1_63' title='bbox 1729 1097 1859 1148; x_wconf 62' lang='lat' dir='ltr'><strong>moenam,</strong></span> 
     </span>
    </p>
   </div>
   <div class='ocr_carea' id='block_1_3' title="bbox 165 1161 1866 4003">
    <p class='ocr_par' dir='ltr' id='par_1_3' title="bbox 165 1161 1806 1252">
     <span class='ocr_line' id='line_1_7' title="bbox 165 1161 1806 1252; baseline 0.005 -27"><span class='ocrx_word' id='word_1_64' title='bbox 165 1182 238 1226; x_wconf 92' lang='lat' dir='ltr'><strong>nam</strong></span> <span class='ocrx_word' id='word_1_65' title='bbox 261 1163 464 1225; x_wconf 88' lang='lat' dir='ltr'><strong>incurrimus.</strong></span> <span class='ocrx_word' id='word_1_66' title='bbox 482 1163 585 1236; x_wconf 83' lang='lat' dir='ltr'><strong>Quum</strong></span> <span class='ocrx_word' id='word_1_67' title='bbox 608 1164 713 1244; x_wconf 88' lang='lat' dir='ltr'><strong>itaque</strong></span> <span class='ocrx_word' id='word_1_68' title='bbox 734 1163 766 1224; x_wconf 93' lang='lat' dir='ltr'><strong>iu</strong></span> <span class='ocrx_word' id='word_1_69' title='bbox 789 1162 913 1243; x_wconf 88' lang='lat' dir='ltr'><strong>laqueo·</strong></span> <span class='ocrx_word' id='word_1_70' title='bbox 968 1163 1050 1225; x_wconf 90' lang='lat' dir='ltr'><strong>derit</strong></span> <span class='ocrx_word' id='word_1_71' title='bbox 1065 1183 1132 1239; x_wconf 90' lang='lat' dir='ltr'><strong>nos,</strong></span> <span class='ocrx_word' id='word_1_72' title='bbox 1150 1165 1302 1229; x_wconf 91' lang='lat' dir='ltr'><strong>liduciam</strong></span> <span class='ocrx_word' id='word_1_73' title='bbox 1323 1167 1478 1230; x_wconf 90' lang='lat' dir='ltr'><strong>habemus</strong></span> <span class='ocrx_word' id='word_1_74' title='bbox 1497 1171 1535 1232; x_wconf 92' lang='lat' dir='ltr'><strong>ad</strong></span> <span class='ocrx_word' id='word_1_75' title='bbox 1551 1171 1667 1252; x_wconf 84' lang='lat' dir='ltr'><strong>Deum3</strong></span> <span class='ocrx_word' id='word_1_76' title='bbox 1684 1161 1806 1233; x_wconf 74' lang='lat' dir='ltr'><strong>et²¹¹²²·</strong></span> 
     </span>
    </p>

    <p class='ocr_par' dir='ltr' id='par_1_4' title="bbox 166 1259 1566 1349">
     <span class='ocr_line' id='line_1_8' title="bbox 166 1259 1566 1349; baseline 0.006 -27"><span class='ocrx_word' id='word_1_77' title='bbox 166 1281 236 1322; x_wconf 90' lang='lat' dir='ltr'><strong>rum</strong></span> <span class='ocrx_word' id='word_1_78' title='bbox 253 1261 358 1322; x_wconf 91' lang='lat' dir='ltr'><strong>medio</strong></span> <span class='ocrx_word' id='word_1_79' title='bbox 373 1260 587 1335; x_wconf 88' lang='lat' dir='ltr'><strong>ambulemus,</strong></span> <span class='ocrx_word' id='word_1_80' title='bbox 597 1261 698 1322; x_wconf 91' lang='lat' dir='ltr'><strong>simus</strong></span> <span class='ocrx_word' id='word_1_81' title='bbox 714 1279 840 1342; x_wconf 89' lang='lat' dir='ltr'><strong>semper</strong></span> <span class='ocrx_word' id='word_1_82' title='bbox 855 1259 914 1321; x_wconf 93' lang='lat' dir='ltr'><strong>sol·</strong></span> <span class='ocrx_word' id='word_1_83' title='bbox 969 1262 1125 1344; x_wconf 87' lang='lat' dir='ltr'><strong>quidquid</strong></span> <span class='ocrx_word' id='word_1_84' title='bbox 1146 1265 1343 1345; x_wconf 89' lang='lat' dir='ltr'><strong>petierimus,</strong></span> <span class='ocrx_word' id='word_1_85' title='bbox 1360 1266 1566 1349; x_wconf 78' lang='lat' dir='ltr'><strong>accipiemus</strong></span> 
     </span>
    </p>

    <p class='ocr_par' dir='ltr' id='par_1_5' title="bbox 166 1358 1716 1449">
     <span class='ocr_line' id='line_1_9' title="bbox 166 1358 1716 1449; baseline 0.006 -28"><span class='ocrx_word' id='word_1_86' title='bbox 166 1359 257 1433; x_wconf 90' lang='lat' dir='ltr'><strong>liciti,</strong></span> <span class='ocrx_word' id='word_1_87' title='bbox 274 1377 314 1421; x_wconf 90' lang='lat' dir='ltr'><strong>ne</strong></span> <span class='ocrx_word' id='word_1_88' title='bbox 333 1359 373 1420; x_wconf 92' lang='lat' dir='ltr'><strong>ab</strong></span> <span class='ocrx_word' id='word_1_89' title='bbox 394 1358 604 1421; x_wconf 85' lang='lat' dir='ltr'><strong>infernalibus</strong></span> <span class='ocrx_word' id='word_1_90' title='bbox 624 1358 799 1420; x_wconf 71' lang='lat' dir='ltr'><strong>latronibus</strong></span> <span class='ocrx_word' id='word_1_91' title='bbox 818 1366 913 1440; x_wconf 90' lang='lat' dir='ltr'><strong>atque</strong></span> <span class='ocrx_word' id='word_1_92' title='bbox 1009 1359 1135 1436; x_wconf 82' lang='lat' dir='ltr'><strong>Quinto,</strong></span> <span class='ocrx_word' id='word_1_93' title='bbox 1156 1363 1328 1443; x_wconf 89' lang='lat' dir='ltr'><strong>petendum</strong></span> <span class='ocrx_word' id='word_1_94' title='bbox 1349 1371 1398 1426; x_wconf 88' lang='lat' dir='ltr'><strong>est</strong></span> <span class='ocrx_word' id='word_1_95' title='bbox 1417 1383 1491 1427; x_wconf 92' lang='lat' dir='ltr'><strong>eum</strong></span> <span class='ocrx_word' id='word_1_96' title='bbox 1507 1366 1665 1449; x_wconf 86' lang='lat' dir='ltr'><strong>protunda</strong></span> <span class='ocrx_word' id='word_1_97' title='bbox 1684 1376 1716 1430; x_wconf 90' lang='lat' dir='ltr'><strong>et</strong></span> 
     </span>
    </p>

    <p class='ocr_par' dir='ltr' id='par_1_6' title="bbox 166 1456 1715 1540">
     <span class='ocr_line' id='line_1_10' title="bbox 166 1456 1715 1540; baseline 0.006 -21"><span class='ocrx_word' id='word_1_98' title='bbox 166 1457 346 1540; x_wconf 81' lang='lat' dir='ltr'><strong>raptoribus</strong></span> <span class='ocrx_word' id='word_1_99' title='bbox 374 1457 583 1531; x_wconf 78' lang='lat' dir='ltr'><strong>trucidemur,</strong></span> <span class='ocrx_word' id='word_1_100' title='bbox 614 1465 645 1518; x_wconf 90' lang='lat' dir='ltr'><strong>et</strong></span> <span class='ocrx_word' id='word_1_101' title='bbox 675 1457 706 1518; x_wconf 95' lang='lat' dir='ltr'><strong>in</strong></span> <span class='ocrx_word' id='word_1_102' title='bbox 734 1456 913 1538; x_wconf 92' lang='lat' dir='ltr'><strong>gebennam</strong></span> <span class='ocrx_word' id='word_1_103' title='bbox 971 1457 1109 1520; x_wconf 84' lang='lat' dir='ltr'><strong>maxima</strong></span> <span class='ocrx_word' id='word_1_104' title='bbox 1120 1459 1548 1535; x_wconf 89' lang='lat' dir='ltr'><strong>humilitate,considerando</strong></span> <span class='ocrx_word' id='word_1_105' title='bbox 1560 1471 1592 1526; x_wconf 91' lang='lat' dir='ltr'><strong>et</strong></span> <span class='ocrx_word' id='word_1_106' title='bbox 1603 1466 1715 1529; x_wconf 90' lang='lat' dir='ltr'><strong>intime</strong></span> 
     </span>
    </p>

    <p class='ocr_par' dir='ltr' id='par_1_7' title="bbox 166 1555 1717 1646">
     <span class='ocr_line' id='line_1_11' title="bbox 166 1555 1717 1646; baseline 0.005 -28"><span class='ocrx_word' id='word_1_107' title='bbox 166 1556 338 1618; x_wconf 86' lang='lat' dir='ltr'><strong>trahamur.</strong></span> <span class='ocrx_word' id='word_1_108' title='bbox 365 1555 491 1630; x_wconf 86' lang='lat' dir='ltr'><strong>Quinto,</strong></span> <span class='ocrx_word' id='word_1_109' title='bbox 517 1556 557 1618; x_wconf 87' lang='lat' dir='ltr'><strong>ad</strong></span> <span class='ocrx_word' id='word_1_110' title='bbox 580 1556 665 1618; x_wconf 91' lang='lat' dir='ltr'><strong>idem</strong></span> <span class='ocrx_word' id='word_1_111' title='bbox 695 1573 751 1618; x_wconf 94' lang='lat' dir='ltr'><strong>nos</strong></span> <span class='ocrx_word' id='word_1_112' title='bbox 777 1562 911 1628; x_wconf 87' lang='lat' dir='ltr'><strong>moveat,</strong></span> <span class='ocrx_word' id='word_1_113' title='bbox 970 1555 1153 1619; x_wconf 79' lang='lat' dir='ltr'><strong>confitendo</strong></span> <span class='ocrx_word' id='word_1_114' title='bbox 1168 1559 1312 1640; x_wconf 90' lang='lat' dir='ltr'><strong>proprias</strong></span> <span class='ocrx_word' id='word_1_115' title='bbox 1328 1559 1717 1646; x_wconf 90' lang='lat' dir='ltr'><strong>delectuositates‚iniqui·</strong></span> 
     </span>
    </p>

    <p class='ocr_par' dir='ltr' id='par_1_8' title="bbox 166 1653 1717 1736">
     <span class='ocr_line' id='line_1_12' title="bbox 166 1653 1717 1736; baseline 0.006 -21"><span class='ocrx_word' id='word_1_116' title='bbox 166 1654 251 1736; x_wconf 91' lang='lat' dir='ltr'><strong>qnod</strong></span> <span class='ocrx_word' id='word_1_117' title='bbox 281 1661 368 1716; x_wconf 89' lang='lat' dir='ltr'><strong>tanta</strong></span> <span class='ocrx_word' id='word_1_118' title='bbox 397 1661 445 1716; x_wconf 92' lang='lat' dir='ltr'><strong>est</strong></span> <span class='ocrx_word' id='word_1_119' title='bbox 468 1653 517 1717; x_wconf 92' lang='lat' dir='ltr'><strong>vis</strong></span> <span class='ocrx_word' id='word_1_120' title='bbox 544 1654 666 1718; x_wconf 78' lang='lat' dir='ltr'><strong>devote</strong></span> <span class='ocrx_word' id='word_1_121' title='bbox 693 1653 856 1727; x_wconf 89' lang='lat' dir='ltr'><strong>orationis,</strong></span> <span class='ocrx_word' id='word_1_122' title='bbox 883 1660 914 1716; x_wconf 89' lang='lat' dir='ltr'><strong>et</strong></span> <span class='ocrx_word' id='word_1_123' title='bbox 970 1663 1059 1729; x_wconf 91' lang='lat' dir='ltr'><strong>tates,</strong></span> <span class='ocrx_word' id='word_1_124' title='bbox 1076 1654 1273 1736; x_wconf 78' lang='lat' dir='ltr'><strong>fragilitates,</strong></span> <span class='ocrx_word' id='word_1_125' title='bbox 1288 1659 1442 1722; x_wconf 86' lang='lat' dir='ltr'><strong>miserias.</strong></span> <span class='ocrx_word' id='word_1_126' title='bbox 1459 1661 1547 1724; x_wconf 91' lang='lat' dir='ltr'><strong>Unde</strong></span> <span class='ocrx_word' id='word_1_127' title='bbox 1563 1661 1596 1724; x_wconf 93' lang='lat' dir='ltr'><strong>in</strong></span> <span class='ocrx_word' id='word_1_128' title='bbox 1612 1663 1717 1726; x_wconf 87' lang='lat' dir='ltr'><strong>Eccle-</strong></span> 
     </span>
    </p>

    <p class='ocr_par' dir='ltr' id='par_1_9' title="bbox 167 1752 1829 1837">
     <span class='ocr_line' id='line_1_13' title="bbox 167 1752 1829 1837; baseline 0.004 -21"><span class='ocrx_word' id='word_1_129' title='bbox 167 1761 253 1816; x_wconf 89' lang='lat' dir='ltr'><strong>tanta</strong></span> <span class='ocrx_word' id='word_1_130' title='bbox 268 1753 404 1834; x_wconf 81' lang='lat' dir='ltr'><strong>dignitas</strong></span> <span class='ocrx_word' id='word_1_131' title='bbox 424 1753 504 1834; x_wconf 88' lang='lat' dir='ltr'><strong>ejus.</strong></span> <span class='ocrx_word' id='word_1_132' title='bbox 522 1753 599 1816; x_wconf 91' lang='lat' dir='ltr'><strong>Nam</strong></span> <span class='ocrx_word' id='word_1_133' title='bbox 620 1753 660 1815; x_wconf 92' lang='lat' dir='ltr'><strong>ab</strong></span> <span class='ocrx_word' id='word_1_134' title='bbox 679 1753 792 1833; x_wconf 88' lang='lat' dir='ltr'><strong>angelo</strong></span> <span class='ocrx_word' id='word_1_135' title='bbox 806 1759 915 1814; x_wconf 87' lang='lat' dir='ltr'><strong>saneto</strong></span> <span class='ocrx_word' id='word_1_136' title='bbox 970 1752 1098 1816; x_wconf 88' lang='lat' dir='ltr'><strong>siastico</strong></span> <span class='ocrx_word' id='word_1_137' title='bbox 1118 1755 1273 1837; x_wconf 90' lang='lat' dir='ltr'><strong>scriptum</strong></span> <span class='ocrx_word' id='word_1_138' title='bbox 1293 1764 1341 1819; x_wconf 90' lang='lat' dir='ltr'><strong>est</strong></span> <span class='ocrx_word' id='word_1_139' title='bbox 1362 1775 1369 1820; x_wconf 91' lang='lat'>:</span> <span class='ocrx_word' id='word_1_140' title='bbox 1391 1758 1495 1822; x_wconf 89' lang='lat' dir='ltr'><strong>Oratio</strong></span> <span class='ocrx_word' id='word_1_141' title='bbox 1516 1760 1717 1825; x_wconf 91' lang='lat' dir='ltr'><strong>humiliantis</strong></span> <span class='ocrx_word' id='word_1_142' title='bbox 1756 1779 1829 1825; x_wconf 71' lang='lat' dir='ltr'><strong>naeu.</strong></span> 
     </span>
    </p>

    <p class='ocr_par' dir='ltr' id='par_1_10' title="bbox 167 1846 1837 1934">
     <span class='ocr_line' id='line_1_14' title="bbox 167 1846 1837 1934; baseline 0.005 -20"><span class='ocrx_word' id='word_1_143' title='bbox 167 1853 342 1934; x_wconf 90' lang='lat' dir='ltr'><strong>suscipitur</strong></span> <span class='ocrx_word' id='word_1_144' title='bbox 363 1871 400 1913; x_wconf 88' lang='lat' dir='ltr'><strong>ac</strong></span> <span class='ocrx_word' id='word_1_145' title='bbox 421 1851 485 1914; x_wconf 88' lang='lat' dir='ltr'><strong>Deo</strong></span> <span class='ocrx_word' id='word_1_146' title='bbox 507 1851 652 1926; x_wconf 90' lang='lat' dir='ltr'><strong>ollertur,</strong></span> <span class='ocrx_word' id='word_1_147' title='bbox 670 1859 781 1932; x_wconf 90' lang='lat' dir='ltr'><strong>estque</strong></span> <span class='ocrx_word' id='word_1_148' title='bbox 803 1857 914 1932; x_wconf 91' lang='lat' dir='ltr'><strong>potens</strong></span> <span class='ocrx_word' id='word_1_149' title='bbox 934 1854 1004 1916; x_wconf 89' lang='lat' dir='ltr'><strong>Bse</strong></span> <span class='ocrx_word' id='word_1_150' title='bbox 1020 1851 1122 1914; x_wconf 89' lang='lat' dir='ltr'><strong>nubes</strong></span> <span class='ocrx_word' id='word_1_151' title='bbox 1137 1854 1325 1934; x_wconf 86' lang='lat' dir='ltr'><strong>penetrabit.</strong></span> <span class='ocrx_word' id='word_1_152' title='bbox 1336 1855 1441 1930; x_wconf 82' lang='lat' dir='ltr'><strong>Sexte,</strong></span> <span class='ocrx_word' id='word_1_153' title='bbox 1451 1876 1524 1920; x_wconf 91' lang='lat' dir='ltr'><strong>cum</strong></span> <span class='ocrx_word' id='word_1_154' title='bbox 1541 1858 1719 1922; x_wconf 90' lang='lat' dir='ltr'><strong>indesinen-</strong></span> <span class='ocrx_word' id='word_1_155' title='bbox 1731 1857 1794 1896; x_wconf 86' lang='lat'>¹¹¹&#39;&#39;</span> <span class='ocrx_word' id='word_1_156' title='bbox 1803 1846 1837 1887; x_wconf 81' lang='lat'><strong>²¹·</strong></span> 
     </span>
    </p>

    <p class='ocr_par' dir='ltr' id='par_1_11' title="bbox 167 1948 1719 2038">
     <span class='ocr_line' id='line_1_15' title="bbox 167 1948 1719 2038; baseline 0.005 -26"><span class='ocrx_word' id='word_1_157' title='bbox 167 1952 205 2013; x_wconf 92' lang='lat' dir='ltr'><strong>ad</strong></span> <span class='ocrx_word' id='word_1_158' title='bbox 228 1951 462 2033; x_wconf 91' lang='lat' dir='ltr'><strong>impetrandum</strong></span> <span class='ocrx_word' id='word_1_159' title='bbox 483 1950 567 2032; x_wconf 89' lang='lat' dir='ltr'><strong>quod</strong></span> <span class='ocrx_word' id='word_1_160' title='bbox 588 1950 749 2032; x_wconf 92' lang='lat' dir='ltr'><strong>postulat:</strong></span> <span class='ocrx_word' id='word_1_161' title='bbox 767 1949 838 2010; x_wconf 90' lang='lat' dir='ltr'><strong>ideo</strong></span> <span class='ocrx_word' id='word_1_162' title='bbox 856 1948 916 2011; x_wconf 90' lang='lat' dir='ltr'><strong>val·</strong></span> <span class='ocrx_word' id='word_1_163' title='bbox 971 1951 994 2012; x_wconf 93' lang='lat' dir='ltr'><strong>ti</strong></span> <span class='ocrx_word' id='word_1_164' title='bbox 1011 1952 1197 2025; x_wconf 89' lang='lat' dir='ltr'><strong>constantia,</strong></span> <span class='ocrx_word' id='word_1_165' title='bbox 1215 1953 1258 2014; x_wconf 90' lang='lat' dir='ltr'><strong>ita</strong></span> <span class='ocrx_word' id='word_1_166' title='bbox 1274 1961 1307 2016; x_wconf 92' lang='lat' dir='ltr'><strong>ut</strong></span> <span class='ocrx_word' id='word_1_167' title='bbox 1321 1963 1617 2038; x_wconf 90' lang='lat' dir='ltr'><strong>quantumcumque</strong></span> <span class='ocrx_word' id='word_1_168' title='bbox 1633 1958 1719 2020; x_wconf 87' lang='lat' dir='ltr'><strong>vide-</strong></span> 
     </span>
    </p>

    <p class='ocr_par' dir='ltr' id='par_1_12' title="bbox 167 2047 1720 2137">
     <span class='ocr_line' id='line_1_16' title="bbox 167 2047 1720 2137; baseline 0.005 -26"><span class='ocrx_word' id='word_1_169' title='bbox 167 2050 207 2111; x_wconf 91' lang='lat' dir='ltr'><strong>de</strong></span> <span class='ocrx_word' id='word_1_170' title='bbox 224 2048 432 2112; x_wconf 80' lang='lat' dir='ltr'><strong>ineffabiliter</strong></span> <span class='ocrx_word' id='word_1_171' title='bbox 452 2067 603 2129; x_wconf 87' lang='lat' dir='ltr'><strong>magnum</strong></span> <span class='ocrx_word' id='word_1_172' title='bbox 621 2056 669 2110; x_wconf 89' lang='lat' dir='ltr'><strong>est</strong></span> <span class='ocrx_word' id='word_1_173' title='bbox 689 2047 814 2110; x_wconf 91' lang='lat' dir='ltr'><strong>lucrum</strong></span> <span class='ocrx_word' id='word_1_174' title='bbox 833 2047 914 2128; x_wconf 89' lang='lat' dir='ltr'><strong>ejus,</strong></span> <span class='ocrx_word' id='word_1_175' title='bbox 971 2069 1063 2111; x_wconf 90' lang='lat' dir='ltr'><strong>amur</strong></span> <span class='ocrx_word' id='word_1_176' title='bbox 1077 2068 1095 2111; x_wconf 98' lang='lat' dir='ltr'><strong>a</strong></span> <span class='ocrx_word' id='word_1_177' title='bbox 1110 2050 1174 2113; x_wconf 86' lang='lat' dir='ltr'><strong>Deo</strong></span> <span class='ocrx_word' id='word_1_178' title='bbox 1189 2051 1301 2132; x_wconf 88' lang='lat' dir='ltr'><strong>repelli</strong></span> <span class='ocrx_word' id='word_1_179' title='bbox 1317 2071 1353 2116; x_wconf 90' lang='lat' dir='ltr'><strong>ao</strong></span> <span class='ocrx_word' id='word_1_180' title='bbox 1369 2054 1502 2136; x_wconf 90' lang='lat' dir='ltr'><strong>despici,</strong></span> <span class='ocrx_word' id='word_1_181' title='bbox 1519 2073 1582 2117; x_wconf 92' lang='lat' dir='ltr'><strong>non</strong></span> <span class='ocrx_word' id='word_1_182' title='bbox 1597 2054 1720 2137; x_wconf 87' lang='lat' dir='ltr'><strong>franga-</strong></span> 
     </span>
    </p>

    <p class='ocr_par' dir='ltr' id='par_1_13' title="bbox 168 2146 1718 2328">
     <span class='ocr_line' id='line_1_17' title="bbox 168 2146 1716 2236; baseline 0.005 -26"><span class='ocrx_word' id='word_1_183' title='bbox 168 2156 200 2210; x_wconf 91' lang='lat' dir='ltr'><strong>et</strong></span> <span class='ocrx_word' id='word_1_184' title='bbox 220 2147 461 2229; x_wconf 89' lang='lat' dir='ltr'><strong>copiosissimus</strong></span> <span class='ocrx_word' id='word_1_185' title='bbox 485 2146 608 2209; x_wconf 87' lang='lat' dir='ltr'><strong>tructus</strong></span> <span class='ocrx_word' id='word_1_186' title='bbox 633 2147 744 2229; x_wconf 94' lang='lat' dir='ltr'><strong>ipsius.</strong></span> <span class='ocrx_word' id='word_1_187' title='bbox 972 2167 1056 2222; x_wconf 93' lang='lat' dir='ltr'><strong>mur,</strong></span> <span class='ocrx_word' id='word_1_188' title='bbox 1078 2167 1137 2210; x_wconf 90' lang='lat' dir='ltr'><strong>nec</strong></span> <span class='ocrx_word' id='word_1_189' title='bbox 1161 2149 1378 2232; x_wconf 89' lang='lat' dir='ltr'><strong>desperemus,</strong></span> <span class='ocrx_word' id='word_1_190' title='bbox 1403 2171 1507 2236; x_wconf 89' lang='lat' dir='ltr'><strong>neque</strong></span> <span class='ocrx_word' id='word_1_191' title='bbox 1531 2172 1716 2218; x_wconf 85' lang='lat' dir='ltr'><strong>cessemus:</strong></span> 
     </span>
     <span class='ocr_line' id='line_1_18' title="bbox 219 2243 1718 2328; baseline 0.005 -20"><span class='ocrx_word' id='word_1_192' title='bbox 219 2246 370 2310; x_wconf 77' lang='lat' dir='ltr'><strong>Preterea</strong></span> <span class='ocrx_word' id='word_1_193' title='bbox 403 2244 669 2308; x_wconf 89' lang='lat' dir='ltr'><strong>considerandum</strong></span> <span class='ocrx_word' id='word_1_194' title='bbox 703 2252 751 2307; x_wconf 89' lang='lat' dir='ltr'><strong>est</strong></span> <span class='ocrx_word' id='word_1_195' title='bbox 782 2243 918 2326; x_wconf 88' lang='lat' dir='ltr'><strong>qualiter</strong></span> <span class='ocrx_word' id='word_1_196' title='bbox 974 2247 1038 2308; x_wconf 92' lang='lat' dir='ltr'><strong>imo</strong></span> <span class='ocrx_word' id='word_1_197' title='bbox 1062 2265 1136 2308; x_wconf 88' lang='lat' dir='ltr'><strong>eum</strong></span> <span class='ocrx_word' id='word_1_198' title='bbox 1161 2255 1270 2312; x_wconf 91' lang='lat' dir='ltr'><strong>sancto</strong></span> <span class='ocrx_word' id='word_1_199' title='bbox 1293 2249 1351 2312; x_wconf 89' lang='lat' dir='ltr'><strong>Job</strong></span> <span class='ocrx_word' id='word_1_200' title='bbox 1380 2269 1419 2313; x_wconf 81' lang='lat' dir='ltr'><strong>ex</strong></span> <span class='ocrx_word' id='word_1_201' title='bbox 1443 2252 1538 2316; x_wconf 91' lang='lat' dir='ltr'><strong>corde</strong></span> <span class='ocrx_word' id='word_1_202' title='bbox 1562 2252 1718 2328; x_wconf 86' lang='lat' dir='ltr'><strong>dicamus,</strong></span> 
     </span>
    </p>

    <p class='ocr_par' dir='ltr' id='par_1_14' title="bbox 169 2342 1866 2433">
     <span class='ocr_line' id='line_1_19' title="bbox 169 2342 1866 2433; baseline 0.006 -29"><span class='ocrx_word' id='word_1_203' title='bbox 169 2344 347 2407; x_wconf 82' lang='lat' dir='ltr'><strong>exorandus</strong></span> <span class='ocrx_word' id='word_1_204' title='bbox 362 2343 404 2405; x_wconf 91' lang='lat' dir='ltr'><strong>sit</strong></span> <span class='ocrx_word' id='word_1_205' title='bbox 417 2343 507 2406; x_wconf 88' lang='lat' dir='ltr'><strong>Deus</strong></span> <span class='ocrx_word' id='word_1_206' title='bbox 516 2343 571 2406; x_wconf 88' lang='lat' dir='ltr'><strong>Est</strong></span> <span class='ocrx_word' id='word_1_207' title='bbox 586 2344 692 2425; x_wconf 88' lang='lat' dir='ltr'><strong>itaque</strong></span> <span class='ocrx_word' id='word_1_208' title='bbox 708 2342 916 2405; x_wconf 85' lang='lat' dir='ltr'><strong>invocandus:</strong></span> <span class='ocrx_word' id='word_1_209' title='bbox 974 2345 1076 2407; x_wconf 87' lang='lat' dir='ltr'><strong>Etiam</strong></span> <span class='ocrx_word' id='word_1_210' title='bbox 1100 2345 1127 2408; x_wconf 91' lang='lat' dir='ltr'><strong>si</strong></span> <span class='ocrx_word' id='word_1_211' title='bbox 1151 2347 1303 2410; x_wconf 90' lang='lat' dir='ltr'><strong>occiderit</strong></span> <span class='ocrx_word' id='word_1_212' title='bbox 1327 2368 1390 2423; x_wconf 89' lang='lat' dir='ltr'><strong>me,</strong></span> <span class='ocrx_word' id='word_1_213' title='bbox 1417 2350 1451 2413; x_wconf 89' lang='lat' dir='ltr'><strong>in</strong></span> <span class='ocrx_word' id='word_1_214' title='bbox 1474 2369 1548 2414; x_wconf 89' lang='lat' dir='ltr'><strong>eum</strong></span> <span class='ocrx_word' id='word_1_215' title='bbox 1573 2352 1717 2433; x_wconf 92' lang='lat' dir='ltr'><strong>sperabo.</strong></span> <span class='ocrx_word' id='word_1_216' title='bbox 1731 2377 1866 2430; x_wconf 50' lang='lat' dir='ltr'><strong>namma</strong></span> 
     </span>
    </p>

    <p class='ocr_par' dir='ltr' id='par_1_15' title="bbox 168 2441 1721 2525">
     <span class='ocr_line' id='line_1_20' title="bbox 168 2441 1721 2525; baseline 0.003 -16"><span class='ocrx_word' id='word_1_217' title='bbox 168 2442 285 2516; x_wconf 90' lang='lat' dir='ltr'><strong>Primo,</strong></span> <span class='ocrx_word' id='word_1_218' title='bbox 302 2461 376 2504; x_wconf 88' lang='lat' dir='ltr'><strong>eum</strong></span> <span class='ocrx_word' id='word_1_219' title='bbox 400 2459 514 2522; x_wconf 90' lang='lat' dir='ltr'><strong>magno</strong></span> <span class='ocrx_word' id='word_1_220' title='bbox 537 2442 676 2504; x_wconf 88' lang='lat' dir='ltr'><strong>caritatis</strong></span> <span class='ocrx_word' id='word_1_221' title='bbox 698 2441 834 2515; x_wconf 90' lang='lat' dir='ltr'><strong>lervore,</strong></span> <span class='ocrx_word' id='word_1_222' title='bbox 852 2449 918 2502; x_wconf 89' lang='lat' dir='ltr'><strong>tau·</strong></span> <span class='ocrx_word' id='word_1_223' title='bbox 973 2443 1081 2525; x_wconf 86' lang='lat' dir='ltr'><strong>ltaque</strong></span> <span class='ocrx_word' id='word_1_224' title='bbox 1094 2443 1185 2524; x_wconf 84' lang='lat' dir='ltr'><strong>juxta</strong></span> <span class='ocrx_word' id='word_1_225' title='bbox 1204 2445 1290 2508; x_wconf 89' lang='lat' dir='ltr'><strong>hune</strong></span> <span class='ocrx_word' id='word_1_226' title='bbox 1311 2448 1440 2510; x_wconf 93' lang='lat' dir='ltr'><strong>modum</strong></span> <span class='ocrx_word' id='word_1_227' title='bbox 1461 2450 1561 2514; x_wconf 86' lang='lat' dir='ltr'><strong>Deum</strong></span> <span class='ocrx_word' id='word_1_228' title='bbox 1581 2449 1721 2513; x_wconf 82' lang='lat' dir='ltr'><strong>fideliter</strong></span> 
     </span>
    </p>

    <p class='ocr_par' dir='ltr' id='par_1_16' title="bbox 169 2539 1719 2626">
     <span class='ocr_line' id='line_1_21' title="bbox 169 2539 1719 2626; baseline 0.005 -23"><span class='ocrx_word' id='word_1_229' title='bbox 169 2560 266 2622; x_wconf 91' lang='lat' dir='ltr'><strong>quam</strong></span> <span class='ocrx_word' id='word_1_230' title='bbox 283 2541 448 2624; x_wconf 89' lang='lat' dir='ltr'><strong>piissimus</strong></span> <span class='ocrx_word' id='word_1_231' title='bbox 467 2549 567 2624; x_wconf 89' lang='lat' dir='ltr'><strong>pater.</strong></span> <span class='ocrx_word' id='word_1_232' title='bbox 584 2542 662 2604; x_wconf 85' lang='lat' dir='ltr'><strong>Nam</strong></span> <span class='ocrx_word' id='word_1_233' title='bbox 679 2541 719 2604; x_wconf 89' lang='lat' dir='ltr'><strong>ab</strong></span> <span class='ocrx_word' id='word_1_234' title='bbox 734 2539 919 2604; x_wconf 91' lang='lat' dir='ltr'><strong>hominibus</strong></span> <span class='ocrx_word' id='word_1_235' title='bbox 975 2543 1170 2605; x_wconf 86' lang='lat' dir='ltr'><strong>invocemus.</strong></span> <span class='ocrx_word' id='word_1_236' title='bbox 1195 2544 1254 2606; x_wconf 90' lang='lat' dir='ltr'><strong>Sed</strong></span> <span class='ocrx_word' id='word_1_237' title='bbox 1277 2545 1353 2626; x_wconf 91' lang='lat' dir='ltr'><strong>quia</strong></span> <span class='ocrx_word' id='word_1_238' title='bbox 1370 2545 1475 2608; x_wconf 91' lang='lat' dir='ltr'><strong>taliter</strong></span> <span class='ocrx_word' id='word_1_239' title='bbox 1496 2566 1559 2611; x_wconf 94' lang='lat' dir='ltr'><strong>non</strong></span> <span class='ocrx_word' id='word_1_240' title='bbox 1580 2565 1719 2622; x_wconf 90' lang='lat' dir='ltr'><strong>oramus,</strong></span> 
     </span>
    </p>

    <p class='ocr_par' dir='ltr' id='par_1_17' title="bbox 170 2639 1722 2722">
     <span class='ocr_line' id='line_1_22' title="bbox 170 2639 1722 2722; baseline 0.005 -21"><span class='ocrx_word' id='word_1_241' title='bbox 170 2648 260 2722; x_wconf 91' lang='lat' dir='ltr'><strong>pater</strong></span> <span class='ocrx_word' id='word_1_242' title='bbox 276 2640 383 2703; x_wconf 89' lang='lat' dir='ltr'><strong>vocari</strong></span> <span class='ocrx_word' id='word_1_243' title='bbox 402 2639 560 2722; x_wconf 91' lang='lat' dir='ltr'><strong>dignatur,</strong></span> <span class='ocrx_word' id='word_1_244' title='bbox 578 2648 610 2702; x_wconf 91' lang='lat' dir='ltr'><strong>et</strong></span> <span class='ocrx_word' id='word_1_245' title='bbox 624 2639 730 2722; x_wconf 88' lang='lat' dir='ltr'><strong>potius</strong></span> <span class='ocrx_word' id='word_1_246' title='bbox 746 2640 816 2702; x_wconf 89' lang='lat' dir='ltr'><strong>vult</strong></span> <span class='ocrx_word' id='word_1_247' title='bbox 834 2657 918 2701; x_wconf 91' lang='lat' dir='ltr'><strong>ama·</strong></span> <span class='ocrx_word' id='word_1_248' title='bbox 974 2641 1029 2703; x_wconf 91' lang='lat' dir='ltr'><strong>sed</strong></span> <span class='ocrx_word' id='word_1_249' title='bbox 1045 2641 1114 2704; x_wconf 89' lang='lat' dir='ltr'><strong>sine</strong></span> <span class='ocrx_word' id='word_1_250' title='bbox 1132 2643 1311 2705; x_wconf 90' lang='lat' dir='ltr'><strong>reverentia</strong></span> <span class='ocrx_word' id='word_1_251' title='bbox 1331 2651 1362 2706; x_wconf 92' lang='lat' dir='ltr'><strong>et</strong></span> <span class='ocrx_word' id='word_1_252' title='bbox 1379 2644 1511 2721; x_wconf 85' lang='lat' dir='ltr'><strong>affectu,</strong></span> <span class='ocrx_word' id='word_1_253' title='bbox 1531 2664 1570 2709; x_wconf 82' lang='lat' dir='ltr'><strong>ex</strong></span> <span class='ocrx_word' id='word_1_254' title='bbox 1590 2665 1722 2710; x_wconf 91' lang='lat' dir='ltr'><strong>consue·</strong></span> 
     </span>
    </p>

    <p class='ocr_par' dir='ltr' id='par_1_18' title="bbox 171 2739 1725 2822">
     <span class='ocr_line' id='line_1_23' title="bbox 171 2739 1725 2822; baseline 0.005 -22"><span class='ocrx_word' id='word_1_255' title='bbox 171 2739 207 2809; x_wconf 71' lang='lat' dir='ltr'><strong>ri¹</strong></span> <span class='ocrx_word' id='word_1_256' title='bbox 220 2747 255 2801; x_wconf 92' lang='lat' dir='ltr'><strong>ut</strong></span> <span class='ocrx_word' id='word_1_257' title='bbox 274 2747 375 2822; x_wconf 87' lang='lat' dir='ltr'><strong>pater,</strong></span> <span class='ocrx_word' id='word_1_258' title='bbox 395 2759 492 2822; x_wconf 84' lang='lat' dir='ltr'><strong>quam</strong></span> <span class='ocrx_word' id='word_1_259' title='bbox 514 2739 680 2802; x_wconf 86' lang='lat' dir='ltr'><strong>formidari</strong></span> <span class='ocrx_word' id='word_1_260' title='bbox 703 2746 738 2800; x_wconf 93' lang='lat' dir='ltr'><strong>ut</strong></span> <span class='ocrx_word' id='word_1_261' title='bbox 758 2739 916 2802; x_wconf 89' lang='lat' dir='ltr'><strong>dominus.</strong></span> <span class='ocrx_word' id='word_1_262' title='bbox 976 2739 1085 2802; x_wconf 91' lang='lat' dir='ltr'><strong>tudine</strong></span> <span class='ocrx_word' id='word_1_263' title='bbox 1106 2741 1255 2821; x_wconf 91' lang='lat' dir='ltr'><strong>quadam,</strong></span> <span class='ocrx_word' id='word_1_264' title='bbox 1273 2760 1332 2804; x_wconf 90' lang='lat' dir='ltr'><strong>nee</strong></span> <span class='ocrx_word' id='word_1_265' title='bbox 1353 2743 1465 2806; x_wconf 91' lang='lat' dir='ltr'><strong>damus</strong></span> <span class='ocrx_word' id='word_1_266' title='bbox 1489 2762 1546 2808; x_wconf 94' lang='lat' dir='ltr'><strong>nos</strong></span> <span class='ocrx_word' id='word_1_267' title='bbox 1565 2745 1604 2808; x_wconf 89' lang='lat' dir='ltr'><strong>ad</strong></span> <span class='ocrx_word' id='word_1_268' title='bbox 1619 2763 1725 2807; x_wconf 88' lang='lat' dir='ltr'><strong>ernen-</strong></span> 
     </span>
    </p>

    <p class='ocr_par' dir='ltr' id='par_1_19' title="bbox 171 2835 1724 2923">
     <span class='ocr_line' id='line_1_24' title="bbox 171 2835 1724 2923; baseline 0.003 -23"><span class='ocrx_word' id='word_1_269' title='bbox 171 2838 258 2901; x_wconf 91' lang='lat' dir='ltr'><strong>Unde</strong></span> <span class='ocrx_word' id='word_1_270' title='bbox 283 2838 463 2900; x_wconf 86' lang='lat' dir='ltr'><strong>Orationem</strong></span> <span class='ocrx_word' id='word_1_271' title='bbox 487 2837 682 2900; x_wconf 90' lang='lat' dir='ltr'><strong>dominicam</strong></span> <span class='ocrx_word' id='word_1_272' title='bbox 706 2837 850 2899; x_wconf 81' lang='lat' dir='ltr'><strong>Christus</strong></span> <span class='ocrx_word' id='word_1_273' title='bbox 877 2835 920 2896; x_wconf 88' lang='lat' dir='ltr'><strong>ita</strong></span> <span class='ocrx_word' id='word_1_274' title='bbox 975 2837 1133 2900; x_wconf 91' lang='lat' dir='ltr'><strong>dationem</strong></span> <span class='ocrx_word' id='word_1_275' title='bbox 1146 2857 1204 2920; x_wconf 95' lang='lat' dir='ltr'><strong>pro</strong></span> <span class='ocrx_word' id='word_1_276' title='bbox 1217 2857 1321 2921; x_wconf 89' lang='lat' dir='ltr'><strong>posse,</strong></span> <span class='ocrx_word' id='word_1_277' title='bbox 1331 2840 1477 2904; x_wconf 87' lang='lat' dir='ltr'><strong>iaciendo</strong></span> <span class='ocrx_word' id='word_1_278' title='bbox 1488 2843 1573 2923; x_wconf 91' lang='lat' dir='ltr'><strong>quod</strong></span> <span class='ocrx_word' id='word_1_279' title='bbox 1587 2843 1619 2904; x_wconf 96' lang='lat' dir='ltr'><strong>in</strong></span> <span class='ocrx_word' id='word_1_280' title='bbox 1632 2842 1724 2905; x_wconf 91' lang='lat' dir='ltr'><strong>nobis</strong></span> 
     </span>
    </p>

    <p class='ocr_par' dir='ltr' id='par_1_20' title="bbox 172 2933 1724 3019">
     <span class='ocr_line' id='line_1_25' title="bbox 172 2933 1724 3019; baseline 0.004 -23"><span class='ocrx_word' id='word_1_281' title='bbox 172 2935 292 3018; x_wconf 89' lang='lat' dir='ltr'><strong>incepit</strong></span> <span class='ocrx_word' id='word_1_282' title='bbox 304 2953 310 2996; x_wconf 95' lang='lat'><strong>:</strong></span> <span class='ocrx_word' id='word_1_283' title='bbox 323 2935 413 2998; x_wconf 88' lang='lat' dir='ltr'><strong>Pater</strong></span> <span class='ocrx_word' id='word_1_284' title='bbox 427 2943 545 3010; x_wconf 89' lang='lat' dir='ltr'><strong>noster,</strong></span> <span class='ocrx_word' id='word_1_285' title='bbox 555 2936 610 3016; x_wconf 90' lang='lat' dir='ltr'><strong>qui</strong></span> <span class='ocrx_word' id='word_1_286' title='bbox 626 2954 661 2996; x_wconf 89' lang='lat' dir='ltr'><strong>es</strong></span> <span class='ocrx_word' id='word_1_287' title='bbox 677 2935 709 2995; x_wconf 96' lang='lat' dir='ltr'><strong>in</strong></span> <span class='ocrx_word' id='word_1_288' title='bbox 726 2934 824 2998; x_wconf 89' lang='lat' dir='ltr'><strong>eoelis.</strong></span> <span class='ocrx_word' id='word_1_289' title='bbox 838 2933 919 2996; x_wconf 88' lang='lat' dir='ltr'><strong>Dum</strong></span> <span class='ocrx_word' id='word_1_290' title='bbox 976 2943 1044 3016; x_wconf 90' lang='lat' dir='ltr'><strong>est;</strong></span> <span class='ocrx_word' id='word_1_291' title='bbox 1061 2936 1180 3000; x_wconf 90' lang='lat' dir='ltr'><strong>idcirco</strong></span> <span class='ocrx_word' id='word_1_292' title='bbox 1200 2956 1219 2999; x_wconf 97' lang='lat' dir='ltr'><strong>a</strong></span> <span class='ocrx_word' id='word_1_293' title='bbox 1238 2937 1470 3019; x_wconf 88' lang='lat' dir='ltr'><strong>benignissimo</strong></span> <span class='ocrx_word' id='word_1_294' title='bbox 1491 2940 1580 3003; x_wconf 89' lang='lat' dir='ltr'><strong>Patre</strong></span> <span class='ocrx_word' id='word_1_295' title='bbox 1602 2940 1724 3004; x_wconf 87' lang='lat' dir='ltr'><strong>coelesti</strong></span> 
     </span>
    </p>

    <p class='ocr_par' dir='ltr' id='par_1_21' title="bbox 171 3035 1261 3115">
     <span class='ocr_line' id='line_1_26' title="bbox 171 3035 1261 3115; baseline 0 -19"><span class='ocrx_word' id='word_1_296' title='bbox 171 3051 246 3115; x_wconf 90' lang='lat' dir='ltr'><strong>ergo</strong></span> <span class='ocrx_word' id='word_1_297' title='bbox 266 3035 366 3096; x_wconf 88' lang='lat' dir='ltr'><strong>Deum</strong></span> <span class='ocrx_word' id='word_1_298' title='bbox 385 3051 537 3096; x_wconf 88' lang='lat' dir='ltr'><strong>vocamus</strong></span> <span class='ocrx_word' id='word_1_299' title='bbox 557 3041 691 3115; x_wconf 83' lang='lat' dir='ltr'><strong>petrem,</strong></span> <span class='ocrx_word' id='word_1_300' title='bbox 708 3051 857 3095; x_wconf 88' lang='lat' dir='ltr'><strong>curemus</strong></span> <span class='ocrx_word' id='word_1_301' title='bbox 877 3050 922 3092; x_wconf 93' lang='lat' dir='ltr'><strong>es·</strong></span> <span class='ocrx_word' id='word_1_302' title='bbox 939 3037 961 3102; x_wconf 84' lang='lat' dir='ltr'>C</span> <span class='ocrx_word' id='word_1_303' title='bbox 977 3051 1042 3096; x_wconf 90' lang='lat' dir='ltr'><strong>non</strong></span> <span class='ocrx_word' id='word_1_304' title='bbox 1062 3035 1261 3097; x_wconf 83' lang='lat' dir='ltr'><strong>exaudimur.</strong></span> 
     </span>
    </p>

    <p class='ocr_par' dir='ltr' id='par_1_22' title="bbox 172 3131 1724 3219">
     <span class='ocr_line' id='line_1_27' title="bbox 172 3131 1724 3219; baseline 0.003 -23"><span class='ocrx_word' id='word_1_305' title='bbox 172 3153 206 3195; x_wconf 88' lang='lat' dir='ltr'><strong>sc</strong></span> <span class='ocrx_word' id='word_1_306' title='bbox 231 3133 306 3196; x_wconf 92' lang='lat' dir='ltr'><strong>boni</strong></span> <span class='ocrx_word' id='word_1_307' title='bbox 329 3152 366 3196; x_wconf 90' lang='lat' dir='ltr'><strong>ac</strong></span> <span class='ocrx_word' id='word_1_308' title='bbox 390 3133 576 3196; x_wconf 89' lang='lat' dir='ltr'><strong>obedientes</strong></span> <span class='ocrx_word' id='word_1_309' title='bbox 599 3131 662 3194; x_wconf 91' lang='lat' dir='ltr'><strong>lilii</strong></span> <span class='ocrx_word' id='word_1_310' title='bbox 683 3132 765 3212; x_wconf 82' lang='lat' dir='ltr'><strong>ejus,</strong></span> <span class='ocrx_word' id='word_1_311' title='bbox 787 3149 851 3194; x_wconf 92' lang='lat' dir='ltr'><strong>non</strong></span> <span class='ocrx_word' id='word_1_312' title='bbox 876 3149 921 3192; x_wconf 92' lang='lat' dir='ltr'><strong>re·</strong></span> <span class='ocrx_word' id='word_1_313' title='bbox 1016 3131 1145 3213; x_wconf 80' lang='lat' dir='ltr'><strong>Legitur</strong></span> <span class='ocrx_word' id='word_1_314' title='bbox 1165 3134 1204 3196; x_wconf 91' lang='lat' dir='ltr'><strong>de</strong></span> <span class='ocrx_word' id='word_1_315' title='bbox 1225 3134 1260 3196; x_wconf 88' lang='grc' dir='ltr'><strong>Β.</strong></span> <span class='ocrx_word' id='word_1_316' title='bbox 1277 3133 1381 3197; x_wconf 91' lang='lat' dir='ltr'><strong>Leone</strong></span> <span class='ocrx_word' id='word_1_317' title='bbox 1403 3136 1495 3219; x_wconf 87' lang='lat' dir='ltr'><strong>Papa,</strong></span> <span class='ocrx_word' id='word_1_318' title='bbox 1511 3137 1568 3218; x_wconf 89' lang='lat' dir='ltr'><strong>qui</strong></span> <span class='ocrx_word' id='word_1_319' title='bbox 1588 3136 1650 3199; x_wconf 90' lang='lat' dir='ltr'><strong>luit</strong></span> <span class='ocrx_word' id='word_1_320' title='bbox 1671 3156 1724 3200; x_wconf 90' lang='lat' dir='ltr'><strong>na·</strong></span> 
     </span>
    </p>

    <p class='ocr_par' dir='ltr' id='par_1_23' title="bbox 171 3231 1724 3315">
     <span class='ocr_line' id='line_1_28' title="bbox 171 3231 1724 3315; baseline 0.003 -21"><span class='ocrx_word' id='word_1_321' title='bbox 171 3233 272 3296; x_wconf 90' lang='lat' dir='ltr'><strong>belles</strong></span> <span class='ocrx_word' id='word_1_322' title='bbox 286 3251 323 3295; x_wconf 87' lang='lat' dir='ltr'><strong>ae</strong></span> <span class='ocrx_word' id='word_1_323' title='bbox 338 3232 495 3314; x_wconf 91' lang='lat' dir='ltr'><strong>injuriosi.</strong></span> <span class='ocrx_word' id='word_1_324' title='bbox 514 3232 670 3306; x_wconf 89' lang='lat' dir='ltr'><strong>Secundo,</strong></span> <span class='ocrx_word' id='word_1_325' title='bbox 682 3231 859 3293; x_wconf 86' lang='lat' dir='ltr'><strong>exorandus</strong></span> <span class='ocrx_word' id='word_1_326' title='bbox 874 3236 922 3291; x_wconf 90' lang='lat' dir='ltr'><strong>est</strong></span> <span class='ocrx_word' id='word_1_327' title='bbox 977 3231 1062 3293; x_wconf 92' lang='lat' dir='ltr'><strong>tione</strong></span> <span class='ocrx_word' id='word_1_328' title='bbox 1087 3231 1257 3308; x_wconf 86' lang='lat' dir='ltr'><strong>Romanus,</strong></span> <span class='ocrx_word' id='word_1_329' title='bbox 1278 3251 1316 3294; x_wconf 92' lang='lat' dir='ltr'><strong>ac</strong></span> <span class='ocrx_word' id='word_1_330' title='bbox 1340 3233 1560 3297; x_wconf 90' lang='lat' dir='ltr'><strong>nobilissimus</strong></span> <span class='ocrx_word' id='word_1_331' title='bbox 1583 3235 1724 3315; x_wconf 83' lang='lat' dir='ltr'><strong>juvenis,</strong></span> 
     </span>
    </p>

    <p class='ocr_par' dir='ltr' id='par_1_24' title="bbox 173 3327 1725 3413">
     <span class='ocr_line' id='line_1_29' title="bbox 173 3327 1725 3413; baseline 0.001 -19"><span class='ocrx_word' id='word_1_332' title='bbox 173 3332 255 3395; x_wconf 88' lang='lat' dir='ltr'><strong>Deus</strong></span> <span class='ocrx_word' id='word_1_333' title='bbox 278 3351 351 3394; x_wconf 89' lang='lat' dir='ltr'><strong>eum</strong></span> <span class='ocrx_word' id='word_1_334' title='bbox 375 3331 465 3394; x_wconf 93' lang='lat' dir='ltr'><strong>omni</strong></span> <span class='ocrx_word' id='word_1_335' title='bbox 487 3329 617 3405; x_wconf 82' lang='lat' dir='ltr'><strong>fiducia,</strong></span> <span class='ocrx_word' id='word_1_336' title='bbox 635 3337 670 3392; x_wconf 93' lang='lat' dir='ltr'><strong>ut</strong></span> <span class='ocrx_word' id='word_1_337' title='bbox 692 3330 767 3392; x_wconf 89' lang='lat' dir='ltr'><strong>satis</strong></span> <span class='ocrx_word' id='word_1_338' title='bbox 789 3329 856 3410; x_wconf 87' lang='lat' dir='ltr'><strong>jam</strong></span> <span class='ocrx_word' id='word_1_339' title='bbox 877 3327 922 3389; x_wconf 94' lang='lat' dir='ltr'><strong>di·</strong></span> <span class='ocrx_word' id='word_1_340' title='bbox 977 3337 1087 3411; x_wconf 90' lang='lat' dir='ltr'><strong>utpote</strong></span> <span class='ocrx_word' id='word_1_341' title='bbox 1116 3330 1241 3412; x_wconf 88' lang='lat' dir='ltr'><strong>patricii</strong></span> <span class='ocrx_word' id='word_1_342' title='bbox 1270 3330 1370 3406; x_wconf 88' lang='lat' dir='ltr'><strong>tilius,</strong></span> <span class='ocrx_word' id='word_1_343' title='bbox 1401 3333 1486 3413; x_wconf 92' lang='lat' dir='ltr'><strong>quod</strong></span> <span class='ocrx_word' id='word_1_344' title='bbox 1516 3332 1593 3395; x_wconf 92' lang='lat' dir='ltr'><strong>dum</strong></span> <span class='ocrx_word' id='word_1_345' title='bbox 1621 3334 1725 3396; x_wconf 88' lang='lat' dir='ltr'><strong>adhuc</strong></span> 
     </span>
    </p>

    <p class='ocr_par' dir='ltr' id='par_1_25' title="bbox 173 3427 1727 3510">
     <span class='ocr_line' id='line_1_30' title="bbox 173 3427 1727 3510; baseline 0.001 -18"><span class='ocrx_word' id='word_1_346' title='bbox 173 3439 261 3493; x_wconf 90' lang='lat' dir='ltr'><strong>ctum</strong></span> <span class='ocrx_word' id='word_1_347' title='bbox 283 3439 340 3492; x_wconf 90' lang='lat' dir='ltr'><strong>est.</strong></span> <span class='ocrx_word' id='word_1_348' title='bbox 363 3430 478 3504; x_wconf 87' lang='lat' dir='ltr'><strong>Tertio,</strong></span> <span class='ocrx_word' id='word_1_349' title='bbox 500 3449 574 3492; x_wconf 88' lang='lat' dir='ltr'><strong>eum</strong></span> <span class='ocrx_word' id='word_1_350' title='bbox 595 3429 708 3510; x_wconf 88' lang='lat' dir='ltr'><strong>grandi</strong></span> <span class='ocrx_word' id='word_1_351' title='bbox 732 3427 919 3502; x_wconf 88' lang='lat' dir='ltr'><strong>reverentia,</strong></span> <span class='ocrx_word' id='word_1_352' title='bbox 976 3427 1161 3490; x_wconf 88' lang='lat' dir='ltr'><strong>adolescens</strong></span> <span class='ocrx_word' id='word_1_353' title='bbox 1175 3427 1245 3502; x_wconf 88' lang='lat' dir='ltr'><strong>luit,</strong></span> <span class='ocrx_word' id='word_1_354' title='bbox 1255 3427 1416 3508; x_wconf 85' lang='lat' dir='ltr'><strong>subjacuit</strong></span> <span class='ocrx_word' id='word_1_355' title='bbox 1431 3429 1669 3494; x_wconf 69' lang='lat' dir='ltr'><strong>incontinentis</strong></span> <span class='ocrx_word' id='word_1_356' title='bbox 1684 3431 1727 3493; x_wconf 92' lang='lat' dir='ltr'><strong>vi-</strong></span> 
     </span>
    </p>

    <p class='ocr_par' dir='ltr' id='par_1_26' title="bbox 173 3525 1725 3610">
     <span class='ocr_line' id='line_1_31' title="bbox 173 3525 1725 3610; baseline 0.001 -20"><span class='ocrx_word' id='word_1_357' title='bbox 173 3537 324 3610; x_wconf 88' lang='lat' dir='ltr'><strong>tanquam</strong></span> <span class='ocrx_word' id='word_1_358' title='bbox 346 3547 400 3590; x_wconf 81' lang='lat' dir='ltr'><strong>rex</strong></span> <span class='ocrx_word' id='word_1_359' title='bbox 421 3527 596 3608; x_wconf 73' lang='lat' dir='ltr'><strong>maiestatis</strong></span> <span class='ocrx_word' id='word_1_360' title='bbox 612 3533 644 3588; x_wconf 92' lang='lat' dir='ltr'><strong>et</strong></span> <span class='ocrx_word' id='word_1_361' title='bbox 658 3526 855 3588; x_wconf 77' lang='lat' dir='ltr'><strong>excellentie</strong></span> <span class='ocrx_word' id='word_1_362' title='bbox 874 3525 921 3588; x_wconf 94' lang='lat' dir='ltr'><strong>in·</strong></span> <span class='ocrx_word' id='word_1_363' title='bbox 978 3525 1033 3600; x_wconf 92' lang='lat' dir='ltr'><strong>tio,</strong></span> <span class='ocrx_word' id='word_1_364' title='bbox 1050 3526 1089 3588; x_wconf 90' lang='lat' dir='ltr'><strong>ad</strong></span> <span class='ocrx_word' id='word_1_365' title='bbox 1104 3526 1188 3610; x_wconf 90' lang='lat' dir='ltr'><strong>quod</strong></span> <span class='ocrx_word' id='word_1_366' title='bbox 1203 3544 1242 3588; x_wconf 81' lang='lat' dir='ltr'><strong>ex</strong></span> <span class='ocrx_word' id='word_1_367' title='bbox 1258 3526 1456 3590; x_wconf 89' lang='lat' dir='ltr'><strong>naturalibus</strong></span> <span class='ocrx_word' id='word_1_368' title='bbox 1477 3527 1543 3590; x_wconf 89' lang='lat' dir='ltr'><strong>suis</strong></span> <span class='ocrx_word' id='word_1_369' title='bbox 1558 3534 1626 3591; x_wconf 90' lang='lat' dir='ltr'><strong>erat</strong></span> <span class='ocrx_word' id='word_1_370' title='bbox 1644 3528 1725 3591; x_wconf 92' lang='lat' dir='ltr'><strong>mul-</strong></span> 
     </span>
    </p>

    <p class='ocr_par' dir='ltr' id='par_1_27' title="bbox 172 3623 1726 3708">
     <span class='ocr_line' id='line_1_32' title="bbox 172 3623 1726 3708; baseline 0 -20"><span class='ocrx_word' id='word_1_371' title='bbox 172 3627 353 3700; x_wconf 85' lang='lat' dir='ltr'><strong>iinitae,boc</strong></span> <span class='ocrx_word' id='word_1_372' title='bbox 368 3633 417 3689; x_wconf 90' lang='lat' dir='ltr'><strong>est</strong></span> <span class='ocrx_word' id='word_1_373' title='bbox 432 3645 506 3688; x_wconf 90' lang='lat' dir='ltr'><strong>eum</strong></span> <span class='ocrx_word' id='word_1_374' title='bbox 523 3627 643 3707; x_wconf 89' lang='lat' dir='ltr'><strong>ingenti</strong></span> <span class='ocrx_word' id='word_1_375' title='bbox 659 3625 763 3688; x_wconf 91' lang='lat' dir='ltr'><strong>cordis</strong></span> <span class='ocrx_word' id='word_1_376' title='bbox 779 3624 922 3686; x_wconf 90' lang='lat' dir='ltr'><strong>custodia</strong></span> <span class='ocrx_word' id='word_1_377' title='bbox 977 3631 1046 3685; x_wconf 91' lang='lat' dir='ltr'><strong>tum</strong></span> <span class='ocrx_word' id='word_1_378' title='bbox 1061 3623 1223 3705; x_wconf 87' lang='lat' dir='ltr'><strong>proclivis.</strong></span> <span class='ocrx_word' id='word_1_379' title='bbox 1241 3624 1301 3687; x_wconf 88' lang='lat' dir='ltr'><strong>Sed</strong></span> <span class='ocrx_word' id='word_1_380' title='bbox 1322 3624 1459 3687; x_wconf 91' lang='lat' dir='ltr'><strong>multum</strong></span> <span class='ocrx_word' id='word_1_381' title='bbox 1479 3625 1645 3708; x_wconf 88' lang='lat' dir='ltr'><strong>displicuit</strong></span> <span class='ocrx_word' id='word_1_382' title='bbox 1664 3627 1726 3690; x_wconf 88' lang='lat' dir='ltr'><strong>sibi</strong></span> 
     </span>
    </p>

    <p class='ocr_par' dir='ltr' id='par_1_28' title="bbox 173 3721 1726 3808">
     <span class='ocr_line' id='line_1_33' title="bbox 173 3721 1726 3808; baseline 0.001 -21"><span class='ocrx_word' id='word_1_383' title='bbox 173 3732 205 3787; x_wconf 89' lang='lat' dir='ltr'><strong>et</strong></span> <span class='ocrx_word' id='word_1_384' title='bbox 226 3725 433 3800; x_wconf 89' lang='lat' dir='ltr'><strong>advertentia,</strong></span> <span class='ocrx_word' id='word_1_385' title='bbox 453 3743 490 3788; x_wconf 89' lang='lat' dir='ltr'><strong>ac</strong></span> <span class='ocrx_word' id='word_1_386' title='bbox 507 3724 626 3807; x_wconf 73' lang='lat' dir='ltr'><strong>praevia</strong></span> <span class='ocrx_word' id='word_1_387' title='bbox 649 3723 747 3786; x_wconf 91' lang='lat' dir='ltr'><strong>animi</strong></span> <span class='ocrx_word' id='word_1_388' title='bbox 769 3741 922 3805; x_wconf 84' lang='lat' dir='ltr'><strong>praepara-</strong></span> <span class='ocrx_word' id='word_1_389' title='bbox 978 3721 1182 3784; x_wconf 91' lang='lat' dir='ltr'><strong>immunditia</strong></span> <span class='ocrx_word' id='word_1_390' title='bbox 1197 3741 1265 3797; x_wconf 89' lang='lat' dir='ltr'><strong>sua,</strong></span> <span class='ocrx_word' id='word_1_391' title='bbox 1279 3723 1445 3805; x_wconf 90' lang='lat' dir='ltr'><strong>oravitque</strong></span> <span class='ocrx_word' id='word_1_392' title='bbox 1466 3724 1566 3787; x_wconf 88' lang='lat' dir='ltr'><strong>Deum</strong></span> <span class='ocrx_word' id='word_1_393' title='bbox 1581 3743 1640 3808; x_wconf 94' lang='lat' dir='ltr'><strong>pro</strong></span> <span class='ocrx_word' id='word_1_394' title='bbox 1657 3743 1726 3807; x_wconf 90' lang='lat' dir='ltr'><strong>gra—</strong></span> 
     </span>
    </p>

    <p class='ocr_par' dir='ltr' id='par_1_29' title="bbox 174 3820 1726 3903">
     <span class='ocr_line' id='line_1_34' title="bbox 174 3820 1726 3903; baseline 0.001 -18"><span class='ocrx_word' id='word_1_395' title='bbox 174 3824 271 3898; x_wconf 90' lang='lat' dir='ltr'><strong>tione,</strong></span> <span class='ocrx_word' id='word_1_396' title='bbox 287 3823 507 3886; x_wconf 88' lang='lat' dir='ltr'><strong>distractiones</strong></span> <span class='ocrx_word' id='word_1_397' title='bbox 525 3822 708 3903; x_wconf 89' lang='lat' dir='ltr'><strong>abjiciendo</strong></span> <span class='ocrx_word' id='word_1_398' title='bbox 728 3830 760 3884; x_wconf 91' lang='lat' dir='ltr'><strong>et</strong></span> <span class='ocrx_word' id='word_1_399' title='bbox 782 3829 922 3884; x_wconf 89' lang='lat' dir='ltr'><strong>mentem</strong></span> <span class='ocrx_word' id='word_1_400' title='bbox 978 3821 1021 3883; x_wconf 90' lang='lat' dir='ltr'><strong>tia</strong></span> <span class='ocrx_word' id='word_1_401' title='bbox 1043 3820 1213 3900; x_wconf 89' lang='lat' dir='ltr'><strong>castitatis;</strong></span> <span class='ocrx_word' id='word_1_402' title='bbox 1238 3821 1442 3901; x_wconf 89' lang='lat' dir='ltr'><strong>singulariter</strong></span> <span class='ocrx_word' id='word_1_403' title='bbox 1466 3840 1542 3886; x_wconf 87' lang='lat' dir='ltr'><strong>vero</strong></span> <span class='ocrx_word' id='word_1_404' title='bbox 1566 3823 1726 3886; x_wconf 84' lang='lat' dir='ltr'><strong>invocavit</strong></span> 
     </span>
    </p>

    <p class='ocr_par' dir='ltr' id='par_1_30' title="bbox 173 3918 1726 4003">
     <span class='ocr_line' id='line_1_35' title="bbox 173 3918 1726 4003; baseline 0.001 -19"><span class='ocrx_word' id='word_1_405' title='bbox 173 3923 213 3984; x_wconf 92' lang='lat' dir='ltr'><strong>ad</strong></span> <span class='ocrx_word' id='word_1_406' title='bbox 226 3923 326 3984; x_wconf 87' lang='lat' dir='ltr'><strong>Deum</strong></span> <span class='ocrx_word' id='word_1_407' title='bbox 341 3921 482 3995; x_wconf 88' lang='lat' dir='ltr'><strong>levando,</strong></span> <span class='ocrx_word' id='word_1_408' title='bbox 490 3919 758 4003; x_wconf 89' lang='lat' dir='ltr'><strong>quemadmodum</strong></span> <span class='ocrx_word' id='word_1_409' title='bbox 774 3919 807 3981; x_wconf 93' lang='lat' dir='ltr'><strong>in</strong></span> <span class='ocrx_word' id='word_1_410' title='bbox 820 3919 924 3981; x_wconf 87' lang='lat' dir='ltr'><strong>Eccle·</strong></span> <span class='ocrx_word' id='word_1_411' title='bbox 978 3919 1156 4002; x_wconf 91' lang='lat' dir='ltr'><strong>piissimam</strong></span> <span class='ocrx_word' id='word_1_412' title='bbox 1171 3918 1286 3983; x_wconf 86' lang='lat' dir='ltr'><strong>Christi</strong></span> <span class='ocrx_word' id='word_1_413' title='bbox 1303 3920 1446 3995; x_wconf 87' lang='lat' dir='ltr'><strong>Matrem,</strong></span> <span class='ocrx_word' id='word_1_414' title='bbox 1454 3921 1616 4002; x_wconf 90' lang='lat' dir='ltr'><strong>Virginem</strong></span> <span class='ocrx_word' id='word_1_415' title='bbox 1632 3922 1726 3985; x_wconf 90' lang='lat' dir='ltr'><strong>bene·</strong></span> 
     </span>
    </p>
   </div>
   <div class='ocr_carea' id='block_1_4' title="bbox 39 4019 1723 4103">
    <p class='ocr_par' dir='ltr' id='par_1_31' title="bbox 39 4019 1723 4103">
     <span class='ocr_line' id='line_1_36' title="bbox 39 4019 1723 4103; baseline 0.001 -21"><span class='ocrx_word' id='word_1_416' title='bbox 39 4065 63 4094; x_wconf 55' lang='grc' dir='ltr'><em>α</em></span> <span class='ocrx_word' id='word_1_417' title='bbox 76 4051 155 4098; x_wconf 57' lang='lat' dir='ltr'><strong>mm,</strong></span> <span class='ocrx_word' id='word_1_418' title='bbox 172 4020 302 4083; x_wconf 89' lang='lat' dir='ltr'><strong>siastieo</strong></span> <span class='ocrx_word' id='word_1_419' title='bbox 316 4020 473 4103; x_wconf 91' lang='lat' dir='ltr'><strong>scripturn</strong></span> <span class='ocrx_word' id='word_1_420' title='bbox 487 4021 641 4082; x_wconf 64' lang='lat' dir='ltr'><strong>astutule</strong></span> <span class='ocrx_word' id='word_1_421' title='bbox 656 4019 831 4082; x_wconf 90' lang='lat' dir='ltr'><strong>orationem</strong></span> <span class='ocrx_word' id='word_1_422' title='bbox 846 4036 924 4099; x_wconf 87' lang='lat' dir='ltr'><strong>prae-</strong></span> <span class='ocrx_word' id='word_1_423' title='bbox 977 4019 1106 4094; x_wconf 85' lang='lat' dir='ltr'><strong>dietam,</strong></span> <span class='ocrx_word' id='word_1_424' title='bbox 1123 4025 1159 4079; x_wconf 92' lang='lat' dir='ltr'><strong>nt</strong></span> <span class='ocrx_word' id='word_1_425' title='bbox 1176 4037 1235 4100; x_wconf 93' lang='lat' dir='ltr'><strong>pro</strong></span> <span class='ocrx_word' id='word_1_426' title='bbox 1256 4020 1325 4101; x_wconf 89' lang='lat' dir='ltr'><strong>ipso</strong></span> <span class='ocrx_word' id='word_1_427' title='bbox 1345 4028 1469 4100; x_wconf 87' lang='lat' dir='ltr'><strong>rogaret</strong></span> <span class='ocrx_word' id='word_1_428' title='bbox 1483 4021 1599 4084; x_wconf 83' lang='lat' dir='ltr'><strong>Filium</strong></span> <span class='ocrx_word' id='word_1_429' title='bbox 1619 4041 1723 4084; x_wconf 89' lang='lat' dir='ltr'><strong>suum.</strong></span> 
     </span>
    </p>
   </div>
   <div class='ocr_carea' id='block_1_5' title="bbox 173 4115 1726 4202">
    <p class='ocr_par' dir='ltr' id='par_1_32' title="bbox 173 4115 1726 4202">
     <span class='ocr_line' id='line_1_37' title="bbox 173 4115 1726 4202; baseline 0.003 -23"><span class='ocrx_word' id='word_1_430' title='bbox 173 4137 250 4202; x_wconf 91' lang='lat' dir='ltr'><strong>para</strong></span> <span class='ocrx_word' id='word_1_431' title='bbox 270 4118 411 4180; x_wconf 89' lang='lat' dir='ltr'><strong>animam</strong></span> <span class='ocrx_word' id='word_1_432' title='bbox 431 4125 528 4180; x_wconf 92' lang='lat' dir='ltr'><strong>tuam.</strong></span> <span class='ocrx_word' id='word_1_433' title='bbox 550 4117 694 4180; x_wconf 81' lang='lat' dir='ltr'><strong>Christus</strong></span> <span class='ocrx_word' id='word_1_434' title='bbox 713 4133 840 4198; x_wconf 88' lang='lat' dir='ltr'><strong>qnoque</strong></span> <span class='ocrx_word' id='word_1_435' title='bbox 860 4115 922 4178; x_wconf 93' lang='lat' dir='ltr'><strong>dis·</strong></span> <span class='ocrx_word' id='word_1_436' title='bbox 977 4117 1146 4200; x_wconf 81' lang='lat' dir='ltr'><strong>Quumque</strong></span> <span class='ocrx_word' id='word_1_437' title='bbox 1160 4118 1303 4199; x_wconf 92' lang='lat' dir='ltr'><strong>quotidie</strong></span> <span class='ocrx_word' id='word_1_438' title='bbox 1318 4126 1422 4181; x_wconf 89' lang='lat' dir='ltr'><strong>oraret</strong></span> <span class='ocrx_word' id='word_1_439' title='bbox 1437 4119 1565 4194; x_wconf 89' lang='lat' dir='ltr'><strong>intente,</strong></span> <span class='ocrx_word' id='word_1_440' title='bbox 1574 4128 1645 4202; x_wconf 91' lang='lat' dir='ltr'><strong>post</strong></span> <span class='ocrx_word' id='word_1_441' title='bbox 1660 4121 1726 4184; x_wconf 87' lang='lat' dir='ltr'><strong>bre·</strong></span> 
     </span>
    </p>
   </div>
   <div class='ocr_carea' id='block_1_6' title="bbox 45 4214 1726 4302">
    <p class='ocr_par' dir='ltr' id='par_1_33' title="bbox 45 4214 1726 4302">
     <span class='ocr_line' id='line_1_38' title="bbox 45 4214 1726 4302; baseline 0.003 -23"><span class='ocrx_word' id='word_1_442' title='bbox 45 4261 90 4292; x_wconf 75' lang='lat'><strong>0„</strong></span> <span class='ocrx_word' id='word_1_443' title='bbox 127 4261 157 4298; x_wconf 57' lang='grc' dir='ltr'><strong>Π,</strong></span> <span class='ocrx_word' id='word_1_444' title='bbox 174 4217 275 4280; x_wconf 89' lang='lat' dir='ltr'><strong>seruit</strong></span> <span class='ocrx_word' id='word_1_445' title='bbox 292 4233 298 4278; x_wconf 95' lang='lat'><strong>:</strong></span> <span class='ocrx_word' id='word_1_446' title='bbox 315 4217 388 4278; x_wconf 86' lang='lat' dir='ltr'><strong>Veri</strong></span> <span class='ocrx_word' id='word_1_447' title='bbox 407 4216 586 4279; x_wconf 87' lang='lat' dir='ltr'><strong>adoratores</strong></span> <span class='ocrx_word' id='word_1_448' title='bbox 605 4214 782 4277; x_wconf 92' lang='lat' dir='ltr'><strong>adorabunt</strong></span> <span class='ocrx_word' id='word_1_449' title='bbox 798 4214 921 4276; x_wconf 89' lang='lat' dir='ltr'><strong>Patrem</strong></span> <span class='ocrx_word' id='word_1_450' title='bbox 938 4220 963 4283; x_wconf 84' lang='lat' dir='ltr'>D</span> <span class='ocrx_word' id='word_1_451' title='bbox 978 4234 1016 4277; x_wconf 90' lang='lat' dir='ltr'><strong>ve</strong></span> <span class='ocrx_word' id='word_1_452' title='bbox 1040 4222 1167 4298; x_wconf 89' lang='lat' dir='ltr'><strong>tempus</strong></span> <span class='ocrx_word' id='word_1_453' title='bbox 1192 4217 1340 4299; x_wconf 91' lang='lat' dir='ltr'><strong>apparuit</strong></span> <span class='ocrx_word' id='word_1_454' title='bbox 1369 4217 1399 4279; x_wconf 93' lang='lat' dir='ltr'><strong>ei</strong></span> <span class='ocrx_word' id='word_1_455' title='bbox 1428 4217 1612 4282; x_wconf 89' lang='lat' dir='ltr'><strong>beatissima</strong></span> <span class='ocrx_word' id='word_1_456' title='bbox 1635 4219 1726 4302; x_wconf 93' lang='lat' dir='ltr'><strong>virgo</strong></span> 
     </span>
    </p>
   </div>
   <div class='ocr_carea' id='block_1_7' title="bbox 172 4313 1726 5194">
    <p class='ocr_par' dir='ltr' id='par_1_34' title="bbox 172 4313 1726 5194">
     <span class='ocr_line' id='line_1_39' title="bbox 174 4313 1726 4399; baseline 0.001 -20"><span class='ocrx_word' id='word_1_457' title='bbox 174 4317 208 4379; x_wconf 94' lang='lat' dir='ltr'><strong>in</strong></span> <span class='ocrx_word' id='word_1_458' title='bbox 230 4316 344 4398; x_wconf 92' lang='lat' dir='ltr'><strong>spiritu</strong></span> <span class='ocrx_word' id='word_1_459' title='bbox 364 4323 396 4378; x_wconf 91' lang='lat' dir='ltr'><strong>et</strong></span> <span class='ocrx_word' id='word_1_460' title='bbox 415 4315 568 4394; x_wconf 85' lang='lat' dir='ltr'><strong>veritate3</strong></span> <span class='ocrx_word' id='word_1_461' title='bbox 590 4333 663 4376; x_wconf 89' lang='lat' dir='ltr'><strong>nam</strong></span> <span class='ocrx_word' id='word_1_462' title='bbox 683 4321 716 4376; x_wconf 89' lang='lat' dir='ltr'><strong>et</strong></span> <span class='ocrx_word' id='word_1_463' title='bbox 734 4314 823 4376; x_wconf 90' lang='lat' dir='ltr'><strong>Pater</strong></span> <span class='ocrx_word' id='word_1_464' title='bbox 842 4313 921 4376; x_wconf 89' lang='lat' dir='ltr'><strong>tales</strong></span> <span class='ocrx_word' id='word_1_465' title='bbox 977 4315 1083 4389; x_wconf 93' lang='lat' dir='ltr'><strong>lllaria,</strong></span> <span class='ocrx_word' id='word_1_466' title='bbox 1099 4323 1132 4377; x_wconf 90' lang='lat' dir='ltr'><strong>et</strong></span> <span class='ocrx_word' id='word_1_467' title='bbox 1150 4315 1230 4376; x_wconf 88' lang='lat' dir='ltr'><strong>dixit</strong></span> <span class='ocrx_word' id='word_1_468' title='bbox 1249 4315 1289 4378; x_wconf 89' lang='lat' dir='ltr'><strong>ad</strong></span> <span class='ocrx_word' id='word_1_469' title='bbox 1308 4335 1383 4379; x_wconf 90' lang='lat' dir='ltr'><strong>eum</strong></span> <span class='ocrx_word' id='word_1_470' title='bbox 1400 4334 1407 4379; x_wconf 95' lang='lat'><strong>:</strong></span> <span class='ocrx_word' id='word_1_471' title='bbox 1424 4317 1541 4398; x_wconf 85' lang='lat' dir='ltr'><strong>Rogavi</strong></span> <span class='ocrx_word' id='word_1_472' title='bbox 1561 4326 1676 4399; x_wconf 91' lang='lat' dir='ltr'><strong>prote,</strong></span> <span class='ocrx_word' id='word_1_473' title='bbox 1694 4327 1726 4382; x_wconf 92' lang='lat' dir='ltr'><strong>et</strong></span> 
     </span>
     <span class='ocr_line' id='line_1_40' title="bbox 173 4411 1725 4498; baseline 0.002 -21"><span class='ocrx_word' id='word_1_474' title='bbox 173 4414 440 4498; x_wconf 77' lang='lat' dir='ltr'><strong>queritspiritus</strong></span> <span class='ocrx_word' id='word_1_475' title='bbox 453 4421 501 4476; x_wconf 89' lang='lat' dir='ltr'><strong>est</strong></span> <span class='ocrx_word' id='word_1_476' title='bbox 513 4412 651 4492; x_wconf 85' lang='lat' dir='ltr'><strong>lleus;et</strong></span> <span class='ocrx_word' id='word_1_477' title='bbox 663 4430 715 4475; x_wconf 92' lang='lat' dir='ltr'><strong>eos</strong></span> <span class='ocrx_word' id='word_1_478' title='bbox 728 4413 779 4494; x_wconf 88' lang='lat' dir='ltr'><strong>qui</strong></span> <span class='ocrx_word' id='word_1_479' title='bbox 792 4411 923 4475; x_wconf 88' lang='lat' dir='ltr'><strong>adorant</strong></span> <span class='ocrx_word' id='word_1_480' title='bbox 976 4415 1111 4495; x_wconf 89' lang='lat' dir='ltr'><strong>gratiam</strong></span> <span class='ocrx_word' id='word_1_481' title='bbox 1135 4415 1286 4477; x_wconf 90' lang='lat' dir='ltr'><strong>castitatis</strong></span> <span class='ocrx_word' id='word_1_482' title='bbox 1311 4415 1479 4498; x_wconf 90' lang='lat' dir='ltr'><strong>impetravi</strong></span> <span class='ocrx_word' id='word_1_483' title='bbox 1504 4415 1583 4496; x_wconf 90' lang='lat' dir='ltr'><strong>tibi;</strong></span> <span class='ocrx_word' id='word_1_484' title='bbox 1609 4423 1640 4478; x_wconf 91' lang='lat' dir='ltr'><strong>et</strong></span> <span class='ocrx_word' id='word_1_485' title='bbox 1664 4417 1725 4480; x_wconf 87' lang='lat' dir='ltr'><strong>hoe</strong></span> 
     </span>
     <span class='ocr_line' id='line_1_41' title="bbox 172 4512 1726 4596; baseline 0.001 -19"><span class='ocrx_word' id='word_1_486' title='bbox 172 4533 261 4590; x_wconf 91' lang='lat' dir='ltr'><strong>eum,</strong></span> <span class='ocrx_word' id='word_1_487' title='bbox 284 4515 317 4577; x_wconf 97' lang='lat' dir='ltr'><strong>in</strong></span> <span class='ocrx_word' id='word_1_488' title='bbox 341 4512 456 4596; x_wconf 90' lang='lat' dir='ltr'><strong>spiritu</strong></span> <span class='ocrx_word' id='word_1_489' title='bbox 480 4521 513 4576; x_wconf 90' lang='lat' dir='ltr'><strong>et</strong></span> <span class='ocrx_word' id='word_1_490' title='bbox 534 4513 665 4576; x_wconf 85' lang='lat' dir='ltr'><strong>veritate</strong></span> <span class='ocrx_word' id='word_1_491' title='bbox 683 4513 813 4574; x_wconf 89' lang='lat' dir='ltr'><strong>adorare</strong></span> <span class='ocrx_word' id='word_1_492' title='bbox 832 4529 922 4593; x_wconf 93' lang='lat' dir='ltr'><strong>opor·</strong></span> <span class='ocrx_word' id='word_1_493' title='bbox 977 4513 1036 4575; x_wconf 91' lang='lat' dir='ltr'><strong>tibi</strong></span> <span class='ocrx_word' id='word_1_494' title='bbox 1050 4514 1199 4596; x_wconf 81' lang='lat' dir='ltr'><strong>praedico,</strong></span> <span class='ocrx_word' id='word_1_495' title='bbox 1211 4513 1296 4595; x_wconf 91' lang='lat' dir='ltr'><strong>quod</strong></span> <span class='ocrx_word' id='word_1_496' title='bbox 1312 4515 1407 4578; x_wconf 92' lang='lat' dir='ltr'><strong>etiam</strong></span> <span class='ocrx_word' id='word_1_497' title='bbox 1423 4514 1462 4576; x_wconf 97' lang='lat' dir='ltr'><strong>ad</strong></span> <span class='ocrx_word' id='word_1_498' title='bbox 1477 4514 1658 4596; x_wconf 83' lang='lat' dir='ltr'><strong>apostolicae</strong></span> <span class='ocrx_word' id='word_1_499' title='bbox 1674 4516 1726 4579; x_wconf 87' lang='lat' dir='ltr'><strong>Se-</strong></span> 
     </span>
     <span class='ocr_line' id='line_1_42' title="bbox 173 4611 1725 4694; baseline -0.001 -17"><span class='ocrx_word' id='word_1_500' title='bbox 173 4621 229 4677; x_wconf 84' lang='lat' dir='ltr'><strong>tct.</strong></span> <span class='ocrx_word' id='word_1_501' title='bbox 246 4614 372 4689; x_wconf 81' lang='lat' dir='ltr'><strong>Quarto,</strong></span> <span class='ocrx_word' id='word_1_502' title='bbox 389 4631 463 4674; x_wconf 94' lang='lat' dir='ltr'><strong>cum</strong></span> <span class='ocrx_word' id='word_1_503' title='bbox 479 4613 551 4676; x_wconf 79' lang='lat' dir='ltr'><strong>vite</strong></span> <span class='ocrx_word' id='word_1_504' title='bbox 572 4611 787 4686; x_wconf 88' lang='lat' dir='ltr'><strong>consonantia,</strong></span> <span class='ocrx_word' id='word_1_505' title='bbox 804 4619 840 4674; x_wconf 92' lang='lat' dir='ltr'><strong>ut</strong></span> <span class='ocrx_word' id='word_1_506' title='bbox 854 4628 921 4674; x_wconf 91' lang='lat' dir='ltr'><strong>ora·</strong></span> <span class='ocrx_word' id='word_1_507' title='bbox 976 4613 1025 4676; x_wconf 92' lang='lat' dir='ltr'><strong>dis</strong></span> <span class='ocrx_word' id='word_1_508' title='bbox 1048 4612 1235 4693; x_wconf 90' lang='lat' dir='ltr'><strong>dignitatem</strong></span> <span class='ocrx_word' id='word_1_509' title='bbox 1258 4613 1303 4674; x_wconf 90' lang='lat' dir='ltr'><strong>sis</strong></span> <span class='ocrx_word' id='word_1_510' title='bbox 1327 4613 1573 4694; x_wconf 87' lang='lat' dir='ltr'><strong>promovendus.</strong></span> <span class='ocrx_word' id='word_1_511' title='bbox 1590 4615 1658 4688; x_wconf 85' lang='lat' dir='ltr'><strong>Quo</strong></span> <span class='ocrx_word' id='word_1_512' title='bbox 1680 4613 1725 4676; x_wconf 93' lang='lat' dir='ltr'><strong>di-</strong></span> 
     </span>
     <span class='ocr_line' id='line_1_43' title="bbox 174 4710 1726 4795; baseline 0.002 -21"><span class='ocrx_word' id='word_1_513' title='bbox 174 4713 254 4776; x_wconf 88' lang='lat' dir='ltr'><strong>tioni</strong></span> <span class='ocrx_word' id='word_1_514' title='bbox 277 4711 476 4776; x_wconf 90' lang='lat' dir='ltr'><strong>conversatio</strong></span> <span class='ocrx_word' id='word_1_515' title='bbox 500 4711 541 4773; x_wconf 91' lang='lat' dir='ltr'><strong>sit</strong></span> <span class='ocrx_word' id='word_1_516' title='bbox 564 4711 770 4786; x_wconf 89' lang='lat' dir='ltr'><strong>concordans,</strong></span> <span class='ocrx_word' id='word_1_517' title='bbox 791 4711 841 4774; x_wconf 88' lang='lat' dir='ltr'><strong>vel</strong></span> <span class='ocrx_word' id='word_1_518' title='bbox 864 4710 922 4773; x_wconf 92' lang='lat' dir='ltr'><strong>sal·</strong></span> <span class='ocrx_word' id='word_1_519' title='bbox 977 4720 1039 4788; x_wconf 90' lang='lat' dir='ltr'><strong>cto,</strong></span> <span class='ocrx_word' id='word_1_520' title='bbox 1060 4712 1247 4775; x_wconf 85' lang='lat' dir='ltr'><strong>dulcissima</strong></span> <span class='ocrx_word' id='word_1_521' title='bbox 1270 4712 1365 4792; x_wconf 90' lang='lat' dir='ltr'><strong>Virgo</strong></span> <span class='ocrx_word' id='word_1_522' title='bbox 1389 4712 1555 4795; x_wconf 90' lang='lat' dir='ltr'><strong>disparuit.</strong></span> <span class='ocrx_word' id='word_1_523' title='bbox 1580 4713 1618 4776; x_wconf 87' lang='lat' dir='ltr'><strong>Et</strong></span> <span class='ocrx_word' id='word_1_524' title='bbox 1639 4713 1726 4777; x_wconf 88' lang='lat' dir='ltr'><strong>dein·</strong></span> 
     </span>
     <span class='ocr_line' id='line_1_44' title="bbox 172 4809 1725 4894; baseline -0.001 -18"><span class='ocrx_word' id='word_1_525' title='bbox 172 4822 238 4876; x_wconf 87' lang='lat' dir='ltr'><strong>tem</strong></span> <span class='ocrx_word' id='word_1_526' title='bbox 263 4813 302 4874; x_wconf 90' lang='lat' dir='ltr'><strong>ad</strong></span> <span class='ocrx_word' id='word_1_527' title='bbox 325 4812 385 4875; x_wconf 87' lang='lat' dir='ltr'><strong>boe</strong></span> <span class='ocrx_word' id='word_1_528' title='bbox 405 4829 499 4874; x_wconf 87' lang='lat' dir='ltr'><strong>orans</strong></span> <span class='ocrx_word' id='word_1_529' title='bbox 523 4809 644 4891; x_wconf 86' lang='lat' dir='ltr'><strong>absque</strong></span> <span class='ocrx_word' id='word_1_530' title='bbox 666 4827 754 4873; x_wconf 88' lang='lat' dir='ltr'><strong>mora</strong></span> <span class='ocrx_word' id='word_1_531' title='bbox 777 4817 919 4872; x_wconf 88' lang='lat' dir='ltr'><strong>conetur.</strong></span> <span class='ocrx_word' id='word_1_532' title='bbox 977 4831 1052 4894; x_wconf 87' lang='lat' dir='ltr'><strong>ceps</strong></span> <span class='ocrx_word' id='word_1_533' title='bbox 1067 4811 1129 4874; x_wconf 91' lang='lat' dir='ltr'><strong>Leo</strong></span> <span class='ocrx_word' id='word_1_534' title='bbox 1145 4811 1321 4874; x_wconf 88' lang='lat' dir='ltr'><strong>castissime</strong></span> <span class='ocrx_word' id='word_1_535' title='bbox 1338 4811 1427 4886; x_wconf 83' lang='lat' dir='ltr'><strong>vixit,</strong></span> <span class='ocrx_word' id='word_1_536' title='bbox 1437 4819 1543 4893; x_wconf 87' lang='lat' dir='ltr'><strong>atque,</strong></span> <span class='ocrx_word' id='word_1_537' title='bbox 1553 4812 1725 4876; x_wconf 82' lang='lat' dir='ltr'><strong>auxiliante</strong></span> 
     </span>
     <span class='ocr_line' id='line_1_45' title="bbox 173 4907 1725 4992; baseline 0 -19"><span class='ocrx_word' id='word_1_538' title='bbox 173 4911 232 4986; x_wconf 82' lang='lat' dir='ltr'><strong>Qui</strong></span> <span class='ocrx_word' id='word_1_539' title='bbox 257 4911 344 4973; x_wconf 88' lang='lat' dir='ltr'><strong>enim</strong></span> <span class='ocrx_word' id='word_1_540' title='bbox 368 4928 386 4972; x_wconf 90' lang='lat' dir='ltr'><strong>a</strong></span> <span class='ocrx_word' id='word_1_541' title='bbox 410 4909 474 4972; x_wconf 88' lang='lat' dir='ltr'><strong>Deo</strong></span> <span class='ocrx_word' id='word_1_542' title='bbox 498 4907 750 4971; x_wconf 86' lang='lat' dir='ltr'><strong>misericordiam</strong></span> <span class='ocrx_word' id='word_1_543' title='bbox 774 4909 865 4990; x_wconf 89' lang='lat' dir='ltr'><strong>petit,</strong></span> <span class='ocrx_word' id='word_1_544' title='bbox 890 4916 922 4970; x_wconf 90' lang='lat' dir='ltr'><strong>et</strong></span> <span class='ocrx_word' id='word_1_545' title='bbox 977 4911 1111 4975; x_wconf 86' lang='lat' dir='ltr'><strong>Domina</strong></span> <span class='ocrx_word' id='word_1_546' title='bbox 1135 4917 1252 4986; x_wconf 90' lang='lat' dir='ltr'><strong>nostra,</strong></span> <span class='ocrx_word' id='word_1_547' title='bbox 1276 4910 1358 4992; x_wconf 90' lang='lat' dir='ltr'><strong>Papa</strong></span> <span class='ocrx_word' id='word_1_548' title='bbox 1381 4910 1518 4973; x_wconf 80' lang='lat' dir='ltr'><strong>eftectus</strong></span> <span class='ocrx_word' id='word_1_549' title='bbox 1543 4917 1611 4990; x_wconf 91' lang='lat' dir='ltr'><strong>est;</strong></span> <span class='ocrx_word' id='word_1_550' title='bbox 1637 4918 1668 4972; x_wconf 90' lang='lat' dir='ltr'><strong>et</strong></span> <span class='ocrx_word' id='word_1_551' title='bbox 1692 4911 1725 4973; x_wconf 94' lang='lat' dir='ltr'><strong>in</strong></span> 
     </span>
     <span class='ocr_line' id='line_1_46' title="bbox 173 5008 1725 5092; baseline -0.001 -19"><span class='ocrx_word' id='word_1_552' title='bbox 173 5019 281 5073; x_wconf 91' lang='lat' dir='ltr'><strong>tamen</strong></span> <span class='ocrx_word' id='word_1_553' title='bbox 300 5029 433 5092; x_wconf 89' lang='lat' dir='ltr'><strong>peccare</strong></span> <span class='ocrx_word' id='word_1_554' title='bbox 457 5026 521 5072; x_wconf 94' lang='lat' dir='ltr'><strong>non</strong></span> <span class='ocrx_word' id='word_1_555' title='bbox 544 5014 656 5082; x_wconf 90' lang='lat' dir='ltr'><strong>cessat,</strong></span> <span class='ocrx_word' id='word_1_556' title='bbox 678 5026 737 5070; x_wconf 89' lang='lat' dir='ltr'><strong>nee</strong></span> <span class='ocrx_word' id='word_1_557' title='bbox 759 5027 793 5070; x_wconf 89' lang='lat' dir='ltr'><strong>se</strong></span> <span class='ocrx_word' id='word_1_558' title='bbox 814 5027 921 5070; x_wconf 90' lang='lat' dir='ltr'><strong>emen·</strong></span> <span class='ocrx_word' id='word_1_559' title='bbox 978 5015 1095 5092; x_wconf 93' lang='lat' dir='ltr'><strong>papatu</strong></span> <span class='ocrx_word' id='word_1_560' title='bbox 1115 5017 1222 5072; x_wconf 89' lang='lat' dir='ltr'><strong>sancte</strong></span> <span class='ocrx_word' id='word_1_561' title='bbox 1243 5027 1278 5072; x_wconf 91' lang='lat' dir='ltr'><strong>se</strong></span> <span class='ocrx_word' id='word_1_562' title='bbox 1297 5008 1472 5084; x_wconf 73' lang='lat' dir='ltr'><strong>habuitne</strong></span> <span class='ocrx_word' id='word_1_563' title='bbox 1495 5008 1671 5072; x_wconf 80' lang='lat' dir='ltr'><strong>maximum</strong></span> <span class='ocrx_word' id='word_1_564' title='bbox 1692 5009 1725 5071; x_wconf 95' lang='lat' dir='ltr'><strong>in</strong></span> 
     </span>
     <span class='ocr_line' id='line_1_47' title="bbox 174 5107 1392 5194; baseline -0.003 -20"><span class='ocrx_word' id='word_1_565' title='bbox 174 5111 250 5174; x_wconf 89' lang='lat' dir='ltr'><strong>dare</strong></span> <span class='ocrx_word' id='word_1_566' title='bbox 264 5111 414 5194; x_wconf 93' lang='lat' dir='ltr'><strong>proponit</strong></span> <span class='ocrx_word' id='word_1_567' title='bbox 428 5128 465 5172; x_wconf 83' lang='lat' dir='ltr'><strong>ee</strong></span> <span class='ocrx_word' id='word_1_568' title='bbox 482 5109 605 5184; x_wconf 91' lang='lat' dir='ltr'><strong>nititur,</strong></span> <span class='ocrx_word' id='word_1_569' title='bbox 623 5108 665 5170; x_wconf 91' lang='lat' dir='ltr'><strong>ita</strong></span> <span class='ocrx_word' id='word_1_570' title='bbox 683 5127 716 5171; x_wconf 91' lang='lat' dir='ltr'><strong>se</strong></span> <span class='ocrx_word' id='word_1_571' title='bbox 734 5107 830 5170; x_wconf 91' lang='lat' dir='ltr'><strong>babet</strong></span> <span class='ocrx_word' id='word_1_572' title='bbox 843 5127 880 5170; x_wconf 84' lang='lat' dir='ltr'><strong>ac</strong></span> <span class='ocrx_word' id='word_1_573' title='bbox 895 5109 922 5172; x_wconf 90' lang='lat' dir='ltr'><strong>si</strong></span> <span class='ocrx_word' id='word_1_574' title='bbox 980 5108 1123 5172; x_wconf 87' lang='lat' dir='ltr'><strong>Ecclesia</strong></span> <span class='ocrx_word' id='word_1_575' title='bbox 1143 5107 1221 5171; x_wconf 89' lang='lat' dir='ltr'><strong>lecit</strong></span> <span class='ocrx_word' id='word_1_576' title='bbox 1240 5107 1392 5170; x_wconf 89' lang='lat' dir='ltr'><strong>lruetum.</strong></span> 
     </span>
    </p>
   </div>
   <div class='ocr_carea' id='block_1_8' title="bbox 0 0 2162 6260">
    <p class='ocr_par' dir='ltr' id='par_1_35' title="bbox 0 0 2162 6260">
     <span class='ocr_line' id='line_1_48' title="bbox 0 0 2162 6260; baseline 0 0"><span class='ocrx_word' id='word_1_577' title='bbox 0 0 2162 6260; x_wconf 95' lang='lat' dir='ltr'><strong> </strong></span> 
     </span>
    </p>
   </div>
  </div>
 </body>
</html>
