4206 6258
426 489 486 555 604
634 497 782 558 nonnum
802 509 868 557 xxn
888 507 962 556 rosr
981 507 1175 557 mrmrnrnu.
1196 525 1236 536 -
1256 506 1298 554 nn
1318 505 1511 570 nmrorosos3
1534 505 1633 553 sarno
1653 504 1765 553 snm-ua

426 678 549 745 loribus
572 688 603 745 et
624 681 794 746 sudoribus
818 679 949 764 quidam
973 686 1103 762 propter
1126 675 1213 741 iri-A
1267 677 1410 740 Vitcmus
1434 694 1509 758 ergo
1534 675 1712 760 pessimum
1734 674 1862 751 vitium,
1885 677 1955 760 qnod

425 780 623 862 dulgentiam
656 780 890 863 impetrandam
922 777 1110 842 afflixerunt
1139 795 1173 840 se
1227 777 1343 859 saepius
1366 795 1468 858 nsque
1491 777 1530 839 ad
1553 775 1736 859 spirituales
1759 774 1845 838 viros
1866 784 1955 838 exten-

424 878 530 961 ipsos;
551 880 606 942 sed
629 880 677 942 vir
699 878 828 942 malitiae
850 879 1028 952 immemor,
1054 896 1173 960 praean-
1226 876 1324 950 ditur,
1341 883 1373 939 et
1392 894 1451 938 nce
1470 875 1579 950 verbo,
1595 893 1656 937 nec
1677 875 1780 956 signo,
1797 892 1856 937 nec
1875 873 1953 948 fauo,

424 976 572 1060 ticipavit
601 985 633 1040 et
660 977 814 1060 praevenit
845 994 909 1041 eos.
940 978 1173 1058 Argumentum
1227 993 1286 1038 nac
1301 974 1526 1049 taciturnitate,
1541 992 1602 1037 nac
1616 972 1770 1036 beneficii
1787 972 1954 1038 subtractio

425 1075 543 1138 nobilis
557 1094 594 1139 ac
610 1075 750 1159 probatae
765 1076 973 1160 poenitentiae,
990 1081 1039 1138 est
1053 1073 1174 1138 oblivio
1226 1093 1268 1138 ne
1290 1073 1431 1156 aliquem
1456 1072 1693 1156 perturbemus,
1715 1090 1892 1154 gravemus,
1911 1081 1956 1136 aut

426 1173 574 1254 malitiae3
600 1174 656 1257 qui
680 1174 883 1237 inimicitiam
907 1175 1029 1237 detinet
1052 1180 1085 1235 et
1107 1190 1173 1256 poe-
1228 1172 1390 1255 proprium
1418 1171 1612 1235 ulciscamur
1635 1170 1789 1252 injuriam
1813 1190 1820 1234 :
1846 1170 1953 1234 irnoin

427 1270 529 1334 nitere
557 1278 700 1355 apparet,
726 1272 842 1335 similis
871 1279 920 1335 est
943 1273 972 1335 ei
997 1272 1053 1354 qni
1082 1289 1116 1333 sc
1140 1270 1173 1332 in
1227 1271 1312 1335 bono
1326 1271 1454 1344 ,malurn
1475 1271 1654 1342 vincamus,
1670 1277 1702 1332 et
1724 1286 1783 1352 pro
1803 1269 1954 1334 maledicto
1974 1291 2046 1335 rut.

427 1369 549 1432 somnis
573 1388 701 1433 currere
723 1377 823 1453 putat.
844 1370 926 1433 Ecce
948 1377 1067 1452 quanta
1089 1369 1173 1432 mala
1227 1389 1264 1433 ac
1285 1369 1509 1453 persecutione
1535 1367 1794 1432 benedictionem
1818 1385 1854 1430 ac
1875 1353 2046 1466 bene{³,¹‘'*⁷·

427 1468 539 1530 scribit
553 1468 602 1530 vir
618 1469 677 1532 ista
690 1475 775 1533 totus
790 1469 968 1552 profundus
983 1475 1015 1532 ct
1029 1469 1173 1552 spiritua·
1226 1468 1393 1532 iiccntiam
1413 1469 1638 1551 rependamus,
1654 1468 1761 1550 primo
1782 1474 1815 1531 et
1835 1467 1953 1530 maxime
2001 1449 2004 1456 ¹

428 1566 479 1638 iis,
497 1567 537 1628 dc
561 1567 714 1630 memoria
734 1567 829 1632 iilatae
852 1567 988 1648 injurie,
1005 1574 1037 1630 et
1055 1574 1173 1648 quanta
1226 1567 1345 1630 intuitu
1368 1573 1401 1628 et
1424 1583 1532 1629 amore
1555 1566 1683 1629 Domini
1707 1566 1764 1629 Dei
1789 1565 1952 1639 nostriani

427 1665 512 1728 bona
533 1665 572 1728 de
596 1664 758 1729 oblivione
786 1673 818 1729 et
841 1665 1028 1729 remissione
1057 1665 1170 1748 ipsius.
1226 1665 1328 1729 honor
1341 1671 1374 1728 et
1387 1663 1488 1746 gloria
1503 1683 1561 1748 per
1574 1663 1704 1727 infinita
1718 1663 1842 1728 secula.
1857 1663 1951 1727 Amen.
