4192 6258
374 463 522 514 DORINIGA
543 465 620 513 xvttt
640 465 713 512 POST
732 437 926 512 tumultui.
947 482 988 494 ···
1008 463 1183 512 tuamne
1203 465 1235 513 Ill
1255 465 1450 514 uvauouuutt
1627 441 1687 509 507

135 637 332 720 supellectili
348 658 405 702 sua
419 640 678 712 vendens‚totum
693 656 804 701 eorum
820 635 925 721 pred
939 637 1107 712 virtutum,
1124 638 1209 720 quod
1228 637 1329 701 multa
1349 637 1499 721 praeclara
1513 637 1578 719 egit
1592 637 1686 701 mira·

135 737 219 799 tium
239 738 382 820 erogavit
397 737 602 821 pauperibus.
620 739 763 820 Denique
782 737 886 820 hospi·
940 736 1022 812 cula,
1039 742 1071 798 et
1087 736 1170 799 inter
1185 743 1290 799 cetera
1304 737 1384 800 duos
1399 745 1542 800 mortuos
1557 735 1687 800 suscita·

134 843 222 898 tatus
238 836 270 898 in
287 836 431 919 partibus
446 837 609 900 Tolosanis
628 838 713 919 apud
732 837 885 918 quasdam
938 836 1033 898 vitiu
1049 835 1155 898 llorna.
1174 833 1364 899 Studeamus
1382 835 1489 918 itaque
1505 841 1686 899 sanctorum

135 941 299 998 matronas
317 935 358 998 ab
378 935 536 1000 haereticis
557 953 614 1017 per
633 934 726 997 lictus
748 934 887 998 devotie
940 941 1067 1016 patrum
1082 933 1173 1016 sequi
1188 934 1402 1016 remigianae
1417 935 1542 1017 corpori
1558 951 1687 1016 parcere

135 1052 195 1095 nes
219 1033 492 1116 abstinentiaeque
521 1034 681 1115 deceptas,
707 1052 765 1116 per
787 1040 885 1097 totam
940 1034 973 1095 in
989 1033 1161 1114 vigilando,
1174 1033 1304 1108 orando,
1320 1033 1520 1108 abstinendo,
1531 1051 1568 1095 ac
1583 1039 1688 1095 cetera

134 1130 416 1211 Quadragesimam
439 1131 472 1192 in
496 1130 564 1193 solo
586 1149 668 1212 pane
687 1137 719 1192 et
737 1148 819 1212 equa
839 1129 885 1211 je·
939 1131 1023 1195 bona
1044 1148 1140 1214 opere
1161 1132 1349 1207 exercendo,
1367 1139 1524 1215 quatenus
1546 1150 1603 1214 per
1626 1131 1687 1194 hoo

133 1227 286 1310 junavit3
312 1227 461 1291 noctibus
485 1245 562 1291 veru
585 1228 706 1310 vigiliis
729 1247 766 1292 ac
789 1228 885 1290 orati·
939 1229 1081 1292 ditentur
1099 1229 1215 1293 animae
1234 1231 1396 1293 nostruin
1412 1229 1610 1304 omnidono,
1626 1228 1688 1293 vir·

135 1325 254 1390 onibus
280 1325 412 1400 instans,
429 1327 556 1408 quando
582 1327 755 1390 necessitas
781 1327 886 1409 requi·
939 1335 1007 1391 tute
1022 1336 1054 1391 et
1072 1327 1173 1409 gratia
1192 1327 1330 1410 Spiritus
1348 1328 1466 1401 Sancti,
1483 1328 1593 1409 sicque
1612 1327 1687 1390 totis

135 1425 238 1498 rebat,
269 1423 351 1488 lassa
380 1424 524 1487 membra
554 1444 611 1488 sua
640 1443 737 1508 super
766 1426 885 1488 nudam
940 1426 1124 1509 praecordiis
1139 1427 1203 1489 Deo
1220 1425 1447 1488 adhereamus.
1464 1424 1687 1507 Unusquisque

135 1523 280 1585 tabulam
296 1521 463 1586 reclinavit
477 1523 515 1585 ad
531 1523 775 1587 dormiendum:
792 1531 886 1605 atque
940 1542 1068 1607 quoque
1088 1523 1249 1607 proximos
1273 1541 1347 1586 suos
1372 1522 1532 1586 edificare
1556 1529 1688 1586 conetur

135 1639 195 1702 per
220 1620 288 1684 heo
313 1627 472 1684 matronas
496 1620 567 1682 illas
596 1620 634 1684 ad
659 1620 737 1684 lidei
761 1621 887 1683 reduxit
940 1621 1039 1685 verbo
1053 1629 1085 1684 et
1099 1621 1310 1703 lactisatque
1324 1639 1522 1685 erroneosac
1538 1621 1688 1703 deceptos

135 1719 363 1800 integritatem.
380 1720 438 1781 Per
458 1719 525 1783 haec
546 1727 579 1782 et
598 1719 716 1782 similia
736 1721 887 1782 exercitia
940 1721 978 1783 ad
994 1721 1078 1782 viam
1095 1719 1246 1782 reducere
1261 1720 1403 1782 veritatis
1419 1727 1451 1782 et
1465 1719 1687 1803 aequitatistrld

134 1825 258 1893 sancta,
278 1818 317 1880 ad
343 1825 462 1880 tantam
486 1819 632 1902 pervenit
656 1817 886 1902 perlectionem
901 1820 924 1882 B
941 1819 1067 1882 leudem
1089 1818 1155 1880 Ilei.

530 2250 834 2338 nutantum
867 2251 923 2337 IN
955 2249 1297 2338 EVANGELIUM

390 2515 647 2563 acunssnnuur
675 2517 722 2562 an
750 2517 861 2564 resurr
890 2517 1083 2563 rnnnrsnr.
1106 2499 1212 2563 lletth.
1234 2516 1310 2573 xxu,
1332 2497 1434 2562 :tt-46.

175 2797 202 2860 N
221 2796 388 2880 evangelio
407 2797 560 2860 hodierno
579 2796 672 2859 docet
687 2795 829 2859 Salvator
847 2796 886 2858 ad
980 2798 1041 2858 Ait
1056 2797 1110 2856 tut
1122 2797 1215 2855 Jesca
1229 2814 1240 2854 .·
1253 2795 1379 2870 Ditipea
1392 2795 1570 2855 Dominum
1584 2797 1687 2856 Deum
1703 2817 1805 2866 naues..
1815 2819 1834 2868 ⁵:

190 2896 269 2979 quid
299 2894 407 2958 omniu
436 2900 605 2977 praecepte,
635 2893 826 2956 documenta
856 2901 888 2954 et
942 2904 1035 2955 tuum
1052 2915 1093 2953 eto
1109 2901 1172 2954 totu
1190 2895 1287 2953 corde
1303 2900 1370 2962 tuo,
1386 2901 1417 2951 et
1436 2893 1473 2952 in
1491 2901 1557 2952 tota
1576 2893 1689 2952 aalma
1703 2880 1837 2993 w&

134 2995 260 3077 scripta
274 2992 353 3074 legis
367 2991 510 3054 llosaicae
523 3009 560 3054 ac
575 2991 803 3073 Prophetarum
820 2987 923 3052 ten-C
943 3003 1012 3064 tua,
1028 3003 1059 3053 ec
1080 2994 1114 3052 in
1138 3000 1204 3051 tota
1224 3000 1329 3051 mente
1349 2999 1417 3050 tua.
1434 2993 1503 3051 Hoc
1521 2999 1567 3050 est
1585 2991 1690 3050 momi-
1704 3007 1764 3057 aar.

134 3093 215 3155 dant
238 3110 275 3154 ac
298 3090 496 3164 ordinentur,
519 3089 670 3152 videlicet
692 3089 730 3151 ad
756 3089 827 3164 hoc,
854 3097 888 3150 ut
941 3111 1029 3152 mrem
1054 3101 1085 3151 et
1105 3091 1256 3168 primum
1279 3091 1483 3149 mandatum.
1500 3090 1689 3150 Secundum

135 3189 223 3250 Deus
242 3193 308 3250 loto
327 3184 422 3249 eorde
442 3192 577 3260 ametur,
594 3192 625 3248 et
641 3184 806 3268 proximus
827 3184 887 3247 sic·
941 3200 1048 3250 autem
1065 3191 1173 3249 simile
1186 3197 1232 3248 eat
1247 3189 1324 3248 huic
1337 3207 1348 3246 .·
1361 3188 1486 3264 Da'liyes
1496 3188 1689 3264 promirnewe

135 3293 174 3349 ut
199 3286 336 3368 ipsemet
364 3303 484 3346 amans.
510 3283 563 3346 Ait
591 3301 666 3364 ergo
695 3284 889 3365 evangeliste
942 3297 1035 3349 tcum
1056 3289 1140 3348 sieut
1161 3296 1190 3346 te
1210 3288 1327 3362 ipsum.
1344 3284 1416 3348 llaec
1436 3292 1484 3347 est
1504 3284 1620 3348 Christi
1641 3303 1690 3347 re-

134 3385 302 3447 ldattlnaeus
319 3402 327 3447 :
343 3387 555 3446 Accesserant
575 3386 619 3443 ed
636 3386 746 3444 lesum
766 3384 888 3444 Picari-
941 3386 1079 3469 sponsio.
1092 3384 1235 3466 lienique
1250 3384 1289 3446 de
1304 3382 1502 3465 expositione
1516 3381 1689 3446 verborum

134 3484 207 3552 saei,
223 3491 253 3542 et
270 3483 487 3560 interroyavit
502 3501 576 3542 eum
591 3500 677 3541 unus
692 3501 732 3539 ece
748 3483 794 3540 eis
808 3482 888 3559 lepis
941 3484 1074 3546 istorum
1097 3491 1128 3546 et
1147 3483 1283 3545 duorum
1306 3481 1421 3544 horum
1443 3488 1687 3564 preceptorum,

134 3579 887 3660 doctor,tentonseum,idest‚reprehendereet
940 3584 1062 3645 dictum
1086 3589 1134 3644 est
1158 3581 1277 3644 dilluse
1306 3599 1403 3664 supra
1432 3580 1464 3642 in
1489 3580 1688 3662 expositione
1704 3597 1837 3653 cremon·

133 3679 268 3743 vincere
284 3677 437 3760 cupiens:
453 3679 625 3754 Μαθίείθν,
637 3681 723 3756 quod
737 3687 782 3738 est
797 3697 888 3738 man·
940 3689 1035 3763 atque
1051 3679 1253 3744 sermonibus
1268 3679 1426 3761 evangelii
1445 3679 1614 3743 dominicae
1629 3687 1689 3743 ter·
1702 3667 1752 3706 ⁰²³·

133 3782 253 3839 datum
273 3796 441 3855 moenum,
458 3775 488 3838 id
509 3783 558 3838 est
577 3795 751 3850 summum,
768 3779 806 3837 tu
821 3781 888 3854 tepe
941 3780 1125 3844 tiaedecimae
1150 3787 1222 3862 post
1245 3785 1370 3841 octavas
1393 3779 1592 3841 Pentecostes
1614 3796 1621 3841 :
1643 3779 1689 3840 id-

133 3877 253 3959 llloysis
275 3876 407 3938 datuml
426 3875 521 3938 Istam
544 3875 753 3957 questionem
775 3893 888 3958 propo·
941 3880 1028 3941 circo
1048 3896 1110 3941 non
1131 3894 1203 3941 reor
1222 3895 1309 3939 nunc
1330 3877 1577 3951 immorandum,
1595 3885 1630 3939 ut
1643 3876 1689 3939 vi-

131 3977 203 4040 suit
222 3974 347 4039 Christo
370 3975 422 4037 hic
443 3973 554 4038 Scriba
574 3974 625 4038 die
648 3975 793 4057 sequenti
816 3983 889 4058 post
942 3985 1026 4040 tetur
1045 3976 1221 4060 prolixitas,
1238 3976 1415 4059 praesertim
1436 3976 1588 4058 quoniam
1610 3994 1690 4059 opus

132 4077 252 4138 Remos
267 4073 568 4157 palmarum.0uum
583 4073 670 4137 enim
686 4074 829 4137 Christus
845 4073 888 4136 le·
943 4076 1027 4138 istud
1049 4077 1081 4138 in
1102 4075 1257 4156 maj0rem
1277 4075 1344 4156 jam
1365 4075 1465 4137 crevit
1480 4075 1690 4157 quantitatem

133 4175 184 4236 ria
200 4173 341 4236 secunda
355 4174 388 4235 in
402 4173 576 4236 Jerusalem
593 4173 749 4246 rediisset,
762 4181 792 4235 et
809 4173 888 4234 mul·
902 4167 927 4229 D
942 4193 1039 4257 quam
1054 4175 1260 4238 estimabam.
1279 4175 1387 4255 ltaque
1402 4174 1503 4235 Deum
1521 4180 1611 4236 «toto
1626 4192 1692 4236 cor-

130 4281 169 4336 ta
194 4274 228 4336 in
253 4272 374 4354 templo
396 4271 526 4334 lecisset
550 4272 714 4344 miracula,
734 4289 887 4354 proposu·
942 4273 1019 4347 de»,
1032 4273 1063 4335 id
1079 4280 1127 4336 est
1141 4279 1207 4336 toto
1222 4271 1394 4334 voluntatis
1409 4271 1539 4345 aflectu,
1552 4279 1583 4333 et
1599 4279 1692 4336 «tota

130 4379 232 4437 erunt
247 4372 277 4434 ei
293 4371 405 4434 multas
421 4371 610 4453 questiones
624 4370 889 4444 Judaei,videlicet
944 4370 1125 4445 mente»,id
1140 4378 1188 4432 est
1203 4377 1267 4432 toto
1284 4369 1691 4451 intellectu‚totaqueaani-

131 4470 302 4555 principes
324 4469 524 4532 sacerdotum
544 4475 575 4531 et
595 4469 753 4543 Pharisaei,
773 4469 888 4531 deinde
943 4487 995 4531 ma
1015 4491 1044 4544 n,
1071 4475 1226 4551 quantum
1250 4468 1289 4530 ad
1313 4475 1433 4530 ceteras
1456 4468 1571 4531 animae
1594 4469 1689 4542 vires,

130 4579 167 4634 et
194 4568 368 4634 Sadducaei.
390 4566 512 4642 Quibus
536 4586 637 4650 quum
662 4567 806 4631 Christus
831 4567 889 4629 im·
942 4567 1075 4647 diligere
1104 4565 1275 4629 dilectione
1308 4566 1466 4649 spirituali
1495 4566 1612 4641 inlusa,
1644 4575 1692 4630 est

130 4669 299 4754 posuisset
321 4667 498 4741 silentium,
515 4686 625 4730 rursus
645 4667 793 4732 Pharisaei
815 4684 889 4730 con·
944 4664 1225 4738 «maximum»,id
1241 4672 1289 4727 est
1303 4664 1623 4748 principalissimum,
1636 4676 1693 4730 «et

130 4775 297 4834 venerunt
317 4767 349 4830 in
371 4786 483 4840 unum,
506 4765 588 4828 inter
608 4784 642 4828 se
663 4766 888 4848 conquirentes
943 4764 1085 4846 primum
1101 4785 1130 4838 n,
1150 4763 1182 4825 id
1198 4771 1246 4825 est
1260 4762 1485 4844 dignissimum
1499 4765 1692 4847 perfectissi-

130 4886 236 4952 quam
253 4865 376 4929 Christo
392 4871 608 4948 proponerent
622 4865 890 4947 quaestionemzct
944 4881 1098 4944 mumque
1125 4884 1142 4920 n
1165 4861 1349 4925 mandatum
1374 4885 1403 4936 u,
1426 4864 1577 4946 quoniam
1601 4871 1692 4926 actus

129 4964 398 5030 deliberaverunt
411 4963 497 5045 quod
517 4981 601 5024 unus
617 4979 726 5025 eorum
745 4963 889 5045 loquere·
943 4981 1040 5046 quern
1062 4961 1218 5045 praecipit,
1235 4968 1346 5043 utpote
1367 4961 1497 5024 dilectio
1519 4962 1585 5037 Ilei,
1609 4962 1692 5024 inter

129 5073 189 5128 tur
212 5081 269 5146 pro
288 5061 449 5128 omnibus.
465 5062 629 5124 Venerunt
647 5079 775 5144 quoquc
796 5061 888 5123 multi
944 5081 1055 5126 omnes
1070 5069 1159 5124 actus
1175 5061 1331 5122 virtutum
1346 5068 1441 5143 atque
1457 5061 1611 5123 donorum
1628 5079 1692 5124 sor-

128 5162 248 5234 simul‚
269 5168 305 5222 ut
324 5159 531 5224 multitudine
550 5161 715 5222 vincerent
730 5179 824 5241 quem
843 5180 889 5223 ra·
944 5162 1022 5224 titur
1042 5161 1225 5244 primatum.
1244 5159 1515 5234 Quemadmodum
1536 5159 1622 5221 enim
1643 5179 1692 5222 ca·

128 5263 225 5326 tione
249 5278 398 5342 superare
421 5276 485 5323 non
508 5267 662 5342 poterant.
944 5261 1019 5322 ritas
1033 5266 1081 5323 est
1093 5257 1294 5323 nobilissima
1309 5257 1462 5330 virtus‚et
1474 5257 1617 5320 omnium
1634 5257 1690 5321 im-
