4140 6258
417 459 477 524 320
683 475 831 524 nourrucu
852 476 884 522 rx
905 476 978 524 rosr
998 474 1191 523 rnmrrurau.
1212 492 1252 504 -
1272 474 1447 524 unaunamo
1468 475 1500 522 rn
1520 474 1715 523 armenum

420 649 459 711 de
474 648 534 712 hac
550 648 614 712 vita
628 647 760 722 tolleris,
777 655 809 711 et
823 647 919 711 rebus
935 647 994 710 tibi
1009 646 1206 710 concessish
1223 664 1331 710 versos
1356 647 1472 728 gradus
1496 647 1694 721 meritorum,
1717 645 1857 709 homines
1876 665 1944 710 assu

420 747 459 810 ad
485 747 637 810 meritum
658 746 779 809 diutius
805 747 851 808 uti
876 764 940 808 non
964 764 1073 827 queas,
1094 745 1170 828 quia
1224 753 1355 807 muntur
1381 746 1421 808 ad
1450 745 1592 808 diversos
1617 744 1745 808 ordines
1772 744 1942 826 angelorum.

421 853 642 928 postmortem
660 863 722 909 uou
739 853 787 908 est
801 852 928 927 tempus
945 844 1097 906 merendi.
1116 843 1170 905 Er·
1223 844 1353 924 Propter
1372 844 1458 926 quod
1478 844 1591 908 asserit
1610 843 1709 906 Filius
1724 843 1780 906 Dei
1797 860 1804 903 :
1820 843 1852 905 lu
1869 844 2035 912 demonum,

420 961 460 1025 go
485 945 561 1006 dum
587 952 715 1026 tempus
738 944 905 1018 habemus,
922 961 1093 1026 operemur
1114 942 1168 1006 bo·
1223 941 1321 1004 Patris
1344 941 1407 1003 mei
1434 942 1615 1004 mansiones
1637 940 1746 1004 multae
1766 949 1847 1002 sunt.
1955 927 1969 966 ³·

301 1061 307 1073 ·
420 1061 498 1104 num
514 1041 553 1103 ad
568 1059 693 1121 omnes3
705 1042 787 1104 sicut
802 1050 833 1104 et
847 1041 992 1104 Salomon
1009 1041 1166 1103 hortatur:
1264 1041 1450 1100 Convocatis
1474 1042 1584 1119 itaque
1608 1041 1751 1117 singulis
1772 1041 1946 1100 debitoribus

420 1140 648 1223 Quodcumque
673 1147 776 1223 potest
799 1159 912 1202 manus
934 1147 998 1213 tua,
1016 1140 1169 1201 instanter
1223 1137 1351 1196 domini
1369 1139 1434 1208 sni,
1451 1137 1483 1198 id
1502 1144 1550 1199 est
1571 1135 1727 1218 religiosis
1747 1155 1784 1198 ac
1803 1137 1945 1217 indigenti·

300 1261 306 1274 ·
420 1258 563 1322 operare,
581 1238 657 1321 quia
671 1256 730 1300 uec
746 1255 837 1320 opus,
854 1256 913 1300 nec
928 1237 1019 1308 ratio,
1037 1255 1095 1298 nec
1111 1237 1169 1298 sci·
1223 1233 1294 1308 bus,
1312 1235 1367 1317 qui
1388 1234 1626 1317 quantumlibet
1643 1235 1720 1316 justi
1742 1235 1816 1308 sint,
1832 1241 1946 1298 attamen

420 1338 507 1400 entia
539 1342 633 1400 erunt
662 1335 746 1416 apud
775 1333 906 1408 inferos,
937 1353 1000 1416 quo
1029 1341 1064 1395 tu
1094 1351 1167 1416 pro·
1222 1333 1381 1396 debitores
1405 1340 1479 1396 sunt
1500 1333 1556 1396 Dei
1574 1350 1581 1394 :
1599 1333 1650 1396 vel
1672 1341 1804 1415 propter
1824 1353 1875 1396 sua
1892 1353 1946 1415 pec·

420 1454 522 1518 peras.
1222 1439 1292 1494 cata
1315 1432 1500 1515 quotidiana
1523 1450 1560 1494 ac
1582 1431 1730 1506 venialia,
1753 1449 1811 1512 pro
1833 1449 1945 1513 quorum

458 1536 518 1596 Ait
534 1543 643 1594 autem
658 1533 789 1592 villicus
804 1533 895 1592 intra
910 1552 953 1600 se,
971 1530 1000 1591 id
1022 1538 1079 1604 est,
1096 1517 1166 1612 prol
1222 1530 1410 1594 remissione
1434 1539 1535 1605 orant,
1557 1529 1704 1606 dicendo,
1725 1529 1852 1593 Dimitte
1873 1530 1947 1592 nobis
1961 1549 2035 1592 uulsa

419 1633 492 1695 vide
513 1631 673 1713 cogitavit,
690 1637 785 1712 atque
806 1629 977 1693 consilium
999 1647 1017 1690 a
1038 1629 1167 1710 propria
1221 1628 1329 1690 debita
1343 1637 1468 1708 uostra;
1485 1629 1536 1691 vel
1551 1628 1627 1711 quia
1646 1646 1705 1711 pro
1718 1628 1856 1711 acceptis
1872 1616 1980 1690 honest·

418 1731 540 1795 ratione
563 1729 720 1812 quesivit,
737 1727 815 1810 quid
836 1727 898 1789 sibi
920 1727 951 1789 in
974 1733 1062 1789 tanto
1083 1733 1167 1789 esset
1221 1726 1307 1789 liciis
1321 1746 1358 1789 ac
1378 1728 1470 1790 donis
1490 1728 1544 1790 Dei
1566 1727 1686 1790 servire
1705 1735 1739 1790 et
1759 1727 1909 1809 regratiari
1924 1727 1947 1788 ei

418 1830 576 1910 agendum
592 1825 959 1907 discrimine.Siquidem
977 1826 1073 1888 timor
1088 1823 1203 1889 mul-B
1222 1833 1382 1901 tenentur,
1399 1845 1458 1889 nec
1483 1827 1546 1890 Deo
1568 1827 1675 1890 valent
1699 1825 1887 1909 equivalens
1905 1846 1948 1888 uu·

418 1937 467 1990 tos
488 1926 613 1989 reducit
627 1926 666 1988 ad
687 1924 828 1987 meliora.
848 1926 935 1992 Quid
948 1925 1070 2000 faciam
1082 1924 1097 1983 l
1111 1924 1166 1986 Po·
1222 1943 1318 2006 quam
1344 1925 1528 2006 rependere.
1545 1926 1679 1986 Dicebat
1699 1926 1813 2001 primo
1833 1947 1845 1984 .·
1863 1927 1949 1993 Quae

419 2026 483 2088 tius
508 2024 669 2106 cogitavit,
695 2023 775 2097 Quid
800 2022 927 2096 faciam,
953 2040 1061 2104 quam,
1086 2021 1166 2095 Ouid
1222 2033 1290 2084 lum
1316 2025 1408 2084 debes
1431 2025 1563 2084 domino
1586 2025 1680 2084 meo?
1696 2027 1741 2086 At
1768 2025 1824 2084 ille
1845 2025 1949 2083 dicit:

419 2124 535 2197 dicam,
553 2123 704 2205 quoniam
724 2121 817 2184 scivit
836 2120 921 2203 quod
941 2120 1025 2202 apud
1044 2120 1166 2201 justum
1222 2125 1357 2184 Centum
1385 2124 1480 2183 cados
1509 2125 1579 2184 olei.
1609 2122 1712 2186 Cadus
1742 2130 1793 2185 est
1819 2122 1949 2204 amphora

419 2241 455 2285 ac
471 2220 674 2284 infallibilem
689 2220 830 2282 iudicem
846 2218 918 2300 plus
934 2218 1058 2281 valeant
1072 2235 1169 2300 opera
1222 2228 1315 2284 certe
1337 2221 1534 2303 quantitatis.
1552 2221 1591 2282 Et
1611 2229 1747 2303 possunt
1767 2239 1824 2303 per
1841 2227 1948 2284 centum

420 2321 505 2384 bona
524 2339 621 2403 quam
641 2319 738 2382 verba
757 2326 877 2392 ornata,
893 2317 1020 2380 dicente
1036 2318 1167 2399 Aposto·
1222 2320 1315 2383 cados
1330 2319 1393 2382 olei
1408 2319 1517 2382 omnia
1531 2319 1679 2382 humane
1694 2318 1873 2401 fragilitatis
1886 2319 1949 2381 desi-

418 2420 452 2483 lo
469 2437 475 2482 :
492 2419 562 2481 Non
578 2419 610 2480 in
625 2435 772 2480 sermone
787 2425 835 2480 est
849 2434 981 2496 regnum
999 2415 1065 2478 llei.
1083 2417 1167 2484 Quia
1221 2417 1310 2497 gnari
1326 2425 1456 2499 peccata
1466 2435 1473 2479 :
1484 2417 1559 2500 quia
1575 2425 1609 2479 ut
1622 2417 1760 2480 lacobus
1776 2417 1915 2500 loquitur,
1924 2416 1948 2477 in
1958 2436 2037 2478 reaia

301 2541 307 2553 ·
420 2520 573 2580 dominas
588 2537 678 2578 meus
696 2518 807 2593 aufert
822 2537 841 2575 a
856 2536 905 2576 me
922 2516 1167 2586 villicationem,
1222 2516 1332 2578 multis
1346 2516 1543 2579 offendimus
1563 2535 1684 2579 omnes.
1701 2515 1762 2589 Qui
1782 2523 1883 2578 autem
1896 2513 1950 2576 vult

421 2618 452 2681 id
468 2624 526 2690 est,
544 2616 758 2679 comminatur
776 2616 862 2697 quod
882 2614 989 2676 statim
1009 2632 1060 2675 me
1080 2613 1167 2676 aufe·
1221 2614 1284 2677 sibi
1305 2615 1405 2677 alteo
1425 2614 1558 2696 ignosci,
1575 2614 1670 2678 debet
1688 2622 1721 2677 et
1741 2613 1815 2677 aliis
1836 2613 1951 2676 libenter

421 2723 468 2778 ret
487 2714 526 2777 de
547 2714 613 2777 vita
631 2712 791 2796 presenti,
808 2712 851 2774 ita
873 2713 957 2794 quod
977 2711 1115 2793 amplius
1133 2711 1166 2773 in
1222 2713 1395 2794 ignoscere.
1420 2715 1581 2792 Dicitque
1604 2714 1659 2772 illi
1678 2715 1829 2790 :Accipe
1850 2713 1952 2772 matie

420 2813 516 2876 rebus
541 2812 621 2875 mihi
642 2811 683 2874 ab
708 2829 746 2874 eo
768 2811 928 2873 concessis
949 2809 1107 2874 dominari
1130 2828 1167 2871 ac
1221 2833 1294 2872 nean
1311 2823 1414 2882 taam,
1432 2812 1527 2874 idest
1546 2811 1689 2874 chartam
1710 2812 1743 2873 in
1764 2831 1829 2894 qua
1843 2811 1878 2874 ad
1894 2829 1951 2872 cau-

419 2911 595 2994 promereri
609 2927 673 2972 non
689 2916 800 2992 potero
817 2925 823 2970 :
842 2907 912 2970 ideo
928 2908 991 2970 nisi
1007 2907 1087 2970 mihi
1103 2925 1168 2970 mo·
1221 2909 1318 2972 telam
1347 2909 1540 2972 describitur
1569 2909 1672 2972 forma
1702 2917 1881 2974 contractus
1907 2926 1950 2968 seu

418 3010 459 3073 do
474 3009 653 3092 providero,
670 3014 892 3090 postmortem
908 3006 1086 3069 remedium
1102 3025 1166 3068 nou
1184 3010 1206 3074 C
1221 3008 1365 3071 debitum
1384 3026 1390 3070 :
1407 3027 1478 3090 que
1492 3008 1556 3071 alio
1570 3008 1701 3071 nomine
1720 3007 1950 3090 chirographum
1962 3023 2037 3067 rana.

418 3107 552 3170 habebo.
576 3103 701 3168 Fetere
728 3125 794 3167 non
822 3109 922 3174 natea,
945 3105 977 3166 id
1005 3113 1064 3178 est,
1087 3104 1166 3167 dura
1221 3106 1410 3189 appellatur.
1427 3109 1511 3169 Sede
1534 3107 1610 3178 cito,
1630 3116 1660 3167 et
1683 3108 1790 3166 scribe
1812 3107 1951 3186 quinqua-

418 3205 613 3289 poenitentie
629 3222 726 3287 opera
741 3222 889 3266 exercere
904 3220 968 3265 non
983 3220 1075 3284 queo,
1090 3202 1168 3264 mul·
1217 3208 1322 3282 pinta.
1341 3205 1457 3288 Sicque
1477 3204 1618 3268 mediam
1638 3211 1763 3287 partem
1783 3204 1814 3266 ei
1827 3202 1951 3266 dimittit

417 3314 487 3368 tum
509 3303 709 3377 abstinendo,
726 3301 969 3385 peregrinando,
986 3319 1037 3363 me
1057 3300 1165 3381 flagel-
1221 3303 1258 3364 Et
1273 3303 1327 3380 eit,
1345 3326 1362 3363 a
1378 3304 1442 3366 cito
1457 3325 1486 3378 a,
1502 3303 1578 3386 quia
1594 3303 1742 3366 celeriter
1756 3302 1877 3384 agenda
1892 3305 1951 3362 suut

421 3404 524 3477 lando,
548 3402 580 3464 in
605 3400 803 3465 cretionibus
829 3400 1053 3482 pernoctando.
1075 3402 1165 3461 Men·
1219 3420 1317 3483 opera
1336 3401 1430 3476 bona,
1447 3403 1624 3485 presertim
1645 3400 1874 3464 misericordie
1893 3415 1952 3480 ope

418 3504 531 3562 dicare
551 3502 710 3571 erubesco,
727 3500 759 3562 id
784 3506 842 3573 est,
859 3498 899 3561 ab
920 3497 991 3560 aliis
1013 3497 1166 3579 suffragia
1220 3520 1263 3562 ra.
1287 3501 1560 3575 Quemadmodum
1584 3501 1670 3562 enim
1695 3499 1847 3572 hilarem,
1872 3497 1909 3559 ita
1928 3501 2035 3556 clusas·

419 3600 606 3662 meritorum
623 3607 732 3682 petere
753 3597 961 3671 verecundor,
978 3595 1040 3658 nisi
1060 3603 1091 3659 et
1108 3614 1166 3678 ego
1220 3599 1357 3661 celerem
1383 3599 1525 3661 datorem
1549 3598 1656 3680 diligit
1680 3598 1776 3661 Deus.
1804 3598 1952 3679 Propterea

418 3699 488 3780 ipse
503 3697 624 3778 aliquid
640 3696 714 3760 boni
730 3715 833 3778 agam,
850 3703 881 3759 el
901 3693 1088 3777 temporalia
1109 3711 1166 3776 pro
1220 3697 1361 3779 loquitur
1375 3696 1590 3778 Augustinus:
1604 3697 1641 3758 Et
1656 3713 1724 3759 rem
1740 3696 1849 3778 perdit
1862 3702 1891 3758 et
1903 3710 1953 3756 me·

418 3797 492 3859 vitae
521 3797 681 3877 stipendio
711 3795 975 3858 intercessoribus
1005 3793 1085 3857 meis
1115 3813 1165 3856 re·
1220 3795 1329 3870 ritum,
1347 3795 1403 3878 qui
1427 3812 1602 3878 pauperem
1628 3794 1766 3858 molesta
1790 3812 1877 3858 mora
1898 3811 1953 3854 sus-

419 3895 566 3978 pendam.
1220 3894 1339 3976 pendit.
1358 3894 1438 3955 llinc
1453 3893 1601 3956 Salomon
1617 3893 1662 3955 ait
1677 3911 1684 3955 :
1701 3893 1747 3955 Ne
1763 3892 1862 3967 dicas,
1872 3890 1953 3963 Vade,
1964 3903 2041 3952 nel·

457 3995 534 4056 Seio
549 3995 631 4072 qaid
644 3994 780 4070 faciam,
796 3992 827 4054 id
848 3999 907 4066 est,
924 3991 1003 4054 ratio
1024 4010 1094 4054 mee
1109 4010 1167 4073 per
1220 4010 1289 4054 cras
1304 3990 1386 4054 dabo
1401 3991 1578 4074 tibi,quum
1594 3991 1689 4054 hodie
1704 3991 1757 4054 vel
1773 3991 1880 4053 statim
1893 3990 1954 4050 darc

418 4092 609 4174 evangelicae
634 4090 713 4172 legis
738 4091 915 4154 doctrinam
940 4089 1103 4164 instructa,
1120 4090 1165 4152 di·
1220 4090 1333 4173 possis.
1351 4090 1439 4153 Unde
1455 4090 1669 4152 communiter
1683 4089 1804 4152 dicitur
1816 4107 1824 4152 :
1835 4088 1889 4163 Qui
1903 4086 1955 4150 cito

417 4198 482 4254 ctat
506 4189 585 4252 mihi
614 4188 692 4271 quid
716 4206 810 4269 agere
834 4187 978 4260 debeam,
1002 4197 1039 4248 nt
1064 4207 1165 4266 qnam
1180 4188 1205 4249 ll
1220 4190 1283 4264 dat,
1300 4188 1350 4251 bis
1369 4189 1440 4267 dat;
1457 4187 1559 4251 nescit
1578 4188 1664 4262 dare,
1686 4187 1742 4270 qui
1763 4188 1840 4250 dare
1858 4186 1953 4249 tardat

417 4300 544 4352 amotus
566 4291 663 4366 litero
687 4309 707 4348 a
732 4287 945 4356 villicatione,
971 4286 1085 4358 idest,
1109 4303 1166 4366 per
1260 4289 1386 4350 Deinde
1399 4289 1466 4347 alic
1477 4286 1668 4368 (secundum
1688 4286 1854 4368 antiquam
1868 4301 1955 4367 gram·

417 4397 554 4453 mortem
567 4387 691 4450 ablatus
707 4385 799 4447 fuero
814 4384 853 4447 de
869 4384 928 4446 hac
943 4384 1066 4456 vita,ita
1081 4382 1166 4465 quod
1222 4387 1395 4467 matioam),
1422 4385 1453 4448 id
1477 4393 1525 4448 est
1548 4384 1651 4460 alteri,
1675 4387 1768 4446 dicit
1790 4407 1802 4445 .·
1824 4389 1871 4447 Tu
1895 4401 1954 4442 uero

416 4507 476 4550 nec
492 4487 583 4560 mihi,
600 4504 659 4548 nec
674 4484 746 4546 aliis
762 4501 898 4567 preesse
913 4483 1033 4565 possim
1049 4482 1087 4543 ad
1104 4501 1167 4544 me·
1221 4494 1380 4565 quantum
1405 4486 1498 4544 debes
1526 4484 1656 4547 domino
1681 4487 1775 4547 meol
1803 4485 1868 4554 oct
1888 4484 1929 4542 ait
1947 4501 1956 4540 :

417 4586 526 4659 ritum,
544 4585 707 4659 recipiant
722 4602 772 4642 mc
787 4581 821 4642 hi
841 4579 958 4663 quibus
978 4579 1166 4643 benefacere
1221 4587 1356 4646 Centum
1380 4603 1470 4644 coros
1492 4585 1608 4645 tritici.
1630 4583 1728 4646 Corus
1752 4583 1810 4646 hic
1835 4581 1956 4645 sumitur

417 4683 531 4764 cogito,
553 4684 588 4740 in
611 4684 720 4741 domos
743 4700 831 4749 suas,
848 4679 880 4742 id
903 4686 961 4753 est,
983 4678 1106 4741 meritis
1129 4697 1165 4740 ac
1221 4700 1278 4764 pro
1308 4699 1466 4744 mensura.
1490 4683 1549 4744 Ait
1579 4683 1633 4742 illi
1657 4703 1668 4742 .·
1691 4683 1815 4758 Accipe
1843 4683 1955 4741 litteras

417 4779 568 4864 precibus
593 4796 771 4860 pauperum
797 4777 912 4850 salver,
931 4784 962 4840 et
986 4777 1018 4838 in
1044 4777 1165 4840 coelesti
1221 4790 1306 4851 tuas,
1322 4790 1352 4840 et
1367 4781 1470 4840 scribe
1484 4781 1657 4858 octoyinta.
1675 4780 1738 4843 Gur
1752 4779 1864 4842 minus
1877 4775 1956 4839 dimi-

416 4895 514 4960 reguo
530 4877 696 4959 suscipiar.
714 4876 801 4950 Quod
818 4876 892 4938 licet
912 4876 953 4938 sit
968 4894 1079 4950 unum,
1096 4875 1165 4958 plu·
1221 4879 1262 4941 sit
1283 4879 1358 4941 huic
1380 4897 1477 4961 quam
1502 4878 1716 4961 precedentil
1735 4879 1954 4961 Respondete,

415 4977 525 5040 raliter
544 4985 651 5038 tamen
671 4976 725 5049 ait,
743 4997 760 5035 «
776 4975 808 5037 in
825 4975 936 5037 domos
957 4993 1030 5036 suas
1045 4995 1074 5048 a,
1091 4975 1167 5056 quia
1221 4977 1371 5059 quoniam
1392 4977 1447 5039 ille
1470 4976 1662 5057 indigentior
1683 4976 1764 5058 fuit;
1781 4985 1816 5040 et
1837 4978 1907 5038 item
1923 4971 1954 5033 ad

415 5076 448 5139 in
466 5092 530 5138 uno
545 5091 643 5156 regno
663 5072 783 5137 coelesti
805 5073 939 5136 diverse
958 5081 1033 5134 sunt
1051 5072 1167 5135 mansi·
1220 5076 1449 5139 insinuandum
1465 5075 1549 5158 quod
1565 5074 1781 5138 abundantius
1797 5075 1954 5138 debeamus

415 5193 504 5250 oues,
526 5175 586 5238 hoc
606 5180 655 5236 est
672 5172 791 5235 diversi
811 5172 927 5252 gradus
948 5170 1164 5254 premiorum,
1220 5173 1437 5254 indigentibus
1453 5173 1590 5256 compati
1606 5191 1702 5256 quam
1717 5187 1956 5236 succurrerem

414 5273 505 5361 juxta
526 5271 725 5336 differentias
745 5269 944 5334 meritorum.
962 5271 1000 5332 llt
1013 5270 1104 5351 juxta
1118 5270 1164 5332 di·
1220 5271 1352 5335 leamus.
1379 5271 1455 5336 Oleo
1484 5289 1622 5354 namque
1645 5271 1839 5355 compassio,
1863 5269 1955 5332 tritico
