4164 6258
445 429 506 497 220
672 450 822 500 cautulus
834 452 875 498 tv
895 452 969 499 rust
989 452 1182 500 Tntlttrtutttt.
1204 471 1244 482 -
1263 452 1306 500 Ab
1325 453 1520 518 mutulosos3
1543 453 1642 502 saeuo
1662 453 1774 502 sextus

447 621 602 684 licitatem
619 622 773 686 valemus.
792 624 980 687 Studeamus
1000 641 1127 707 semper
1142 641 1196 688 cor
1210 623 1388 708 aquinari.
1406 625 1444 688 llt
1463 625 1496 688 in
1517 625 1630 708 primis
1649 643 1779 688 omnem
1797 625 1977 690 excutiamus

450 720 607 782 mundum
622 720 740 784 babere
760 729 792 784 et
811 721 844 785 in
864 721 993 784 caritate
1014 722 1194 816 prolicere:
1250 722 1410 805 ignaviam
1432 731 1465 787 et
1485 732 1659 807 torporem,
1680 743 1809 788 omnem
1832 725 1977 788 carnalita-

299 830 435 884 uacans.
449 819 609 901 siquidem
642 819 725 883 beati
758 821 878 883 mundo
908 821 1013 895 corde,
1044 822 1195 905 quoniam
1249 829 1314 884 tem
1335 829 1367 884 et
1386 822 1646 901 dissolutionem;
1663 823 1817 904 omnique
1834 821 1978 903 diligentia

451 917 514 1000 ipsi
535 918 635 980 Deum
659 919 823 982 videbunt.
841 920 880 981 Et
903 938 967 1003 quo
990 920 1090 984 Deum
1110 939 1196 984 nuuc
1250 939 1340 983 suam
1367 921 1503 1003 quisque
1525 920 1683 983 custodiat
1707 927 1861 994 mentem,
1876 926 1906 982 et
1927 921 1978 982 iru-

450 1015 562 1098 purius
583 1016 825 1101 ferventiusque
844 1017 1020 1099 diligimus,
1036 1037 1074 1081 eo
1089 1019 1195 1100 ipsum
1250 1026 1358 1081 ctuosc
1387 1025 1523 1100 occupet
1551 1036 1632 1093 eam,
1664 1019 1868 1100 potissimum
1894 1039 1978 1100 quun

450 1113 483 1176 in
506 1121 661 1177 aternum
682 1114 798 1178 clarius
817 1115 1055 1198 jucundiusque
1074 1116 1196 1179 videbi·
1250 1116 1338 1180 omni
1367 1116 1444 1178 hora
1475 1116 1635 1199 possimus
1667 1123 1763 1180 tantas
1791 1114 1978 1180 beatitudiuis

450 1229 532 1273 mus.
550 1211 643 1274 Nulla
658 1230 732 1294 ergo
748 1213 932 1295 passionum
951 1213 1197 1295 ealigine,nulla
1250 1215 1427 1298 promereri
1457 1222 1675 1296 augmentum.
1706 1214 1872 1278 Faciamus
1898 1216 1979 1296 igitur

450 1309 507 1384 ira,
521 1309 727 1393 impatientia,
740 1312 923 1394 cupiditate,
940 1311 1198 1393 injustitiaaver·
1251 1329 1346 1376 omne
1365 1331 1446 1395 opus
1466 1313 1521 1375 Dei
1541 1312 1721 1393 diligenter,
1738 1311 1906 1386 ferventer,
1920 1332 1979 1393 gau-

450 1407 540 1471 sionc
565 1409 724 1490 patiamur
748 1410 864 1473 mentis
888 1417 1003 1474 nostrae
1027 1411 1129 1473 aciem
1151 1412 1197 1474 in·
1252 1412 1374 1484 denter,
1397 1411 1436 1473 ad
1458 1410 1584 1474 laudem
1606 1417 1638 1474 et
1657 1410 1792 1492 gloriam
1814 1409 1891 1490 ejus.

1001 1840 1192 1927 SERMO
1233 1840 1450 1927 SEXTUS

693 2109 843 2165 contituit
863 2108 926 2154 NON
948 2108 1110 2154 uuuaattus
1131 2106 1297 2170 tuutctltlt3
1317 2107 1354 2153 ET
1375 2107 1414 2152 DE
1436 2106 1604 2154 uutrlt’ttct
1626 2107 1752 2154 subluto.

522 2389 656 2452 OLITE
665 2388 834 2464 judicare,
850 2395 881 2446 ct
903 2405 967 2445 non
981 2386 1196 2462 judicobz'mi-
1215 2386 1321 2466 Bprie
1340 2401 1346 2446 τ
1364 2393 1395 2447 et
1417 2384 1462 2447 sic
1483 2384 1628 2465 judicare
1649 2393 1698 2447 est
1720 2404 1778 2467 per
1799 2385 1981 2448 definitivam

537 2487 584 2545 ni.
601 2485 675 2546 Luc.
694 2502 736 2559 vr,
753 2482 801 2546 37.
1252 2483 1440 2545 senteutiam
1458 2501 1496 2544 ex
1512 2482 1698 2546 auctoritate
1713 2483 1836 2566 aliquid
1853 2485 1982 2547 determi-

307 2600 437 2652 rcmar.
492 2583 602 2647 Sciens
618 2583 716 2644 Filius
732 2582 787 2644 Dei
803 2581 958 2664 sapientia
972 2581 1070 2643 Patris
1087 2581 1197 2644 mterni
1252 2601 1336 2645 nare.
1356 2582 1393 2642 Et
1414 2582 1456 2643 ita
1476 2599 1587 2643 eorum
1608 2581 1775 2644 dumtaxat
1793 2589 1842 2644 est
1855 2583 1982 2663 judicare

325 2701 380 2744 aaa.
395 2715 438 2753 no,
452 2683 644 2765 pronitatem
675 2681 779 2744 cordis
804 2680 936 2742 bumani
961 2680 995 2754 in
1019 2679 1150 2754 malum,
1167 2688 1198 2742 et
1252 2680 1308 2762 qui
1321 2679 1577 2760 jurisdictionem
1593 2698 1690 2762 super
1709 2679 1849 2762 aliquem
1869 2680 1981 2752 babent,

304 2766 339 2808 2¹.

451 2781 648 2844 debilitatem
664 2799 700 2842 ac
715 2778 942 2841 lallibilitatem
958 2778 1134 2840 intellectus
1149 2797 1199 2841 no
1252 2779 1319 2841 sive
1342 2778 1374 2839 in
1397 2777 1465 2840 loro
1487 2776 1635 2840 exteriori
1658 2785 1690 2840 et
1709 2777 1912 2852 contentioso,
1926 2779 1982 2840 sire
2080 2811 2081 2852 3

397 2938 402 2947 .
451 2879 519 2954 stri,
547 2887 642 2960 atque
673 2877 855 2940 deflendam
887 2877 1127 2959 perversitatem
1159 2895 1197 2939 ex
1253 2876 1285 2938 in
1308 2877 1377 2938 loro
1400 2874 1542 2938 interiori
1567 2883 1599 2938 et
1623 2876 1982 2958 conscientioso.Sicque

451 2977 601 3060 superbia
633 2984 665 3039 et
698 2976 881 3039 curiositate
912 2983 1104 3048 manantem,
1136 2995 1198 3057 qua
1252 2975 1364 3036 asserit
1379 2974 1513 3036 Thomas
1529 2973 1561 3036 in
1578 2974 1719 3037 secunda
1736 2975 1982 3038 secundae:ludi·

451 3076 569 3157 singuli
590 3075 721 3158 quique,
739 3074 832 3137 nobis
853 3073 932 3156 ipsis
952 3074 1070 3136 relictis
1093 3081 1125 3136 et
1146 3093 1199 3136 ne·
1253 3090 1335 3146 care,
1362 3071 1490 3153 proprie
1515 3070 1660 3134 nominat
1687 3079 1796 3134 actum
1826 3072 1935 3153 judicis
1955 3073 1983 3132 in

451 3175 574 3256 glcctis,
593 3174 750 3257 proclives
766 3191 802 3235 ac
817 3172 977 3234 temerarii
994 3191 1105 3234 sumus
1120 3172 1198 3236 alios
1252 3177 1408 3253 quantum
1428 3177 1476 3231 est
1489 3169 1597 3250 judex.
1613 3170 1714 3233 ludex
1730 3187 1818 3244 vero,
1835 3179 1869 3233 ut
1887 3171 1926 3233 ait
1940 3171 1983 3232 lsi-

450 3274 606 3354 judicare,
622 3289 783 3344 accusare,
800 3276 1004 3333 contemnere
1024 3278 1056 3332 et
1071 3270 1200 3332 damna·
1253 3271 1359 3342 dorus,
1380 3268 1508 3342 dicitur,
1525 3268 1616 3350 quasi
1629 3271 1692 3347 jas
1706 3272 1828 3330 dicens.
1848 3270 1926 3333 Unde
1941 3269 1982 3349 ju-

452 3390 498 3446 re,
515 3370 725 3433 saluberrime
745 3368 853 3430 docuit
868 3387 904 3430 ac
920 3367 1198 3431 rationabilissime
1252 3368 1372 3430 dicium
1390 3367 1436 3429 sic
1452 3375 1628 3449 sumptum,
1645 3367 1787 3450 pertinet
1801 3369 1841 3430 ad
1857 3369 1981 3450 praelatos

451 3470 547 3550 jussit
569 3475 604 3530 ut
622 3467 784 3533 neminem
805 3465 996 3546 judicemus.
1013 3467 1080 3541 Quo
1101 3467 1198 3530 verbo
1252 3475 1284 3530 et
1313 3467 1528 3549 presidentes.
1552 3467 1586 3528 ln
1611 3466 1681 3529 loro
1709 3475 1818 3530 autem
1841 3468 1983 3530 conscicn-

452 3567 492 3630 ab
516 3563 806 3627 innumerabilibus
828 3564 979 3646 periculis
1003 3571 1034 3626 et
1058 3565 1197 3645 peccatis
1217 3565 1334 3630 Gtioso
1350 3572 1472 3647 spectat
1485 3565 1580 3626 etiam
1597 3565 1636 3627 ad
1657 3564 1866 3638 confessores,
1881 3564 1981 3647 quibus

453 3681 511 3728 nos
537 3662 741 3744 praeservavit
764 3670 858 3744 atque
882 3662 1023 3736 retraxit,
1040 3663 1066 3724 si
1092 3669 1197 3724 tamen
1254 3663 1411 3725 incumbit
1421 3664 1465 3726 de
1486 3661 1711 3726 confitentium
1729 3663 1872 3743 judicare
1887 3681 1981 3746 pecca-

453 3762 675 3842 obtemperare
697 3760 876 3842 dignemur,
893 3767 924 3821 et
941 3778 1015 3831 nou,
1032 3761 1200 3823 indomito
1254 3762 1306 3835 tis,
1323 3768 1354 3824 et
1369 3779 1494 3842 poenam
1517 3779 1573 3823 seu
1594 3761 1844 3825 satisfactionem
1862 3777 1914 3843 pro
1926 3759 1981 3822 cul-

453 3879 525 3922 rum
542 3859 642 3920 instar
657 3876 811 3940 equorum
828 3877 864 3921 ac
880 3858 1056 3921 furentium
1071 3878 1197 3934 canum,
1254 3879 1295 3944 pa
1316 3879 1354 3922 ex
1379 3859 1566 3922 auctoritate
1589 3859 1725 3942 quadam
1753 3860 1917 3942 imponere.
1933 3858 1981 3919 lta-

453 3957 691 4021 recalcitremus
711 3976 747 4019 ac
767 3957 948 4020 remordere
966 3975 1127 4020 conemur.
1144 3958 1200 4020 l'e·
1254 3977 1317 4040 que
1345 3957 1504 4039 judicium
1534 3958 1580 4019 sie
1610 3958 1739 4040 proprie
1770 3965 1932 4041 sumptum,
1953 3955 1978 4016 iu

454 4064 634 4119 rumtamen
650 4055 783 4118 verbum
800 4055 859 4118 boo
875 4054 1044 4118 Salvatoris
1060 4055 1200 4118 dillicul-
1254 4065 1378 4120 tantum
1399 4064 1447 4118 est
1466 4055 1600 4131 licitum,
1618 4056 1650 4117 iu
1670 4063 1826 4139 quantum
1848 4063 1891 4120 est
1907 4063 1979 4116 actus

453 4163 550 4218 tatem
574 4153 670 4217 babet
689 4155 728 4216 ad
752 4153 1007 4235 intelligendum,
1025 4155 1199 4236 praesertim
1253 4155 1395 4237 justitiae.
1413 4155 1517 4228 Porro,
1538 4155 1577 4217 ad
1600 4155 1660 4217 boc
1683 4162 1717 4217 ut
1739 4155 1782 4218 sit
1800 4155 1921 4237 justitian
1940 4171 1979 4214 ac-

357 4278 439 4317 r-vn.
454 4274 553 4336 quum
576 4254 654 4317 alibi
676 4254 761 4316 dicat
782 4253 948 4316 Salvator:
965 4253 1066 4316 Nolite
1091 4273 1201 4316 secun·
1255 4262 1317 4327 tus,
1342 4254 1404 4316 tria
1427 4261 1501 4316 sunt
1523 4253 1675 4334 requisita
1700 4271 1706 4314 :
1731 4255 1881 4336 primum,
1902 4259 1930 4314 ut
1947 4269 1976 4312 es

334 4356 340 4367 '
454 4354 531 4416 dum
547 4353 661 4414 laoiem
675 4352 830 4433 judicare,
841 4351 896 4414 sed
909 4351 1031 4432 justum
1045 4352 1202 4433 judicium
1256 4353 1462 4415 inclinatione
1476 4351 1692 4433 justitiae,non
1707 4370 1747 4414 ex
1763 4352 1868 4434 aliqua
1881 4349 1975 4434 passio

360 4477 375 4505 a
414 4496 421 4508 .
453 4452 612 4533 judicate;
636 4459 668 4513 et
697 4469 818 4524 rursus,
845 4449 876 4512 Si
907 4451 1086 4531 peccaverit
1109 4452 1141 4513 in
1170 4459 1201 4514 te
1256 4459 1478 4532 neautprava
1497 4451 1614 4524 radice,
1631 4450 1974 4532 procedat3secundum

455 4551 553 4613 irater
567 4558 651 4620 tuus,
669 4549 793 4631 corripe
814 4567 887 4610 eum
903 4549 986 4611 inter
1002 4557 1031 4612 te
1048 4557 1080 4612 et
1095 4551 1201 4633 ipsum
1256 4552 1340 4633 quod
1356 4569 1394 4612 ex
1410 4550 1551 4631 legitima
1566 4550 1716 4632 procedat
1731 4551 1910 4613 auctoritate
1922 4547 1975 4627 ejus

455 4649 569 4712 solum.
591 4648 759 4710 Neminem
783 4655 890 4710 autem
915 4648 1117 4731 corripimus,
1138 4649 1200 4710 nisi
1256 4649 1311 4731 qui
1325 4649 1465 4730 judicat3
1481 4649 1624 4723 tortium,
1641 4655 1676 4711 ut
1691 4648 1866 4712 secuudum
1881 4655 1974 4709 recum

455 4766 552 4830 quem
573 4745 767 4829 culpabilem
786 4746 966 4826 judicamus
984 4764 991 4808 :
1008 4748 1118 4830 sicque
1136 4765 1201 4811 cor·
1216 4754 1241 4815 ll
1257 4747 1436 4830 proteratur
1456 4748 1611 4811 rationem
1632 4766 1689 4810 seu
1704 4747 1904 4810 directionem
1918 4761 1974 4826 pru·

455 4843 558 4925 reptio
581 4843 799 4925 praesupponit
821 4850 852 4906 et
875 4843 1010 4906 includit
1028 4845 1198 4925 judicium.
1255 4847 1381 4920 dentiae,
1398 4853 1430 4908 et
1452 4847 1628 4910 secuudum
1651 4845 1777 4927 regulas
1796 4845 1882 4927 juris.
1897 4839 1975 4916 Ouod-

455 4941 598 5023 Denique
624 4941 828 5022 praesidentes
853 4942 996 5006 subditos
1022 4962 1095 5006 suos
1119 4944 1201 5024 judi·
1256 4963 1394 5026 cumque
1413 4951 1520 5006 autem
1536 4943 1674 5008 deluerit
1691 4943 1819 5018 borum,
1835 4943 1891 5006 crit
1904 4938 1974 5002 vitio

454 5057 527 5101 care
548 5045 707 5101 tenentur.
1255 5062 1326 5106 sum
1353 5042 1512 5123 judicium
1542 5059 1549 5104 :
1578 5041 1653 5123 quia
1683 5040 1709 5103 si
1738 5042 1822 5104 desit
1848 5041 1972 5124 primum.

494 5137 548 5199 Est
573 5136 671 5217 igitur
692 5137 933 5212 advertendum,
950 5139 1034 5220 quod
1057 5139 1201 5221 judicare
1255 5148 1386 5205 vocatur
1405 5140 1563 5221 judicium
1583 5158 1793 5222 perversum;
1817 5141 1842 5202 si
1858 5137 1928 5202 desit
1939 5153 1973 5196 se·

454 5235 624 5322 tripliciter
644 5235 791 5300 sumitur.
809 5236 924 5312 Primo,
940 5237 1048 5300 stricte
1071 5256 1108 5300 ac
1130 5257 1201 5321 pro·
1257 5239 1410 5314 cundum,
1427 5245 1560 5302 vocatur
1579 5244 1793 5321 usurpatum;
1814 5239 1839 5300 si
1860 5235 1973 5302 tertium,
