4154 6258
451 506 599 555 nounuca
619 507 675 555 xru
695 507 769 555 rosa
788 506 983 555 reinmarum.
1003 527 1043 538 -
1063 509 1162 558 sunno
1182 511 1336 560 sncnnnus
1605 493 1666 559 tot

115 683 213 760 atque
227 676 385 742 immensa
400 677 486 740 illius
501 677 642 742 bonitate
656 695 693 740 ac
709 678 864 742 suavitate
879 679 905 744 Α
920 679 1017 742 simul
1036 689 1183 764 sumptas,
1200 682 1319 746 distant
1333 692 1428 766 alque
1448 681 1604 746 deliciunt
1622 683 1666 747 in·

115 775 151 838 ad
178 775 308 840 libitum
332 776 427 860 plene
452 794 490 839 ac
513 776 716 840 securissime
742 776 865 858 perlru·
918 777 1020 840 finite.
1051 779 1347 863 incomparabiliter
1375 800 1451 863 ergo
1478 781 1666 845 delectabile

116 878 241 938 untur?
919 882 951 938 et
962 875 1141 958 jucundum
1161 886 1210 942 est
1225 880 1325 943 Deum
1346 899 1403 963 per
1421 879 1563 963 speciem
1582 881 1665 944 clare

153 974 217 1038 Sed
241 975 318 1057 quia
340 975 380 1037 ad
407 973 623 1058 spiritualium
648 974 862 1056 cognitionem
919 982 951 1037 et
976 975 1159 1039 immediate
1184 978 1380 1062 conspicere,
1406 978 1542 1062 ejusque
1571 979 1665 1042 incir-

117 1091 207 1135 mens
236 1073 376 1136 humana
404 1091 469 1136 non
499 1073 593 1136 facile
621 1074 774 1148 elevatur,
800 1073 863 1136 nisi
919 1074 1165 1156 cumscriptibili
1196 1075 1337 1140 bonitate
1370 1085 1466 1160 atque
1495 1076 1664 1140 dulcedine

118 1169 320 1234 sensibilium
345 1171 594 1235 similitudinum
620 1191 676 1235 seu
700 1173 863 1254 exemplo·
918 1171 992 1233 irui.

117 1289 188 1333 rum
203 1270 507 1335 manuductionibus
521 1271 701 1352 adjuvetur,
718 1270 795 1353 poni
810 1289 864 1352 po
958 1269 1038 1332 llinc
1054 1270 1084 1334 S.
1096 1271 1293 1353 Augustinus
1312 1273 1346 1335 in
1363 1272 1498 1356 epistola
1514 1272 1553 1335 de
1574 1272 1665 1335 obitu

116 1375 177 1430 test
201 1368 299 1450 hujus
328 1367 374 1432 rei
403 1367 555 1432 sensibile
585 1367 864 1451 clarissimumque
917 1369 1047 1450 gloriosi
1076 1370 1258 1453 Hieronymi
1287 1372 1411 1447 asserit,
1436 1370 1664 1454 Hieronymum

117 1467 310 1549 exemplum.
337 1467 428 1531 Certe
457 1469 490 1530 in
520 1467 739 1550 corporalibus
768 1467 863 1531 rebus
918 1468 1025 1530 statim
1046 1475 1118 1550 post
1132 1488 1223 1532 suam
1243 1469 1275 1532 in
1290 1470 1425 1535 Domino
1440 1469 1664 1533 dormitionem

116 1566 263 1628 videmus
282 1567 367 1648 quod
388 1573 506 1649 quanto
524 1566 646 1649 aliquid
663 1573 712 1629 est
726 1567 864 1648 pulchri·
919 1565 980 1628 sibi
1001 1567 1199 1648 apparuisse,
1216 1574 1248 1630 et
1263 1568 1413 1649 cogitanti
1433 1568 1495 1631 sibi
1514 1569 1618 1651 qualis
1633 1575 1665 1631 et

117 1683 163 1737 us,
182 1671 270 1728 tanto
289 1664 510 1728 delectabilius
531 1671 578 1727 est
599 1665 704 1746 ipsum
721 1665 863 1747 adspice·
918 1672 1037 1746 quanta
1055 1673 1138 1726 esset
1153 1664 1253 1746 gloria
1268 1667 1436 1730 Beatorum
1457 1667 1490 1730 in
1510 1667 1601 1741 coelo,
1618 1666 1664 1730 sic

117 1779 168 1840 re;
191 1771 223 1825 el
243 1770 362 1846 quanto
381 1764 458 1846 quid
481 1771 529 1826 est
551 1763 691 1837 suavius,
709 1771 796 1828 tanto
815 1765 864 1844 ju·
919 1781 988 1824 esse
1004 1762 1145 1825 locutum
1163 1781 1170 1825 :
1186 1765 1570 1846 Augustine,hugustine,
1587 1765 1665 1847 quid

119 1862 253 1924 cundius
268 1871 316 1924 est
332 1862 410 1925 illud
430 1871 557 1944 gustare
577 1881 634 1926 seu
654 1862 776 1944 perfrui
797 1862 860 1926 illo.
882 1859 1058 1943 Bquaerisl
1073 1860 1207 1924 Putasne
1227 1880 1325 1945 parvo
1345 1863 1517 1926 immittere
1536 1863 1666 1926 vasculo

120 1959 150 2022 Si
174 1977 251 2040 crgo
276 1959 408 2022 intraret
434 1961 474 2022 ad
504 1977 561 2023 nos
590 1960 773 2022 adolescens
797 1967 863 2022 tam
919 1977 1005 2021 mare
1029 1967 1142 2034 totum,
1163 1968 1218 2022 aut
1243 1960 1333 2023 brevi
1358 1961 1521 2024 includere
1543 1961 1665 2044 pugillo

11 2113 12 2116 ,
33 2089 105 2127 aa«,
121 2057 253 2140 pulcher
277 2064 313 2120 ut
341 2058 403 2121 luit
424 2058 575 2134 Absalon,
601 2077 657 2121 seu
682 2058 766 2121 Paris
795 2058 864 2121 sive
918 2055 1028 2120 orbem
1042 2064 1210 2132 terrarum,
1227 2057 1278 2120 vel
1299 2059 1417 2122 coelum
1437 2057 1664 2122 immobilitare

11 2143 23 2179 ⁵·
119 2156 246 2230 Adonis,
264 2175 370 2220 nonne
385 2175 458 2220 cum
479 2156 687 2220 admiratione
702 2156 864 2237 etgaudie
918 2174 959 2217 ne
983 2155 1115 2218 usitatos
1138 2163 1283 2220 exerceat
1306 2164 1409 2220 motus
1425 2161 1437 2218 l
1456 2157 1530 2231 Quae
1551 2156 1664 2220 oculus

119 2253 209 2316 illurn
235 2254 434 2318 intueremur
449 2258 462 2317 l
486 2255 517 2318 si
543 2262 648 2318 autem
673 2254 768 2337 paulo
792 2262 864 2336 post
919 2252 1026 2315 nullus
1041 2253 1211 2316 hominum
1227 2255 1259 2316 in
1274 2254 1334 2316 hoc
1351 2254 1471 2316 mundo
1486 2254 1594 2318 videre
1609 2271 1663 2336 po

119 2352 335 2434 ingrederetur
350 2353 388 2414 ad
405 2369 461 2416 nos
477 2353 660 2416 adolescens
675 2352 781 2415 decies
797 2371 865 2434 spe
918 2351 990 2424 tuit,
1008 2359 1082 2413 tuus
1103 2351 1252 2414 videbiti
1272 2371 1343 2434 quae
1364 2351 1450 2414 auris
1472 2351 1560 2414 nulla
1578 2353 1665 2414 audi-

119 2451 232 2513 ciosior
261 2450 337 2524 illis,
362 2451 448 2513 hunc
473 2449 584 2532 utique
610 2468 684 2513 cum
713 2450 862 2532 ampliori
918 2449 1089 2523 vit,audiet
1103 2453 1256 2532 tuaique
1272 2467 1326 2512 cor
1340 2450 1517 2512 humanum
1533 2449 1664 2512 nullate-

119 2548 207 2611 valde
231 2547 442 2611 admiratione
466 2555 562 2630 atque
588 2548 697 2612 laetitia
726 2547 862 2629 inspice·
918 2567 978 2609 nus
995 2547 1161 2620 intellexit,
1171 2566 1231 2610 nec
1246 2548 1342 2610 etiam
1358 2548 1518 2628 cogitavit,
1528 2548 1665 2611 estimas

119 2666 232 2709 remus
251 2647 284 2710 Si
299 2664 374 2709 vero
394 2655 465 2729 post
480 2646 642 2709 modicum
663 2647 795 2708 intraret
812 2647 862 2728 ju·
918 2653 949 2708 te
966 2645 1144 2727 intelligere
1164 2649 1280 2728 posset
1296 2647 1433 2710 lnfinitae
1450 2647 1496 2708 rei
1515 2647 1587 2727 quis
1604 2645 1666 2708 erit

117 2745 204 2808 venis
219 2745 339 2807 centies
355 2744 519 2827 pulchrior
534 2745 594 2808 isto
609 2744 662 2826 qui
678 2743 741 2806 illis
756 2745 863 2808 decies
918 2745 995 2806 linis
1010 2748 1022 2805 i
1045 2745 1153 2807 Potius
1181 2751 1284 2806 totum
1313 2763 1400 2807 mare
1425 2745 1457 2806 in
1485 2743 1665 2806 arctissimo

119 2842 280 2925 pulchrior
304 2851 362 2917 est,
382 2843 448 2924 jam
475 2843 572 2905 istum
595 2843 735 2905 secundo
756 2843 862 2906 visum
919 2843 1120 2904 clauderetur
1140 2843 1282 2917 vasculo,
1303 2843 1409 2925 potius
1432 2842 1542 2905 orbem
1567 2848 1665 2904 terra-

118 2941 239 3004 modice
261 2949 483 3024 reputaremus
505 2941 743 3024 comparatione
765 2941 863 3023 hujus
919 2960 989 3003 rum
1006 2959 1122 3023 parvus
1137 2948 1261 3003 teneret
1275 2940 1428 3022 pugilice,
1445 2940 1551 3023 potius
1566 2958 1584 3002 a
1600 2959 1664 3004 mo·

118 3041 200 3102 tertii
216 3039 336 3102 centies
352 3040 712 3122 pulchrioris,huncque
728 3059 801 3102 cum
818 3040 862 3102 in·
878 3043 899 3106 C
917 3047 951 3102 tu
968 3057 1025 3101 suo
1040 3038 1157 3102 coelum
1174 3039 1350 3112 desisteret,
1365 3058 1461 3121 quam
1475 3039 1664 3119 gaudiorum

117 3139 201 3220 genti
220 3137 494 3221 obstupefactione
514 3146 545 3202 et
564 3138 772 3202 delectatione
791 3157 863 3201 eon·
918 3146 949 3200 et
963 3138 1071 3218 gloria
1091 3136 1209 3218 quibus
1225 3137 1393 3199 Beatorum
1413 3137 1528 3201 animae
1543 3137 1611 3200 sine
1626 3137 1663 3200 ri-

119 3239 326 3319 spiceremus.
357 3238 488 3312 Deinde,
514 3238 541 3300 si
570 3246 702 3320 quartus
731 3238 863 3300 intraret
918 3255 958 3298 ne
981 3235 1142 3308 fruuntur,
1164 3234 1331 3297 minimam
1352 3233 1546 3316 intelligeres
1569 3236 1663 3318 parti-

120 3335 234 3399 millies
256 3335 421 3418 pulchrior
443 3335 498 3400 illo
517 3336 622 3409 tertio,
636 3335 702 3416 jam
725 3354 790 3418 praa
809 3336 862 3398 ad·
919 3335 1035 3406 culam,
1053 3333 1114 3396 nisi
1134 3342 1170 3395 ut
1189 3350 1257 3414 ego,
1275 3333 1472 3416 experientia
1493 3335 1661 3397 docereris.

119 3435 284 3498 miratione
307 3434 427 3516 stupidi
450 3435 666 3508 redderemur,
686 3451 862 3517 omnesque
957 3433 1118 3504 Praeterea,
1134 3451 1234 3513 quum
1254 3432 1432 3496 certissime
1452 3432 1523 3494 talis
1542 3451 1579 3495 ac
1598 3438 1665 3495 tan-

118 3533 188 3596 illos
209 3531 444 3614 comparatione
460 3532 564 3615 quarti
586 3532 678 3594 istius
693 3531 784 3614 quasi
805 3550 863 3615 pro
918 3539 959 3604 ta,
972 3537 1037 3592 tam
1054 3529 1390 3612 incomprehensibilis
1406 3538 1437 3594 et
1453 3530 1608 3593 immensa
1623 3531 1665 3592 sit

117 3632 218 3694 nihilo
233 3631 469 3694 arbitraremur.
482 3631 534 3693 Sic
550 3648 676 3713 quoque
691 3631 862 3693 ascendere
917 3630 1096 3694 coelestium
1112 3629 1232 3692 civium
1248 3627 1410 3693 beatitudo
1425 3637 1457 3692 et
1471 3629 1581 3710 gloria,
1591 3647 1665 3692 non·

117 3749 293 3813 possemus,
303 3729 506 3809 imaginando
521 3729 605 3810 quod
621 3730 752 3812 quintus
768 3729 862 3792 intra·
918 3749 957 3792 ne
983 3728 1155 3790 miserrimi
1180 3735 1275 3809 atque
1300 3728 1481 3790 stultissimi
1503 3735 1587 3801 sunt,
1608 3727 1663 3810 qui

117 3839 163 3892 ret
178 3829 282 3892 decies
299 3827 417 3890 millies
432 3827 606 3910 pulchrior,
619 3835 726 3889 sextus
741 3828 861 3889 centies
917 3835 1047 3910 propter
1067 3826 1164 3907 hujus
1185 3825 1313 3888 incertae
1332 3844 1368 3888 ac
1387 3825 1492 3888 labilis
1507 3825 1580 3888 vite
1597 3843 1663 3887 car-

117 3927 234 3991 millies
248 3927 423 4000 venustior,
440 3926 596 4008 septimus
612 3926 729 3988 millies
745 3926 861 3988 millies
916 3926 1031 4006 nisque
1046 3923 1139 3987 loedre
1156 3923 1382 3986 delectationes
1402 3924 1594 3996 immundas,
1611 3942 1663 3985 va-

116 4027 312 4108 speciosior:
330 4034 362 4088 et
377 4032 482 4088 tamen
498 4031 795 4107 quantumcumque
813 4044 861 4086 as·
917 4023 1031 4086 nitates
1052 4023 1189 4105 iniquae,
1206 4022 1397 4104 divitiasque
1417 4023 1562 4096 caducas,
1577 4029 1664 4084 tanta
1744 4083 1746 4089 s

116 4125 324 4187 conderemus
338 4142 395 4204 per
407 4139 740 4204 numer0s‚nunquam
755 4123 794 4184 ad
809 4121 863 4184 ali·
917 4141 950 4184 se
972 4122 1098 4204 privant
1119 4121 1270 4183 felicitate
1289 4129 1321 4183 et
1339 4119 1461 4202 glorial
1477 4120 1662 4183 Contemna-

117 4242 214 4304 quem
239 4221 373 4285 infinitas
394 4220 645 4303 pulchritudinis
666 4219 859 4282 veniremus.
877 4220 902 4282 D
918 4240 989 4283 mus
1013 4219 1109 4300 igitur
1131 4239 1211 4281 vena
1233 4227 1263 4281 et
1285 4218 1371 4292 vilia,
1393 4219 1520 4280 divitias
1541 4227 1662 4300 tempo-

117 4322 193 4395 Quis
213 4339 286 4402 ergo
309 4321 427 4402 poterit
449 4319 586 4400 cogitare
608 4338 705 4402 quam
727 4318 860 4380 delecta·
918 4319 1010 4392 rales,
1036 4317 1165 4380 delicias
1189 4316 1380 4398 corporales,
1406 4318 1583 4381 mundanos
1607 4318 1662 4381 ho-

116 4420 180 4482 bile
205 4427 238 4482 et
259 4419 437 4500 jucundum
466 4419 508 4479 sit
536 4417 636 4480 Deum
667 4417 700 4479 in
729 4435 762 4478 se
793 4416 862 4499 ipso
917 4436 1010 4481 nores
1040 4416 1233 4478 arbitremur
1261 4424 1298 4478 ut
1327 4424 1475 4491 stercora,
1506 4425 1809 4500 quatenusrauppm,

115 4519 201 4581 clare
228 4535 283 4599 per
306 4516 447 4599 speciem
473 4515 600 4590 intueri,
626 4535 727 4598 quum
750 4515 862 4597 utique
917 4525 1066 4579 aeternam
1097 4515 1185 4576 illam
1215 4515 1499 4597 incomparabilem
1527 4501 1696 4579 beatitu·⁸'

115 4618 199 4679 Deus
225 4616 370 4678 sublimis
395 4623 427 4677 et
451 4613 637 4677 benedictus
662 4614 704 4676 sit
723 4614 863 4697 pulchri·
917 4615 1025 4677 dinem
1054 4613 1278 4694 adipiscamur.
1310 4613 1370 4675 Sed
1399 4614 1550 4696 quoniam
1579 4615 1662 4677 Deus

114 4715 237 4779 tudinis
252 4715 377 4796 penitus
394 4711 675 4795 inlinitae,ipsaque
691 4713 864 4794 pulchritu-
918 4712 1093 4778 sanctitatis
1114 4712 1278 4774 immensae
1293 4729 1356 4774 non
1377 4712 1439 4775 nisi
1459 4715 1578 4778 mundo
1593 4732 1664 4777 con-

114 4815 153 4877 do
170 4811 395 4875 intellectualis
411 4810 451 4872 sit
468 4810 758 4892 incomparabiliter
772 4829 864 4873 amen
918 4811 1052 4894 spicitur
1076 4810 1181 4882 corde,
1207 4828 1381 4891 purgemus
1410 4829 1467 4874 nos
1492 4813 1577 4895 ipsos
1607 4833 1664 4895 per

114 4913 186 4976 nior
218 4910 455 4993 pulchritudine
480 4909 664 4991 corporali?
688 4909 755 4971 lmo
780 4908 862 4971 Deus
918 4909 1143 4972 contritionem
1174 4908 1342 4981 internam,
1370 4928 1427 4990 per
1456 4929 1568 4991 puram
1592 4930 1665 4974 con-

115 5009 452 5092 incomprehensibilis
473 5015 504 5070 et
524 5009 712 5080 immensus
729 5014 776 5068 est
796 5007 864 5089 ipsa
919 5007 1102 5081 sessionem,
1121 5025 1177 5089 per
1192 5006 1441 5070 satisfactionem
1457 5009 1613 5085 idoneam,
1625 5011 1665 5074 ab

116 5109 404 5193 superessentialis,
429 5114 583 5190 separata,
609 5124 688 5188 pura
713 5112 746 5168 et
769 5105 863 5167 ineir-
918 5105 1006 5168 omni
1032 5105 1147 5167 mentis
1172 5123 1208 5166 ac
1233 5105 1375 5186 corporis
1404 5105 1598 5188 impuritate,
1625 5110 1665 5173 ab

118 5205 383 5287 cumscriptihilis
411 5204 628 5288 pulchritudo,
659 5224 677 5266 a
707 5223 768 5286 qua
797 5223 863 5267 om·
920 5203 1006 5267 omni
1037 5203 1184 5278 elatione,
1211 5203 1396 5285 cupiditate,
1424 5204 1662 5282 incontinentia,

120 5309 213 5370 nium
246 5313 455 5368 creaturarum
485 5303 741 5386 pulchritudines
769 5303 864 5366 etiam
919 5303 959 5366 ab
984 5301 1072 5365 omni
1096 5302 1153 5376 irc,
1177 5302 1386 5384 impatientia,
1408 5304 1516 5366 acedia
1539 5313 1571 5366 ct
1595 5324 1666 5368 ran-
