4164 6258
436 415 498 482 228
716 433 866 482 DOUINIGA
886 435 906 480 V
926 434 1000 481 rost
1020 431 1215 480 muttum.
1235 448 1276 459 -
1296 431 1471 480 tumberto
1492 431 1525 478 ut
1544 431 1711 478 uatsrom

436 607 707 684 supersedentes
719 606 888 678 mata,boe
903 613 952 668 est
966 604 1185 669 inobedientes
1199 601 1226 664 A
1241 601 1296 664 Dei
1312 601 1430 665 intuitu
1445 611 1478 665 et
1495 619 1603 665 amore
1623 599 1781 682 patienter
1800 595 1967 677 suscipitur,

438 704 557 766 divinis
579 706 757 788 praeceptis,
774 713 810 767 ut
831 705 944 788 puniat
965 721 1019 767 eos
1042 703 1075 765 in
1098 709 1186 765 ater-
1241 719 1337 780 quam
1353 699 1454 782 prosit
1467 717 1579 762 eorum
1594 696 1837 782 possessiolmo
1850 694 1877 756 si
1889 692 1969 755 alicui

438 821 522 877 num,
530 803 591 866 nisi
606 822 681 866 vere
695 810 727 866 et
740 803 893 884 condigne
908 803 1090 885 poeniteant
1098 799 1185 862 Unde
1242 805 1371 880 propter
1394 817 1451 860 sua
1481 805 1610 880 peccata
1638 796 1706 860 bae
1735 793 1925 865 auferantur,
1944 799 1970 854 et

304 917 426 972 eamn.
440 901 473 964 in
498 901 554 965 illo
578 901 700 983 psalmo
722 902 930 983 adjungitur:
951 903 990 964 Ut
1012 899 1124 983 perdat
1145 899 1185 960 de
1242 897 1311 979 ipse
1331 915 1388 979 pro
1407 898 1474 960 suis
1493 897 1632 978 peccatis
1655 895 1716 959 boc
1740 893 1893 956 sustineat
1910 909 1969 952 cun
2076 940 2077 1008 q

293 983 326 1026 ¹⁷·
439 1007 523 1062 terra
547 999 734 1062 memoriam
759 1018 880 1063 eorum.
903 999 942 1060 lit
965 1017 1075 1061 rursus
1099 997 1184 1059 idem
1242 997 1429 1078 poenitentia
1451 996 1656 1070 vera,adbuo
1676 995 1807 1078 prodest
1827 992 1858 1054 ei
1881 991 1970 1052 multi·
2076 1017 2077 1020 ¹

298 1114 424 1170 meam.
438 1097 483 1160 ait
496 1097 651 1180 Propheta
667 1115 674 1159 :
691 1098 790 1160 Poues
805 1115 859 1160 eos
874 1104 910 1160 ut
923 1097 1086 1160 clibanum
1103 1095 1185 1177 iguis
1242 1093 1368 1176 pliciter
1383 1094 1483 1157 valde.
1495 1094 1575 1156 Hine
1591 1094 1704 1156 asserit
1717 1092 1862 1156 Christus
1878 1107 1885 1151 ε
1900 1089 1971 1150 beati
1992 1107 2059 1150 uum

439 1195 472 1258 in
487 1203 631 1278 tempore
644 1195 753 1258 vultus
766 1196 823 1258 tui.
1241 1193 1318 1254 estis
1342 1211 1442 1274 quum
1467 1192 1691 1255 maledixerint
1713 1189 1807 1253 vobis
1831 1173 2033 1258 homiues,¹'·¹²·

479 1293 716 1377 consequenter
735 1294 827 1356 docet
849 1301 880 1356 et
904 1293 1055 1356 admonet
1077 1291 1186 1354 Archi·
1242 1297 1273 1352 et
1289 1291 1447 1373 persecuti
1463 1308 1518 1353 vos
1539 1289 1669 1364 luerint,
1686 1297 1718 1352 et
1736 1288 1877 1352 dixerint
1893 1304 1971 1349 omne

436 1393 610 1474 apostolus,
620 1411 661 1454 ne
675 1399 805 1474 pmpter
819 1391 951 1454 adversa
968 1408 1129 1452 cessemus
1144 1387 1185 1450 ab
1243 1388 1362 1451 malum
1378 1390 1547 1451 adversum
1562 1405 1630 1462 vos,
1642 1387 1846 1459 mentientes,
1860 1393 1972 1467 propter

437 1489 562 1553 actibus
577 1489 737 1553 virtuosis.
747 1493 791 1552 lit
806 1492 881 1569 quis
894 1499 940 1550 est
955 1491 1016 1568 qui
1029 1490 1117 1548 uobis
1130 1508 1185 1547 no-
1243 1505 1312 1565 me3
1327 1487 1462 1568 gaudete
1478 1487 1510 1548 in
1526 1487 1581 1549 illa
1595 1486 1673 1548 bora
1687 1493 1719 1548 et
1733 1483 1899 1556 exsultate,
1909 1500 1973 1564 quo
2077 1483 2078 1532 l

436 1597 519 1658 cent,
539 1591 570 1648 ai
592 1589 679 1658 boni,
699 1587 731 1651 id
754 1595 804 1649 est
826 1587 964 1660 virtutis,
988 1605 1045 1648 seu
1069 1585 1185 1648 Christi
1242 1584 1329 1647 niam
1352 1603 1474 1647 merces
1494 1591 1599 1646 vestra
1617 1583 1746 1665 copiosa
1766 1581 1868 1644 estin
1887 1579 1974 1642 ooelis.

436 1685 649 1748 essentialiter
677 1685 753 1748 boni
782 1685 960 1748 secundum
990 1684 1074 1766 quod
1103 1684 1186 1745 Deus
1245 1682 1331 1745 Unde
1351 1683 1384 1745 in
1404 1683 1536 1746 collecta
1556 1682 1632 1762 legit
1651 1679 1805 1754 Ecclesia,
1826 1678 1977 1742 Nullane

437 1791 496 1858 ost,
513 1788 730 1854 emulatores,
746 1783 778 1846 id
794 1792 842 1848 est
861 1791 1017 1847 amatores
1032 1791 1064 1844 et
1083 1782 1186 1844 imita·
1206 1781 1330 1847 Bcebit
1352 1781 1537 1853 adversitas,
1563 1779 1591 1842 si
1615 1777 1704 1841 nulla
1727 1777 1911 1840 dominetur
1933 1775 1978 1836 iui-

437 1889 533 1957 tores,
547 1881 778 1958 fueritistSed
794 1882 870 1964 quia
889 1889 999 1944 contra
1014 1880 1074 1943 boo
1088 1880 1186 1961 objici
1245 1879 1349 1960 quitas
1367 1897 1374 1940 :
1391 1879 1467 1961 quia
1486 1878 1638 1940 videlicet
1657 1877 1684 1938 si
1706 1875 1842 1958 patienti
1863 1874 1979 1936 adversa

437 1988 556 2062 posset,
572 1979 658 2062 quod
672 1979 750 2062 justi
765 1980 807 2042 ab
822 1980 932 2062 impiis
953 1979 1024 2043 tadi
1042 1986 1186 2061 possunt,
1245 1995 1308 2040 non
1324 1978 1507 2041 dominetur
1521 1977 1642 2061 proprii
1657 1976 1763 2039 cordis
1782 1973 1978 2056 impatientia,
2078 1979 2079 1984 ’

436 2078 580 2160 spoliari,
589 2077 838 2152 diffamari,imo
853 2076 1124 2159 interlici,sicque
1140 2094 1189 2140 no
1246 2077 1303 2151 ira,
1320 2077 1449 2150 invidia,
1470 2082 1525 2138 aut
1543 2075 1605 2137 alia
1624 2074 1720 2157 culpa
1739 2081 1924 2155 spontanea,
1937 2071 1979 2132 ad·

436 2183 623 2240 eumeutum
639 2176 686 2239 eis
702 2175 813 2239 iulerri
828 2177 971 2255 videtur;
987 2175 1102 2238 adhoc
1118 2193 1188 2257 pro·
1246 2175 1431 2237 versitatum
1448 2175 1548 2237 illatio
1562 2173 1624 2237 sibi
1644 2191 1709 2236 non
1728 2179 1824 2234 uocet
1839 2169 1980 2252 simplici·

436 2275 524 2338 tinus
544 2275 574 2337 S.
591 2275 702 2337 Petrus
723 2275 916 2357 respondet:
932 2277 999 2336 Sed
1019 2283 1049 2334 et
1064 2277 1190 2352 siquid
1246 2281 1304 2346 ter,
1320 2272 1376 2336 sed
1400 2272 1530 2356 prolicit
1554 2271 1787 2354 multiplieiter.
1806 2270 1851 2332 De
1876 2269 1932 2332 boo
1954 2267 1980 2328 iu

430 2375 594 2451 patimini
612 2381 750 2449 propter
765 2373 949 2450 justitiam,
975 2374 1061 2432 beati
1084 2371 1186 2438 eritis.
1246 2389 1393 2435 sermone
1422 2372 1514 2455 plura
1538 2372 1694 2435 dicentur.
1721 2371 1844 2451 ltaque,
1870 2369 1897 2430 si
1916 2367 1981 2449 quid

435 2473 599 2553 Tanquam
621 2469 707 2534 dicat
722 2488 729 2531 :
745 2470 896 2544 Quamvis
921 2470 1025 2553 iniqui
1047 2469 1187 2532 inferant
1246 2471 1393 2552 patimini
1415 2479 1546 2553 propter
1562 2469 1732 2552 Justitiam,
1750 2468 1782 2530 id
1802 2474 1853 2530 est
1871 2466 1911 2530 ob
1931 2466 1981 2527 boe
2079 2457 2080 2476 ,

433 2568 530 2650 justis
559 2569 735 2652 corporalia
759 2569 885 2644 damna,
908 2568 1130 2632 tribulationes
1155 2575 1187 2630 et
1245 2569 1330 2650 quod
1349 2568 1429 2649 justi
1450 2569 1537 2642 estis,
1552 2568 1702 2650 justeque
1721 2565 1826 2648 agitis,
1844 2585 1901 2628 seu
1923 2581 1981 2646 pro

435 2667 580 2742 vulnera,
606 2666 674 2731 baec
703 2676 811 2730 tamen
833 2667 929 2748 justis
954 2667 1027 2749 plus
1052 2673 1187 2749 prosunt
1245 2674 1315 2748 pter
1333 2666 1433 2729 iidem
1452 2667 1589 2728 aliamve
1608 2666 1773 2740 virtutem,
1789 2671 1847 2726 aut
1867 2671 1982 2746 propter

435 2783 533 2847 quam
549 2774 676 2840 nocent,
693 2764 867 2829 dummodo
883 2784 920 2828 ea
940 2773 1070 2847 propter
1084 2765 1185 2826 lleum
1244 2765 1416 2828 increatam
1440 2765 1609 2846 justitiam,
1630 2783 1701 2846 quae
1724 2763 1810 2825 Deus
1834 2771 1894 2834 est,
1910 2759 1982 2822 beati

435 2863 658 2945 equanimiter
680 2862 866 2945 patiantur:
884 2863 960 2945 quia
982 2881 1040 2944 per
1061 2880 1098 2924 ea
1120 2879 1186 2923 ere
1243 2864 1332 2927 eritis
1353 2865 1384 2926 in
1407 2873 1562 2928 aeteruum
1585 2864 1619 2926 in
1640 2863 1733 2936 coelo,
1750 2869 1782 2924 et
1802 2879 1890 2924 nunc
1909 2857 1981 2922 beati
2080 2859 2081 2904 t

434 2970 529 3025 scunt
552 2962 586 3024 in
611 2962 723 3044 gratia,
742 2961 965 3024 remissionem
979 2960 1092 3042 culpae,
1109 2960 1185 3022 libe·
1204 2960 1318 3024 Cestis
1340 2962 1373 3025 iu
1394 2981 1451 3045 spe
1472 2971 1505 3024 et
1523 2962 1647 3025 merito.

435 3060 625 3123 rationema
645 3059 749 3141 poenis
768 3058 897 3134 futuris,
914 3057 1185 3139 beatitudinisque
1282 3063 1443 3122 Timorem
1468 3070 1576 3122 autem
1601 3079 1714 3120 eoram
1735 3079 1777 3119 ne
1799 3059 1980 3119 timueritis.

435 3157 633 3240 praecipuum
652 3156 874 3239 adipiscuntur
889 3163 1108 3238 augmentum,
1125 3156 1184 3218 sic·
1241 3158 1348 3221 Timor
1363 3158 1415 3220 bic
1431 3158 1556 3241 capitur
1571 3176 1630 3241 pro
1644 3157 1773 3239 objecto
1793 3157 1930 3229 timoris,
1944 3155 1983 3216 vi·

433 3263 468 3318 ut
481 3257 526 3318 ait
540 3255 690 3330 Salvator,
697 3255 784 3318 Beati
799 3255 854 3336 qui
870 3254 1119 3336 persecutionem
1133 3273 1185 3336 pa·
1240 3257 1356 3319 delicet
1371 3274 1429 3340 pro
1445 3256 1538 3319 malis
1558 3255 1739 3340 poenalibus
1759 3274 1818 3318 seu
1837 3253 1981 3326 adversis,

317 3370 322 3381 ·
436 3354 560 3418 tiuntur
583 3361 714 3436 propter
735 3352 904 3433 justitiam,
923 3353 1075 3434 quoniam
1100 3354 1183 3434 ipso·
1239 3374 1309 3436 quae
1325 3355 1428 3418 solent
1443 3355 1561 3429 timeri,
1573 3362 1605 3416 et
1620 3354 1705 3416 eirca
1719 3372 1792 3436 quae
1813 3353 1910 3415 timor
1928 3371 1983 3413 ser·

437 3471 509 3514 rum
526 3458 578 3515 est
598 3470 732 3532 regnum
755 3450 919 3514 ooelorum.
1239 3453 1312 3515 vilis
1333 3462 1478 3517 versatur
1489 3472 1499 3534 ;
1518 3461 1552 3516 ut
1572 3453 1614 3516 sit
1635 3471 1773 3516 seusus:
1798 3453 1982 3516 «Timorem

477 3550 674 3632 Denique,ut
688 3549 720 3611 id
735 3549 851 3612 clarius
866 3549 1073 3630 intelligatur,
1085 3549 1184 3612 scien·
1237 3569 1348 3614 eorum
1357 3574 1383 3624 n,
1392 3552 1424 3614 id
1439 3559 1487 3614 est
1501 3543 1635 3614 adversi
1649 3570 1722 3633 qua
1737 3550 1842 3633 iniqui
1857 3557 1982 3632 possunt

436 3648 514 3710 dum
542 3646 628 3729 quod
656 3647 801 3729 quaedam
830 3653 906 3708 sunt
931 3646 1015 3710 bona
1042 3647 1182 3710 bominis
1238 3647 1367 3722 inierre,
1385 3669 1403 3708 u
1418 3667 1458 3711 ne
1477 3647 1650 3711 timueritis
1666 3669 1695 3722 n,
1714 3647 1980 3730 quemadmodum

437 3746 542 3828 prima
556 3751 589 3807 et
602 3745 801 3827 principalia,
818 3763 888 3827 quaa
903 3745 934 3807 ai
949 3745 1049 3807 invito
1063 3744 1181 3808 auferri
1237 3747 1329 3809 docet
1343 3747 1507 3810 Salvator:
1524 3747 1627 3810 Nolite
1642 3747 1758 3809 timere
1773 3765 1828 3809 eos
1845 3747 1903 3829 qui
1922 3762 1981 3808 cor·
1993 3768 2030 3813 nu
2040 3779 2047 3806 t
2058 3768 2075 3806 s,

436 3861 500 3906 uon
515 3843 632 3916 valent,
648 3850 681 3905 et
694 3861 752 3924 per
766 3862 836 3924 quae
852 3842 913 3905 Deo
931 3842 1044 3926 placet,
1060 3862 1097 3905 ae
1111 3843 1181 3907 leli·
1237 3863 1296 3926 pus
1311 3845 1522 3908 occiduntEt
1532 3846 1853 3906 macontarbemini
1862 3850 1983 3928 propter

437 3941 524 4003 citati
540 3940 733 4024 propinquat
747 3959 803 4004 seu
817 3959 888 4003 cam
904 3949 1053 4003 meretur.
1070 3942 1107 4004 ttt
1122 3942 1181 4006 ista
1236 3943 1369 4006 adversa
1391 3943 1465 4007 vita
1495 3943 1672 4024 presentis,
1699 3942 1760 4006 boe
1789 3949 1849 4016 est,
1877 3960 1981 4024 paoem

436 4047 511 4102 sunt
539 4038 621 4102 bona
650 4038 790 4101 bominis
818 4039 1017 4120 simpliciter,
1044 4047 1079 4101 ut
1107 4049 1182 4103 sunt
1238 4042 1353 4103 mentis
1369 4058 1433 4104 non
1448 4041 1614 4116 amittatis,
1631 4059 1691 4103 nec
1705 4040 1902 4122 frangimini
1919 4039 1982 4122 qui·

436 4136 547 4218 gratia,
563 4136 697 4199 virtutes
712 4143 744 4198 et
762 4136 845 4199 dona
859 4136 996 4217 Spiritus
1011 4137 1128 4212 Sancti,
1144 4157 1181 4201 ac
1196 4139 1221 4202 ll
1237 4138 1437 4221 buscumque
1456 4139 1611 4212 adversis,
1628 4157 1730 4221 quum
1750 4139 1850 4202 Filius
1872 4138 1928 4201 Dei
1946 4146 1984 4198 te

437 4251 533 4316 opera
547 4234 689 4297 virtuosa
704 4251 712 4295 :
730 4233 848 4296 idcirco
862 4250 974 4296 eorum
988 4234 1119 4298 amissio
1134 4244 1182 4298 est
1237 4244 1338 4299 stetur
1364 4255 1370 4298 :
1398 4239 1432 4300 ln
1462 4237 1618 4319 patientia
1647 4245 1754 4300 vestra
1783 4235 1983 4320 possidebitis
1995 4259 2074 4303 nra:

438 4339 666 4394 nocumentum
685 4331 836 4405 bominis,
852 4330 996 4394 absolute
1013 4331 1179 4413 loquendo.
1236 4335 1359 4397 animas
1375 4344 1505 4398 vestras.
1523 4335 1562 4397 Et
1576 4335 1604 4397 si
1620 4335 1693 4417 quis
1714 4353 1778 4398 non
1798 4335 1839 4398 sit
1861 4335 1905 4398 ita
1920 4353 1983 4417 per-

436 4429 717 4492 Aliaautemsunt
735 4428 818 4491 bona
837 4428 977 4491 bominis
996 4431 1182 4494 secundaria
1237 4431 1340 4495 lectus
1369 4434 1447 4514 quin
1477 4434 1634 4497 sustineat
1662 4433 1784 4516 primos
1812 4434 1863 4496 vel
1893 4433 1983 4496 etiam

437 4534 470 4588 et
494 4526 600 4589 minus
624 4527 824 4608 principalia,
845 4535 881 4589 ut
904 4545 954 4590 res
979 4529 1180 4610 temporales,
1237 4529 1334 4593 sortes
1360 4539 1464 4594 motus
1488 4532 1613 4594 timoris
1636 4540 1733 4614 atque
1755 4532 1907 4604 tristitiae,
1927 4549 1984 4593 non

438 4623 578 4685 bominis
602 4621 696 4698 lama,
717 4623 833 4706 proles,
856 4625 974 4687 sanitas
998 4626 1183 4706 corporalis·
1237 4636 1344 4691 tamen
1365 4630 1513 4692 vincatur
1536 4630 1577 4692 ab
1601 4631 1659 4704 eis,
1684 4649 1790 4712 neque
1812 4629 1985 4694 consentiat

438 4739 502 4803 que
526 4719 689 4794 vitalium
711 4728 787 4783 suut
807 4721 890 4785 bona
909 4723 1049 4785 bominis
1073 4743 1183 4786 seeun—
1237 4727 1453 4801 tentamentis,
1470 4728 1525 4790 sed
1542 4727 1659 4790 Christi
1680 4729 1866 4810 passionem
1886 4747 1923 4790 ac
1942 4725 1985 4788 lu·

439 4818 518 4880 dum
549 4819 636 4900 quid,
663 4825 695 4880 et
725 4828 859 4902 possunt
887 4821 917 4882 ei
946 4821 1046 4884 invito
1076 4821 1181 4885 auler-
1239 4833 1341 4888 turam
1365 4826 1656 4889 remunerationem
1679 4826 1854 4900 intueatur,
1875 4845 1913 4888 ac
1935 4823 1984 4887 Dei

440 4915 469 4976 ri
488 4931 496 4976 :
514 4916 598 4978 unde
615 4932 726 4977 eorum
744 4916 874 4979 amissio
894 4935 957 4980 non
977 4927 1025 4982 est
1043 4918 1182 4982 bominis
1238 4923 1394 4985 auxilium
1411 4923 1559 4987 invocare
1573 4942 1639 4987 non
1653 4924 1805 5005 negligat.
1822 4924 1899 4988 ldeo
1917 4923 1985 4986 sub-

442 5014 670 5076 noeumentum
699 5013 898 5095 simpliciter,
923 5016 979 5078 sed
1007 5018 1183 5080 secundum
1238 5020 1324 5082 ditur
1340 5038 1347 5082 ε
1363 5023 1541 5083 Dominam
1556 5031 1668 5082 autem
1683 5023 1852 5083 Christum
1873 5023 1985 5083 sancti-

442 5110 533 5192 quid.
557 5111 623 5173 lmo
646 5111 937 5193 incomparabiliter
961 5113 1033 5196 plus
1056 5116 1184 5196 prodest
1238 5123 1344 5196 ficata,
1369 5118 1401 5180 id
1426 5126 1484 5194 est,
1510 5117 1649 5181 firmiter
1676 5127 1877 5196 conservate,
1902 5119 1984 5183 etin

443 5225 556 5274 eorum
578 5207 695 5273 ablatio
717 5217 847 5291 propter
867 5211 1037 5290 justitiam,
1059 5213 1184 5294 quando
1239 5215 1404 5280 sanctitate
1434 5235 1471 5279 ac
1499 5216 1624 5298 justitia
1655 5216 1822 5294 honorate,
1853 5218 1984 5302 ejusque
