4164 6258
423 447 483 516 264
638 467 786 528 noumrm
806 469 838 515 vr
857 468 932 516 rosr
950 467 1145 516 mmrmruu.
1165 485 1205 498 -
1225 468 1267 515 ao
1287 467 1481 531 nunrorosos;
1503 467 1602 514 annuo
1622 466 1760 525 oumms

425 644 489 719 pta,
507 637 628 702 monita
652 639 719 703 sive
744 639 877 703 consilia
903 638 1017 722 quaerit
1039 657 1076 702 ac
1101 638 1171 701 dili·
1186 641 1212 705 A
1228 638 1419 718 monachus3
1436 639 1496 702 hoc
1510 645 1569 713 est,
1587 637 1648 701 nisi
1668 655 1703 700 se
1717 635 1823 719 ipsum
1839 635 1881 700 ita
1893 654 1957 700 con·

424 735 469 818 git
492 738 660 801 commoda
679 757 746 811 sua,
762 756 840 820 opes
858 744 1012 812 terrenas,
1028 737 1172 820 proprias
1226 736 1341 811 calcet,
1357 736 1492 818 frangat,
1508 736 1670 818 subjiciat,
1690 735 1730 798 ab
1752 733 1823 797 aliis
1845 752 1958 816 quoquc

426 834 600 912 libertates,
615 837 858 901 delectationem
875 837 1033 912 illicitam,
1050 844 1172 920 tempo·
1227 855 1260 898 se
1276 835 1468 910 conculcari,
1485 835 1613 917 injuriis
1626 833 1728 910 affici,
1744 832 1913 906 humiliari,
1927 833 1959 894 ir-

424 934 524 997 ralem
546 934 711 1010 honorem,
728 935 854 998 laudem
876 935 1015 1010 inanem,
1031 944 1108 998 tunc
1128 935 1173 998 vi·
1226 933 1324 996 rideri
1346 933 1519 1015 permittat,
1536 951 1600 995 non
1621 939 1727 1016 potest
1745 932 1784 994 ad
1806 931 1959 993 monacha-

423 1031 470 1095 vit
492 1031 566 1108 sibi,
583 1051 646 1096 non
662 1034 726 1098 Deo
744 1034 828 1097 :etsi
851 1034 938 1097 vivat
956 1035 1022 1097 vita
1039 1042 1170 1109 naturae,
1228 1031 1290 1094 lem
1315 1031 1495 1114 pertingere
1517 1031 1758 1115 perfectionem.

424 1137 569 1194 mortuus
597 1138 704 1195 tamen
730 1139 779 1195 est
803 1138 905 1196 morte
930 1131 1042 1214 culpae.
1067 1132 1171 1206 Duum
1266 1131 1345 1206 ileu,
1367 1130 1407 1194 ad
1430 1130 1490 1193 ista
1513 1130 1591 1213 quid
1614 1129 1764 1203 dicimus,
1790 1136 1844 1190 aut
1866 1126 1958 1190 dicere

423 1244 499 1292 vcro
523 1236 589 1292 tota
613 1239 720 1292 mente
742 1230 773 1292 in
797 1231 897 1292 Deum
919 1247 1092 1294 conversus
1112 1239 1170 1306 est,
1227 1227 1304 1309 quid
1319 1228 1507 1311 poterimus,
1523 1227 1579 1311 qui
1599 1245 1657 1309 pro
1676 1225 1892 1290 modicissima
1908 1224 1959 1288 for·

424 1325 517 1389 illum
541 1327 760 1410 superomnia
781 1345 860 1409 pure
879 1345 1000 1402 amans,
1016 1346 1121 1411 neque
1139 1347 1172 1391 se
1227 1345 1283 1389 san
1299 1325 1428 1408 injuria,
1440 1345 1498 1409 pro
1513 1343 1577 1390 uno
1591 1325 1690 1389 verbo
1703 1332 1759 1388 aut
1775 1323 1876 1405 signo,
1887 1342 1960 1386 mcu-

425 1422 533 1505 ipsum
555 1442 615 1487 nec
639 1425 727 1488 aliud
750 1425 927 1508 quidquam
950 1425 1014 1487 nisi
1038 1425 1071 1488 in
1096 1426 1170 1500 Deo,
1227 1431 1259 1488 te
1280 1432 1313 1487 et
1333 1443 1465 1508 corpore
1487 1424 1724 1508 indisponimur
1744 1431 1777 1486 ct
1795 1421 1959 1494 turbamur,

425 1522 603 1586 secundum
635 1523 734 1586 Deum
760 1529 792 1586 et
815 1529 946 1606 propter
970 1523 1070 1586 Deum
1101 1523 1173 1586 dili·
1227 1523 1464 1605 conquerimur,
1489 1522 1709 1605 ultionemque
1735 1521 1885 1604 petimus,
1904 1529 1959 1594 ant,

425 1637 515 1702 gens,
530 1628 608 1683 tunc
623 1620 704 1684 vivit
718 1620 868 1694 Creatori,
886 1636 949 1683 non
966 1619 1039 1694 sibi,
1051 1627 1084 1682 et
1098 1639 1171 1683 cum
1226 1622 1313 1704 quod
1337 1621 1549 1704 periculosius
1573 1629 1631 1696 est,
1654 1639 1713 1684 nos
1736 1620 1825 1702 ipsos
1850 1618 1960 1682 ulcisci-

424 1718 577 1802 dpostolo
598 1719 704 1781 dicere
726 1725 830 1801 potest
847 1736 854 1782 :
870 1718 950 1782 Vivo
972 1727 1090 1795 autem,
1105 1718 1171 1800 jam
1228 1723 1320 1782 murt
1335 1719 1503 1802 Quumque
1524 1737 1581 1802 per
1598 1719 1726 1802 Moysen
1746 1717 1864 1780 dixerit
1878 1717 1959 1791 Deus,

306 1829 312 1842 ·
425 1835 489 1881 non
505 1835 574 1898 ego,
589 1816 671 1879 vivit
685 1834 761 1880 vero
776 1817 809 1879 iu
830 1835 881 1880 me
896 1817 1049 1880 Christus.
1187 1817 1356 1892 BOualem
1390 1817 1462 1900 quis
1496 1817 1658 1881 lesionem
1692 1816 1849 1891 intulerit,
1878 1816 1958 1879 talen
1981 1837 2048 1880 cen

463 1915 549 1977 Istud
578 1921 686 1977 autem
709 1915 749 1976 ad
779 1914 943 1996 religiosos
968 1914 1170 1997 potissimum
1226 1917 1384 1980 sustinere
1412 1923 1553 1996 cogetur,
1578 1933 1636 1979 nos
1664 1915 1720 1978 tali
1744 1913 1886 1997 simplici
1907 1900 2053 2009 nonffigss

424 2013 574 2095 pertinet,
590 2019 626 2074 ut
641 2013 765 2075 scilicet
779 2013 921 2094 quotidie
939 2013 1038 2094 magis
1054 2031 1090 2075 ao
1106 2032 1170 2076 ma·
1226 2021 1448 2078 contentamur
1465 2014 1618 2088 vindicta,
1634 2015 1689 2077 sed
1710 2014 1843 2076 duriora
1862 2031 1960 2095 repen·
1971 2024 2051 2069 omn

422 2111 471 2192 gis
497 2111 666 2193 abnegent,
688 2113 845 2186 deserant,
867 2111 1025 2194 frangant,
1042 2113 1172 2176 vincant
1225 2113 1343 2186 dimus,
1369 2120 1401 2176 et
1424 2130 1481 2196 pro
1510 2129 1575 2175 uno
1598 2111 1697 2176 verbo
1722 2110 1858 2174 forsitan
1881 2089 1995 2185 duro,²¹'

423 2208 683 2293 mortificentque
698 2229 733 2273 se
748 2209 845 2293 ipsos,
863 2218 1019 2293 quatenus
1034 2230 1093 2293 per
1107 2213 1172 2294 ple·
1227 2210 1327 2273 multa
1341 2210 1526 2291 hujusmodi
1540 2208 1717 2273 retribuere
1732 2227 1798 2273 non
1813 2228 1958 2272 veremur.

424 2307 546 2370 nariam
582 2307 698 2390 privati
731 2327 768 2371 ac
799 2307 938 2391 improbi
971 2309 1170 2372 evulsionem
1226 2309 1265 2371 Et
1284 2309 1368 2371 uude
1387 2309 1454 2372 haec
1474 2309 1613 2371 tantuin
1631 2307 1725 2371 nobis
1748 2307 1907 2390 pullulant
1922 2306 1959 2368 vi·

423 2405 552 2480 amoris,
577 2406 617 2468 ad
641 2406 890 2470 sincerissimam
915 2406 1077 2470 caritatem
1103 2427 1171 2490 per·
1226 2407 1281 2482 tia,
1297 2407 1359 2470 nisi
1384 2406 1459 2489 quia
1482 2407 1522 2469 de
1545 2407 1673 2470 illorum
1695 2425 1811 2468 sumus
1834 2405 1961 2487 catalogo

423 2504 549 2584 tingant
565 2521 572 2566 :
589 2523 652 2585 qua
666 2504 788 2587 adepta,
806 2506 889 2568 Deus
905 2505 965 2568 crit
980 2513 1045 2568 tota
1059 2523 1169 2568 corum
1226 2507 1265 2568 de
1288 2505 1405 2587 quibus
1428 2505 1575 2586 praedixit
1597 2504 1777 2586 Apostolus,
1796 2504 1896 2566 Erunt
1916 2504 1961 2566 bo
1976 2521 2052 2565 urna

424 2602 570 2676 intentio,
596 2603 760 2685 appetitio,
790 2603 968 2677 delectatio,
995 2604 1169 2686 opulentia,
1227 2603 1330 2666 mines
1345 2621 1379 2666 se
1397 2604 1482 2686 ipsos
1502 2608 1656 2677 amantes,
1673 2602 1760 2676 elati,
1777 2587 1987 2684 cupidill'i-²·

423 2719 508 2784 spes,
526 2700 696 2782 refugium,
709 2702 809 2784 quies.
819 2703 937 2764 Verum
953 2704 992 2765 ad
1007 2703 1092 2765 istud
1107 2721 1170 2766 non
1226 2703 1273 2764 vit
1287 2720 1425 2783 namque
1441 2701 1473 2762 in
1490 2701 1582 2764 uobis
1596 2717 1686 2763 amor
1701 2700 1755 2763 ille
1773 2700 1961 2771 maledictus,

422 2799 517 2862 facile
533 2800 727 2882 pervenitur.
746 2799 897 2875 Difficile,
914 2808 946 2863 et
965 2800 1027 2864 nisi
1048 2802 1103 2864 Dei
1119 2803 1171 2864 ad·
1226 2818 1316 2863 amor
1331 2800 1479 2882 proprius
1499 2806 1531 2862 et
1551 2799 1706 2882 privatus,
1722 2817 1788 2881 quo
1803 2800 1845 2862 ad
1860 2817 1914 2862 nos
1926 2799 1963 2860 vi-

423 2898 475 2960 sit·
488 2899 653 2980 copiosum
680 2898 872 2972 subsidium,
899 2917 998 2981 prope
1027 2899 1173 2982 impossi-
1227 2898 1306 2961 tiose
1326 2897 1534 2971 reflectimur,
1552 2916 1611 2960 nec
1631 2916 1668 2960 ea
1687 2916 1745 2979 per
1764 2917 1839 2980 quae
1855 2897 1964 2962 Christo

424 2995 488 3084 bile
514 3003 562 3058 est
586 2995 747 3078 propriam
771 2997 817 3058 sic
840 3015 991 3080 superare
1013 3006 1170 3072 naturam,
1188 3005 1209 3069 G
1228 2996 1431 3070 conformari,
1447 3015 1466 3058 a
1480 2995 1585 3078 culpis
1601 2995 1741 3078 purgari,
1753 2997 1868 3077 gratiis
1881 2996 1965 3058 adin·

423 3102 554 3175 tamque
570 3094 728 3176 complete
744 3113 762 3156 a
776 3112 811 3156 se
826 3094 896 3177 ipso
911 3096 1065 3169 averti,ut
1079 3095 1174 3159 bomo
1228 3095 1320 3178 pleri,
1337 3095 1401 3157 Deo
1417 3095 1552 3177 placere,
1569 3101 1601 3157 et
1618 3095 1790 3157 maximam
1813 3112 1965 3177 possemus

425 3210 484 3254 nec
509 3191 743 3267 benedictione,
768 3210 828 3254 nec
851 3190 1085 3266 maledictione,
1113 3213 1172 3257 nec
1228 3193 1459 3256 beatitudinem
1483 3192 1639 3266 obtinere,
1662 3193 1887 3275 equanimiter
1907 3192 1966 3254 feri-

425 3288 529 3363 laude,
545 3307 605 3351 nec
620 3289 788 3371 vituperiis
805 3296 980 3363 moveatur,
997 3290 1086 3352 nulla
1103 3291 1173 3352 irri-
1229 3311 1300 3354 mus
1327 3309 1334 3353 :
1361 3291 1425 3354 imo
1453 3291 1592 3353 furimus
1615 3299 1724 3355 contra
1754 3309 1804 3366 ea,
1832 3291 1967 3355 videlicet

425 3387 525 3462 sione,
549 3386 781 3470 persecutione,
806 3386 951 3449 molestia
976 3388 1171 3463 incurvetur,
1229 3398 1339 3453 contra
1363 3391 1505 3464 adversa,
1521 3407 1658 3471 quorum
1685 3389 1834 3452 toleratio
1856 3389 1966 3473 piacet

425 3485 898 3567 nullaerternainquietudine
918 3505 1030 3568 pacem
1050 3487 1174 3549 amittat
1229 3487 1548 3570 compendiosissima
1580 3487 1619 3548 ad
1653 3486 1888 3550 beatitudinem
1914 3488 1964 3550 via.

425 3584 596 3658 internam,
623 3583 775 3665 malitque
802 3584 835 3644 in
859 3583 1010 3646 omuibus
1040 3585 1172 3668 despici,
1229 3587 1395 3649 Discamus
1414 3603 1490 3666 ergo
1509 3584 1668 3668 nosipsos
1688 3586 1721 3647 in
1742 3584 1813 3648 solo
1833 3586 1896 3648 Deo
1909 3586 1966 3648 dili·

426 3683 556 3763 subjici,
580 3682 714 3763 injurias
740 3682 832 3756 ferre,
856 3683 972 3746 nesciri
997 3702 1032 3745 ac
1055 3683 1175 3765 jugiter
1230 3703 1315 3766 gere,
1332 3684 1482 3766 quoniam
1500 3702 1534 3746 se
1551 3683 1581 3745 iu
1598 3701 1632 3746 se
1646 3702 1765 3759 amara,
1783 3691 1833 3747 est
1853 3703 1887 3748 se
1901 3684 1966 3746 falsa

427 3781 569 3853 obedire,
585 3799 681 3862 quam
705 3780 826 3863 aliquid
852 3783 1003 3864 reputari,
1020 3790 1076 3845 aut
1096 3802 1175 3865 quo
1229 3801 1336 3846 amare
1349 3782 1568 3864 veraciterque
1583 3781 1728 3862 odire3et
1743 3783 1776 3844 in
1793 3783 1880 3845 omni
1896 3782 1966 3864 quod

428 3878 603 3942 modolibet
623 3878 799 3942 sublimari.
822 3881 861 3942 Et
882 3887 989 3943 tamen
1015 3881 1077 3944 nisi
1102 3883 1174 3964 quis
1229 3881 1364 3963 agimus,
1381 3879 1561 3942 laboramus
1582 3887 1637 3941 aut
1661 3879 1815 3962 patimur,
1832 3897 1895 3944 non
1915 3877 1966 3940 nisi

426 3977 499 4040 talis
515 3977 687 4052 efficiatur,
703 3978 766 4040 nisi
781 3978 827 4040 sic
847 3977 987 4053 deficiat,
1005 3979 1175 4043 mortifice—
1229 3980 1285 4042 Dei
1301 3980 1453 4042 honorem
1470 3986 1502 4041 et
1517 3996 1623 4040 veram
1639 3997 1823 4060 queramus
1838 3978 1965 4041 salutem.

428 4083 480 4138 tur
502 4081 533 4136 et
554 4095 572 4137 a
595 4094 628 4138 se
653 4075 723 4159 ipso
746 4076 918 4139 salubriter
940 4084 1111 4151 avertatur,
1128 4077 1174 4140 nil
1229 4079 1337 4141 Sedet
1353 4075 1688 4159 procommunibono
1704 4075 1862 4153 laborare,
1878 4095 1966 4148 orare,

426 4173 476 4237 sui
499 4173 684 4256 relinquens
707 4173 781 4248 sibi,
797 4193 862 4237 non
885 4182 989 4256 potest
1010 4177 1048 4238 ad
1069 4194 1174 4238 mona·
1189 4177 1214 4239 D
1230 4184 1382 4257 satagere,
1405 4183 1453 4237 est
1475 4175 1538 4236 Deo
1558 4174 1790 4255 gratissimum.

426 4273 539 4336 sticum
554 4272 797 4356 perfectionem,
814 4291 873 4335 nec
892 4273 931 4335 ad
949 4274 1089 4336 caritatis
1106 4293 1174 4356 per·
1270 4273 1376 4337 Refert
1400 4273 1569 4347 Climacus,
1586 4273 1671 4355 quod
1697 4273 1729 4334 in
1752 4273 1901 4338 coenobio
1922 4272 1968 4334 illo

425 4372 548 4454 tingere
568 4371 703 4454 apicem.
719 4371 793 4434 ldeo
816 4369 914 4432 frater
933 4371 1107 4448 Zacharias,
1124 4392 1174 4435 su·
1229 4372 1431 4436 sanctissimo
1456 4372 1489 4434 in
1515 4389 1579 4453 quo
1604 4372 1713 4434 multis
1741 4373 1832 4435 stetit
1855 4371 1966 4441 diebus,

425 4489 483 4553 per
498 4487 594 4552 quem
609 4469 830 4532 sanctissimus
845 4467 943 4531 abbas
958 4469 1078 4552 Moyses
1094 4471 1174 4534 vidit
1229 4478 1296 4534 erat
1310 4471 1360 4532 vir
1375 4477 1504 4532 sanctus
1519 4470 1650 4533 nomine
1664 4464 1783 4545 lienes,
1800 4478 1875 4554 post
1886 4469 1966 4533 abba·

426 4569 580 4651 Spiritum
605 4568 756 4630 Sanctum
779 4568 982 4641 descendere,
999 4569 1038 4630 ab
1060 4571 1172 4633 eodem
1228 4579 1294 4632 tem
1310 4569 1434 4651 primus
1455 4569 1487 4630 in
1508 4568 1663 4650 regimine
1681 4575 1714 4631 et
1732 4567 1967 4652 dispensationi-

424 4668 529 4748 Moyse
544 4665 766 4746 interrogatus,
776 4667 938 4740 Quomodo
954 4684 1084 4749 possum
1100 4667 1172 4732 lieri
1229 4670 1289 4732 bus
1318 4687 1426 4731 rerum
1450 4667 1599 4731 coenobii.
1626 4667 1684 4740 Qui
1715 4686 1817 4748 quum
1843 4667 1968 4731 feliciter

426 4764 623 4826 monacbusf
646 4763 751 4844 primo
775 4783 814 4826 ex
839 4764 1020 4827 humilitate
1044 4785 1078 4828 se
1103 4785 1173 4848 pro·
1229 4767 1396 4849 migrasset
1420 4767 1459 4828 ad
1483 4765 1655 4840 Christum,
1681 4772 1714 4828 et
1736 4767 1898 4849 exsequiae
1920 4783 1967 4848 pro

423 4862 501 4945 jecit
525 4862 565 4924 ad
590 4861 686 4944 pedes
711 4861 798 4924 illius
820 4869 886 4924 tarn
911 4863 1011 4925 sancti
1037 4863 1172 4939 abbatis,
1230 4866 1299 4948 ipso
1329 4865 1504 4927 solenniter
1525 4871 1705 4945 agerentur,
1732 4873 1868 4946 repente
1897 4873 1967 4927 totus

425 4960 562 5023 dicendo
586 4977 593 5021 ε
619 4960 666 5021 lle
698 4959 884 5041 interrogas,
908 4960 1026 5024 Patert
1055 4962 1173 5026 Deinde
1229 4964 1345 5026 chorus
1362 4964 1394 5024 in
1411 4979 1475 5045 quo
1492 4961 1594 5043 jacuit
1613 4968 1760 5024 sanctum
1781 4979 1910 5045 corpus,
1924 4962 1967 5023 bo

425 5059 618 5140 respondero
642 5058 838 5140 compulsus,
861 5060 985 5141 accepit
1009 5060 1172 5123 cucullum
1229 5079 1270 5123 no
1285 5061 1523 5124 acsuavissimo
1538 5059 1721 5141 replebatur
1735 5060 1845 5124 odore.
1862 5061 1965 5134 Ouum·

425 5174 531 5231 suum,
555 5163 587 5218 ct
609 5173 685 5218 eum
709 5156 927 5238 suppeditans,
950 5157 995 5220 ait
1012 5175 1018 5220 :
1035 5157 1103 5221 Nisi
1126 5159 1172 5222 sic
1229 5179 1291 5242 que
1310 5179 1349 5222 ex
1369 5157 1580 5242 permissione
1604 5155 1729 5219 abbatis
1749 5157 1892 5220 loculum
1913 5158 1965 5218 dis·

423 5253 629 5318 conculcatus
650 5251 748 5316 fuerit
765 5255 871 5330 bomo,
890 5273 952 5319 non
974 5263 1077 5340 potest
1099 5255 1171 5320 fieri
1228 5258 1477 5342 cooperuissent,
1495 5255 1643 5318 viderunt
1656 5271 1778 5330 omnes,
1793 5264 1828 5318 et
1843 5257 1965 5340 ipsemet
