4288 6264
404 449 444 516 to
653 468 801 517 oonmrux
822 470 843 515 v
863 468 938 517 rosr
957 467 1086 516 resena.
1107 485 1147 500 -
1168 468 1211 514 an
1231 467 1406 516 aearurosos
1417 469 1426 532 ;
1449 468 1548 518 senno
1568 469 1704 526 ouanrus

404 642 466 704 tice
489 642 656 724 propalare
675 661 713 705 ex
734 662 791 706 sua
811 649 923 704 natura
944 641 1032 704 solet.
1050 639 1152 702 ltlulti-
1166 638 1191 702 A
1207 641 1329 702 Fratres
1345 641 1377 703 in
1393 659 1500 705 eremo
1517 659 1524 703 :
1541 661 1622 724 qua,
1640 649 1674 703 ut
1689 640 1807 705 vitetur
1821 640 1952 724 prolixi-

404 740 550 823 loquium
570 749 618 803 est
640 741 831 824 insipientiae
850 748 1086 822 argumentum,
1100 740 1151 801 de·
1205 745 1264 812 taS,
1289 739 1379 801 alteri
1405 757 1530 802 reservo
1555 740 1704 803 sermoni.
1725 740 1951 802 Verumtamen

402 840 567 902 tractionis
588 847 688 922 porta,
706 840 916 902 manuductor
936 838 1148 912 scurrilitatis,
1205 839 1291 919 quod
1306 837 1337 899 in
1354 839 1479 900 statutis
1495 838 1619 901 Ordinis
1635 838 1845 901 cartusiensis
1859 839 1953 901 habe-

403 938 550 1000 minister
570 939 737 1010 mendacii,
758 937 1014 1021 compunctionis
1034 937 1151 1000 resolu-
1207 942 1259 996 tur
1273 936 1539 998 commemorabo.
1553 938 1660 1018 ltaque
1676 937 1793 998 dicitur
1808 937 1852 998 ibi
1867 953 1875 998 :
1888 937 1951 999 Soli

402 1035 458 1110 tio,
466 1036 610 1098 acuitatis
626 1036 842 1118 intelligentias
858 1036 1151 1117 dispersor,acediae
1206 1033 1366 1116 degentes,
1384 1035 1474 1115 sigua
1488 1035 1705 1098 coenobiorum
1722 1042 1777 1096 aut
1795 1035 1884 1096 nulla
1898 1043 1952 1098 aut

403 1142 531 1197 vocator
545 1141 577 1196 et
591 1134 746 1206 conditor,
764 1135 866 1196 somni
883 1151 1071 1217 praecursor,
1088 1134 1150 1195 dis·
1206 1151 1306 1214 pauca
1321 1132 1637 1205 novimussufficere
1652 1133 1841 1196 arbitrantes
1856 1133 1953 1196 solam

401 1232 515 1314 sipatiu
542 1232 617 1294 boni
641 1231 797 1305 macroris,
815 1233 966 1294 custodiae
991 1232 1150 1294 interioris
1207 1230 1347 1312 linguam
1377 1250 1440 1295 nun
1470 1233 1565 1294 etiam
1594 1232 1672 1294 alios
1700 1240 1787 1294 artus
1812 1232 1951 1295 reatibus

401 1331 634 1404 exterminatio,
653 1331 786 1392 fervoris
806 1339 901 1412 atque
922 1331 1034 1394 caloris
1059 1330 1151 1412 frige·
1207 1329 1371 1410 implicare
1388 1330 1547 1413 loquendi.
1566 1332 1602 1393 Et
1619 1332 1690 1394 ideo
1704 1331 1730 1392 si
1745 1339 1833 1394 tanta
1848 1349 1953 1394 ueces-

399 1429 508 1503 factiu,
539 1429 691 1493 orationis
722 1429 912 1493 obscuratio.
945 1429 1025 1491 Ecce
1055 1448 1149 1510 quam
1206 1427 1281 1490 sitas
1303 1437 1403 1509 urget,
1422 1448 1484 1493 uuo
1505 1431 1555 1492 vel
1578 1430 1702 1492 duobus
1726 1437 1780 1491 aut
1800 1430 1952 1512 paucissi-

400 1527 566 1590 horribilia
580 1536 611 1590 et
628 1546 709 1609 pene
725 1527 969 1590 innumerabilia
983 1527 1061 1588 vitia
1076 1527 1151 1588 mul-
1207 1526 1268 1586 mis
1293 1526 1400 1588 verbis
1429 1528 1513 1608 quod
1544 1547 1594 1590 res
1623 1528 1762 1610 postulat
1791 1527 1951 1589 malumus

400 1625 572 1706 tiloquium
589 1625 680 1707 parit.
699 1625 818 1688 Deinde
834 1626 873 1687 de
893 1625 1040 1706 religioso
1058 1624 1151 1686 silen-
1207 1623 1350 1685 indicari.
1376 1623 1432 1697 Qui
1456 1642 1531 1686 vero
1552 1625 1642 1686 aliter
1663 1625 1827 1687 silentium
1853 1624 1952 1705 frege-

401 1722 445 1785 tio
469 1722 576 1784 subdit
601 1740 608 1784 :
633 1722 802 1784 Silentium
828 1724 861 1784 in
882 1723 1016 1785 scientia
1037 1723 1151 1802 (idest
1207 1721 1257 1794 rit,
1284 1721 1410 1803 culpam
1437 1741 1525 1784 suam
1554 1723 1669 1785 clamet
1692 1730 1724 1784 et
1748 1722 1951 1804 disciplinam

401 1821 573 1883 discretum
601 1820 779 1900 silentium)
793 1829 840 1883 est
863 1829 963 1893 mater
986 1821 1148 1894 orationis,
1169 1817 1343 1900 Raecipiat
1363 1819 1395 1880 in
1415 1820 1554 1902 capitulo
1576 1821 1737 1902 proximo;
1754 1830 1785 1883 et
1803 1821 1829 1882 si
1846 1840 1951 1883 assue-

401 1938 419 1980 a
448 1919 630 2002 captivitate
659 1938 715 1981 seu
745 1919 949 1981 distractione
979 1919 1148 1992 revocatio,
1206 1925 1256 1978 tus
1282 1915 1378 1979 fuerit
1406 1917 1439 1978 in
1469 1917 1652 1998 frangendo,
1679 1937 1772 2000 poena
1802 1919 1953 2000 puniatur

402 2017 485 2098 ignis
513 2018 631 2080 amoris
661 2017 814 2091 custodia,
840 2017 1010 2098 episcopus
1036 2017 1150 2098 cogita·
1206 2015 1329 2094 majori.
1347 2017 1433 2089 Quod
1453 2025 1560 2078 autem
1576 2017 1607 2077 in
1623 2016 1730 2078 verbis
1750 2017 1789 2078 iis
1811 2018 1951 2080 contine-

401 2115 682 2190 tionum‚intentio
699 2114 1091 2196 pugnatorum‚eolligatio
1108 2114 1151 2175 lu·
1206 2121 1267 2186 tur,
1285 2115 1315 2175 Si
1334 2122 1419 2176 tanta
1439 2115 1610 2176 necessitas
1630 2123 1729 2195 urget,
1747 2123 1819 2190 ete,
1836 2136 1853 2177 a
1874 2135 1951 2197 prae—

258 2236 386 2280 ·mamons
400 2221 482 2286 ctus,
496 2213 637 2275 amicitia
653 2212 868 2285 lacrimarum,
881 2212 1051 2274 amicitie*
1068 2231 1150 2274 mor·
1205 2210 1261 2272 fati
1277 2211 1403 2272 Ordinis
1418 2211 1561 2273 Patribus
1578 2212 1620 2272 ita
1635 2213 1805 2294 exponitur
1821 2231 1828 2274 :
1846 2214 1877 2275 Si
1898 2232 1950 2277 no·

399 2313 440 2374 tis
456 2319 750 2393 operator,aeternae
765 2329 867 2392 poeuac
883 2311 1148 2392 depictor,divini
1205 2308 1302 2371 tabile
1335 2310 1562 2372 inconveniens
1596 2317 1650 2372 aut
1683 2311 1861 2393 periculum
1895 2332 1950 2374 seu

398 2408 513 2490 judicii
529 2407 665 2488 diligens
685 2407 866 2489 inquisitor,
884 2407 1042 2470 moestitiae
1059 2407 1149 2470 bonas
1205 2407 1397 2488 negligentia
1426 2416 1622 2489 sequeretur,
1649 2409 1675 2470 si
1706 2409 1823 2472 locutio
1851 2429 1950 2492 usque

400 2506 559 2579 minister,
578 2505 781 2567 confidentia
806 2505 943 2586 propriae
969 2504 1148 2580 inimicitia,
1204 2506 1242 2567 ad
1266 2506 1445 2587 proximum
1466 2507 1651 2569 differretur
1672 2509 1879 2590 colloquium,
1900 2510 1949 2571 vel

399 2603 610 2686 tranquillitas
628 2604 796 2678 convictus,
805 2603 945 2665 scientiae
959 2604 1151 2665 additamen-
1204 2604 1242 2665 ad
1262 2612 1474 2685 opportunam
1494 2604 1603 2667 horam
1628 2607 1754 2686 petendi
1775 2607 1946 2670 licentiam.

400 2711 479 2775 tum,
497 2702 668 2764 verborum
691 2702 744 2763 Dei
766 2701 948 2783 productor,
969 2719 1032 2764 non
1053 2720 1148 2784 appa·
1204 2701 1261 2774 Oui
1294 2709 1399 2763 autem
1434 2721 1472 2764 ex
1504 2703 1629 2765 levitate
1663 2712 1718 2766 aut
1750 2703 1948 2779 affabilitate,

400 2820 473 2864 rens
498 2800 670 2882 profectus,
692 2800 793 2862 lateus
816 2817 976 2861 aseensus.
994 2800 1052 2872 Qui
1077 2819 1148 2882 pro·
1204 2807 1259 2861 aut
1273 2798 1334 2862 alia
1353 2818 1448 2861 causa
1467 2799 1677 2863 insufficienti
1699 2802 1840 2884 loquitur
1854 2803 1950 2866 verba

400 2899 470 2983 pria
490 2898 651 2980 cognoscit
674 2917 710 2960 ac
731 2905 843 2980 penset
864 2898 990 2972 delicta,
1008 2899 1149 2962 continet
1205 2897 1351 2978 quamvis
1374 2898 1577 2979 paucissima,
1594 2900 1767 2963 dummodo
1789 2920 1828 2964 ex
1851 2921 1884 2964 se
1906 2902 1950 2964 in·

401 2999 556 3080 linguam3
569 2996 778 3079 multiloquus
791 3013 867 3059 vero
879 2996 1021 3058 nondum
1038 3014 1149 3078 cogno·
1168 2994 1406 3076 Ctelligibilem
1434 2995 1559 3077 pariant
1584 3016 1713 3059 sensum
1741 3018 1798 3080 per
1822 3001 1949 3062 modum

400 3097 446 3160 vit
464 3115 499 3159 se
519 3096 624 3178 ipsum
647 3095 731 3157 sicut
752 3101 885 3177 oportet.
903 3095 1034 3156 Amicus
1054 3095 1149 3158 silen-
1206 3091 1375 3174 complexi,
1392 3111 1456 3154 non
1472 3101 1641 3156 excusatur
1655 3114 1673 3156 a
1687 3094 1843 3159 fractione
1858 3097 1950 3161 silen-

398 3195 436 3257 tii
455 3195 520 3258 Deo
540 3194 743 3277 propinquat,
761 3199 793 3256 et
813 3193 947 3255 latenter
964 3192 1148 3275 colloquens
1204 3190 1250 3252 tii.
1262 3190 1306 3252 Ex
1321 3190 1438 3272 quibus
1454 3191 1561 3266 etiam,
1574 3192 1662 3255 salvo
1677 3194 1803 3258 meliori
1816 3194 1948 3276 judicio,

399 3293 473 3366 Deo,
500 3292 700 3354 illuminatur
728 3291 768 3353 ab
798 3309 846 3354 eo.
876 3291 1046 3354 Silentium
1075 3292 1148 3353 Jesu
1205 3289 1295 3370 sequi
1323 3289 1460 3364 videtur,
1486 3290 1570 3371 quod
1599 3291 1653 3352 alii
1683 3292 1822 3374 religiosi
1851 3295 1950 3376 siguis

401 3391 517 3453 Christi
539 3390 665 3451 inflexit
687 3397 719 3450 et
739 3390 854 3452 avertit
876 3389 1020 3451 Pilatum.
1038 3390 1149 3451 illelius
1205 3393 1340 3460 utentes,
1357 3387 1383 3448 si
1404 3405 1443 3450 ex
1459 3388 1587 3450 levitate
1606 3397 1638 3451 et
1653 3389 1862 3454 irrationabili
1879 3412 1949 3455 cau-

401 3493 449 3550 est
470 3487 502 3549 in
522 3494 639 3549 terram
660 3487 773 3548 cadere
795 3486 834 3547 ab
857 3485 1036 3559 altitudine,
1053 3505 1149 3567 quam
1205 3504 1240 3546 sa
1264 3485 1362 3565 siguis
1388 3493 1527 3559 utantur,
1551 3496 1605 3549 aut
1629 3489 1675 3550 eis
1700 3489 1864 3572 superflue
1888 3491 1951 3554 siut

401 3585 551 3666 alingua.
568 3583 805 3665 Multiloquium
827 3603 865 3645 ex
884 3584 1005 3646 ventris
1025 3583 1151 3666 repleti·
1205 3590 1341 3656 utentes,
1367 3584 1456 3645 velut
1481 3583 1645 3648 fractionis
1670 3586 1789 3649 silentii
1814 3589 1859 3650 rei
1885 3590 1951 3651 red·

400 3700 461 3746 one
477 3691 509 3752 et
523 3701 604 3744 vana
615 3681 717 3763 gloria
733 3681 844 3744 oritur.
862 3681 1022 3745 Sollicitus
1042 3682 1080 3743 de
1099 3701 1150 3743 ex·
1204 3681 1331 3755 dantur,
1347 3699 1406 3743 neo
1427 3692 1618 3745 excusentur
1636 3703 1654 3746 a
1669 3686 1774 3767 eulpa,
1790 3706 1891 3768 quum
1906 3688 1950 3750 in-

401 3782 447 3843 itu
474 3780 514 3842 ab
539 3781 599 3842 hoc
629 3780 759 3854 mundo,
786 3797 858 3842 suos
889 3780 1091 3842 circumcidit
1113 3800 1150 3843 ac
1205 3778 1348 3842 ordinata
1369 3787 1464 3860 atque
1486 3781 1659 3861 superflua,
1676 3790 1708 3844 et
1729 3803 1799 3865 quaa
1821 3803 1860 3846 ex
1885 3785 1949 3847 cul-

402 3879 583 3942 moderatur
607 3894 790 3957 sermones;
807 3886 838 3940 et
860 3877 921 3959 qui.
940 3877 1061 3940 luctum
1083 3879 1149 3941 ani·
1205 3876 1304 3958 pabili
1321 3877 1495 3959 procedunt
1510 3878 1622 3954 radice,
1630 3898 1691 3942 non
1707 3891 1832 3944 careant
1846 3883 1949 3966 culpa3

402 3997 462 4040 maa
482 3976 634 4059 possidet,
656 3975 747 4057 quasi
769 3976 875 4057 ignem
895 3977 1009 4038 avertit
1027 3995 1045 4037 a
1065 3997 1098 4040 se
1119 3985 1150 4039 et
1205 3993 1264 4037 nec
1287 3975 1420 4038 intentio
1442 3975 1567 4037 Patrum
1589 3977 1651 4038 fuit
1673 3979 1836 4060 signorum
1857 4001 1948 4044 usum

401 4075 484 4156 fugit
500 4075 750 4157 multiloquium.
769 4075 808 4137 Os
824 4094 918 4136 suurn
935 4076 1080 4150 recludit,
1093 4077 1148 4157 qui
1204 4073 1382 4148 admittere,
1393 4073 1455 4136 nisi
1471 4093 1510 4136 ex
1525 4076 1704 4139 rationabili
1720 4097 1815 4141 causa
1831 4088 1861 4142 et
1877 4089 1951 4143 tem·

401 4174 542 4256 quietem
562 4173 744 4234 solitudinis
764 4172 883 4253 diligit;
901 4174 955 4256 qui
978 4182 1084 4236 autem
1103 4175 1148 4236 in·
1165 4180 1189 4241 D
1205 4179 1322 4253 perate.

401 4293 511 4336 cessus
530 4279 562 4333 et
581 4271 748 4333 hominurn
769 4270 852 4334 facta
867 4271 1003 4334 libenter
1018 4274 1115 4348 videt,
1132 4294 1150 4336 a
1245 4270 1407 4344 Praeterea,
1420 4270 1615 4353 quicumque
1632 4273 1735 4334 cordis
1751 4274 1800 4337 sui
1816 4276 1950 4359 diligens

401 4371 532 4454 propria
557 4370 702 4454 passione
727 4371 766 4433 dc
792 4371 871 4432 cella
895 4372 1063 4433 excutitur.
1091 4374 1148 4446 Qui
1205 4377 1311 4430 custos
1336 4377 1394 4442 cst,
1412 4370 1463 4430 cui
1487 4371 1683 4452 propositum
1707 4381 1738 4434 ct
1760 4383 1891 4438 conatus
1915 4395 1950 4438 ac

401 4469 612 4550 multiloquus
627 4477 685 4543 est,
702 4469 763 4531 sibi
779 4469 933 4531 similium
950 4471 1064 4551 quaerit
1078 4490 1150 4532 con·
1205 4469 1402 4530 consuetudo
1424 4477 1472 4530 est
1495 4478 1599 4535 ruente
1622 4490 1748 4554 semper
1771 4473 1857 4556 loqui
1878 4493 1949 4536 cum

401 4568 545 4630 sortium.
559 4567 640 4628 Ecce
655 4586 692 4628 ex
709 4566 814 4629 verbis
832 4567 870 4628 iis
886 4567 982 4648 hujus
998 4567 1147 4649 profundi
1205 4566 1268 4626 Dco
1293 4574 1346 4628 aut
1372 4567 1495 4629 interne
1520 4570 1660 4631 exerceri
1686 4589 1791 4632 coram
1817 4591 1865 4646 eo,
1888 4593 1948 4636 uon

401 4674 433 4730 et
453 4665 715 4728 illuminatissimi
732 4666 874 4739 Climaci,
893 4666 1006 4727 merito
1025 4667 1148 4728 incitari
1205 4664 1307 4726 solum
1333 4667 1484 4745 agnoscit,
1510 4667 1564 4728 scd
1590 4668 1765 4730 certissime
1790 4672 1951 4752 experitur

401 4759 555 4828 debemus
571 4764 609 4825 ad
626 4782 746 4825 sacram
762 4764 1014 4826 observationem
1030 4763 1149 4825 silentii
1205 4772 1357 4844 quantum
1384 4764 1496 4826 fractio
1519 4765 1649 4840 silentii,
1668 4767 1852 4849 loquacitas,
1870 4769 1950 4831 mul-

401 4862 547 4924 salutaris
569 4869 635 4923 tam
657 4861 822 4936 fructuosi,
840 4869 934 4943 atque
956 4863 994 4923 ad
1016 4863 1150 4924 detesta-
1204 4862 1386 4944 tiloquium,
1405 4863 1611 4944 superfluitas
1635 4884 1762 4948 quoque
1787 4867 1950 4948 signorum

401 4961 519 5023 tionem
538 4960 737 5042 loquacitatis
752 4968 783 5022 et
803 4959 998 5042 multiloquii
1016 4968 1079 5022 tarn
1095 4979 1150 5022 no·
1205 4961 1361 5034 inficiant,
1380 4961 1558 5043 inquietent
1577 4963 1845 5047 indisponantque
1864 4987 1951 5030 mcn-

400 5059 462 5121 civi
487 5067 519 5121 et
540 5059 657 5121 vitiosi.
1204 5068 1280 5134 tem,
1302 5080 1372 5142 quae
1397 5061 1490 5122 facile
1515 5061 1628 5124 inertia
1652 5064 1788 5145 quadam
1816 5067 1952 5146 percuti-

439 5157 598 5240 Amplius,
615 5157 653 5218 de
674 5156 733 5218 hae
751 5156 819 5238 ipsa
838 5156 970 5217 materia
990 5157 1090 5219 multa
1106 5157 1150 5220 lo·
1203 5166 1262 5221 tur.
1280 5159 1337 5233 oui
1358 5168 1462 5222 autem
1480 5161 1518 5221 ad
1535 5168 1652 5223 tantam
1672 5162 1950 5228 insensibilitatem

398 5256 509 5337 quitur
523 5254 720 5336 Augustinus
736 5254 768 5316 in
789 5272 934 5317 sermone
955 5256 1091 5337 quodam
1109 5257 1148 5318 ad
1203 5265 1298 5340 atque
1314 5258 1464 5321 duritiam
1480 5259 1584 5322 cordis
1599 5259 1761 5336 dilabitur,
1778 5263 1863 5344 quod
1878 5281 1951 5345 pro·
