4214 6254
449 509 509 576 172
679 528 827 578 noumrca
848 531 870 578 rr
891 531 965 578 rosr
985 529 1178 577 rarmrarrur.
1199 546 1240 558 -
1258 529 1301 575 an
1321 529 1496 576 pectorosos
1507 528 1515 592 3
1538 527 1637 575 suano
1658 527 1771 574 scarras

448 701 519 765 lata.
533 703 577 766 De
593 723 656 787 qua
670 712 798 768 sanctus
813 704 858 767 ait
871 703 1083 786 Hieronymus
1101 721 1108 764 :
1124 701 1236 766 Nul-rt
1251 721 1297 776 ca,
1323 711 1356 765 et
1381 701 1468 764 illius
1492 701 1675 783 percutiens
1700 699 1934 774 conscientiam,
1955 707 1980 765 et

449 800 472 862 li
492 802 624 866 omnino
643 822 785 887 unquam
804 803 962 876 detrahas,
978 819 1037 864 nec
1059 801 1195 864 aliorum
1252 799 1344 861 istius
1363 799 1534 862 vulnerans
1555 798 1731 872 caritatem,
1749 816 1857 860 secum
1879 797 1981 879 pariter

448 898 683 982 vituperatione
708 908 739 963 te
759 900 951 964 laudabilem
975 900 1077 962 videri
1097 898 1195 977 velis3
1252 905 1424 980 utrumque
1449 897 1588 979 perimit.
1609 895 1772 978 Numquid
1796 913 1859 957 non
1882 904 1928 958 est
1947 897 1982 958 vi-

450 997 550 1078 magis
565 1006 653 1061 tuam
668 998 766 1062 vitam
782 1016 895 1062 ornare
910 998 1109 1079 disee,quam
1124 997 1197 1058 alie-
1252 1015 1328 1078 pera
1350 996 1458 1078 lingua
1480 997 1561 1058 istat
1578 995 1787 1058 Ferocissima
1810 994 1912 1075 plane,
1925 1013 1982 1075 qua

449 1115 523 1158 narn
545 1097 736 1180 discerpere.
1251 1103 1315 1156 tam
1340 1094 1475 1157 letaliter
1497 1102 1561 1156 tres
1587 1093 1693 1155 inficit
1715 1092 1796 1155 ilatu
1816 1109 1889 1156 uno.
1905 1093 1984 1156 llum-

488 1195 623 1278 lnsuper
644 1197 683 1258 de
704 1197 764 1258 boc
787 1195 866 1258 vitio
890 1194 1126 1277 sapientissime
1151 1194 1197 1256 sic
1252 1192 1329 1274 quid
1349 1210 1412 1254 non
1433 1191 1543 1254 lancea
1565 1198 1614 1254 est
1633 1191 1742 1271 lingua
1762 1191 1845 1252 istal
1860 1189 1984 1252 Proiecto

448 1300 577 1356 sanetus
601 1294 714 1357 scribit
736 1294 915 1357 Bemardus
939 1311 946 1355 τ
969 1293 1083 1355 Annon
1107 1292 1198 1354 amit·
1252 1291 1348 1353 etiam
1371 1291 1566 1364 acutissima,
1583 1309 1654 1372 quaa
1679 1296 1743 1352 tres
1769 1296 1912 1371 penetrat
1932 1289 1985 1351 ictu

448 1399 520 1454 tunt
542 1393 641 1455 vitam
663 1393 866 1467 detractores,
883 1393 947 1455 Deo
968 1390 1114 1465 odibiles,
1131 1391 1197 1453 odi·
1253 1405 1326 1450 uno.
1338 1388 1466 1452 Gladius
1482 1388 1593 1470 utique
1608 1405 1735 1468 anceps,
1746 1387 1812 1449 imo
1826 1393 1859 1449 et
1873 1387 1984 1468 triceps,

448 1489 530 1552 biles
553 1491 649 1554 vitel
664 1491 757 1572 Fugit
778 1491 843 1560 vita
865 1509 944 1572 quos
967 1489 1051 1568 odit3
1068 1496 1099 1551 et
1118 1507 1197 1571 quos
1253 1494 1301 1548 θεῖ
1321 1486 1430 1567 lingua
1450 1487 1646 1549 detractoris.

449 1588 533 1669 fugit
547 1589 623 1663 vita,
641 1590 722 1652 mori
738 1608 869 1652 necesse
884 1595 941 1651 est.
955 1589 1067 1651 Annon
1083 1595 1115 1649 et
1129 1588 1197 1669 ipse
1293 1585 1466 1648 Careamus
1487 1601 1562 1665 ergo
1581 1592 1646 1646 tam
1666 1583 1858 1646 detestabile
1875 1583 1984 1656 vitium,

450 1686 586 1749 moritur
600 1687 656 1769 qui
672 1707 832 1750 venenum
849 1686 942 1760 bibit,
955 1687 1040 1768 quod
1056 1687 1085 1748 ei
1102 1686 1198 1748 male·
1253 1684 1386 1766 ejusque
1417 1683 1572 1758 fomitem,
1599 1682 1722 1746 seilicet
1751 1682 1986 1745 irrationabilem

448 1784 546 1847 suada
568 1785 754 1848 detractoris
777 1785 885 1866 lingua
910 1785 1078 1868 propinati
1094 1784 1198 1865 Siqui-
1252 1781 1499 1863 displicentiam,
1521 1781 1767 1864 impatientiam,
1790 1781 1986 1853 aversionem,

448 1882 521 1944 dem
538 1882 649 1945 lurtim
665 1885 694 1945 ei
710 1883 889 1946 dilectionis
904 1883 969 1945 vita
983 1882 1196 1960 subtrahitur;
1213 1879 1238 1941 B
1253 1881 1418 1954 invidiam,
1439 1880 1670 1963 appetitionem
1696 1879 1800 1942 laudis
1825 1880 1986 1943 humanm:

448 1987 480 2044 et
494 1981 571 2043 dum
589 1981 701 2055 nescit,
719 1981 752 2044 in
768 2001 806 2044 eo
826 1981 979 2064 paulatim
995 1981 1133 2043 fraterna
1148 1999 1198 2042 ca·
1252 1997 1291 2040 ex
1314 1979 1363 2040 bis
1383 1997 1521 2060 namque
1543 1979 1659 2052 causis,
1676 1987 1731 2040 aut
1751 1996 1874 2069 earum¹
1886 1978 1987 2060 aliqua,

448 2079 524 2142 ritas
545 2078 733 2160 refrigeseit.
751 2080 926 2142 Auditurus
946 2087 995 2142 θεῖ
1009 2077 1140 2141 forsitan
1161 2097 1198 2140 ea
1253 2078 1332 2140 solet
1347 2077 1423 2140 oriri
1440 2079 1602 2142 detractio.
1619 2079 1694 2142 Ideo
1714 2078 1874 2141 caritativi
1890 2078 1987 2151 simus,

448 2195 519 2258 quae
535 2177 709 2239 dictasunt
727 2181 836 2240 contra
852 2196 896 2250 se,
914 2177 982 2259 ipse
998 2195 1126 2258 quoque
1144 2177 1195 2238 cui
1253 2176 1391 2238 timorati
1407 2182 1439 2237 et
1454 2176 1604 2249 humiles,
1617 2176 1768 2239 custoditi
1785 2177 1818 2238 in
1836 2175 1952 2256 verbis;
1964 2185 1988 2238 et

449 2274 1147 2357 detrahitur:undiqueenimverbavolant,
1165 2283 1197 2337 et
1251 2275 1415 2337 caritatem
1449 2282 1589 2338 nostram
1621 2275 1659 2336 ad
1690 2275 1877 2356 proximum
1907 2293 1988 2356 opera

448 2373 623 2435 multorum
646 2372 736 2455 prius
760 2391 814 2436 ora
838 2373 1054 2455 pertransiens
1079 2389 1193 2446 sermo,
1252 2373 1351 2454 magis
1377 2373 1548 2454 loquantur
1571 2392 1667 2456 quarn
1692 2373 1802 2448 verba,
1820 2373 1856 2434 in
1881 2381 1987 2435 tanturn

447 2468 585 2532 difficile
609 2469 681 2548 lieri
708 2477 811 2551 potest
834 2471 913 2552 quin
940 2470 972 2532 in
996 2469 1195 2550 singulorum
1252 2480 1287 2533 ut
1301 2473 1384 2533 sicut
1399 2471 1542 2534 Christus
1562 2473 1702 2534 animam
1723 2489 1815 2534 suam
1838 2471 1988 2554 pronubis
2010 2486 2072 2528 tatu

448 2567 586 2630 creverit
609 2568 738 2650 linguis,
764 2577 796 2632 et
819 2569 910 2650 quasi
934 2568 999 2649 jam
1027 2575 1195 2650 provectus
1251 2569 1409 2652 exposuit,
1426 2570 1469 2631 ita
1491 2577 1522 2632 et
1543 2588 1601 2633 nos
1624 2570 1658 2632 in
1679 2577 1804 2632 tanturn
1831 2553 2022 2651 diligamus'⁵'

448 2666 606 2729 reseratur
624 2668 662 2730 ad
684 2686 758 2729 eum
781 2667 820 2728 ad
840 2666 933 2747 eujus
953 2673 1076 2748 spectat
1093 2665 1195 2728 olien—
1251 2687 1308 2731 nos
1331 2668 1481 2742 invicem,
1503 2675 1539 2729 ut
1560 2686 1635 2730 casu
1659 2687 1692 2730 se
1716 2667 1878 2732 oliereute
1901 2668 1988 2750 parati

448 2784 526 2827 sam.
544 2765 653 2847 ltaque
672 2764 939 2828 scandalizabitur
953 2764 1086 2827 audiens
1105 2771 1136 2826 et
1151 2771 1196 2826 ta·
1251 2767 1351 2828 simus
1368 2784 1425 2847 pro
1440 2765 1593 2828 iratribus
1607 2765 1724 2828 nostris
1741 2765 1886 2828 animam
1907 2783 1989 2848 pone-

448 2863 574 2942 bcscet3
591 2881 693 2945 eoque
714 2863 841 2926 laeilius
864 2863 1084 2944 exstinguetur
1106 2863 1138 2924 in
1158 2881 1195 2926 eo
1251 2883 1295 2937 re,
1313 2864 1344 2925 id
1361 2872 1409 2926 est
1424 2864 1523 2926 vitam
1544 2864 1742 2946 corporalem
1758 2864 1857 2926 morti
1873 2863 1988 2936 ollerre,

402 3008 404 3014 .
446 2961 657 3042 caritasque
681 2960 820 3042 amplius
844 2968 917 3022 ante
940 2960 1048 3022 vivere
1071 2960 1196 3022 videba-
1250 2961 1325 3044 quia
1348 2961 1476 3024 illorum
1500 2962 1635 3024 salutem
1658 2981 1715 3025 seu
1737 2962 1884 3025 animaru
1904 2961 1991 3042 magis

446 3067 507 3121 tur.
526 3059 564 3121 Et
586 3059 717 3141 quidem
742 3058 804 3121 sibi
830 3066 921 3120 cavet
944 3059 1085 3140 prudens
1108 3055 1232 3120 audi-G
1251 3078 1346 3141 quam
1373 3060 1535 3142 propriam
1559 3060 1658 3122 vitam
1684 3061 1886 3142 corporalem
1917 3069 1991 3122 tena-

446 3165 514 3237 tor;
531 3165 622 3220 cavet
636 3165 668 3220 et
684 3158 762 3240 ipse,
780 3157 807 3220 si
828 3176 892 3221 non
912 3157 1040 3238 desipit,
1056 3158 1112 3238 qui
1133 3157 1195 3219 sibi
1251 3177 1323 3220 mur
1338 3157 1480 3238 diligere.
1498 3159 1615 3220 Verum
1632 3159 1671 3221 de
1687 3159 1746 3220 ista
1766 3159 1905 3221 materia
1924 3157 1991 3220 inle-

446 3257 536 3319 novit
551 3275 620 3318 esse
636 3256 813 3318 detractum
831 3273 838 3317 :
856 3255 909 3317 ille
929 3275 969 3317 ne
984 3273 1108 3316 veneno
1124 3255 1197 3316 inli—
1252 3256 1317 3318 rius
1334 3255 1464 3318 intendo
1479 3256 1631 3319 dillusius
1648 3257 1747 3339 loqui,
1764 3257 1944 3339 praesertim
1962 3257 1992 3318 dr

447 3355 560 3428 cietur,
582 3353 704 3416 istene
728 3353 878 3416 scandalo
902 3353 1116 3435 perturbetur.
1137 3353 1197 3415 Sed
1252 3354 1456 3416 detractione.
1475 3355 1545 3418 llaec
1567 3355 1664 3436 igitur
1682 3354 1750 3436 jam
1770 3355 1925 3436 praedicta
1941 3373 1994 3416 me

448 3453 533 3535 quod
554 3452 587 3514 in
608 3470 642 3514 se
662 3459 720 3526 est,
738 3452 847 3532 lingua
866 3451 1052 3514 detractoris
1069 3450 1197 3513 maledi·
1257 3453 1297 3514 do
1318 3451 1496 3514 sufiiciunt.

1002 3881 1195 3968 SERMO
1236 3882 1453 3968 SEXTUS

517 4149 557 4196 ott
577 4150 749 4197 nutriantur
771 4150 878 4208 COENA,
899 4150 936 4195 ΕΤ
956 4149 1062 4195 Turnus
1084 4147 1313 4195 rutucrratruus
1334 4149 1425 4194 vlrlls
1446 4149 1504 4194 unu
1525 4149 1592 4204 QUAE
1613 4149 1751 4197 flotssltlts
1772 4151 1794 4196 Α
1817 4152 1933 4199 DlVlNAE

899 4247 1003 4295 GOENAE
1024 4246 1277 4295 Panrlctrtrtortn
1298 4245 1546 4294 PRAEPEDIUNTUR.

525 4535 614 4595 OMO
636 4533 772 4610 quidam
790 4531 869 4607 jecit
889 4549 1011 4589 coenam
1033 4529 1300 4606 maynarn,l)est
1328 4545 1418 4590 coena
1447 4527 1696 4602 sacramentalis
1724 4547 1822 4610 quam
1858 4531 1995 4613 passione

538 4639 568 4690 et
583 4631 709 4689 vocavit
723 4632 854 4688 multos.
871 4627 947 4688 Luc.
964 4645 1028 4701 xrv,
1046 4625 1093 4690 ld.
1251 4644 1309 4686 sua
1329 4624 1465 4688 instante
1486 4625 1563 4688 iecit
1579 4625 1722 4689 Christus
1741 4626 1908 4709 Apostolis
1926 4628 1994 4698 suis,

489 4727 545 4788 list
569 4745 660 4790 coena
683 4724 869 4807 corporalis,
895 4724 934 4786 de
958 4744 1022 4806 qua
1045 4723 1162 4806 legitur
1188 4740 1195 4784 ε
1251 4731 1448 4787 sacramento
1470 4725 1614 4816 corporis
1636 4732 1667 4787 et
1688 4727 1859 4808 sanguinis
1883 4728 1932 4791 sui
1950 4745 1995 4789 eos

305 4845 434 4898 autumn,
448 4825 529 4887 Ante
551 4842 606 4886 sex
629 4823 696 4886 dies
718 4822 845 4886 Pascbae
866 4823 955 4884 venit
974 4823 1064 4885 lesus
1088 4822 1198 4885 Betba-
1252 4822 1409 4884 reficiens.
1418 4823 1533 4896 Quarta
1548 4830 1596 4885 est
1611 4841 1700 4887 coena
1715 4823 1996 4909 infernalis,quena

302 4913 321 4962 ¹³
332 4911 352 4952 ²·
448 4923 546 4997 niam,
563 4930 596 4985 et
610 4921 757 4984 lecerunt
771 4920 799 4984 ci
816 4938 940 4983 emnam
957 4920 1013 4983 ibi.
1031 4921 1086 4982 Est
1100 4921 1195 4983 etiam
1251 4921 1423 4984 admodum
1441 4921 1596 5003 scripturn
1617 4929 1665 4984 est
1682 4940 1688 4984 :
1706 4922 1795 4986 Sicut
1812 4943 1893 4988 oves
1913 4925 1943 4986 in
1958 4923 1996 4985 in·
2016 4944 2074 4984 aar

448 5040 539 5085 coena
554 5019 741 5102 spiritualis,
759 5018 797 5082 de
815 5038 877 5100 qua
898 5019 929 5081 in
945 5019 1135 5102 Apocalypsi
1154 5018 1199 5080 ait
1251 5019 1342 5082 terno
1358 5019 1452 5101 positi
1468 5027 1552 5095 sunt,
1565 5038 1649 5083 mors
1665 5021 1815 5103 depascet
1828 5041 1898 5087 eos.
1910 5024 1995 5098 Quin·
2007 5009 2029 5048 '²

298 5143 360 5200 aava
362 5157 398 5195 ιιιιι
401 5145 432 5186 aa.
449 5119 591 5184 Salvator
608 5136 615 5181 :
632 5119 697 5200 ligo
718 5125 766 5181 sto
788 5125 861 5180 ante
883 5117 1013 5191 ostium,
1031 5125 1063 5180 et
1085 5117 1196 5198 puls0;
1250 5126 1283 5180 ta
1297 5125 1345 5180 est
1360 5137 1450 5182 eoena
1464 5118 1622 5181 beatificae
1641 5119 1816 5196 fruitionis,
1834 5122 1877 5185 de
1895 5141 1956 5205 qua
1968 5121 1995 5182 iu

448 5219 474 5282 si
500 5218 573 5301 quis
595 5218 757 5300 aperuerit
777 5216 868 5292 mihi,
886 5215 1010 5278 intrabo
1031 5216 1069 5278 ad
1093 5216 1195 5290 illurn,
1251 5216 1442 5300 Apocalypsi
1468 5216 1570 5280 fertur
1592 5218 1705 5280 :Beati
1731 5219 1787 5300 qni
1812 5221 1854 5282 ad
1881 5237 2070 5292 coenamnar·

448 5325 481 5382 et
495 5316 630 5382 coenabo
645 5335 718 5380 oum
736 5316 803 5394 illo,
814 5323 846 5378 et
863 5315 931 5398 ipse
947 5333 1084 5379 mecum.
1095 5314 1199 5378 Tertia
1252 5314 1439 5397 nuptiarum
1464 5314 1545 5396 Agrai
1569 5315 1672 5379 vocati
1696 5323 1779 5378 sunt.
1807 5317 1855 5381 De
1883 5338 1946 5402 qua
1969 5317 1995 5378 in
