4288 6264
483 505 515 552 m
536 504 587 551 nn
609 501 725 551 savaro
745 501 961 550 rmrncosras.
982 519 1023 534 -·
1042 499 1217 551 animane
1237 503 1269 550 rn
1289 503 1457 553 nrrsromn
1704 489 1745 555 69

195 695 245 750 su,
262 685 294 740 ει
309 676 461 740 fratribus
476 675 557 758 ejus,
575 675 607 738 id
621 683 670 739 cst
684 675 825 757 cognatis
842 693 850 737 τ
866 675 942 758 quia
956 673 983 737 Α
998 683 1056 750 εει,
1074 674 1211 759 Spiritus
1226 676 1359 740 Sanctus
1375 677 1407 739 in
1426 676 1544 758 linguis
1564 676 1632 741 istis
1651 697 1745 760 appa·

195 793 259 839 non
274 775 378 840 solum
392 775 493 858 aliqui
507 775 805 858 Apostolorumsed
822 783 854 836 et
866 775 942 836 alio·
998 793 1081 848 rena,
1107 794 1203 858 super
1227 793 1490 857 unumquemque
1514 775 1745 858 discipulorum

194 893 267 937 rum
290 873 523 956 discipulorum
548 872 694 935 nonnulli
719 871 845 934 fuerant
869 891 941 935 con·
997 873 1128 954 quievit.
1151 873 1209 936 Per
1230 874 1315 956 quod
1340 874 1518 954 designavit
1541 874 1626 958 quod
1651 874 1746 938 corda

193 972 359 1052 sanguinei
381 971 506 1034 Christi.
998 989 1108 1033 eorum
1127 972 1355 1052 gratiosissime
1369 973 1566 1055 adimplevit.
1584 972 1636 1035 Sic
1650 981 1683 1035 et
1696 992 1746 1036 su-

233 1074 277 1133 E’t
300 1073 410 1148 factus
437 1080 483 1130 est
513 1079 643 1146 repente
666 1073 707 1129 de
728 1073 804 1130 coelo
833 1089 941 1141 sonus,
998 1089 1056 1152 per
1069 1070 1229 1134 Christum
1246 1070 1277 1132 in
1293 1071 1451 1153 baptismo
1466 1071 1499 1134 in
1515 1071 1613 1134 lomna
1628 1072 1746 1136 colum·
1765 1091 1891 1144 unctui,

194 1181 350 1250 tanquam
366 1171 571 1230 advenientis
585 1170 724 1246 spiritus
739 1170 940 1236 vehementis,
998 1168 1045 1232 hm
1068 1169 1231 1231 descendit
1251 1177 1282 1231 ct
1302 1170 1427 1232 mansit.
1444 1170 1606 1233 Postremo
1626 1171 1744 1254 duplex
1759 1157 1790 1198 ¹⁶·

193 1269 254 1332 hoc
276 1275 324 1332 est
343 1269 442 1330 instar
461 1268 548 1330 venti
572 1267 741 1349 impetuosi
763 1273 795 1328 et
814 1266 942 1346 grandis
997 1274 1046 1328 est
1061 1267 1172 1329 missio
1186 1267 1322 1349 Spiritus
1340 1267 1445 1330 Sancti
1462 1287 1468 1332 :
1486 1287 1550 1331 una
1568 1269 1745 1351 spiritualis

193 1365 337 1440 tonitrui,
355 1366 397 1428 ita
419 1366 504 1447 quod
529 1382 625 1427 sonus
649 1364 704 1426 ille
724 1363 787 1426 fuit
808 1381 941 1444 magnus
998 1372 1030 1427 ct
1053 1365 1319 1447 invisibilisque
1342 1365 1463 1448 absque
1487 1365 1631 1428 sensibili
1655 1367 1746 1449 signo

193 1463 299 1546 fragor
317 1463 432 1526 similis
452 1480 529 1526 sono
549 1463 644 1526 validi
665 1462 752 1524 venti
774 1462 841 1524 sive
861 1460 941 1524 toni·
998 1462 1179 1525 infunditur
1204 1463 1383 1542 mentibus3
1408 1463 1470 1526 alia
1494 1463 1643 1538 visibilis,
1669 1466 1746 1528 dum

194 1563 267 1624 trui.
284 1563 340 1624 Vel
361 1563 418 1636 sic,
437 1584 453 1621 n
470 1561 572 1624 factus
592 1569 640 1624 εει
659 1569 788 1642 repente
807 1561 845 1622 de
862 1560 942 1622 coelo
997 1561 1090 1622 datur
1120 1561 1152 1622 in
1182 1561 1272 1642 signo
1302 1561 1458 1636 sensibili,
1484 1562 1522 1624 ad
1548 1562 1746 1626 innuendum

193 1680 302 1734 sonus,
316 1668 467 1742 tanquam
483 1658 681 1722 advenientis
697 1659 833 1741 Spiritus
849 1657 943 1720 vehe-
997 1660 1082 1742 quod
1103 1678 1213 1722 earum
1234 1679 1341 1722 rerum
1362 1661 1393 1722 in
1413 1679 1549 1742 quarum
1571 1661 1673 1724 forma
1693 1681 1746 1744 ap-

193 1759 355 1830 mentis»,
373 1758 404 1819 id
422 1757 556 1819 csttalis
577 1774 673 1820 sonus
691 1757 818 1838 qualem
836 1756 943 1818 decuit
998 1765 1097 1840 paret,
1124 1757 1332 1840 proprietates
1361 1765 1393 1819 et
1421 1767 1510 1821 actus
1540 1759 1749 1841 spiritualiter

193 1877 263 1919 esse
292 1873 407 1918 sonum
430 1855 521 1916 illum
543 1855 597 1936 qui
621 1854 819 1935 majestatem
846 1853 1146 1937 Spiri·Boperatur
1177 1855 1208 1916 in
1239 1855 1388 1919 cordibus
1421 1856 1538 1938 quibus
1569 1865 1745 1939 prestatur.

192 1963 244 2016 tns
265 1953 370 2016 Sancti
390 1953 588 2016 advenientis
608 1960 640 2014 et
659 1952 859 2015 velocitatem
878 1971 942 2014 sua
997 1953 1076 2016 llinc
1094 1972 1180 2015 nunc
1200 1953 1232 2014 in
1254 1953 1355 2034 igneis
1376 1954 1493 2036 linguis
1512 1955 1670 2036 apparuit,
1688 1956 1747 2018 hoc

192 2051 388 2134 operationis
413 2051 586 2114 declaravit
609 2058 705 2132 atque
728 2049 874 2130 signavit.
896 2049 942 2112 Si·
997 2059 1046 2114 est
1075 2053 1107 2114 in
1138 2051 1210 2134 igne
1239 2061 1270 2115 et
1299 2052 1418 2134 linguis
1445 2071 1451 2114 :
1478 2053 1522 2116 ita
1549 2054 1634 2136 quod
1664 2054 1746 2135 ignis

193 2150 325 2232 quidem
347 2168 403 2231 per
417 2167 454 2212 ea
468 2168 538 2230 quae
555 2147 633 2210 foris
650 2146 781 2220 fiebant,
799 2146 942 2210 invisibi-
998 2150 1109 2212 habuit
1137 2151 1277 2233 speciem
1309 2151 1434 2232 linguae,
1461 2159 1493 2212 et
1521 2151 1637 2232 linguae
1660 2152 1747 2215 vide-

194 2248 234 2310 lis
251 2247 388 2329 Spiritus
403 2247 509 2308 Sancti
527 2245 687 2326 majestas,
698 2245 799 2308 virtus
814 2252 846 2306 et
860 2245 943 2309 actio
998 2247 1115 2310 bantur
1136 2249 1247 2329 ignem,
1264 2249 1310 2310 sic
1332 2249 1415 2330 quod
1437 2248 1665 2330 aequivalenter
1686 2248 1747 2311 fuit

194 2343 470 2427 significabantur.
491 2344 583 2407 Juxta
607 2344 692 2406 hunc
715 2344 845 2406 modum
869 2343 942 2407 Eze-
998 2345 1116 2428 duplex
1132 2345 1258 2426 signum
1275 2345 1479 2409 sensibileln
1496 2346 1677 2427 linguarum
1693 2347 1748 2409 ita-

72 2468 120 2497 =ec
141 2485 146 2495 ·
164 2469 178 2502 ι.
195 2442 279 2506 chiel
295 2443 450 2525 propheta
465 2440 804 2524 loquitur2Audiebam
820 2459 941 2514 sonum,
999 2462 1061 2526 que
1076 2443 1183 2526 specie
1198 2443 1381 2526 apparebat,
1392 2444 1431 2506 ad
1448 2443 1647 2506 innuendum
1663 2445 1747 2527 quod

28 2549 67 2560 ·’
194 2541 286 2623 quasi
313 2558 427 2604 sonum
455 2558 611 2622 aquarum
642 2539 825 2611 multarum,
851 2538 942 2620 quasi
998 2541 1143 2606 omnium
1169 2541 1350 2623 linguarum
1381 2541 1538 2616 notitiam,
1564 2541 1747 2605 facultatem

194 2657 306 2702 vocem
320 2638 463 2700 sublimis
478 2639 541 2700 Dei.
550 2638 705 2720 Deinceps
720 2637 855 2719 Spiritus
870 2637 944 2699 San·
999 2648 1031 2703 et
1055 2659 1148 2702 usum
1174 2640 1220 2702 eis
1245 2639 1380 2720 infudit;
1402 2641 1553 2714 secundo,
1574 2639 1650 2722 quia
1674 2658 1750 2703 cun·

195 2743 265 2799 ctus
288 2737 405 2798 dicitur
427 2735 564 2818 Spiritus
584 2736 769 2808 vehemens,
787 2734 818 2797 id
841 2742 889 2796 est
910 2735 941 2795 in
999 2739 1058 2800 ctis
1072 2738 1220 2820 gentibus
1236 2746 1325 2800 erant
1339 2738 1750 2820 praedicaturi;tertio,quo

193 2835 378 2917 operatione
399 2833 536 2896 maxime
550 2832 653 2906 velox,
669 2840 701 2894 et
723 2839 861 2894 mentem
878 2831 942 2894 val·
999 2837 1085 2898 niam
1102 2837 1219 2917 linguis
1237 2836 1478 2918 predicantium
1496 2835 1596 2916 gratia
1612 2835 1749 2918 Spiritus

193 2933 234 2995 de
261 2932 450 3004 accendens,
475 2931 660 2992 concutiens
689 2937 720 2991 et
750 2930 942 3008 immutans;
998 2934 1102 2997 Sancti
1120 2935 1280 3016 praecipue
1296 2933 1607 2996 necessariaest.llae
1622 2951 1749 3015 quoque

193 3031 256 3104 vel,
284 3030 490 3092 «vehemens
511 3051 540 3102 n,
566 3027 625 3090 hoc
654 3036 702 3090 est
727 3046 774 3090 vae
798 3027 940 3101 damona,
958 3033 980 3097 G
999 3033 1114 3113 linguae
1131 3033 1230 3114 ignca
1246 3039 1345 3105 erant,
1362 3033 1401 3094 ad
1416 3031 1647 3112 designandum
1664 3032 1749 3112 quod

193 3130 270 3210 quia
288 3129 319 3190 in
342 3127 489 3209 prasenti
508 3125 611 3189 aufert
625 3145 672 3189 vta
690 3125 802 3207 culpa,
820 3133 852 3187 et
867 3124 943 3187 libe·
998 3131 1095 3194 verba
1113 3129 1269 3193 ferventia
1288 3129 1431 3212 proferre
1447 3137 1478 3191 et
1498 3129 1622 3209 igneam
1645 3129 1747 3210 legem

195 3237 242 3290 rat
265 3247 284 3289 a
308 3245 355 3289 vae
385 3224 550 3288 infernalis
578 3224 723 3287 miseriae.
750 3225 838 3297 Quod
867 3241 942 3286 vero
997 3231 1110 3291 docere
1130 3229 1292 3291 deberent.
1311 3227 1474 3311 Siquidem
1495 3227 1545 3289 lex
1564 3226 1747 3307 evangelica

194 3325 314 3388 dictum
330 3333 378 3387 est
394 3326 462 3387 «de
477 3324 597 3397 coelo»,
615 3323 749 3403 intelligi
767 3330 870 3405 potest
885 3323 941 3384 du·
997 3335 1082 3389 recte
1104 3327 1152 3389 lex
1174 3328 1265 3408 ignea
1285 3333 1499 3408 nuncupatur,
1517 3345 1617 3407 quum
1638 3325 1679 3388 sit
1694 3325 1744 3387 lex

195 3425 321 3506 pliciter
343 3441 350 3485 :
374 3424 488 3504 Ρ111110,
510 3421 662 3503 (1101111111
687 3440 783 3485 sonus
809 3421 862 3482 ille
887 3418 942 3482 lle·
996 3425 1125 3498 amoris
1148 3425 1186 3486 de
1208 3441 1272 3506 qno
1293 3424 1337 3486 ait
1358 3422 1499 3485 Salvator
1516 3441 1522 3486 :
1540 3423 1648 3504 Ignem
1669 3423 1743 3485 veni
1758 3444 1891 3494 nnana.

194 3523 248 3586 hat
269 3523 386 3585 virtute
411 3520 531 3584 coelesti
556 3527 588 3582 et
610 3520 809 3594 miraculose,
831 3526 941 3600 utpote
997 3523 1123 3586 mittere
1145 3522 1178 3584 in
1200 3529 1326 3584 terram.
1349 3521 1392 3583 De
1415 3540 1478 3602 qna
1498 3521 1567 3602 lege
1588 3520 1743 3603 scriptum

195 3622 374 3684 ministerio
389 3619 512 3701 angeli3
529 3619 679 3691 secundo,
696 3618 772 3700 quia
790 3617 889 3680 fiebat
909 3616 942 3678 in
997 3629 1044 3684 est
1061 3621 1093 3683 in
1110 3621 1355 3683 Deuteronomio
1368 3639 1374 3683 :
1387 3619 1420 3680 ln
1436 3620 1565 3682 dextera
1580 3618 1636 3680 Dei
1651 3619 1743 3700 ignea
1756 3643 1893 3694 naiman,

193 3720 275 3783 coelo
295 3719 392 3792 aerio,
409 3718 469 3780 hoc
489 3725 537 3780 est
557 3717 588 3778 in
610 3735 692 3778 aere.
712 3717 797 3778 Unde
817 3724 846 3778 et
867 3735 940 3778 aves
997 3721 1057 3783 lex.
1075 3721 1165 3795 ltem,
1182 3718 1267 3800 quod
1290 3718 1375 3780 intus
1399 3718 1471 3797 igne
1490 3716 1590 3779 divini
1613 3735 1743 3780 succan·
1758 3711 1779 3750 ²·

194 3819 227 3880 in
242 3836 314 3880 aera
329 3816 509 3889 volitantes,
521 3833 594 3877 aves
610 3813 681 3877 coeli
699 3821 860 3876 vocantur.
874 3813 940 3876 Fie—
997 3819 1148 3881 derentur
1162 3816 1285 3879 amoris.
1294 3817 1403 3896 ltaque
1417 3817 1500 3877 Deus
1516 3835 1570 3897 per
1584 3815 1645 3878 hoc
1659 3816 1743 3898 quod

193 3916 248 3979 bat
261 3916 347 3978 enim
369 3915 400 3976 in
420 3933 503 3988 aere,
520 3914 604 3975 circa
623 3912 823 3976 coenaculum
845 3913 938 3974 istud.
998 3916 1074 3980 foris
1090 3914 1246 3988 exhibuit,
1263 3913 1401 3976 ostendit
1415 3914 1500 3995 quod
1517 3914 1601 3975 intus
1621 3914 1719 3995 gessit
1736 3931 1743 3977 :

192 4016 240 4078 hd
262 4015 322 4078 hoc
338 4031 471 4096 ,quoque
492 4011 591 4075 fiebat
611 4029 708 4074 sonus
730 4011 784 4073 ille
804 4019 868 4072 mm
888 4029 940 4072 ve·
996 4015 1053 4097 qui
1072 4014 1158 4077 enim
1177 4012 1351 4094 discipulos
1369 4011 1498 4074 caritate
1517 4029 1697 4084 succensos,
1714 4019 1746 4073 et

194 4114 337 4188 hemena
360 4119 395 4175 ut
414 4131 472 4194 per
492 4129 567 4174 eum
592 4111 686 4172 corda
709 4109 940 4191 discipulorum
996 4113 1095 4176 verbo
1113 4119 1207 4194 atque
1228 4109 1383 4193 sapientia
1400 4110 1551 4183 eruditos,
1568 4111 1653 4172 intus
1674 4128 1746 4173 con-

193 4215 233 4277 ad
253 4211 494 4275 reverentialem
513 4211 568 4273 Dei
589 4217 834 4272 concuterentur
849 4210 941 4272 timo·
956 4210 981 4272 D
997 4211 1111 4284 stituit,
1128 4210 1206 4272 foris
1229 4209 1335 4290 igneas
1358 4208 1482 4288 linguas
1505 4209 1701 4271 monstravit.

194 4333 273 4386 rem,
291 4312 401 4393 sicque
421 4308 620 4392 profundiori
641 4307 862 4370 humiliatione
879 4308 941 4370 dis·
1046 4313 1190 4392 Insuper,
1222 4307 1449 4371 convenienter
1479 4307 1745 4389 quinquagesimo

193 4417 389 4496 ponerentur
402 4410 441 4472 ad
457 4408 594 4490 Spiritus
610 4407 715 4470 Sancti
736 4406 940 4470 infusionem.
998 4410 1048 4472 dia
1071 4429 1088 4472 a
1109 4407 1237 4480 Pascha,
1259 4405 1305 4466 sic
1327 4406 1418 4467 datus
1442 4411 1490 4467 cst
1511 4404 1647 4486 Spiritus
1672 4405 1746 4468 San·

193 4516 236 4574 Ift
262 4512 397 4587 replevit
417 4526 514 4570 sonus
536 4507 590 4568 ille
613 4516 712 4566 totum
733 4509 864 4566 donnum
886 4509 944 4566 ubi
999 4513 1077 4566 ctus.
1106 4505 1221 4578 l‘rimo,
1247 4504 1286 4565 ad
1317 4503 1538 4565 declarandam
1562 4503 1680 4566 veteris
1708 4523 1744 4565 ac

194 4620 289 4670 crant
304 4611 459 4676 sedentes,
476 4607 536 4668 hoc
557 4612 605 4667 est
625 4605 657 4665 in
677 4623 740 4685 qua
761 4604 939 4666 manebant.
998 4602 1188 4684 evangelica
1214 4601 1452 4664 consonantiam
1479 4601 1566 4683 legis.
1591 4603 1669 4665 Nam
1695 4621 1745 4664 ve·

234 4710 276 4769 Et
287 4715 516 4783 apparuerunt
532 4707 612 4773 iltis,
624 4703 655 4763 id
671 4709 718 4763 est
734 4701 891 4783 Apostolis
906 4722 942 4764 ac
998 4712 1049 4766 tus
1069 4705 1118 4764 lex
1135 4701 1401 4784 quinquagesimo
1416 4701 1467 4764 die
1482 4721 1500 4763 a
1514 4703 1631 4764 Pascha
1644 4703 1745 4765 ludae-

193 4805 308 4868 ceteris
319 4805 366 4866 eis
380 4802 613 4885 adjunctis(qui
625 4819 733 4864 omnes
749 4800 840 4862 simul
856 4809 943 4862 erant
998 4801 1089 4863 ornm
1110 4799 1222 4862 collata
1242 4807 1290 4861 est
1307 4815 1313 4860 :
1331 4799 1377 4861 sic
1396 4807 1428 4861 et
1448 4799 1584 4881 Spiritus
1600 4801 1744 4874 Sanctus,

58 4918 132 4970 aaa,
145 4921 177 4960 ιε.
194 4903 456 4966 circitercentum
468 4900 757 4983 viginti,secundom
770 4897 944 4961 illudthrat
999 4919 1055 4982 per
1075 4918 1169 4980 quem
1190 4897 1374 4978 evangelica
1392 4896 1441 4959 lex
1463 4897 1494 4958 in
1515 4898 1745 4979 discipulorum

194 5010 300 5066 autem
318 5001 411 5063 turba
430 5000 597 5063 hominum
619 4998 715 5060 simul
732 4997 798 5060 fere
814 5006 942 5060 centum
999 4997 1148 5060 cordibus
1174 5003 1222 5058 est
1245 4994 1383 5067 firmata,
1407 4995 1672 5077 quinquagesimo
1696 4997 1747 5059 die

194 5100 656 5183 viginti),dispcrtitcetinpucc
673 5106 828 5174 tanquam
844 5099 943 5174 apicis,
998 5116 1016 5158 a
1037 5096 1153 5157 l‘ascha
1177 5094 1380 5157 credentibus
1404 5101 1453 5154 est
1474 5093 1608 5156 infusus.
1632 5095 1748 5157 Secun-

196 5202 255 5264 hoc
270 5205 319 5261 cst
335 5198 435 5279 ignea
453 5196 568 5277 linguar
584 5194 797 5257 diversimode
813 5194 896 5256 inter
911 5215 944 5258 se
999 5195 1049 5266 do,
1066 5193 1218 5276 quoniam
1234 5191 1517 5273 quinquagesimus
1534 5210 1685 5254 numerus
1702 5211 1747 5254 re-

195 5297 317 5372 divisa,
334 5298 480 5374 seditque
494 5313 595 5369 att-pra
614 5296 758 5370 sircpnlos
773 5313 896 5362 eorrrrn,
914 5293 944 5354 id
1003 5292 1188 5354 missionem
1206 5296 1238 5351 et
1257 5289 1397 5370 quietem
1421 5289 1565 5370 designat
1587 5307 1593 5350 :
1613 5289 1696 5351 unde
1713 5289 1746 5351 in
