4164 6258
436 474 497 544 248
663 492 811 543 nouimus
832 495 852 540 v
872 494 946 541 rosr
966 493 1161 541 mmrrnrnu.
1182 513 1222 524 —
1244 495 1287 542 an
1307 496 1503 559 auriolosos3
1525 495 1625 544 sueno
1646 495 1759 544 snxrns

435 670 468 727 et
492 683 626 728 summa
648 664 730 727 lucis
752 665 927 748 primaque
946 665 1089 728 veritatis
1108 683 1182 728 con·
1197 665 1223 728 Α
1237 684 1320 746 rem3
1337 674 1369 730 et
1383 673 1555 748 postremo,
1572 684 1629 749 per
1643 665 1792 728 osculum
1807 663 1952 730 coelilorne

434 761 636 844 templationi
665 761 820 844 infigitur,
852 770 981 844 tamque
1012 761 1180 844 profunde,
1235 770 1331 847 atque
1356 764 1541 847 amplexum
1570 764 1732 826 internum
1762 773 1953 846 supernatura·

433 877 578 922 amorosa
603 879 640 922 ac
664 860 796 943 limpide
821 860 1181 944 incomprehensibilem
1236 862 1299 925 lem
1321 870 1517 945 praetactum.

433 957 677 1039 contemplatur,
702 958 847 1034 miratur,
869 967 901 1022 et
922 960 950 1022 ei
975 960 1094 1034 unitur,
1116 960 1182 1024 imo
1275 961 1429 1042 Denique,
1446 961 1493 1023 sic
1513 959 1674 1022 irruamus
1689 959 1723 1022 in
1741 960 1862 1033 lesum,
1877 968 1953 1024 utau-

432 1055 644 1137 immergitur,
668 1057 753 1138 quod
778 1057 810 1119 in
833 1057 960 1120 divitias
981 1057 1089 1140 gloria
1111 1058 1181 1138 ejus
1235 1060 1360 1122 diamus
1374 1058 1515 1121 Verbum
1536 1058 1603 1133 Dei,
1623 1057 1775 1122 videlicet
1797 1058 1953 1140 ipsummet,

431 1153 686 1217 interminabiles
703 1155 836 1238 rapitur,
852 1164 885 1218 et
905 1156 938 1218 in
958 1154 1094 1219 infinitae
1110 1155 1181 1220 bea·
1235 1157 1274 1220 de
1294 1176 1357 1239 quo
1376 1157 1421 1219 ait
1440 1155 1641 1238 Evangelista
1657 1174 1665 1219 :
1681 1157 1716 1218 ln
1735 1156 1891 1239 principio
1905 1165 2036 1220 cultam.

430 1251 578 1315 titudinis
606 1251 758 1335 abyssum
788 1253 993 1334 demergitur,
1023 1261 1118 1336 atque
1147 1254 1180 1316 in
1234 1255 1384 1318 Verbum.
1407 1255 1494 1318 Unde
1514 1253 1632 1317 latetur
1649 1255 1807 1336 Propheta
1825 1271 1833 1317 :
1848 1255 1952 1318 Audiam
1965 1273 2038 1322 aaut.

431 1351 580 1414 increatae
610 1349 785 1430 majestatis
818 1351 1066 1414 immensitatem
1098 1352 1180 1414 salu·
1234 1354 1311 1436 quid
1327 1353 1474 1437 loquatur
1490 1353 1522 1415 in
1538 1371 1590 1415 me
1605 1351 1760 1416 Dominus
1776 1337 1976 1431 bannilem-⁹¹

431 1447 572 1511 berrime
591 1448 789 1512 absorbetur.
814 1449 852 1512 Et
871 1456 947 1512 tunc
966 1468 1074 1512 amore
1094 1450 1179 1512 devi-
1234 1470 1307 1534 que,
1324 1453 1437 1514 Beatus
1452 1451 1549 1513 home
1568 1469 1664 1532 quem
1684 1458 1719 1512 tu
1738 1450 1899 1524 erudieris
1912 1452 2035 1514 Derane

431 1553 492 1621 eta,
516 1546 649 1629 pudoris
667 1546 776 1622 oblita,
798 1566 872 1610 eum
892 1549 948 1630 qui
970 1547 1180 1610 essentialiter
1234 1550 1330 1612 mine.
1348 1550 1406 1624 Oui
1422 1549 1509 1612 enim
1524 1549 1565 1612 ab
1580 1548 1649 1612 istis
1668 1548 1861 1611 transitoriis
1874 1557 1900 1612 et
1911 1557 1955 1612 ter·

431 1652 463 1706 et
487 1663 562 1706 vere
585 1644 866 1708 interminabiliter
893 1645 1007 1721 bonus,
1034 1647 1178 1728 pulcher,
1235 1648 1319 1710 renis
1349 1668 1382 1711 se
1409 1647 1575 1722 abstrahit,
1603 1655 1635 1709 et
1663 1646 1703 1710 ab
1732 1647 1824 1710 omni
1851 1648 1953 1720 carnali,

432 1740 535 1804 dulcis
550 1761 587 1804 ac
602 1742 730 1824 sapiens
745 1750 803 1817 est,
819 1742 959 1806 brachiis
976 1743 1181 1825 amplectitur
1233 1745 1384 1820 sensuali,
1406 1744 1529 1827 privato
1548 1762 1656 1808 amore
1679 1763 1713 1807 se
1735 1753 1861 1828 purgat,
1880 1763 1954 1826 seque

432 1840 642 1914 caritatique
668 1842 741 1904 tetis
760 1841 962 1905 deosculatur
986 1843 1177 1924 precordiis.
1195 1845 1218 1907 B
1235 1843 1321 1906 intus
1344 1851 1376 1906 et
1400 1851 1488 1906 extra
1511 1843 1660 1916 custodit,
1682 1850 1718 1904 ut
1738 1842 1806 1906 Deo
1828 1841 1955 1906 sincerius

433 1937 585 2020 Tuncque
604 1938 760 2001 veraciter
779 1940 879 2012 audit,
903 1940 996 2021 plane
1018 1940 1177 2021 intelligit,
1235 1948 1331 2022 queat
1345 1959 1457 2003 vacare
1476 1959 1513 2002 ae
1535 1939 1606 2020 ejus
1628 1940 1780 2002 succendi
1800 1957 1900 2002 amore
1914 1957 1920 2000 :
1936 1940 1955 2000 is

285 2041 419 2148 faunu,
433 2034 503 2098 sine
517 2034 710 2099 difficultate
725 2037 871 2112 advertit,
888 2037 965 2118 quid
984 2037 1131 2118 loquatur
1146 2039 1178 2100 in
1236 2038 1346 2120 utique
1367 2039 1457 2100 audit
1476 2038 1662 2120 frequenter
1683 2038 1785 2100 Deum
1812 2038 1871 2100 sibi
1890 2037 1956 2099 intus

432 2151 470 2196 ea
491 2133 646 2197 Dominus
667 2134 751 2196 Deus
771 2134 861 2197 Jesus
881 2135 1024 2198 Christus
1043 2153 1179 2216 sponsus
1235 2137 1413 2219 loquentem
1429 2144 1461 2199 et
1476 2155 1533 2198 sua
1547 2137 1698 2199 unctione
1710 2155 1744 2198 se
1759 2135 1953 2204 instruentem,
1969 2154 2038 2197 raian«.

432 2231 582 2306 coelestis,
598 2232 654 2314 qui
675 2239 752 2294 tunc
773 2233 903 2295 instruit
922 2251 991 2295 eam
1012 2233 1177 2308 secretius,
1234 2243 1266 2297 et
1280 2235 1390 2298 divino
1404 2234 1579 2316 acquiescit
1594 2233 1762 2296 instinctui
1777 2243 1869 2316 atque
1885 2221 1986 2314 angefi'

430 2339 463 2393 et
477 2329 575 2392 verba
589 2349 705 2393 arcana
720 2331 862 2412 loquitur
876 2331 917 2406 ei,
934 2332 1178 2414 consolaturque
1235 2334 1303 2396 licea
1329 2331 1539 2414 inspirationi.
1566 2333 1645 2396 Cum
1672 2332 1728 2394 tali
1753 2333 1896 2415 equidem
1917 2332 1956 2394 ho

430 2448 513 2504 earn,
530 2437 562 2491 et
577 2430 678 2492 multe
697 2429 726 2492 ei
747 2429 875 2492 revelat.
1235 2431 1321 2494 mine
1341 2438 1388 2494 est
1408 2431 1632 2493 sermocinatio
1648 2431 1716 2504 Dei,
1733 2437 1766 2493 et
1786 2431 1820 2493 in
1838 2449 1873 2494 eo
1885 2431 2038 2512 quasimaa

470 2529 526 2591 his
543 2529 640 2610 igitur
655 2528 759 2590 modis
774 2528 930 2610 gradatim
945 2529 1133 2592 accedamus
1148 2539 1179 2593 et
1235 2531 1267 2592 in
1287 2530 1427 2591 thalamo
1446 2529 1628 2610 requiescit,
1649 2537 1680 2592 et
1703 2529 1846 2610 loquitur
1864 2529 1898 2592 ad
1915 2546 1956 2590 cor
1970 2547 2035 2590 oaau

431 2627 591 2692 irruamus
608 2628 773 2690 inlesum.
794 2627 833 2689 Et
847 2627 923 2709 quia
938 2646 1032 2692 nemo
1047 2638 1179 2711 repente
1234 2628 1314 2708 ejus.

430 2724 470 2787 lit
499 2725 659 2807 perlectus
689 2733 719 2788 et
749 2744 907 2800 summus,
936 2727 991 2788 scd
1025 2727 1179 2808 paulatim
1274 2725 1437 2800 Praeterea,
1457 2725 1624 2788 audiamus
1649 2726 1823 2788 Dominum
1846 2725 1958 2789 Salvato

430 2822 808 2906 proficitur,accedamus
824 2831 855 2886 et
871 2824 1030 2886 irruamus
1045 2825 1078 2886 in
1094 2825 1180 2888 Chri·
1236 2843 1303 2887 rem
1328 2823 1421 2886 nobis
1451 2825 1483 2886 in
1510 2824 1685 2906 Scripturis
1714 2825 1902 2888 incessanter
1926 2823 1958 2885 lo·

431 2929 516 2984 stum
539 2939 545 2983 :
570 2921 686 3002 primo,
712 2940 770 3003 per
794 2941 859 2985 sua
880 2922 1088 2984 humanitatis
1102 2943 1180 3004 spe·
1235 2932 1399 3006 quantem,
1416 2942 1473 3004 per
1493 2940 1567 2985 suos
1587 2941 1716 3004 quoque
1736 2923 1868 2985 vicarios
1887 2939 1959 3003 supe-

431 3019 637 3093 eulatiouem,
653 3037 711 3101 per
730 3039 795 3082 suaa
818 3018 1019 3093 obedientiae,
1041 3020 1180 3084 caritatis
1196 3027 1218 3090 (2
1236 3023 1334 3084 riores
1357 3029 1480 3083 nostros
1502 3039 1559 3084 nos
1584 3022 1811 3084 admonentem
1835 3029 1865 3083 et
1883 3021 1959 3082 corri-

432 3125 464 3180 et
480 3115 651 3199 patientia,
668 3115 871 3190 humilitatis,
886 3117 1093 3198 paupertatis
1108 3137 1180 3180 con-
1235 3121 1388 3202 pientem,
1403 3139 1459 3182 seu
1475 3138 1532 3201 per
1547 3119 1660 3182 iratres
1675 3127 1801 3182 nostros
1815 3119 1959 3182 salubriter

432 3213 556 3278 stantia
574 3233 611 3276 ac
630 3215 884 3276 mansuetudinis
905 3215 1065 3277 assiduam
1081 3216 1182 3278 consi·
1236 3235 1293 3279 nos
1309 3216 1485 3292 atlantem3
1502 3224 1534 3278 et
1547 3215 1734 3278 obedientes
1750 3217 1849 3278 simus
1864 3216 1893 3277 in
1909 3233 1959 3278 om·

432 3313 641 3388 demtionem,
657 3313 832 3386 ardentem,
855 3311 1047 3376 indefessam
1068 3323 1099 3376 et
1121 3322 1181 3376 sta·
1234 3316 1330 3377 nibus
1346 3315 1427 3389 istis,
1445 3323 1480 3377 ut
1498 3334 1573 3377 eum
1592 3314 1680 3377 omni
1700 3315 1863 3397 diligentia
1881 3323 1908 3377 et
1923 3331 1958 3376 re·

433 3413 532 3474 bilem
558 3411 788 3490 imitationem3
813 3409 940 3485 deinde,
968 3430 1025 3493 per
1050 3430 1181 3476 suorum
1234 3413 1378 3477 verentia
1395 3431 1476 3495 opus
1497 3413 1553 3476 [lei
1572 3431 1715 3494 agamus,
1737 3413 1895 3476 vocatione
1913 3413 1958 3473 hac

433 3503 666 3573 beneficiorum
678 3528 713 3570 aa
727 3509 953 3590 promissorum
965 3511 1180 3586 attentionem,
1235 3512 1330 3594 digne
1345 3512 1527 3574 conversari
1546 3530 1710 3586 conemur,
1728 3511 1762 3574 in
1783 3511 1898 3574 cunctis
1911 3511 1959 3573 rir-

434 3608 611 3691 praesertim
626 3626 683 3689 per
701 3626 766 3669 suae
781 3607 977 3686 dignissima
993 3607 1181 3675 incarnatio·
1233 3609 1356 3672 tutibus
1371 3609 1592 3692 quotidianum
1609 3609 1782 3672 sortiamur
1794 3609 1957 3692 proiectum,

434 3705 484 3767 nis
499 3722 536 3766 ac
551 3704 708 3786 passionis
724 3703 1182 3778 intuitionemcrnoilormem·
1235 3715 1271 3770 nt
1294 3707 1395 3770 simus
1425 3725 1531 3769 coram
1561 3707 1626 3769 Deo
1655 3707 1796 3788 quotidie
1821 3708 1958 3789 magisne

434 3822 497 3884 que
512 3801 758 3881 assecutionem3
772 3801 999 3884 deinceps‚per
1013 3823 1077 3866 suaa
1093 3824 1180 3886 purae
1235 3807 1336 3887 magis
1352 3805 1493 3880 solliciti,
1510 3805 1659 3869 custoditi
1677 3814 1709 3868 et
1725 3807 1959 3886 timorati,atque

434 3908 467 3963 et
494 3900 631 3964 inlinitae
659 3899 821 3974 bonitatis,
850 3908 975 3964 aeterna
1004 3919 1040 3963 ac
1071 3921 1180 3984 super·
1235 3906 1268 3969 in
1292 3905 1399 3968 verbis
1429 3903 1581 3967 attactis
1610 3905 1749 3986 amplius
1778 3905 1915 3976 ordinati,
1935 3913 1960 3964 et

434 3998 703 4083 splendidissimae
735 3999 879 4062 veritatis
911 3997 1181 4064 ferventissimam
1235 4004 1389 4068 omnidie
1406 4003 1506 4083 magis
1526 4002 1673 4084 perlecti,
1690 4002 1957 4086 imperturbabile,

435 4096 737 4178 contemplationem
758 4096 1076 4178 sincerissimamque
1094 4118 1181 4162 amo-
1236 4101 1378 4164 stabiliti.
1403 4100 1450 4162 Ad
1476 4099 1602 4162 laudem
1624 4107 1656 4162 et
1676 4099 1807 4180 gloriam
1830 4100 1892 4162 Dei.
