4192 6258
333 489 481 538 norruuca
502 492 543 538 xx
564 491 637 538 rosr
657 491 851 539 minimam.
872 508 912 520 -
932 492 975 538 an
995 492 1169 540 marorosos
1180 493 1189 556 ;
1212 493 1311 541 sunno
1331 494 1458 550 ouuuus
1606 476 1664 540 ool

115 677 175 742 pro
200 660 345 742 ipsorum
370 661 537 726 affluentia
564 663 664 747 ipsius
689 662 866 726 misericor·
882 663 907 726 A
922 664 1024 726 nacho
1044 665 1315 746 quemadmodum
1334 663 1485 747 crapulaf
1504 663 1668 727 Infinitum

115 759 202 822 diam
222 760 297 823 totis
312 761 523 844 deprecemur
538 762 731 844 precordiis.
750 761 789 824 Et
803 781 867 824 cer·
920 760 1075 824 habemus
1100 762 1253 826 rationem
1275 761 1467 825 humiliandi
1486 769 1518 824 et
1532 760 1668 844 despici·

114 864 147 918 te
172 856 312 921 libenter
336 866 369 921 et
396 859 609 922 exuberanter
632 860 779 923 exaudiet
808 877 865 922 nos
921 858 994 921 endi
1016 877 1073 922 nos
1094 859 1192 942 ipsos,
1213 860 1240 923 si
1263 861 1322 923 rite
1343 860 1573 943 perpendimus
1592 877 1669 942 quo·

116 956 370 1038 benignissimus
386 959 481 1032 Deus,
493 959 520 1021 si
533 959 623 1040 juxte
637 959 798 1022 hodierne
812 960 866 1021 do·
921 959 1007 1020 niam
1037 958 1114 1021 olim
1144 960 1245 1022 sancti
1269 959 1373 1022 Patres
1397 958 1499 1022 multo
1523 967 1555 1021 et
1578 957 1670 1041 quasi

116 1063 269 1118 cumenta
289 1055 442 1138 epistolae,
460 1055 494 1118 in
513 1056 663 1122 omnibus
685 1063 777 1120 caute
798 1065 865 1120 ten·
921 1055 1211 1138 incomparabiliter
1226 1057 1327 1139 magis
1341 1065 1515 1140 temperate
1530 1065 1562 1120 et
1575 1073 1670 1139 parco

116 1153 242 1227 damus,
262 1162 454 1236 tempusque
479 1155 684 1228 redimamus,
707 1173 766 1218 nec
791 1155 866 1217 vino
920 1173 957 1217 ac
986 1155 1092 1219 sobrie
1121 1164 1328 1238 sumpserunt
1351 1156 1473 1219 siccum
1498 1173 1613 1239 panem
1639 1161 1671 1218 et

116 1250 316 1313 inebriemur
338 1267 345 1312 :
367 1251 400 1314 id
420 1259 480 1326 est,
496 1252 632 1315 sollicite
653 1260 686 1315 et
705 1252 867 1316 ferventer
921 1251 1068 1334 frigidam
1094 1272 1221 1336 aquam,
1248 1273 1343 1337 quam
1369 1243 1430 1318 'nos
1459 1253 1668 1338 pauperrimi,

115 1349 300 1430 gradiamur
323 1349 362 1411 ad
392 1350 528 1432 patriam
553 1350 704 1414 claritatis
728 1358 864 1426 aeternae,
921 1350 1062 1432 ingentia
1086 1352 1232 1415 carnium
1254 1360 1309 1414 aut
1329 1352 1467 1435 piscium
1487 1367 1619 1433 corpora
1638 1359 1670 1414 et

115 1446 264 1510 faciendo
279 1465 375 1510 omne
389 1448 475 1530 quod
495 1467 665 1531 possumus
686 1449 817 1524 bonum,
834 1457 866 1512 et
920 1450 1036 1533 pocula
1051 1452 1199 1534 pretiosa.
1212 1451 1381 1514 Humilitas
1396 1468 1482 1532 ergo,
1493 1450 1605 1534 pietat,
1618 1469 1670 1534 pa·

115 1554 182 1609 tarn
200 1545 363 1610 fructuose
380 1554 507 1630 tempus
523 1549 607 1630 quod
626 1555 722 1611 restat
738 1547 866 1631 explen-
920 1548 1041 1624 tientia,
1073 1551 1294 1626 mansuetudo,
1320 1549 1512 1624 obedientia,
1542 1549 1667 1624 caritas,

116 1646 168 1720 do,
194 1653 228 1708 ut
248 1646 282 1708 in
304 1663 342 1708 eo
365 1646 462 1709 etiam
484 1647 661 1730 preteritos
685 1647 753 1711 dies
778 1665 866 1709 recu·
920 1648 1006 1711 zelus
1024 1648 1166 1729 justitiae,
1188 1649 1335 1732 suppleat
1355 1649 1387 1711 in
1408 1647 1500 1712 nobis
1522 1649 1606 1731 quod
1629 1650 1668 1713 de

114 1763 286 1827 peremus3
306 1763 365 1808 nec
381 1745 414 1808 in
429 1745 502 1809 cibo
517 1747 707 1810 excedamus
722 1765 759 1808 ac
775 1753 863 1829 potu,
920 1746 1113 1810 abstinentia
1131 1745 1224 1810 nobis
1245 1748 1342 1809 deest.

114 1843 167 1906 vel
187 1852 261 1906 ante
280 1851 408 1926 tempus
431 1844 575 1907 debitum
597 1863 653 1907 seu
676 1852 764 1906 extra
785 1843 864 1908 illud
882 1839 906 1902 B
961 1846 1277 1928 Praeterea,quoniam
1294 1845 1454 1909 Salvatore
1469 1845 1667 1920 testante,Ex
1681 1861 1815 1914 nerim,

114 1941 239 2023 aliquid
259 1941 323 2004 cibi
340 1949 372 2004 et
390 1949 484 2025 potus
504 1943 701 2025 accipiendo,
718 1961 777 2005 nec
798 1942 866 2004 diu·
920 1943 1115 2007 abundantia
1135 1945 1239 2008 cordis
1254 1961 1289 2007 os
1309 1943 1460 2027 loquitur,
1476 1944 1536 2006 rite
1557 1943 1668 2024 adjun·
1683 1927 1717 1968 Μ’

115 2041 181 2103 tius
196 2041 235 2103 ad
251 2059 395 2104 mensam
413 2042 563 2116 sedendo,
580 2059 684 2123 neque
700 2041 865 2125 superflue
921 2042 967 2104 xit
985 2042 1155 2124 Apostolus
1176 2042 1283 2105 verbis
1305 2043 1463 2125 praetactis
1484 2042 1602 2124 quibus
1623 2041 1669 2104 di·

116 2157 175 2202 nos
196 2139 360 2222 replendo,
376 2157 436 2202 nec
455 2138 591 2202 delicata
610 2139 789 2221 quaerendo.
922 2140 1192 2223 xit,«lmplemini
1205 2141 1325 2222 Spiritu
1341 2140 1594 2216 Sancto»,verba
1610 2141 1671 2203 ista
1699 2157 1783 2214 epae.
1794 2171 1817 2208 v.

156 2237 280 2320 Nempe
301 2255 398 2319 quam
418 2236 604 2300 detestabile
623 2238 665 2300 sit
682 2244 771 2300 extra
789 2245 868 2300 tem·
922 2238 1090 2320 sequentia
1111 2258 1118 2302 :
1143 2259 1159 2298 «
1183 2237 1349 2320 loquentes
1374 2238 1612 2320 vobismetipsis
1637 2239 1671 2301 in
1686 2223 1719 2272 ¹⁸·
1732 2223 1764 2264 ¹⁹·

116 2355 179 2419 pus
198 2335 320 2418 aliquid
343 2336 458 2398 horum
480 2336 549 2398 sine
568 2335 744 2418 spiritualis
768 2336 866 2418 patris
924 2336 1066 2419 psalmis
1083 2345 1115 2400 et
1137 2337 1277 2419 hymnis,
1294 2345 1326 2399 et
1347 2337 1479 2399 canticis
1501 2335 1673 2419 spirituali·

117 2453 277 2498 consensu
291 2435 447 2516 accipere,
465 2441 588 2498 constat
602 2453 641 2497 ex
660 2452 697 2498 eo
716 2434 801 2516 quod
816 2433 869 2496 ab
923 2434 1022 2498 bus».
1035 2435 1308 2509 Quemadmodum
1324 2452 1399 2516 orgo
1414 2435 1453 2497 de
1469 2434 1564 2497 rebus
1580 2435 1673 2516 spiri·

116 2534 175 2598 bas
188 2533 341 2618 Serapion
355 2532 464 2596 retulit
478 2533 517 2595 de
532 2551 566 2595 se
581 2533 870 2616 ipso,quemadmo
924 2533 1064 2597 tualibus
1080 2534 1276 2596 incessanter
1290 2532 1517 2608 conferre,non
1533 2532 1675 2596 intermi-

116 2635 193 2696 dum
208 2652 309 2715 quum
323 2632 427 2696 adhuc
440 2631 624 2696 adolescens
639 2640 731 2706 esset,
738 2639 770 2694 et
785 2631 870 2713 igno
924 2632 1041 2695 scendo
1056 2631 1154 2694 verba
1173 2632 1290 2707 inania,
1307 2638 1338 2694 et
1354 2631 1392 2694 de
1408 2649 1496 2693 sacra
1511 2631 1675 2713 Scriptura

117 2739 208 2794 rante
228 2739 317 2814 patre
336 2748 395 2794 suo
409 2731 439 2793 S.
452 2730 589 2805 Theona,
606 2730 748 2813 quotidie
768 2749 869 2793 unum
925 2731 1090 2795 humiliter
1106 2729 1204 2812 loqui,
1222 2729 1387 2812 probabile
1403 2729 1529 2810 signum
1545 2737 1594 2792 est
1607 2748 1675 2811 gra-

117 2832 331 2914 paximacem,
347 2829 498 2894 videlicet
519 2848 653 2912 parvum
674 2848 801 2912 panem,
818 2827 879 2892 co-'
924 2831 1013 2894 tiosae
1032 2848 1068 2891 ac
1089 2827 1225 2910 copiosae
1242 2828 1419 2910 praesentiae
1440 2828 1578 2909 Spiritus
1598 2828 1674 2891 San-

118 2931 282 3008 mederet;
302 2929 430 2992 tandem
453 2928 614 3011 propriam
637 2928 777 3011 prodidit
806 2928 871 2991 cul·
926 2929 987 3009 cti;
1008 2928 1055 2990 sic
1078 2927 1118 2990 de
1141 2926 1232 2989 vanis
1257 2933 1288 2988 et
1312 2925 1435 2989 frivolis
1461 2925 1559 3008 loqui,
1581 2927 1674 3007 cujus

118 3049 207 3112 pam,
233 3045 371 3111 moxque
393 3027 503 3090 furnus
528 3025 752 3090 foetidissimus
775 3025 907 3109 atqueC
926 3028 972 3090 rei
1002 3026 1157 3090 indicium
1187 3043 1257 3088 esse
1281 3024 1418 3099 videtur,
1445 3023 1507 3087 nisi
1534 3024 1675 3087 miserri-

119 3127 305 3190 teterrimus
329 3145 386 3209 per
412 3124 500 3190 cellae
526 3124 700 3188 fenestram
724 3144 870 3207 egressus
926 3144 987 3189 mae
1011 3143 1048 3186 ac
1072 3142 1180 3188 vacuae
1206 3123 1333 3198 mentis,
1357 3122 1533 3205 presertim
1558 3122 1675 3186 talibus

119 3235 179 3290 est.
196 3225 391 3309 Augustinus
406 3241 531 3308 quoque
547 3224 580 3286 in
596 3224 713 3306 flegula
728 3243 783 3288 sua
802 3241 871 3307 pro-
927 3223 1128 3287 immorando
1153 3241 1190 3284 ac
1216 3221 1427 3284 delectandof
1454 3221 1549 3284 Porro
1578 3221 1676 3284 verba

118 3324 212 3388 hibet
230 3323 324 3388 istud.
927 3320 1127 3394 detractoria,
1166 3319 1387 3393 susurratoris,
1433 3318 1674 3394 contumeliosa,

162 3423 308 3504 Insuper,
325 3439 420 3504 quam
435 3420 588 3484 vitiosum
604 3421 645 3483 sit
660 3419 733 3484 cibo
748 3427 780 3484 et
794 3427 871 3502 potu
927 3418 1093 3484 discordie
1112 3417 1311 3492 seminativa,
1329 3417 1491 3492 mendosa,
1510 3417 1675 3499 pungitiva

119 3540 156 3584 se
183 3520 390 3584 immoderate
420 3519 554 3601 replere,
578 3518 748 3582 innotescit
772 3537 810 3581 ex
834 3536 872 3581 eo
926 3515 1080 3600 proferre,
1097 3514 1190 3596 cujus
1210 3513 1448 3576 inhabitationis
1468 3521 1516 3576 est
1535 3515 1673 3596 signum,

31 3645 36 3656 ·
96 3620 210 3704 ,quod
229 3618 327 3681 abbas
346 3619 467 3702 lloyses
487 3618 520 3680 in
540 3617 645 3700 primo
660 3617 871 3680 Collationum
927 3615 990 3678 nisi
1015 3612 1156 3676 diabolit
1175 3612 1249 3686 Quae
1273 3632 1374 3694 quum
1399 3612 1444 3674 ita
1467 3631 1501 3675 se
1526 3611 1673 3687 habeant,

119 3719 208 3782 libro
233 3716 330 3780 refert
351 3717 390 3779 de
412 3716 549 3799 quodam
573 3714 671 3778 fratre
691 3715 869 3797 Benjamin.
927 3714 1005 3797 quid
1035 3720 1083 3774 est
1109 3711 1196 3794 quod
1224 3709 1490 3774 convenientibus
1519 3710 1612 3774 nobis
1642 3711 1675 3773 in

119 3819 181 3893 Qui
213 3817 246 3879 in
275 3831 382 3879 eremo
410 3814 568 3890 habitans,
594 3821 708 3896 preter
736 3813 871 3877 aliorum
928 3831 1040 3886 unum,
1060 3810 1125 3892 jam
1150 3829 1213 3873 non
1236 3817 1283 3872 est
1305 3808 1466 3873 dominica
1486 3809 1584 3872 verba
1604 3827 1676 3892 pro·

119 3914 390 3978 consuetudinem
413 3911 569 3974 biduanas
592 3911 761 3993 jejunavit,
784 3912 872 3975 vide·
926 3910 1022 3984 ferre,
1048 3910 1087 3972 de
1112 3907 1347 3991 pertinentibus
1372 3907 1411 3971 ad
1436 3907 1493 3970 Dei
1522 3908 1676 3972 honorem

119 4015 200 4077 licet
221 4011 361 4074 secundo
383 4010 435 4072 die
455 4009 502 4072 nil
523 4009 684 4092 accipiens
705 4009 781 4084 cibi,
797 4029 872 4093 qua·
927 4027 964 4070 ac
978 4009 1159 4070 animarum
1179 4005 1314 4068 salutem
1334 4005 1490 4080 conferre,
1508 4013 1620 4070 mutuo
1637 4006 1677 4070 ad

117 4122 218 4176 tenus
235 4109 328 4173 tertio
342 4109 405 4184 die,
414 4109 551 4172 duorum
566 4107 691 4170 dierum
707 4108 872 4190 prefixum
928 4106 1060 4169 meliora
1079 4103 1210 4179 hortari,
1227 4111 1259 4166 et
1277 4121 1316 4165 ex
1335 4103 1433 4166 sacris
1453 4103 1677 4168 collationibus

118 4209 346 4295 quantitatem,
363 4205 514 4270 videlicet
528 4213 664 4289 quatuor
678 4205 870 4288 paximaces‚
888 4207 913 4272 fl
929 4201 1135 4277 inflammari,
1151 4200 1336 4283 compungi,
1354 4200 1471 4276 doceri,
1488 4201 1543 4265 sed
1558 4200 1678 4265 fabula·

118 4308 222 4374 simul
238 4307 485 4380 manducans‚se
501 4311 662 4368 saturaret
670 4305 728 4380 Qui
744 4305 872 4369 tandem
928 4300 1070 4365 tionibus
1086 4298 1202 4374 stultis,
1219 4297 1482 4361 dissolutionibus
1497 4298 1677 4381 puerilibus

118 4408 224 4490 hujus
243 4405 365 4489 peccati
385 4403 541 4468 demerito
560 4403 657 4466 alteo
677 4403 817 4479 relictus,
834 4404 873 4468 ad
929 4399 1111 4482 risibusque
1135 4414 1258 4470 vacare,
1281 4403 1312 4458 et
1336 4395 1384 4458 sic
1408 4395 1677 4478 pretiosissimum

119 4505 280 4573 saeculum
299 4511 348 4568 est
368 4521 523 4566 reversus.
929 4508 1055 4581 tempus
1080 4496 1260 4578 expendero
1288 4512 1324 4557 ao
1352 4494 1577 4558 damnabiliter
1606 4516 1677 4579 per·

163 4607 199 4670 Si
214 4621 289 4686 ergo
305 4609 392 4665 tanta
411 4601 531 4664 exstitit
546 4601 641 4683 culpa
660 4601 693 4662 in
710 4600 777 4665 solo
792 4618 873 4686 pane
929 4599 1014 4671 dore,
1030 4603 1063 4659 at
1077 4597 1213 4658 lacerata
1229 4593 1384 4657 memoria
1405 4601 1576 4677 menteque
1592 4594 1679 4677 frigi·

118 4707 211 4772 sicco
226 4703 391 4774 excedere,
403 4707 491 4762 extra
506 4699 617 4763 horam
631 4699 754 4763 edendo
768 4708 822 4762 aut
839 4717 873 4762 se
929 4698 969 4760 da
987 4696 1026 4760 ad
1045 4693 1155 4758 divina
1174 4693 1347 4755 accederet
1363 4693 1577 4756 lfecordemur
1592 4695 1678 4777 quod

119 4802 335 4868 immoderate
350 4798 513 4882 replendo,
532 4797 625 4880 quale
645 4806 813 4880 peccatum
828 4817 875 4862 es·
928 4796 1018 4858 Pater
1032 4792 1161 4876 quidam
1176 4789 1257 4855 dixit
1271 4808 1379 4854 coram
1395 4809 1509 4873 magno
1524 4801 1556 4855 et
1570 4800 1679 4859 sancto

118 4925 156 4969 se
176 4900 375 4966 censendum
395 4905 443 4960 est
462 4897 551 4960 omni
573 4896 624 4959 die
646 4915 703 4980 per
723 4896 875 4960 immode—
927 4893 1064 4958 hntonio
1076 4892 1115 4955 de
1126 4888 1287 4953 Fratribus
1302 4890 1357 4973 qui
1370 4891 1402 4954 in
1414 4891 1466 4954 via
1481 4893 1679 4957 contulerant

117 5001 261 5068 rentiam
283 5016 317 5060 se
337 4997 472 5079 replere,
495 5002 550 5057 aut
573 5002 662 5057 extra
683 5003 810 5078 tempus
833 4995 875 5058 ci·
929 5012 1013 5057 nunc
1028 4994 1067 5058 de
1083 5010 1172 5056 sacra
1183 4989 1353 5072 Scriptura,
1361 5009 1445 5053 nunc
1460 4990 1499 5053 de
1510 4991 1617 5055 verbis
1629 4992 1680 5055 Pa·

117 5103 204 5166 bum
219 5105 274 5160 aut
293 5103 404 5179 potum
423 5093 595 5156 delicatum
610 5093 731 5176 absque
747 5093 875 5156 licentia
929 5102 1120 5168 trum‚nunc
1135 5091 1174 5155 do
1189 5107 1320 5152 suarum
1336 5088 1487 5170 operibus
1504 5107 1677 5153 manuum:

118 5215 250 5283 capere,
258 5194 463 5280 potissimum
478 5199 677 5275 quum,teste
693 5192 875 5256 beatissimo
929 5192 1008 5257 Boni
1023 5189 1201 5273 (inquiens)
1217 5195 1302 5262 sunt,
1319 5187 1373 5250 sed
1393 5186 1546 5250 habitatio
1567 5205 1678 5252 eorum

118 5297 310 5372 benedicto,
336 5293 418 5358 nihil
441 5300 507 5357 tam
532 5291 722 5374 fugiendum
747 5292 788 5356 sit
812 5309 876 5356 mo
928 5290 1026 5372 janua
1041 5295 1144 5368 caret3
1161 5287 1357 5369 quicumque
1372 5284 1559 5361 vult,intrat
1573 5286 1679 5350 stabu-

253 5431 286 5484 T.
305 5431 344 5482 30.
1525 5421 1556 5472 ³6
