<?xml version="1.0" encoding="UTF-8"?>
<!DOCTYPE html PUBLIC "-//W3C//DTD XHTML 1.0 Transitional//EN"
    "http://www.w3.org/TR/xhtml1/DTD/xhtml1-transitional.dtd">
<html xmlns="http://www.w3.org/1999/xhtml" xml:lang="en" lang="en">
 <head>
  <title>
</title>
<meta http-equiv="Content-Type" content="text/html;charset=utf-8" />
  <meta name='ocr-system' content='tesseract 3.04.00' />
  <meta name='ocr-capabilities' content='ocr_page ocr_carea ocr_par ocr_line ocrx_word'/>
</head>
<body>
  <div class='ocr_page' id='page_1' title='image "./doctorisecstati01unkngoog/doctorisecstati01unkngoog_0139.png"; bbox 0 0 4214 6254; ppageno 0'>
   <div class='ocr_carea' id='block_1_1' title="bbox 428 488 1718 568">
    <p class='ocr_par' dir='ltr' id='par_1_1' title="bbox 428 488 1718 568">
     <span class='ocr_line' id='line_1_1' title="bbox 428 488 1718 568; baseline -0.002 -16"><span class='ocrx_word' id='word_1_1' title='bbox 428 488 487 553; x_wconf 88' lang='lat' dir='ltr'>ll8</span> <span class='ocrx_word' id='word_1_2' title='bbox 681 507 831 555; x_wconf 80' lang='lat' dir='ltr'>nonnum</span> <span class='ocrx_word' id='word_1_3' title='bbox 852 507 895 554; x_wconf 88' lang='lat' dir='ltr'>ss.</span> <span class='ocrx_word' id='word_1_4' title='bbox 916 506 1098 554; x_wconf 77' lang='lat' dir='ltr'>rnrmrnrrs.</span> <span class='ocrx_word' id='word_1_5' title='bbox 1119 525 1159 535; x_wconf 96' lang='lat'><em>-</em></span> <span class='ocrx_word' id='word_1_6' title='bbox 1180 504 1223 552; x_wconf 77' lang='lat' dir='ltr'>nn</span> <span class='ocrx_word' id='word_1_7' title='bbox 1243 503 1438 568; x_wconf 83' lang='lat' dir='ltr'>annrcrosos;</span> <span class='ocrx_word' id='word_1_8' title='bbox 1461 503 1560 550; x_wconf 84' lang='lat' dir='ltr'>scano</span> <span class='ocrx_word' id='word_1_9' title='bbox 1580 503 1718 560; x_wconf 78' lang='lat' dir='ltr'>onaarns</span> 
     </span>
    </p>
   </div>
   <div class='ocr_carea' id='block_1_2' title="bbox 427 670 1964 762">
    <p class='ocr_par' dir='ltr' id='par_1_2' title="bbox 427 670 1964 762">
     <span class='ocr_line' id='line_1_2' title="bbox 427 670 1964 762; baseline -0.004 -22"><span class='ocrx_word' id='word_1_10' title='bbox 427 676 484 741; x_wconf 93' lang='lat' dir='ltr'>diu</span> <span class='ocrx_word' id='word_1_11' title='bbox 500 685 629 761; x_wconf 90' lang='lat' dir='ltr'>peccata</span> <span class='ocrx_word' id='word_1_12' title='bbox 645 678 775 762; x_wconf 91' lang='lat' dir='ltr'>propria</span> <span class='ocrx_word' id='word_1_13' title='bbox 789 679 884 742; x_wconf 94' lang='lat' dir='ltr'>homo</span> <span class='ocrx_word' id='word_1_14' title='bbox 899 695 993 740; x_wconf 92' lang='lat' dir='ltr'>nosse</span> <span class='ocrx_word' id='word_1_15' title='bbox 1008 685 1040 740; x_wconf 91' lang='lat' dir='ltr'>et</span> <span class='ocrx_word' id='word_1_16' title='bbox 1054 676 1174 740; x_wconf 80' lang='lat' dir='ltr'>deflere</span> <span class='ocrx_word' id='word_1_17' title='bbox 1188 676 1214 739; x_wconf 84' lang='grc' dir='ltr'>Α</span> <span class='ocrx_word' id='word_1_18' title='bbox 1230 674 1499 757; x_wconf 80' lang='lat' dir='ltr'>contemplatione</span> <span class='ocrx_word' id='word_1_19' title='bbox 1520 675 1559 736; x_wconf 94' lang='lat' dir='ltr'>ad</span> <span class='ocrx_word' id='word_1_20' title='bbox 1579 671 1808 756; x_wconf 89' lang='lat' dir='ltr'>omnipotentis</span> <span class='ocrx_word' id='word_1_21' title='bbox 1830 670 1964 734; x_wconf 77' lang='lat' dir='ltr'><strong>notitiam</strong></span> 
     </span>
    </p>
   </div>
   <div class='ocr_carea' id='block_1_3' title="bbox 425 775 1174 1645">
    <p class='ocr_par' dir='ltr' id='par_1_3' title="bbox 425 775 1174 1645">
     <span class='ocr_line' id='line_1_3' title="bbox 428 775 1174 858; baseline -0.001 -21"><span class='ocrx_word' id='word_1_22' title='bbox 428 777 563 858; x_wconf 80' lang='lat' dir='ltr'>ignorat,</span> <span class='ocrx_word' id='word_1_23' title='bbox 581 776 733 858; x_wconf 90' lang='lat' dir='ltr'>quamdiu</span> <span class='ocrx_word' id='word_1_24' title='bbox 756 777 880 839; x_wconf 90' lang='lat' dir='ltr'>curiose</span> <span class='ocrx_word' id='word_1_25' title='bbox 904 777 1007 839; x_wconf 90' lang='lat' dir='ltr'>aliena</span> <span class='ocrx_word' id='word_1_26' title='bbox 1031 775 1174 838; x_wconf 90' lang='lat' dir='ltr'>conside-</span> 
     </span>
     <span class='ocr_line' id='line_1_4' title="bbox 426 875 1173 956; baseline -0.001 -20"><span class='ocrx_word' id='word_1_27' title='bbox 426 881 475 936; x_wconf 88' lang='lat' dir='ltr'>rat</span> <span class='ocrx_word' id='word_1_28' title='bbox 482 892 491 954; x_wconf 91' lang='lat'>;</span> <span class='ocrx_word' id='word_1_29' title='bbox 507 875 591 956; x_wconf 95' lang='lat' dir='ltr'>quod</span> <span class='ocrx_word' id='word_1_30' title='bbox 611 875 637 938; x_wconf 88' lang='lat' dir='ltr'>si</span> <span class='ocrx_word' id='word_1_31' title='bbox 660 892 763 938; x_wconf 89' lang='lat' dir='ltr'>mores</span> <span class='ocrx_word' id='word_1_32' title='bbox 782 893 856 937; x_wconf 91' lang='lat' dir='ltr'>suos</span> <span class='ocrx_word' id='word_1_33' title='bbox 874 875 913 937; x_wconf 93' lang='lat' dir='ltr'>ad</span> <span class='ocrx_word' id='word_1_34' title='bbox 934 894 967 937; x_wconf 94' lang='lat' dir='ltr'>se</span> <span class='ocrx_word' id='word_1_35' title='bbox 984 875 1089 956; x_wconf 90' lang='lat' dir='ltr'>ipsum</span> <span class='ocrx_word' id='word_1_36' title='bbox 1105 892 1173 936; x_wconf 89' lang='lat' dir='ltr'>ver-</span> 
     </span>
     <span class='ocr_line' id='line_1_5' title="bbox 427 971 1174 1055; baseline -0.004 -19"><span class='ocrx_word' id='word_1_37' title='bbox 427 993 481 1036; x_wconf 90' lang='lat' dir='ltr'>sus</span> <span class='ocrx_word' id='word_1_38' title='bbox 504 973 669 1054; x_wconf 81' lang='lat' dir='ltr'>adspiciat,</span> <span class='ocrx_word' id='word_1_39' title='bbox 689 991 753 1035; x_wconf 93' lang='lat' dir='ltr'>non</span> <span class='ocrx_word' id='word_1_40' title='bbox 779 973 914 1055; x_wconf 83' lang='lat' dir='ltr'>requirit</span> <span class='ocrx_word' id='word_1_41' title='bbox 938 973 970 1034; x_wconf 91' lang='lat' dir='ltr'>in</span> <span class='ocrx_word' id='word_1_42' title='bbox 994 972 1065 1034; x_wconf 88' lang='lat' dir='ltr'>aliis</span> <span class='ocrx_word' id='word_1_43' title='bbox 1089 971 1174 1053; x_wconf 93' lang='lat' dir='ltr'>quod</span> 
     </span>
     <span class='ocr_line' id='line_1_6' title="bbox 426 1071 1171 1153; baseline -0.004 -20"><span class='ocrx_word' id='word_1_44' title='bbox 426 1071 647 1152; x_wconf 90' lang='lat' dir='ltr'>reprehendat,</span> <span class='ocrx_word' id='word_1_45' title='bbox 665 1072 720 1134; x_wconf 91' lang='lat' dir='ltr'>sed</span> <span class='ocrx_word' id='word_1_46' title='bbox 743 1072 776 1133; x_wconf 90' lang='lat' dir='ltr'>in</span> <span class='ocrx_word' id='word_1_47' title='bbox 799 1090 832 1133; x_wconf 90' lang='lat' dir='ltr'>se</span> <span class='ocrx_word' id='word_1_48' title='bbox 854 1072 924 1153; x_wconf 90' lang='lat' dir='ltr'>ipso</span> <span class='ocrx_word' id='word_1_49' title='bbox 948 1073 1033 1153; x_wconf 91' lang='lat' dir='ltr'>quod</span> <span class='ocrx_word' id='word_1_50' title='bbox 1058 1071 1171 1152; x_wconf 90' lang='lat' dir='ltr'>lugeat.</span> 
     </span>
     <span class='ocr_line' id='line_1_7' title="bbox 425 1168 1173 1251; baseline -0.005 -19"><span class='ocrx_word' id='word_1_51' title='bbox 425 1169 488 1232; x_wconf 91' lang='lat' dir='ltr'>Nos</span> <span class='ocrx_word' id='word_1_52' title='bbox 514 1170 611 1251; x_wconf 90' lang='lat' dir='ltr'>igitur</span> <span class='ocrx_word' id='word_1_53' title='bbox 634 1169 774 1250; x_wconf 79' lang='lat' dir='ltr'>religiosi</span> <span class='ocrx_word' id='word_1_54' title='bbox 800 1177 832 1231; x_wconf 93' lang='lat' dir='ltr'>et</span> <span class='ocrx_word' id='word_1_55' title='bbox 855 1168 1014 1242; x_wconf 91' lang='lat' dir='ltr'>monachi,</span> <span class='ocrx_word' id='word_1_56' title='bbox 1037 1185 1173 1250; x_wconf 93' lang='lat' dir='ltr'>quorum</span> 
     </span>
     <span class='ocr_line' id='line_1_8' title="bbox 426 1266 1172 1349; baseline -0.003 -21"><span class='ocrx_word' id='word_1_57' title='bbox 426 1275 474 1329; x_wconf 89' lang='lat' dir='ltr'>est</span> <span class='ocrx_word' id='word_1_58' title='bbox 489 1268 556 1342; x_wconf 93' lang='lat' dir='ltr'>uni,</span> <span class='ocrx_word' id='word_1_59' title='bbox 574 1273 683 1349; x_wconf 85' lang='lat' dir='ltr'>utpote</span> <span class='ocrx_word' id='word_1_60' title='bbox 699 1267 774 1342; x_wconf 86' lang='lat' dir='ltr'>Deo,</span> <span class='ocrx_word' id='word_1_61' title='bbox 792 1276 823 1329; x_wconf 90' lang='lat' dir='ltr'>et</span> <span class='ocrx_word' id='word_1_62' title='bbox 838 1266 899 1329; x_wconf 92' lang='lat' dir='ltr'>sibi</span> <span class='ocrx_word' id='word_1_63' title='bbox 917 1267 978 1349; x_wconf 91' lang='lat' dir='ltr'>ipsi</span> <span class='ocrx_word' id='word_1_64' title='bbox 997 1266 1172 1339; x_wconf 90' lang='lat' dir='ltr'>intendere,</span> 
     </span>
     <span class='ocr_line' id='line_1_9' title="bbox 426 1365 1174 1447; baseline -0.001 -21"><span class='ocrx_word' id='word_1_65' title='bbox 426 1383 489 1428; x_wconf 91' lang='lat' dir='ltr'>non</span> <span class='ocrx_word' id='word_1_66' title='bbox 506 1365 695 1447; x_wconf 85' lang='lat' dir='ltr'>insipienter</span> <span class='ocrx_word' id='word_1_67' title='bbox 709 1366 928 1447; x_wconf 91' lang='lat' dir='ltr'>relinquamus</span> <span class='ocrx_word' id='word_1_68' title='bbox 944 1383 1001 1427; x_wconf 90' lang='lat' dir='ltr'>nos</span> <span class='ocrx_word' id='word_1_69' title='bbox 1014 1365 1174 1446; x_wconf 90' lang='lat' dir='ltr'>ipsos,neo</span> 
     </span>
     <span class='ocr_line' id='line_1_10' title="bbox 426 1464 1174 1546; baseline -0.003 -20"><span class='ocrx_word' id='word_1_70' title='bbox 426 1464 635 1527; x_wconf 90' lang='lat' dir='ltr'>immoderate</span> <span class='ocrx_word' id='word_1_71' title='bbox 660 1481 855 1546; x_wconf 83' lang='lat' dir='ltr'>occupemus</span> <span class='ocrx_word' id='word_1_72' title='bbox 879 1482 936 1527; x_wconf 90' lang='lat' dir='ltr'>nos</span> <span class='ocrx_word' id='word_1_73' title='bbox 962 1464 1047 1526; x_wconf 85' lang='lat' dir='ltr'>circa</span> <span class='ocrx_word' id='word_1_74' title='bbox 1071 1464 1174 1546; x_wconf 84' lang='lat' dir='ltr'>proxi-</span> 
     </span>
     <span class='ocr_line' id='line_1_11' title="bbox 427 1561 1174 1645; baseline -0.003 -21"><span class='ocrx_word' id='word_1_75' title='bbox 427 1578 496 1624; x_wconf 91' lang='lat' dir='ltr'>mos</span> <span class='ocrx_word' id='word_1_76' title='bbox 519 1569 642 1625; x_wconf 92' lang='lat' dir='ltr'>nostros</span> <span class='ocrx_word' id='word_1_77' title='bbox 660 1579 667 1624; x_wconf 76' lang='grc' dir='ltr'>ε</span> <span class='ocrx_word' id='word_1_78' title='bbox 684 1562 861 1645; x_wconf 75' lang='lat' dir='ltr'>presertim</span> <span class='ocrx_word' id='word_1_79' title='bbox 884 1582 984 1643; x_wconf 94' lang='lat' dir='ltr'>quum</span> <span class='ocrx_word' id='word_1_80' title='bbox 1007 1561 1091 1623; x_wconf 91' lang='lat' dir='ltr'>dicat</span> <span class='ocrx_word' id='word_1_81' title='bbox 1110 1561 1174 1623; x_wconf 86' lang='lat' dir='ltr'>Sal-</span> 
     </span>
    </p>
   </div>
   <div class='ocr_carea' id='block_1_4' title="bbox 280 1659 1175 1742">
    <p class='ocr_par' dir='ltr' id='par_1_4' title="bbox 280 1659 1175 1742">
     <span class='ocr_line' id='line_1_12' title="bbox 280 1659 1175 1742; baseline -0.01 -13"><span class='ocrx_word' id='word_1_82' title='bbox 280 1686 412 1738; x_wconf 62' lang='lat' dir='ltr'>amas,</span> <span class='ocrx_word' id='word_1_83' title='bbox 426 1667 526 1734; x_wconf 91' lang='lat' dir='ltr'>vator,</span> <span class='ocrx_word' id='word_1_84' title='bbox 542 1660 623 1734; x_wconf 83' lang='lat' dir='ltr'>Quid</span> <span class='ocrx_word' id='word_1_85' title='bbox 639 1659 768 1742; x_wconf 88' lang='lat' dir='ltr'>prolicit</span> <span class='ocrx_word' id='word_1_86' title='bbox 783 1660 889 1734; x_wconf 93' lang='lat' dir='ltr'>homo,</span> <span class='ocrx_word' id='word_1_87' title='bbox 906 1660 932 1722; x_wconf 90' lang='lat' dir='ltr'>si</span> <span class='ocrx_word' id='word_1_88' title='bbox 951 1659 1091 1722; x_wconf 86' lang='lat' dir='ltr'>lucretur</span> <span class='ocrx_word' id='word_1_89' title='bbox 1106 1659 1175 1722; x_wconf 85' lang='lat' dir='ltr'>rmi-</span> 
     </span>
    </p>
   </div>
   <div class='ocr_carea' id='block_1_5' title="bbox 426 1759 1174 1841">
    <p class='ocr_par' dir='ltr' id='par_1_5' title="bbox 426 1759 1174 1841">
     <span class='ocr_line' id='line_1_13' title="bbox 426 1759 1174 1841; baseline -0.003 -21"><span class='ocrx_word' id='word_1_90' title='bbox 426 1777 554 1820; x_wconf 90' lang='lat' dir='ltr'>versum</span> <span class='ocrx_word' id='word_1_91' title='bbox 573 1759 740 1833; x_wconf 92' lang='lat' dir='ltr'>mundum,</span> <span class='ocrx_word' id='word_1_92' title='bbox 751 1778 784 1820; x_wconf 90' lang='lat' dir='ltr'>se</span> <span class='ocrx_word' id='word_1_93' title='bbox 800 1759 905 1841; x_wconf 91' lang='lat' dir='ltr'>ipsum</span> <span class='ocrx_word' id='word_1_94' title='bbox 921 1766 1027 1821; x_wconf 89' lang='lat' dir='ltr'>autem</span> <span class='ocrx_word' id='word_1_95' title='bbox 1044 1759 1174 1839; x_wconf 85' lang='lat' dir='ltr'>perdatt</span> 
     </span>
    </p>
   </div>
   <div class='ocr_carea' id='block_1_6' title="bbox 1228 770 2057 1840">
    <p class='ocr_par' dir='ltr' id='par_1_6' title="bbox 1228 770 2057 1643">
     <span class='ocr_line' id='line_1_14' title="bbox 1229 770 1965 839; baseline -0.008 -1"><span class='ocrx_word' id='word_1_96' title='bbox 1229 775 1384 839; x_wconf 87' lang='lat' dir='ltr'>Creatoris</span> <span class='ocrx_word' id='word_1_97' title='bbox 1399 772 1580 836; x_wconf 85' lang='lat' dir='ltr'>sublimiter</span> <span class='ocrx_word' id='word_1_98' title='bbox 1596 791 1686 835; x_wconf 89' lang='lat' dir='ltr'>mens</span> <span class='ocrx_word' id='word_1_99' title='bbox 1701 770 1965 833; x_wconf 89' lang='lat' dir='ltr'>ascendit.Secnn-</span> 
     </span>
     <span class='ocr_line' id='line_1_15' title="bbox 1229 868 1965 954; baseline -0.008 -19"><span class='ocrx_word' id='word_1_100' title='bbox 1229 873 1268 935; x_wconf 90' lang='lat' dir='ltr'>da</span> <span class='ocrx_word' id='word_1_101' title='bbox 1292 881 1340 934; x_wconf 91' lang='lat' dir='ltr'>est</span> <span class='ocrx_word' id='word_1_102' title='bbox 1364 871 1540 954; x_wconf 91' lang='lat' dir='ltr'>speculatio</span> <span class='ocrx_word' id='word_1_103' title='bbox 1568 869 1782 953; x_wconf 81' lang='lat' dir='ltr'>corporalium</span> <span class='ocrx_word' id='word_1_104' title='bbox 1807 886 1844 930; x_wconf 92' lang='lat' dir='ltr'>ac</span> <span class='ocrx_word' id='word_1_105' title='bbox 1868 868 1965 930; x_wconf 90' lang='lat' dir='ltr'>visibi-</span> 
     </span>
     <span class='ocr_line' id='line_1_16' title="bbox 1229 968 1964 1052; baseline -0.005 -19"><span class='ocrx_word' id='word_1_106' title='bbox 1229 971 1308 1034; x_wconf 94' lang='lat' dir='ltr'>lium</span> <span class='ocrx_word' id='word_1_107' title='bbox 1333 978 1549 1033; x_wconf 89' lang='lat' dir='ltr'>creaturarum</span> <span class='ocrx_word' id='word_1_108' title='bbox 1570 987 1577 1030; x_wconf 74' lang='grc' dir='ltr'>ε</span> <span class='ocrx_word' id='word_1_109' title='bbox 1598 988 1637 1032; x_wconf 83' lang='lat' dir='ltr'>ex</span> <span class='ocrx_word' id='word_1_110' title='bbox 1660 968 1778 1052; x_wconf 90' lang='lat' dir='ltr'>quibus</span> <span class='ocrx_word' id='word_1_111' title='bbox 1802 968 1897 1030; x_wconf 89' lang='lat' dir='ltr'>etiam</span> <span class='ocrx_word' id='word_1_112' title='bbox 1918 969 1964 1030; x_wconf 86' lang='lat' dir='ltr'>Dei</span> 
     </span>
     <span class='ocr_line' id='line_1_17' title="bbox 1228 1067 1965 1150; baseline -0.005 -18"><span class='ocrx_word' id='word_1_113' title='bbox 1228 1070 1374 1150; x_wconf 76' lang='lat' dir='ltr'>maiestas</span> <span class='ocrx_word' id='word_1_114' title='bbox 1389 1068 1554 1149; x_wconf 90' lang='lat' dir='ltr'>splendide</span> <span class='ocrx_word' id='word_1_115' title='bbox 1570 1067 1745 1129; x_wconf 91' lang='lat' dir='ltr'>innotescit.</span> <span class='ocrx_word' id='word_1_116' title='bbox 1754 1067 1882 1149; x_wconf 84' lang='lat' dir='ltr'>Propter</span> <span class='ocrx_word' id='word_1_117' title='bbox 1893 1067 1965 1147; x_wconf 91' lang='lat' dir='ltr'>quod</span> 
     </span>
     <span class='ocr_line' id='line_1_18' title="bbox 1229 1164 2057 1231; baseline -0.005 0"><span class='ocrx_word' id='word_1_118' title='bbox 1229 1169 1323 1231; x_wconf 92' lang='lat' dir='ltr'>lsaias</span> <span class='ocrx_word' id='word_1_119' title='bbox 1339 1166 1499 1229; x_wconf 89' lang='lat' dir='ltr'>hortatur:</span> <span class='ocrx_word' id='word_1_120' title='bbox 1511 1165 1625 1228; x_wconf 85' lang='lat' dir='ltr'>Levete</span> <span class='ocrx_word' id='word_1_121' title='bbox 1642 1165 1673 1227; x_wconf 89' lang='lat' dir='ltr'>in</span> <span class='ocrx_word' id='word_1_122' title='bbox 1689 1164 1852 1228; x_wconf 83' lang='lat' dir='ltr'>excelsum</span> <span class='ocrx_word' id='word_1_123' title='bbox 1867 1164 1964 1226; x_wconf 90' lang='lat' dir='ltr'>oculos</span> <span class='ocrx_word' id='word_1_124' title='bbox 1985 1183 2057 1229; x_wconf 63' lang='lat' dir='ltr'>nea</span> 
     </span>
     <span class='ocr_line' id='line_1_19' title="bbox 1230 1263 1965 1347; baseline -0.007 -18"><span class='ocrx_word' id='word_1_125' title='bbox 1230 1274 1361 1339; x_wconf 90' lang='lat' dir='ltr'>vestros,</span> <span class='ocrx_word' id='word_1_126' title='bbox 1382 1272 1414 1328; x_wconf 90' lang='lat' dir='ltr'>et</span> <span class='ocrx_word' id='word_1_127' title='bbox 1435 1265 1540 1327; x_wconf 90' lang='lat' dir='ltr'>videte</span> <span class='ocrx_word' id='word_1_128' title='bbox 1564 1263 1636 1347; x_wconf 90' lang='lat' dir='ltr'>quis</span> <span class='ocrx_word' id='word_1_129' title='bbox 1661 1264 1781 1326; x_wconf 91' lang='lat' dir='ltr'>creavit</span> <span class='ocrx_word' id='word_1_130' title='bbox 1804 1263 1881 1326; x_wconf 84' lang='lat' dir='ltr'>haec.</span> <span class='ocrx_word' id='word_1_131' title='bbox 1904 1263 1965 1325; x_wconf 88' lang='lat' dir='ltr'>Pos-</span> 
     </span>
     <span class='ocr_line' id='line_1_20' title="bbox 1229 1359 1966 1444; baseline -0.008 -17"><span class='ocrx_word' id='word_1_132' title='bbox 1229 1371 1303 1427; x_wconf 93' lang='lat' dir='ltr'>sunt</span> <span class='ocrx_word' id='word_1_133' title='bbox 1318 1371 1424 1426; x_wconf 90' lang='lat' dir='ltr'>autem</span> <span class='ocrx_word' id='word_1_134' title='bbox 1444 1363 1567 1444; x_wconf 89' lang='lat' dir='ltr'>species</span> <span class='ocrx_word' id='word_1_135' title='bbox 1587 1359 1867 1444; x_wconf 87' lang='lat' dir='ltr'>contemplationis</span> <span class='ocrx_word' id='word_1_136' title='bbox 1885 1359 1966 1422; x_wconf 88' lang='lat' dir='ltr'>aliter</span> 
     </span>
     <span class='ocr_line' id='line_1_21' title="bbox 1229 1460 1966 1542; baseline -0.007 -18"><span class='ocrx_word' id='word_1_137' title='bbox 1229 1461 1393 1542; x_wconf 86' lang='lat' dir='ltr'>assignari,</span> <span class='ocrx_word' id='word_1_138' title='bbox 1420 1469 1455 1522; x_wconf 92' lang='lat' dir='ltr'>ut</span> <span class='ocrx_word' id='word_1_139' title='bbox 1480 1460 1562 1522; x_wconf 84' lang='lat' dir='ltr'>infra</span> <span class='ocrx_word' id='word_1_140' title='bbox 1587 1477 1660 1522; x_wconf 86' lang='lat' dir='ltr'>mox</span> <span class='ocrx_word' id='word_1_141' title='bbox 1685 1460 1749 1522; x_wconf 90' lang='lat' dir='ltr'>Deo</span> <span class='ocrx_word' id='word_1_142' title='bbox 1772 1466 1885 1540; x_wconf 85' lang='lat' dir='ltr'>agente</span> <span class='ocrx_word' id='word_1_143' title='bbox 1907 1465 1966 1519; x_wconf 90' lang='lat' dir='ltr'>tan-</span> 
     </span>
     <span class='ocr_line' id='line_1_22' title="bbox 1228 1568 1329 1643; baseline -0.02 -20"><span class='ocrx_word' id='word_1_144' title='bbox 1228 1568 1329 1643; x_wconf 88' lang='lat' dir='ltr'>getur.</span> 
     </span>
    </p>

    <p class='ocr_par' dir='ltr' id='par_1_7' title="bbox 1230 1657 1968 1840">
     <span class='ocr_line' id='line_1_23' title="bbox 1269 1657 1966 1742; baseline -0.004 -21"><span class='ocrx_word' id='word_1_145' title='bbox 1269 1660 1328 1722; x_wconf 86' lang='lat' dir='ltr'>Sed</span> <span class='ocrx_word' id='word_1_146' title='bbox 1355 1679 1455 1742; x_wconf 93' lang='lat' dir='ltr'>quum</span> <span class='ocrx_word' id='word_1_147' title='bbox 1486 1657 1712 1740; x_wconf 88' lang='lat' dir='ltr'>contemplatio</span> <span class='ocrx_word' id='word_1_148' title='bbox 1741 1657 1783 1720; x_wconf 89' lang='lat' dir='ltr'>sit</span> <span class='ocrx_word' id='word_1_149' title='bbox 1811 1664 1900 1718; x_wconf 90' lang='lat' dir='ltr'>actus</span> <span class='ocrx_word' id='word_1_150' title='bbox 1927 1677 1966 1718; x_wconf 90' lang='lat' dir='ltr'>sa·</span> 
     </span>
     <span class='ocr_line' id='line_1_24' title="bbox 1230 1755 1968 1840; baseline -0.003 -22"><span class='ocrx_word' id='word_1_151' title='bbox 1230 1758 1365 1840; x_wconf 75' lang='lat' dir='ltr'>pientia,</span> <span class='ocrx_word' id='word_1_152' title='bbox 1375 1777 1444 1839; x_wconf 77' lang='lat' dir='ltr'>quat</span> <span class='ocrx_word' id='word_1_153' title='bbox 1459 1764 1507 1818; x_wconf 98' lang='grc' dir='ltr'>θεῖ</span> <span class='ocrx_word' id='word_1_154' title='bbox 1522 1756 1661 1838; x_wconf 81' lang='lat' dir='ltr'>cognitio</span> <span class='ocrx_word' id='word_1_155' title='bbox 1675 1755 1865 1829; x_wconf 90' lang='lat' dir='ltr'>divinorum,</span> <span class='ocrx_word' id='word_1_156' title='bbox 1873 1763 1968 1836; x_wconf 87' lang='lat' dir='ltr'>posset</span> 
     </span>
    </p>
   </div>
   <div class='ocr_carea' id='block_1_7' title="bbox 426 1854 1968 1939">
    <p class='ocr_par' dir='ltr' id='par_1_8' title="bbox 426 1854 1968 1939">
     <span class='ocr_line' id='line_1_25' title="bbox 426 1854 1968 1939; baseline -0.003 -20"><span class='ocrx_word' id='word_1_157' title='bbox 426 1857 537 1919; x_wconf 88' lang='lat' dir='ltr'>Nonne</span> <span class='ocrx_word' id='word_1_158' title='bbox 562 1856 674 1918; x_wconf 92' lang='lat' dir='ltr'>caritas</span> <span class='ocrx_word' id='word_1_159' title='bbox 700 1857 814 1938; x_wconf 87' lang='lat' dir='ltr'>incipit</span> <span class='ocrx_word' id='word_1_160' title='bbox 835 1877 853 1920; x_wconf 99' lang='lat' dir='ltr'>a</span> <span class='ocrx_word' id='word_1_161' title='bbox 875 1876 908 1918; x_wconf 92' lang='lat' dir='ltr'>se</span> <span class='ocrx_word' id='word_1_162' title='bbox 934 1857 1012 1939; x_wconf 86' lang='lat' dir='ltr'>ipsa,</span> <span class='ocrx_word' id='word_1_163' title='bbox 1035 1857 1065 1918; x_wconf 95' lang='lat' dir='ltr'>id</span> <span class='ocrx_word' id='word_1_164' title='bbox 1087 1865 1133 1918; x_wconf 87' lang='lat' dir='ltr'>est</span> <span class='ocrx_word' id='word_1_165' title='bbox 1156 1856 1302 1938; x_wconf 91' lang='lat' dir='ltr'>anuis</span> <span class='ocrx_word' id='word_1_166' title='bbox 1321 1874 1473 1936; x_wconf 79' lang='lat' dir='ltr'>quaerere,</span> <span class='ocrx_word' id='word_1_167' title='bbox 1491 1855 1650 1936; x_wconf 94' lang='lat' dir='ltr'>quomodo</span> <span class='ocrx_word' id='word_1_168' title='bbox 1667 1854 1806 1935; x_wconf 91' lang='lat' dir='ltr'>cognitio</span> <span class='ocrx_word' id='word_1_169' title='bbox 1823 1860 1968 1915; x_wconf 85' lang='lat' dir='ltr'>creatura·</span> 
     </span>
    </p>
   </div>
   <div class='ocr_carea' id='block_1_8' title="bbox 426 1954 1172 2233">
    <p class='ocr_par' dir='ltr' id='par_1_9' title="bbox 426 1954 1172 2233">
     <span class='ocr_line' id='line_1_26' title="bbox 426 1954 1172 2036; baseline -0.004 -19"><span class='ocrx_word' id='word_1_170' title='bbox 426 1972 484 2017; x_wconf 91' lang='lat' dir='ltr'>suo</span> <span class='ocrx_word' id='word_1_171' title='bbox 504 1954 671 2035; x_wconf 85' lang='lat' dir='ltr'>subjectot</span> <span class='ocrx_word' id='word_1_172' title='bbox 687 1955 808 2036; x_wconf 85' lang='lat' dir='ltr'>Nempe</span> <span class='ocrx_word' id='word_1_173' title='bbox 830 1955 885 2036; x_wconf 94' lang='lat' dir='ltr'>qui</span> <span class='ocrx_word' id='word_1_174' title='bbox 907 1973 981 2016; x_wconf 90' lang='lat' dir='ltr'>vere</span> <span class='ocrx_word' id='word_1_175' title='bbox 1004 1973 1037 2016; x_wconf 88' lang='lat' dir='ltr'>se</span> <span class='ocrx_word' id='word_1_176' title='bbox 1059 1954 1172 2034; x_wconf 88' lang='lat' dir='ltr'>diligit,</span> 
     </span>
     <span class='ocr_line' id='line_1_27' title="bbox 426 2053 1172 2136; baseline -0.001 -22"><span class='ocrx_word' id='word_1_177' title='bbox 426 2053 532 2136; x_wconf 93' lang='lat' dir='ltr'>primo</span> <span class='ocrx_word' id='word_1_178' title='bbox 556 2071 589 2115; x_wconf 93' lang='lat' dir='ltr'>se</span> <span class='ocrx_word' id='word_1_179' title='bbox 615 2053 721 2135; x_wconf 95' lang='lat' dir='ltr'>ipsum</span> <span class='ocrx_word' id='word_1_180' title='bbox 748 2053 952 2134; x_wconf 87' lang='lat' dir='ltr'>reprehendit</span> <span class='ocrx_word' id='word_1_181' title='bbox 975 2071 1011 2114; x_wconf 90' lang='lat' dir='ltr'>ac</span> <span class='ocrx_word' id='word_1_182' title='bbox 1033 2053 1172 2134; x_wconf 87' lang='lat' dir='ltr'>corrigit.</span> 
     </span>
     <span class='ocr_line' id='line_1_28' title="bbox 426 2151 1172 2233; baseline -0.001 -21"><span class='ocrx_word' id='word_1_183' title='bbox 426 2151 497 2214; x_wconf 78' lang='lat' dir='ltr'>llaec</span> <span class='ocrx_word' id='word_1_184' title='bbox 522 2168 597 2232; x_wconf 88' lang='lat' dir='ltr'>ergo</span> <span class='ocrx_word' id='word_1_185' title='bbox 621 2170 762 2231; x_wconf 83' lang='lat' dir='ltr'>agamus,</span> <span class='ocrx_word' id='word_1_186' title='bbox 787 2151 879 2231; x_wconf 84' lang='lat' dir='ltr'>juxta</span> <span class='ocrx_word' id='word_1_187' title='bbox 903 2151 988 2232; x_wconf 92' lang='lat' dir='ltr'>quod</span> <span class='ocrx_word' id='word_1_188' title='bbox 1018 2151 1172 2233; x_wconf 91' lang='lat' dir='ltr'>scriptum</span> 
     </span>
    </p>
   </div>
   <div class='ocr_carea' id='block_1_9' title="bbox 285 2249 1131 2330">
    <p class='ocr_par' dir='ltr' id='par_1_10' title="bbox 285 2249 1131 2330">
     <span class='ocr_line' id='line_1_29' title="bbox 285 2249 1131 2330; baseline -0.002 -18"><span class='ocrx_word' id='word_1_189' title='bbox 285 2269 411 2322; x_wconf 63' lang='lat' dir='ltr'>accim,</span> <span class='ocrx_word' id='word_1_190' title='bbox 427 2256 475 2310; x_wconf 89' lang='lat' dir='ltr'>est</span> <span class='ocrx_word' id='word_1_191' title='bbox 493 2266 499 2310; x_wconf 95' lang='lat'><strong>:</strong></span> <span class='ocrx_word' id='word_1_192' title='bbox 517 2249 664 2310; x_wconf 86' lang='lat' dir='ltr'>Miserere</span> <span class='ocrx_word' id='word_1_193' title='bbox 685 2249 799 2311; x_wconf 81' lang='lat' dir='ltr'>anime</span> <span class='ocrx_word' id='word_1_194' title='bbox 819 2256 891 2322; x_wconf 75' lang='lat' dir='ltr'>tue,</span> <span class='ocrx_word' id='word_1_195' title='bbox 910 2249 1038 2330; x_wconf 91' lang='lat' dir='ltr'>placens</span> <span class='ocrx_word' id='word_1_196' title='bbox 1058 2250 1131 2310; x_wconf 87' lang='lat' dir='ltr'>[leo.</span> 
     </span>
    </p>
   </div>
   <div class='ocr_carea' id='block_1_10' title="bbox 278 2337 312 2378">
    <p class='ocr_par' dir='ltr' id='par_1_11' title="bbox 278 2337 312 2378">
     <span class='ocr_line' id='line_1_30' title="bbox 278 2337 312 2378; baseline 0.029 -1"><span class='ocrx_word' id='word_1_197' title='bbox 278 2337 312 2378; x_wconf 76' lang='lat' dir='ltr'>at.</span> 
     </span>
    </p>
   </div>
   <div class='ocr_carea' id='block_1_11' title="bbox 424 2346 1175 3015">
    <p class='ocr_par' dir='ltr' id='par_1_12' title="bbox 424 2346 1175 3015">
     <span class='ocr_line' id='line_1_31' title="bbox 468 2346 1175 2431; baseline -0.001 -22"><span class='ocrx_word' id='word_1_198' title='bbox 468 2347 631 2420; x_wconf 67' lang='lat' dir='ltr'>Praeterea,</span> <span class='ocrx_word' id='word_1_199' title='bbox 656 2365 713 2428; x_wconf 91' lang='lat' dir='ltr'>per</span> <span class='ocrx_word' id='word_1_200' title='bbox 742 2365 796 2408; x_wconf 84' lang='lat' dir='ltr'>sex</span> <span class='ocrx_word' id='word_1_201' title='bbox 825 2346 890 2408; x_wconf 88' lang='lat' dir='ltr'>alas</span> <span class='ocrx_word' id='word_1_202' title='bbox 915 2346 1032 2431; x_wconf 28' lang='lat' dir='ltr'>quib-us</span> <span class='ocrx_word' id='word_1_203' title='bbox 1062 2367 1175 2408; x_wconf 92' lang='lat' dir='ltr'>unum-</span> 
     </span>
     <span class='ocr_line' id='line_1_32' title="bbox 426 2443 1172 2526; baseline 0 -20"><span class='ocrx_word' id='word_1_204' title='bbox 426 2444 578 2526; x_wconf 89' lang='lat' dir='ltr'>quodque</span> <span class='ocrx_word' id='word_1_205' title='bbox 602 2444 762 2506; x_wconf 92' lang='lat' dir='ltr'>oculatum</span> <span class='ocrx_word' id='word_1_206' title='bbox 788 2444 905 2507; x_wconf 89' lang='lat' dir='ltr'>animal</span> <span class='ocrx_word' id='word_1_207' title='bbox 931 2443 992 2506; x_wconf 89' lang='lat' dir='ltr'>luit</span> <span class='ocrx_word' id='word_1_208' title='bbox 1016 2452 1172 2519; x_wconf 90' lang='lat' dir='ltr'>ornatum,</span> 
     </span>
     <span class='ocr_line' id='line_1_33' title="bbox 426 2542 1172 2624; baseline -0.001 -20"><span class='ocrx_word' id='word_1_209' title='bbox 426 2560 482 2604; x_wconf 83' lang='lat' dir='ltr'>sex</span> <span class='ocrx_word' id='word_1_210' title='bbox 503 2542 626 2624; x_wconf 88' lang='lat' dir='ltr'>species</span> <span class='ocrx_word' id='word_1_211' title='bbox 642 2542 919 2624; x_wconf 91' lang='lat' dir='ltr'>contemplationis</span> <span class='ocrx_word' id='word_1_212' title='bbox 940 2542 1172 2622; x_wconf 89' lang='lat' dir='ltr'>intelliguntur,</span> 
     </span>
     <span class='ocr_line' id='line_1_34' title="bbox 426 2640 1174 2723; baseline 0.003 -22"><span class='ocrx_word' id='word_1_213' title='bbox 426 2648 520 2723; x_wconf 89' lang='lat' dir='ltr'>prout</span> <span class='ocrx_word' id='word_1_214' title='bbox 536 2658 588 2702; x_wconf 91' lang='lat' dir='ltr'>eas</span> <span class='ocrx_word' id='word_1_215' title='bbox 604 2640 732 2722; x_wconf 90' lang='lat' dir='ltr'>quidam</span> <span class='ocrx_word' id='word_1_216' title='bbox 753 2648 950 2703; x_wconf 89' lang='lat' dir='ltr'>enumerant.</span> <span class='ocrx_word' id='word_1_217' title='bbox 970 2641 1102 2702; x_wconf 88' lang='lat' dir='ltr'>Sanctus</span> <span class='ocrx_word' id='word_1_218' title='bbox 1122 2660 1174 2703; x_wconf 91' lang='lat' dir='ltr'>au·</span> 
     </span>
     <span class='ocr_line' id='line_1_35' title="bbox 424 2739 1175 2822; baseline 0.003 -22"><span class='ocrx_word' id='word_1_219' title='bbox 424 2747 489 2801; x_wconf 89' lang='lat' dir='ltr'>tem</span> <span class='ocrx_word' id='word_1_220' title='bbox 505 2739 683 2801; x_wconf 89' lang='lat' dir='ltr'>Bernardus</span> <span class='ocrx_word' id='word_1_221' title='bbox 698 2746 833 2820; x_wconf 91' lang='lat' dir='ltr'>quatuor</span> <span class='ocrx_word' id='word_1_222' title='bbox 849 2739 972 2820; x_wconf 86' lang='lat' dir='ltr'>species</span> <span class='ocrx_word' id='word_1_223' title='bbox 987 2739 1175 2822; x_wconf 88' lang='lat' dir='ltr'>contempla-</span> 
     </span>
     <span class='ocr_line' id='line_1_36' title="bbox 424 2837 1173 2918; baseline 0 -20"><span class='ocrx_word' id='word_1_224' title='bbox 424 2837 520 2900; x_wconf 88' lang='lat' dir='ltr'>tionis</span> <span class='ocrx_word' id='word_1_225' title='bbox 536 2837 858 2918; x_wconf 83' lang='lat' dir='ltr'>distinguit.0uarum</span> <span class='ocrx_word' id='word_1_226' title='bbox 877 2837 989 2918; x_wconf 95' lang='lat' dir='ltr'>prima,</span> <span class='ocrx_word' id='word_1_227' title='bbox 997 2838 1173 2899; x_wconf 89' lang='lat' dir='ltr'>secundnm</span> 
     </span>
     <span class='ocr_line' id='line_1_37' title="bbox 424 2934 1174 3015; baseline -0.003 -17"><span class='ocrx_word' id='word_1_228' title='bbox 424 2955 509 3007; x_wconf 90' lang='lat' dir='ltr'>eum,</span> <span class='ocrx_word' id='word_1_229' title='bbox 530 2942 579 2998; x_wconf 89' lang='lat' dir='ltr'>est</span> <span class='ocrx_word' id='word_1_230' title='bbox 599 2935 767 2998; x_wconf 91' lang='lat' dir='ltr'>admiratio</span> <span class='ocrx_word' id='word_1_231' title='bbox 791 2934 976 3015; x_wconf 80' lang='lat' dir='ltr'>majestatie,</span> <span class='ocrx_word' id='word_1_232' title='bbox 998 2936 1030 2996; x_wconf 93' lang='lat' dir='ltr'>id</span> <span class='ocrx_word' id='word_1_233' title='bbox 1055 2943 1103 2997; x_wconf 90' lang='lat' dir='ltr'>est</span> <span class='ocrx_word' id='word_1_234' title='bbox 1123 2937 1174 2996; x_wconf 89' lang='lat' dir='ltr'>ad-</span> 
     </span>
    </p>
   </div>
   <div class='ocr_carea' id='block_1_12' title="bbox 1229 1952 1972 3019">
    <p class='ocr_par' dir='ltr' id='par_1_13' title="bbox 1229 1952 1972 3019">
     <span class='ocr_line' id='line_1_38' title="bbox 1231 1952 1969 2036; baseline -0.005 -20"><span class='ocrx_word' id='word_1_235' title='bbox 1231 1974 1313 2026; x_wconf 93' lang='lat' dir='ltr'>rum,</span> <span class='ocrx_word' id='word_1_236' title='bbox 1332 1954 1507 2036; x_wconf 74' lang='lat' dir='ltr'>presertim</span> <span class='ocrx_word' id='word_1_237' title='bbox 1530 1952 1756 2034; x_wconf 89' lang='lat' dir='ltr'>corporalium,</span> <span class='ocrx_word' id='word_1_238' title='bbox 1777 1952 1816 2014; x_wconf 90' lang='lat' dir='ltr'>ad</span> <span class='ocrx_word' id='word_1_239' title='bbox 1840 1959 1969 2014; x_wconf 87' lang='lat' dir='ltr'>coutem-</span> 
     </span>
     <span class='ocr_line' id='line_1_39' title="bbox 1230 2050 1968 2135; baseline -0.005 -21"><span class='ocrx_word' id='word_1_240' title='bbox 1230 2053 1402 2135; x_wconf 88' lang='lat' dir='ltr'>plationem</span> <span class='ocrx_word' id='word_1_241' title='bbox 1423 2053 1588 2133; x_wconf 91' lang='lat' dir='ltr'>pertineat.</span> <span class='ocrx_word' id='word_1_242' title='bbox 1606 2051 1652 2113; x_wconf 84' lang='lat' dir='ltr'>Ad</span> <span class='ocrx_word' id='word_1_243' title='bbox 1668 2051 1754 2132; x_wconf 93' lang='lat' dir='ltr'>quod</span> <span class='ocrx_word' id='word_1_244' title='bbox 1773 2050 1912 2113; x_wconf 90' lang='lat' dir='ltr'>breviter</span> <span class='ocrx_word' id='word_1_245' title='bbox 1930 2069 1968 2111; x_wconf 88' lang='lat' dir='ltr'>re·</span> 
     </span>
     <span class='ocr_line' id='line_1_40' title="bbox 1230 2149 1968 2232; baseline -0.005 -20"><span class='ocrx_word' id='word_1_246' title='bbox 1230 2151 1414 2232; x_wconf 88' lang='lat' dir='ltr'>spondetur,</span> <span class='ocrx_word' id='word_1_247' title='bbox 1436 2150 1520 2231; x_wconf 92' lang='lat' dir='ltr'>quod</span> <span class='ocrx_word' id='word_1_248' title='bbox 1544 2157 1705 2222; x_wconf 69' lang='lat' dir='ltr'>creaturae,</span> <span class='ocrx_word' id='word_1_249' title='bbox 1727 2149 1759 2210; x_wconf 92' lang='lat' dir='ltr'>in</span> <span class='ocrx_word' id='word_1_250' title='bbox 1783 2155 1934 2230; x_wconf 88' lang='lat' dir='ltr'>quantum</span> <span class='ocrx_word' id='word_1_251' title='bbox 1954 2167 1968 2208; x_wconf 93' lang='lat' dir='ltr'>a</span> 
     </span>
     <span class='ocr_line' id='line_1_41' title="bbox 1230 2246 1969 2330; baseline -0.004 -19"><span class='ocrx_word' id='word_1_252' title='bbox 1230 2251 1293 2311; x_wconf 87' lang='lat' dir='ltr'>lleo</span> <span class='ocrx_word' id='word_1_253' title='bbox 1315 2257 1463 2330; x_wconf 91' lang='lat' dir='ltr'>tanquam</span> <span class='ocrx_word' id='word_1_254' title='bbox 1481 2268 1500 2309; x_wconf 91' lang='lat' dir='ltr'>a</span> <span class='ocrx_word' id='word_1_255' title='bbox 1515 2249 1620 2329; x_wconf 92' lang='lat' dir='ltr'>primo</span> <span class='ocrx_word' id='word_1_256' title='bbox 1637 2248 1797 2329; x_wconf 91' lang='lat' dir='ltr'>principio</span> <span class='ocrx_word' id='word_1_257' title='bbox 1817 2246 1969 2329; x_wconf 79' lang='lat' dir='ltr'>profluxe-</span> 
     </span>
     <span class='ocr_line' id='line_1_42' title="bbox 1230 2345 1967 2428; baseline -0.005 -18"><span class='ocrx_word' id='word_1_258' title='bbox 1230 2355 1314 2421; x_wconf 92' lang='lat' dir='ltr'>runt,</span> <span class='ocrx_word' id='word_1_259' title='bbox 1331 2355 1362 2409; x_wconf 88' lang='lat' dir='ltr'>et</span> <span class='ocrx_word' id='word_1_260' title='bbox 1379 2348 1410 2408; x_wconf 91' lang='lat' dir='ltr'>in</span> <span class='ocrx_word' id='word_1_261' title='bbox 1433 2348 1538 2428; x_wconf 93' lang='lat' dir='ltr'>ipsum</span> <span class='ocrx_word' id='word_1_262' title='bbox 1555 2347 1638 2408; x_wconf 92' lang='lat' dir='ltr'>siout</span> <span class='ocrx_word' id='word_1_263' title='bbox 1654 2346 1685 2407; x_wconf 93' lang='lat' dir='ltr'>in</span> <span class='ocrx_word' id='word_1_264' title='bbox 1707 2346 1858 2408; x_wconf 91' lang='lat' dir='ltr'>ultimum</span> <span class='ocrx_word' id='word_1_265' title='bbox 1877 2345 1967 2407; x_wconf 86' lang='lat' dir='ltr'>linem</span> 
     </span>
     <span class='ocr_line' id='line_1_43' title="bbox 1229 2443 1969 2526; baseline -0.005 -18"><span class='ocrx_word' id='word_1_266' title='bbox 1229 2448 1365 2508; x_wconf 89' lang='lat' dir='ltr'>tendunt</span> <span class='ocrx_word' id='word_1_267' title='bbox 1394 2465 1430 2508; x_wconf 89' lang='lat' dir='ltr'>ac</span> <span class='ocrx_word' id='word_1_268' title='bbox 1464 2446 1662 2518; x_wconf 89' lang='lat' dir='ltr'>ordinantur,</span> <span class='ocrx_word' id='word_1_269' title='bbox 1693 2454 1789 2526; x_wconf 90' lang='lat' dir='ltr'>atque</span> <span class='ocrx_word' id='word_1_270' title='bbox 1821 2443 1969 2508; x_wconf 83' lang='lat' dir='ltr'>Crantoris</span> 
     </span>
     <span class='ocr_line' id='line_1_44' title="bbox 1229 2543 1970 2627; baseline -0.004 -22"><span class='ocrx_word' id='word_1_271' title='bbox 1229 2546 1278 2606; x_wconf 88' lang='lat' dir='ltr'>sui</span> <span class='ocrx_word' id='word_1_272' title='bbox 1314 2545 1511 2627; x_wconf 91' lang='lat' dir='ltr'>sapientiam,</span> <span class='ocrx_word' id='word_1_273' title='bbox 1546 2543 1820 2625; x_wconf 91' lang='lat' dir='ltr'>omnipotentiam,</span> <span class='ocrx_word' id='word_1_274' title='bbox 1858 2543 1970 2605; x_wconf 91' lang='lat' dir='ltr'>bonita-</span> 
     </span>
     <span class='ocr_line' id='line_1_45' title="bbox 1229 2641 1970 2724; baseline -0.004 -19"><span class='ocrx_word' id='word_1_275' title='bbox 1229 2652 1445 2716; x_wconf 88' lang='lat' dir='ltr'>tem,amorem</span> <span class='ocrx_word' id='word_1_276' title='bbox 1462 2661 1518 2704; x_wconf 87' lang='lat' dir='ltr'>scu</span> <span class='ocrx_word' id='word_1_277' title='bbox 1534 2641 1790 2705; x_wconf 88' lang='lat' dir='ltr'>benevolentiam</span> <span class='ocrx_word' id='word_1_278' title='bbox 1806 2659 1970 2724; x_wconf 70' lang='lat' dir='ltr'>repraesen-</span> 
     </span>
     <span class='ocr_line' id='line_1_46' title="bbox 1229 2740 1972 2822; baseline -0.004 -19"><span class='ocrx_word' id='word_1_279' title='bbox 1229 2750 1306 2814; x_wconf 89' lang='lat' dir='ltr'>tant,</span> <span class='ocrx_word' id='word_1_280' title='bbox 1324 2741 1368 2803; x_wconf 92' lang='lat' dir='ltr'>sic</span> <span class='ocrx_word' id='word_1_281' title='bbox 1386 2742 1416 2802; x_wconf 90' lang='lat' dir='ltr'>in</span> <span class='ocrx_word' id='word_1_282' title='bbox 1438 2741 1539 2821; x_wconf 92' lang='lat' dir='ltr'>ipsius</span> <span class='ocrx_word' id='word_1_283' title='bbox 1555 2740 1780 2822; x_wconf 90' lang='lat' dir='ltr'>cognitionem,</span> <span class='ocrx_word' id='word_1_284' title='bbox 1799 2740 1972 2803; x_wconf 84' lang='lat' dir='ltr'>admiratio</span> 
     </span>
     <span class='ocr_line' id='line_1_47' title="bbox 1229 2838 1971 2913; baseline -0.004 -11"><span class='ocrx_word' id='word_1_285' title='bbox 1229 2860 1314 2912; x_wconf 87' lang='lat' dir='ltr'>nem,</span> <span class='ocrx_word' id='word_1_286' title='bbox 1337 2839 1474 2912; x_wconf 88' lang='lat' dir='ltr'>laudem,</span> <span class='ocrx_word' id='word_1_287' title='bbox 1496 2839 1655 2912; x_wconf 89' lang='lat' dir='ltr'>timorem,</span> <span class='ocrx_word' id='word_1_288' title='bbox 1677 2839 1813 2913; x_wconf 92' lang='lat' dir='ltr'>cultum,</span> <span class='ocrx_word' id='word_1_289' title='bbox 1835 2838 1971 2900; x_wconf 86' lang='lat' dir='ltr'>dilectio-</span> 
     </span>
     <span class='ocr_line' id='line_1_48' title="bbox 1229 2937 1971 3019; baseline -0.004 -19"><span class='ocrx_word' id='word_1_290' title='bbox 1229 2957 1302 3000; x_wconf 80' lang='lat' dir='ltr'>nem</span> <span class='ocrx_word' id='word_1_291' title='bbox 1318 2937 1604 3018; x_wconf 87' lang='lat' dir='ltr'>inducuntSicque</span> <span class='ocrx_word' id='word_1_292' title='bbox 1619 2937 1658 2998; x_wconf 91' lang='lat' dir='ltr'>ad</span> <span class='ocrx_word' id='word_1_293' title='bbox 1675 2937 1971 3019; x_wconf 88' lang='lat' dir='ltr'>contemplationem</span> 
     </span>
    </p>
   </div>
   <div class='ocr_carea' id='block_1_13' title="bbox 424 3032 1969 3115">
    <p class='ocr_par' dir='ltr' id='par_1_14' title="bbox 424 3032 1969 3115">
     <span class='ocr_line' id='line_1_49' title="bbox 424 3032 1969 3115; baseline 0.001 -19"><span class='ocrx_word' id='word_1_294' title='bbox 424 3033 572 3096; x_wconf 91' lang='lat' dir='ltr'>mirativa</span> <span class='ocrx_word' id='word_1_295' title='bbox 594 3032 779 3115; x_wconf 89' lang='lat' dir='ltr'>speculatio.</span> <span class='ocrx_word' id='word_1_296' title='bbox 798 3032 943 3094; x_wconf 88' lang='lat' dir='ltr'>Secunda</span> <span class='ocrx_word' id='word_1_297' title='bbox 964 3039 1012 3094; x_wconf 91' lang='grc' dir='ltr'>θεῖ</span> <span class='ocrx_word' id='word_1_298' title='bbox 1032 3034 1174 3095; x_wconf 87' lang='lat' dir='ltr'>conside·</span> <span class='ocrx_word' id='word_1_299' title='bbox 1192 3036 1213 3100; x_wconf 88' lang='lat' dir='ltr'>C</span> <span class='ocrx_word' id='word_1_300' title='bbox 1230 3036 1441 3098; x_wconf 89' lang='lat' dir='ltr'>consideratio</span> <span class='ocrx_word' id='word_1_301' title='bbox 1467 3041 1589 3115; x_wconf 88' lang='lat' dir='ltr'>spectat</span> <span class='ocrx_word' id='word_1_302' title='bbox 1614 3053 1720 3096; x_wconf 90' lang='lat' dir='ltr'>rerum</span> <span class='ocrx_word' id='word_1_303' title='bbox 1752 3053 1874 3098; x_wconf 91' lang='lat' dir='ltr'>earum.</span> <span class='ocrx_word' id='word_1_304' title='bbox 1901 3037 1969 3099; x_wconf 81' lang='lat' dir='ltr'>Nam</span> 
     </span>
    </p>
   </div>
   <div class='ocr_carea' id='block_1_14' title="bbox 424 3130 1173 3311">
    <p class='ocr_par' dir='ltr' id='par_1_15' title="bbox 424 3130 1173 3311">
     <span class='ocr_line' id='line_1_50' title="bbox 424 3130 1173 3212; baseline -0.001 -19"><span class='ocrx_word' id='word_1_305' title='bbox 424 3132 503 3194; x_wconf 89' lang='lat' dir='ltr'>ratio</span> <span class='ocrx_word' id='word_1_306' title='bbox 526 3131 721 3212; x_wconf 85' lang='lat' dir='ltr'>judiciorum</span> <span class='ocrx_word' id='word_1_307' title='bbox 748 3130 813 3192; x_wconf 90' lang='lat' dir='ltr'>Dei.</span> <span class='ocrx_word' id='word_1_308' title='bbox 836 3131 909 3203; x_wconf 74' lang='lat' dir='ltr'>Quae</span> <span class='ocrx_word' id='word_1_309' title='bbox 935 3131 990 3212; x_wconf 93' lang='lat' dir='ltr'>qui</span> <span class='ocrx_word' id='word_1_310' title='bbox 1015 3131 1173 3212; x_wconf 88' lang='lat' dir='ltr'>prolunde</span> 
     </span>
     <span class='ocr_line' id='line_1_51' title="bbox 425 3227 1173 3311; baseline 0 -21"><span class='ocrx_word' id='word_1_311' title='bbox 425 3230 578 3304; x_wconf 91' lang='lat' dir='ltr'>intuetur,</span> <span class='ocrx_word' id='word_1_312' title='bbox 596 3249 668 3291; x_wconf 91' lang='lat' dir='ltr'>oum</span> <span class='ocrx_word' id='word_1_313' title='bbox 690 3227 840 3310; x_wconf 87' lang='lat' dir='ltr'>Apostolo</span> <span class='ocrx_word' id='word_1_314' title='bbox 863 3228 1040 3290; x_wconf 84' lang='lat' dir='ltr'>exclamare</span> <span class='ocrx_word' id='word_1_315' title='bbox 1061 3229 1173 3311; x_wconf 88' lang='lat' dir='ltr'>impel-</span> 
     </span>
    </p>
   </div>
   <div class='ocr_carea' id='block_1_15' title="bbox 1229 3133 1971 3294">
    <p class='ocr_par' dir='ltr' id='par_1_16' title="bbox 1229 3133 1971 3294">
     <span class='ocr_line' id='line_1_52' title="bbox 1229 3133 1971 3214; baseline -0.003 -18"><span class='ocrx_word' id='word_1_316' title='bbox 1229 3143 1260 3196; x_wconf 89' lang='lat' dir='ltr'>et</span> <span class='ocrx_word' id='word_1_317' title='bbox 1287 3135 1333 3196; x_wconf 93' lang='lat' dir='ltr'>sic</span> <span class='ocrx_word' id='word_1_318' title='bbox 1357 3133 1515 3214; x_wconf 84' lang='lat' dir='ltr'>theologia</span> <span class='ocrx_word' id='word_1_319' title='bbox 1542 3139 1575 3194; x_wconf 92' lang='lat' dir='ltr'>et</span> <span class='ocrx_word' id='word_1_320' title='bbox 1602 3133 1685 3196; x_wconf 90' lang='lat' dir='ltr'>lides</span> <span class='ocrx_word' id='word_1_321' title='bbox 1715 3135 1799 3196; x_wconf 90' lang='lat' dir='ltr'>circa</span> <span class='ocrx_word' id='word_1_322' title='bbox 1829 3153 1884 3198; x_wconf 89' lang='lat' dir='ltr'>eas</span> <span class='ocrx_word' id='word_1_323' title='bbox 1911 3154 1971 3196; x_wconf 91' lang='lat' dir='ltr'>ver-</span> 
     </span>
     <span class='ocr_line' id='line_1_53' title="bbox 1229 3240 1347 3294; baseline -0.008 0"><span class='ocrx_word' id='word_1_324' title='bbox 1229 3240 1347 3294; x_wconf 89' lang='lat' dir='ltr'>santur.</span> 
     </span>
    </p>
   </div>
   <div class='ocr_carea' id='block_1_16' title="bbox 278 3326 1971 3408">
    <p class='ocr_par' dir='ltr' id='par_1_17' title="bbox 278 3326 1971 3408">
     <span class='ocr_line' id='line_1_54' title="bbox 278 3326 1971 3408; baseline 0.004 -22"><span class='ocrx_word' id='word_1_325' title='bbox 278 3343 409 3396; x_wconf 60' lang='lat' dir='ltr'>namanes,</span> <span class='ocrx_word' id='word_1_326' title='bbox 426 3327 502 3389; x_wconf 92' lang='lat' dir='ltr'>litur</span> <span class='ocrx_word' id='word_1_327' title='bbox 519 3347 525 3390; x_wconf 95' lang='lat'><strong>:</strong></span> <span class='ocrx_word' id='word_1_328' title='bbox 543 3327 566 3391; x_wconf 94' lang='lat'>0</span> <span class='ocrx_word' id='word_1_329' title='bbox 589 3327 723 3389; x_wconf 89' lang='lat' dir='ltr'>altitudo</span> <span class='ocrx_word' id='word_1_330' title='bbox 748 3326 932 3388; x_wconf 91' lang='lat' dir='ltr'>divitiarum</span> <span class='ocrx_word' id='word_1_331' title='bbox 957 3327 1120 3408; x_wconf 74' lang='lat' dir='ltr'>sapientiae</span> <span class='ocrx_word' id='word_1_332' title='bbox 1143 3335 1174 3389; x_wconf 89' lang='lat' dir='ltr'>et</span> <span class='ocrx_word' id='word_1_333' title='bbox 1268 3330 1429 3393; x_wconf 89' lang='lat' dir='ltr'>Postremo</span> <span class='ocrx_word' id='word_1_334' title='bbox 1444 3337 1476 3391; x_wconf 93' lang='lat' dir='ltr'>et</span> <span class='ocrx_word' id='word_1_335' title='bbox 1491 3348 1548 3392; x_wconf 91' lang='lat' dir='ltr'>nos</span> <span class='ocrx_word' id='word_1_336' title='bbox 1563 3349 1636 3391; x_wconf 92' lang='lat' dir='ltr'>cum</span> <span class='ocrx_word' id='word_1_337' title='bbox 1652 3330 1770 3392; x_wconf 89' lang='lat' dir='ltr'>sanctis</span> <span class='ocrx_word' id='word_1_338' title='bbox 1784 3331 1971 3394; x_wconf 87' lang='lat' dir='ltr'>animalibus</span> 
     </span>
    </p>
   </div>
   <div class='ocr_carea' id='block_1_17' title="bbox 279 3410 312 3450">
    <p class='ocr_par' dir='ltr' id='par_1_18' title="bbox 279 3410 312 3450">
     <span class='ocr_line' id='line_1_55' title="bbox 279 3410 312 3450; baseline 0.061 -2"><span class='ocrx_word' id='word_1_339' title='bbox 279 3410 312 3450; x_wconf 73' lang='lat' dir='ltr'>dl.</span> 
     </span>
    </p>
   </div>
   <div class='ocr_carea' id='block_1_18' title="bbox 426 3425 1174 3797">
    <p class='ocr_par' dir='ltr' id='par_1_19' title="bbox 426 3425 1174 3797">
     <span class='ocr_line' id='line_1_56' title="bbox 426 3425 1174 3506; baseline -0.003 -18"><span class='ocrx_word' id='word_1_340' title='bbox 426 3426 566 3488; x_wconf 84' lang='lat' dir='ltr'>scicntiae</span> <span class='ocrx_word' id='word_1_341' title='bbox 596 3426 679 3487; x_wconf 87' lang='lat' dir='ltr'>Ilei!</span> <span class='ocrx_word' id='word_1_342' title='bbox 711 3444 807 3506; x_wconf 95' lang='lat' dir='ltr'>quam</span> <span class='ocrx_word' id='word_1_343' title='bbox 837 3425 1174 3506; x_wconf 90' lang='lat' dir='ltr'>incomprehensibilia</span> 
     </span>
     <span class='ocr_line' id='line_1_57' title="bbox 427 3521 1174 3602; baseline 0 -18"><span class='ocrx_word' id='word_1_344' title='bbox 427 3530 501 3584; x_wconf 91' lang='lat' dir='ltr'>sunt</span> <span class='ocrx_word' id='word_1_345' title='bbox 527 3521 648 3602; x_wconf 85' lang='lat' dir='ltr'>judicia</span> <span class='ocrx_word' id='word_1_346' title='bbox 677 3522 757 3602; x_wconf 86' lang='lat' dir='ltr'>ejus,</span> <span class='ocrx_word' id='word_1_347' title='bbox 789 3529 820 3583; x_wconf 90' lang='lat' dir='ltr'>et</span> <span class='ocrx_word' id='word_1_348' title='bbox 848 3521 1085 3602; x_wconf 89' lang='lat' dir='ltr'>investigabiles</span> <span class='ocrx_word' id='word_1_349' title='bbox 1114 3523 1174 3584; x_wconf 75' lang='lat' dir='ltr'>viat</span> 
     </span>
     <span class='ocr_line' id='line_1_58' title="bbox 428 3619 1174 3702; baseline 0.001 -21"><span class='ocrx_word' id='word_1_350' title='bbox 428 3619 552 3702; x_wconf 92' lang='lat' dir='ltr'>ipsiusl</span> <span class='ocrx_word' id='word_1_351' title='bbox 579 3619 655 3693; x_wconf 84' lang='lat' dir='ltr'>Quis</span> <span class='ocrx_word' id='word_1_352' title='bbox 680 3619 766 3680; x_wconf 92' lang='lat' dir='ltr'>enim</span> <span class='ocrx_word' id='word_1_353' title='bbox 792 3619 939 3698; x_wconf 89' lang='lat' dir='ltr'>cognovit</span> <span class='ocrx_word' id='word_1_354' title='bbox 964 3638 1093 3681; x_wconf 90' lang='lat' dir='ltr'>sensum</span> <span class='ocrx_word' id='word_1_355' title='bbox 1119 3621 1174 3682; x_wconf 89' lang='lat' dir='ltr'>Do-</span> 
     </span>
     <span class='ocr_line' id='line_1_59' title="bbox 428 3715 1171 3797; baseline 0 -18"><span class='ocrx_word' id='word_1_356' title='bbox 428 3717 535 3779; x_wconf 83' lang='lat' dir='ltr'>minil</span> <span class='ocrx_word' id='word_1_357' title='bbox 560 3717 697 3778; x_wconf 88' lang='lat' dir='ltr'>Etcum</span> <span class='ocrx_word' id='word_1_358' title='bbox 722 3715 886 3778; x_wconf 88' lang='lat' dir='ltr'>Psalmista</span> <span class='ocrx_word' id='word_1_359' title='bbox 911 3716 1052 3797; x_wconf 91' lang='lat' dir='ltr'>loquitur</span> <span class='ocrx_word' id='word_1_360' title='bbox 1075 3717 1138 3779; x_wconf 89' lang='lat' dir='ltr'>Deo</span> <span class='ocrx_word' id='word_1_361' title='bbox 1165 3735 1171 3779; x_wconf 91' lang='lat'>:</span> 
     </span>
    </p>
   </div>
   <div class='ocr_carea' id='block_1_19' title="bbox 1229 3427 2058 3798">
    <p class='ocr_par' dir='ltr' id='par_1_20' title="bbox 1229 3427 2058 3798">
     <span class='ocr_line' id='line_1_60' title="bbox 1229 3427 1971 3509; baseline 0 -19"><span class='ocrx_word' id='word_1_362' title='bbox 1229 3429 1373 3509; x_wconf 89' lang='lat' dir='ltr'>requiem</span> <span class='ocrx_word' id='word_1_363' title='bbox 1389 3428 1586 3508; x_wconf 81' lang='lat' dir='ltr'>superfluam</span> <span class='ocrx_word' id='word_1_364' title='bbox 1603 3427 1695 3490; x_wconf 91' lang='lat' dir='ltr'>nobis</span> <span class='ocrx_word' id='word_1_365' title='bbox 1711 3446 1774 3490; x_wconf 93' lang='lat' dir='ltr'>non</span> <span class='ocrx_word' id='word_1_366' title='bbox 1790 3429 1904 3492; x_wconf 90' lang='lat' dir='ltr'>demus</span> <span class='ocrx_word' id='word_1_367' title='bbox 1919 3449 1971 3491; x_wconf 89' lang='lat' dir='ltr'>nec</span> 
     </span>
     <span class='ocr_line' id='line_1_61' title="bbox 1229 3526 1971 3598; baseline 0.003 -10"><span class='ocrx_word' id='word_1_368' title='bbox 1229 3527 1445 3598; x_wconf 90' lang='lat' dir='ltr'>admittamus,</span> <span class='ocrx_word' id='word_1_369' title='bbox 1463 3527 1516 3587; x_wconf 93' lang='lat' dir='ltr'>sed</span> <span class='ocrx_word' id='word_1_370' title='bbox 1533 3526 1585 3588; x_wconf 90' lang='lat' dir='ltr'>die</span> <span class='ocrx_word' id='word_1_371' title='bbox 1601 3535 1637 3588; x_wconf 90' lang='lat' dir='ltr'>ac</span> <span class='ocrx_word' id='word_1_372' title='bbox 1656 3533 1748 3589; x_wconf 89' lang='lat' dir='ltr'>nocte</span> <span class='ocrx_word' id='word_1_373' title='bbox 1768 3545 1841 3590; x_wconf 93' lang='lat' dir='ltr'>cum</span> <span class='ocrx_word' id='word_1_374' title='bbox 1861 3528 1908 3590; x_wconf 92' lang='lat' dir='ltr'>eis</span> <span class='ocrx_word' id='word_1_375' title='bbox 1926 3547 1971 3590; x_wconf 90' lang='lat' dir='ltr'>su-</span> 
     </span>
     <span class='ocr_line' id='line_1_62' title="bbox 1230 3623 1971 3707; baseline 0 -21"><span class='ocrx_word' id='word_1_376' title='bbox 1230 3623 1504 3706; x_wconf 88' lang='lat' dir='ltr'>perbeatissimam</span> <span class='ocrx_word' id='word_1_377' title='bbox 1535 3623 1699 3686; x_wconf 91' lang='lat' dir='ltr'>laudemus</span> <span class='ocrx_word' id='word_1_378' title='bbox 1723 3643 1971 3707; x_wconf 87' lang='lat' dir='ltr'>veneremurqne</span> 
     </span>
     <span class='ocr_line' id='line_1_63' title="bbox 1229 3721 2058 3798; baseline 0.004 -15"><span class='ocrx_word' id='word_1_379' title='bbox 1229 3721 1426 3793; x_wconf 88' lang='lat' dir='ltr'>Trinitatem,</span> <span class='ocrx_word' id='word_1_380' title='bbox 1452 3721 1594 3783; x_wconf 87' lang='lat' dir='ltr'>dicentes</span> <span class='ocrx_word' id='word_1_381' title='bbox 1620 3741 1627 3784; x_wconf 92' lang='lat'><strong>:</strong></span> <span class='ocrx_word' id='word_1_382' title='bbox 1655 3722 1799 3796; x_wconf 88' lang='lat' dir='ltr'>Sanctus,</span> <span class='ocrx_word' id='word_1_383' title='bbox 1830 3724 1970 3787; x_wconf 89' lang='lat' dir='ltr'>Sanctus.</span> <span class='ocrx_word' id='word_1_384' title='bbox 1983 3745 2058 3798; x_wconf 48' lang='lat' dir='ltr'>rere</span> 
     </span>
    </p>
   </div>
   <div class='ocr_carea' id='block_1_20' title="bbox 279 3814 1971 3904">
    <p class='ocr_par' dir='ltr' id='par_1_21' title="bbox 279 3814 1971 3904">
     <span class='ocr_line' id='line_1_64' title="bbox 279 3814 1971 3904; baseline 0.006 -31"><span class='ocrx_word' id='word_1_385' title='bbox 279 3830 320 3875; x_wconf 70' lang='lat'>1³2.</span> <span class='ocrx_word' id='word_1_386' title='bbox 328 3835 414 3886; x_wconf 67' lang='lat' dir='ltr'>xxxva.</span> <span class='ocrx_word' id='word_1_387' title='bbox 426 3815 553 3879; x_wconf 83' lang='lat' dir='ltr'>lustitia</span> <span class='ocrx_word' id='word_1_388' title='bbox 572 3822 627 3878; x_wconf 93' lang='lat' dir='ltr'>tua</span> <span class='ocrx_word' id='word_1_389' title='bbox 645 3814 728 3876; x_wconf 89' lang='lat' dir='ltr'>siout</span> <span class='ocrx_word' id='word_1_390' title='bbox 749 3823 871 3876; x_wconf 90' lang='lat' dir='ltr'>montes</span> <span class='ocrx_word' id='word_1_391' title='bbox 891 3815 964 3892; x_wconf 90' lang='lat' dir='ltr'>llei;</span> <span class='ocrx_word' id='word_1_392' title='bbox 979 3815 1100 3895; x_wconf 85' lang='lat' dir='ltr'>judicia</span> <span class='ocrx_word' id='word_1_393' title='bbox 1121 3824 1175 3878; x_wconf 90' lang='lat' dir='ltr'>tua</span> <span class='ocrx_word' id='word_1_394' title='bbox 1230 3820 1534 3893; x_wconf 89' lang='lat' dir='ltr'>Sanctus‚Dominus</span> <span class='ocrx_word' id='word_1_395' title='bbox 1550 3821 1631 3882; x_wconf 89' lang='lat' dir='ltr'>Deus</span> <span class='ocrx_word' id='word_1_396' title='bbox 1646 3821 1856 3904; x_wconf 91' lang='lat' dir='ltr'>omnipotens.</span> <span class='ocrx_word' id='word_1_397' title='bbox 1864 3823 1971 3896; x_wconf 84' lang='lat' dir='ltr'>Quum-</span> 
     </span>
    </p>
   </div>
   <div class='ocr_carea' id='block_1_21' title="bbox 427 3912 1175 4191">
    <p class='ocr_par' dir='ltr' id='par_1_22' title="bbox 427 3912 1175 4191">
     <span class='ocr_line' id='line_1_65' title="bbox 427 3912 1173 3997; baseline 0.001 -21"><span class='ocrx_word' id='word_1_398' title='bbox 427 3915 560 3997; x_wconf 84' lang='lat' dir='ltr'>abyssus</span> <span class='ocrx_word' id='word_1_399' title='bbox 585 3913 694 3975; x_wconf 89' lang='lat' dir='ltr'>multa.</span> <span class='ocrx_word' id='word_1_400' title='bbox 722 3914 755 3975; x_wconf 92' lang='lat' dir='ltr'>ln</span> <span class='ocrx_word' id='word_1_401' title='bbox 787 3913 825 3974; x_wconf 93' lang='lat' dir='ltr'>iis</span> <span class='ocrx_word' id='word_1_402' title='bbox 855 3912 977 3975; x_wconf 91' lang='lat' dir='ltr'>duabus</span> <span class='ocrx_word' id='word_1_403' title='bbox 1006 3915 1173 3997; x_wconf 87' lang='lat' dir='ltr'>speciebus</span> 
     </span>
     <span class='ocr_line' id='line_1_66' title="bbox 428 4010 1175 4094; baseline -0.001 -19"><span class='ocrx_word' id='word_1_404' title='bbox 428 4011 717 4094; x_wconf 89' lang='lat' dir='ltr'>contemplationis,</span> <span class='ocrx_word' id='word_1_405' title='bbox 740 4010 780 4073; x_wconf 96' lang='lat' dir='ltr'>ab</span> <span class='ocrx_word' id='word_1_406' title='bbox 807 4011 1026 4084; x_wconf 90' lang='lat' dir='ltr'>immoderato,</span> <span class='ocrx_word' id='word_1_407' title='bbox 1050 4013 1175 4074; x_wconf 91' lang='lat' dir='ltr'>intimo-</span> 
     </span>
     <span class='ocr_line' id='line_1_67' title="bbox 428 4109 1174 4191; baseline -0.001 -18"><span class='ocrx_word' id='word_1_408' title='bbox 428 4119 506 4185; x_wconf 91' lang='lat' dir='ltr'>rato,</span> <span class='ocrx_word' id='word_1_409' title='bbox 528 4109 726 4182; x_wconf 87' lang='lat' dir='ltr'>irreverenti,</span> <span class='ocrx_word' id='word_1_410' title='bbox 745 4115 999 4191; x_wconf 75' lang='lat' dir='ltr'>presumptuose</span> <span class='ocrx_word' id='word_1_411' title='bbox 1020 4111 1174 4173; x_wconf 90' lang='lat' dir='ltr'>scrutinio</span> 
     </span>
    </p>
   </div>
   <div class='ocr_carea' id='block_1_22' title="bbox 1229 3918 2059 4195">
    <p class='ocr_par' dir='ltr' id='par_1_23' title="bbox 1229 3918 2059 4195">
     <span class='ocr_line' id='line_1_68' title="bbox 1229 3918 2059 4002; baseline -0.016 -22"><span class='ocrx_word' id='word_1_412' title='bbox 1229 3937 1292 4001; x_wconf 91' lang='lat' dir='ltr'>que</span> <span class='ocrx_word' id='word_1_413' title='bbox 1313 3935 1375 3979; x_wconf 93' lang='lat' dir='ltr'>non</span> <span class='ocrx_word' id='word_1_414' title='bbox 1396 3918 1437 3979; x_wconf 91' lang='lat' dir='ltr'>sit</span> <span class='ocrx_word' id='word_1_415' title='bbox 1452 3919 1596 3999; x_wconf 88' lang='lat' dir='ltr'>speciosa</span> <span class='ocrx_word' id='word_1_416' title='bbox 1617 3918 1685 3980; x_wconf 91' lang='lat' dir='ltr'>laus</span> <span class='ocrx_word' id='word_1_417' title='bbox 1706 3919 1738 3980; x_wconf 91' lang='lat' dir='ltr'>in</span> <span class='ocrx_word' id='word_1_418' title='bbox 1759 3937 1813 3982; x_wconf 88' lang='lat' dir='ltr'>ore</span> <span class='ocrx_word' id='word_1_419' title='bbox 1834 3929 2059 4002; x_wconf 67' lang='lat' dir='ltr'>peecatorem</span> 
     </span>
     <span class='ocr_line' id='line_1_69' title="bbox 1230 4016 1970 4102; baseline 0.001 -23"><span class='ocrx_word' id='word_1_420' title='bbox 1230 4017 1284 4090; x_wconf 93' lang='lat' dir='ltr'>ris,</span> <span class='ocrx_word' id='word_1_421' title='bbox 1306 4016 1514 4078; x_wconf 85' lang='lat' dir='ltr'>exhibeamus</span> <span class='ocrx_word' id='word_1_422' title='bbox 1537 4035 1593 4078; x_wconf 92' lang='lat' dir='ltr'>nos</span> <span class='ocrx_word' id='word_1_423' title='bbox 1616 4017 1732 4080; x_wconf 75' lang='lat' dir='ltr'>divinae</span> <span class='ocrx_word' id='word_1_424' title='bbox 1755 4017 1859 4082; x_wconf 91' lang='lat' dir='ltr'>laudis</span> <span class='ocrx_word' id='word_1_425' title='bbox 1881 4036 1970 4102; x_wconf 91' lang='lat' dir='ltr'>puros</span> 
     </span>
     <span class='ocr_line' id='line_1_70' title="bbox 1231 4114 1972 4195; baseline 0.004 -19"><span class='ocrx_word' id='word_1_426' title='bbox 1231 4115 1424 4195; x_wconf 92' lang='lat' dir='ltr'>idoneosque</span> <span class='ocrx_word' id='word_1_427' title='bbox 1447 4114 1619 4186; x_wconf 90' lang='lat' dir='ltr'>ministros,</span> <span class='ocrx_word' id='word_1_428' title='bbox 1636 4115 1700 4177; x_wconf 88' lang='lat' dir='ltr'>Deo</span> <span class='ocrx_word' id='word_1_429' title='bbox 1719 4117 1897 4180; x_wconf 87' lang='lat' dir='ltr'>sanctitatis</span> <span class='ocrx_word' id='word_1_430' title='bbox 1918 4117 1972 4179; x_wconf 92' lang='lat' dir='ltr'>im-</span> 
     </span>
    </p>
   </div>
   <div class='ocr_carea' id='block_1_23' title="bbox 286 4208 2020 4294">
    <p class='ocr_par' dir='ltr' id='par_1_24' title="bbox 286 4208 2020 4294">
     <span class='ocr_line' id='line_1_71' title="bbox 286 4208 2020 4294; baseline 0.009 -27"><span class='ocrx_word' id='word_1_431' title='bbox 286 4223 413 4277; x_wconf 64' lang='lat' dir='ltr'>eretur,</span> <span class='ocrx_word' id='word_1_432' title='bbox 427 4217 476 4273; x_wconf 91' lang='lat' dir='ltr'>est</span> <span class='ocrx_word' id='word_1_433' title='bbox 492 4209 681 4284; x_wconf 91' lang='lat' dir='ltr'>cavendum,</span> <span class='ocrx_word' id='word_1_434' title='bbox 699 4227 797 4290; x_wconf 95' lang='lat' dir='ltr'>quum</span> <span class='ocrx_word' id='word_1_435' title='bbox 815 4208 898 4270; x_wconf 90' lang='lat' dir='ltr'>dicat</span> <span class='ocrx_word' id='word_1_436' title='bbox 914 4209 1095 4291; x_wconf 87' lang='lat' dir='ltr'>Scriptura:</span> <span class='ocrx_word' id='word_1_437' title='bbox 1110 4210 1213 4276; x_wconf 88' lang='lat' dir='ltr'>Sic-D</span> <span class='ocrx_word' id='word_1_438' title='bbox 1232 4231 1349 4275; x_wconf 82' lang='lat' dir='ltr'>mensae</span> <span class='ocrx_word' id='word_1_439' title='bbox 1370 4211 1401 4274; x_wconf 95' lang='lat' dir='ltr'>in</span> <span class='ocrx_word' id='word_1_440' title='bbox 1423 4212 1588 4274; x_wconf 89' lang='lat' dir='ltr'>sanctitate</span> <span class='ocrx_word' id='word_1_441' title='bbox 1607 4221 1639 4274; x_wconf 91' lang='grc' dir='ltr'>θῖ</span> <span class='ocrx_word' id='word_1_442' title='bbox 1656 4213 1781 4294; x_wconf 86' lang='lat' dir='ltr'>justitia</span> <span class='ocrx_word' id='word_1_443' title='bbox 1807 4214 1972 4278; x_wconf 90' lang='lat' dir='ltr'>incessabi·</span> <span class='ocrx_word' id='word_1_444' title='bbox 2015 4266 2020 4282; x_wconf 92' lang='lat'><em>.</em></span> 
     </span>
    </p>
   </div>
   <div class='ocr_carea' id='block_1_24' title="bbox 280 4289 314 4330">
    <p class='ocr_par' dir='ltr' id='par_1_25' title="bbox 280 4289 314 4330">
     <span class='ocr_line' id='line_1_72' title="bbox 280 4289 314 4330; baseline 0 0"><span class='ocrx_word' id='word_1_445' title='bbox 280 4289 314 4330; x_wconf 75' lang='grc'>27.</span> 
     </span>
    </p>
   </div>
   <div class='ocr_carea' id='block_1_25' title="bbox 428 4305 1174 4390">
    <p class='ocr_par' dir='ltr' id='par_1_26' title="bbox 428 4305 1174 4390">
     <span class='ocr_line' id='line_1_73' title="bbox 428 4305 1174 4390; baseline -0.003 -20"><span class='ocrx_word' id='word_1_446' title='bbox 428 4316 463 4370; x_wconf 93' lang='lat' dir='ltr'>ut</span> <span class='ocrx_word' id='word_1_447' title='bbox 486 4308 540 4390; x_wconf 91' lang='lat' dir='ltr'>qni</span> <span class='ocrx_word' id='word_1_448' title='bbox 562 4306 624 4370; x_wconf 92' lang='lat' dir='ltr'>mel</span> <span class='ocrx_word' id='word_1_449' title='bbox 650 4306 788 4369; x_wconf 88' lang='lat' dir='ltr'>comedit</span> <span class='ocrx_word' id='word_1_450' title='bbox 814 4305 963 4380; x_wconf 90' lang='lat' dir='ltr'>multum,</span> <span class='ocrx_word' id='word_1_451' title='bbox 985 4324 1047 4368; x_wconf 91' lang='lat' dir='ltr'>non</span> <span class='ocrx_word' id='word_1_452' title='bbox 1073 4314 1120 4368; x_wconf 91' lang='lat' dir='ltr'>est</span> <span class='ocrx_word' id='word_1_453' title='bbox 1145 4307 1174 4369; x_wconf 89' lang='lat' dir='ltr'>ci</span> 
     </span>
    </p>
   </div>
   <div class='ocr_carea' id='block_1_26' title="bbox 426 4403 1176 4584">
    <p class='ocr_par' dir='ltr' id='par_1_27' title="bbox 426 4403 1176 4584">
     <span class='ocr_line' id='line_1_74' title="bbox 427 4403 1176 4486; baseline -0.005 -18"><span class='ocrx_word' id='word_1_454' title='bbox 427 4405 559 4480; x_wconf 91' lang='lat' dir='ltr'>bonum,</span> <span class='ocrx_word' id='word_1_455' title='bbox 576 4405 622 4467; x_wconf 92' lang='lat' dir='ltr'>sio</span> <span class='ocrx_word' id='word_1_456' title='bbox 645 4404 699 4486; x_wconf 92' lang='lat' dir='ltr'>qui</span> <span class='ocrx_word' id='word_1_457' title='bbox 726 4411 940 4486; x_wconf 86' lang='lat' dir='ltr'>perscrutator</span> <span class='ocrx_word' id='word_1_458' title='bbox 962 4410 1010 4464; x_wconf 89' lang='lat' dir='ltr'>est</span> <span class='ocrx_word' id='word_1_459' title='bbox 1032 4403 1176 4484; x_wconf 88' lang='lat' dir='ltr'>majesta-</span> 
     </span>
     <span class='ocr_line' id='line_1_75' title="bbox 426 4501 1176 4584; baseline -0.004 -19"><span class='ocrx_word' id='word_1_460' title='bbox 426 4504 479 4578; x_wconf 90' lang='lat' dir='ltr'>tis,</span> <span class='ocrx_word' id='word_1_461' title='bbox 500 4503 701 4584; x_wconf 92' lang='lat' dir='ltr'>opprimetur</span> <span class='ocrx_word' id='word_1_462' title='bbox 719 4520 737 4563; x_wconf 93' lang='lat' dir='ltr'>a</span> <span class='ocrx_word' id='word_1_463' title='bbox 756 4501 864 4582; x_wconf 88' lang='lat' dir='ltr'>gloria.</span> <span class='ocrx_word' id='word_1_464' title='bbox 883 4501 987 4562; x_wconf 87' lang='lat' dir='ltr'>Tertia</span> <span class='ocrx_word' id='word_1_465' title='bbox 1008 4509 1056 4563; x_wconf 92' lang='lat' dir='ltr'>est</span> <span class='ocrx_word' id='word_1_466' title='bbox 1075 4503 1176 4563; x_wconf 92' lang='lat' dir='ltr'>consi-</span> 
     </span>
    </p>
   </div>
   <div class='ocr_carea' id='block_1_27' title="bbox 427 4599 1173 4674">
    <p class='ocr_par' dir='ltr' id='par_1_28' title="bbox 427 4599 1173 4674">
     <span class='ocr_line' id='line_1_76' title="bbox 427 4599 1173 4674; baseline -0.001 -10"><span class='ocrx_word' id='word_1_467' title='bbox 427 4601 547 4665; x_wconf 85' lang='lat' dir='ltr'>deratio</span> <span class='ocrx_word' id='word_1_468' title='bbox 576 4599 807 4663; x_wconf 83' lang='lat' dir='ltr'>beneficiorum</span> <span class='ocrx_word' id='word_1_469' title='bbox 834 4599 899 4661; x_wconf 89' lang='lat' dir='ltr'>Dei.</span> <span class='ocrx_word' id='word_1_470' title='bbox 926 4601 1039 4674; x_wconf 87' lang='lat' dir='ltr'>Quarta</span> <span class='ocrx_word' id='word_1_471' title='bbox 1068 4609 1173 4663; x_wconf 87' lang='lat' dir='ltr'>autem</span> 
     </span>
    </p>
   </div>
   <div class='ocr_carea' id='block_1_28' title="bbox 1231 4310 1972 4692">
    <p class='ocr_par' dir='ltr' id='par_1_29' title="bbox 1231 4310 1972 4692">
     <span class='ocr_line' id='line_1_77' title="bbox 1232 4310 1971 4392; baseline 0.004 -19"><span class='ocrx_word' id='word_1_472' title='bbox 1232 4312 1303 4373; x_wconf 87' lang='lat' dir='ltr'>liter</span> <span class='ocrx_word' id='word_1_473' title='bbox 1316 4311 1501 4384; x_wconf 84' lang='lat' dir='ltr'>servientes,</span> <span class='ocrx_word' id='word_1_474' title='bbox 1520 4318 1553 4371; x_wconf 93' lang='lat' dir='ltr'>ut</span> <span class='ocrx_word' id='word_1_475' title='bbox 1568 4310 1771 4392; x_wconf 88' lang='lat' dir='ltr'>passionibus</span> <span class='ocrx_word' id='word_1_476' title='bbox 1786 4313 1971 4386; x_wconf 80' lang='lat' dir='ltr'>reformatis,</span> 
     </span>
     <span class='ocr_line' id='line_1_78' title="bbox 1232 4409 1972 4492; baseline 0.001 -21"><span class='ocrx_word' id='word_1_477' title='bbox 1232 4410 1317 4472; x_wconf 89' lang='lat' dir='ltr'>vitiis</span> <span class='ocrx_word' id='word_1_478' title='bbox 1345 4409 1538 4490; x_wconf 81' lang='lat' dir='ltr'>exstirpatis,</span> <span class='ocrx_word' id='word_1_479' title='bbox 1566 4409 1769 4490; x_wconf 87' lang='lat' dir='ltr'>negligentiis</span> <span class='ocrx_word' id='word_1_480' title='bbox 1800 4411 1913 4492; x_wconf 92' lang='lat' dir='ltr'>pulsis,</span> <span class='ocrx_word' id='word_1_481' title='bbox 1939 4431 1972 4474; x_wconf 81' lang='lat' dir='ltr'>er</span> 
     </span>
     <span class='ocr_line' id='line_1_79' title="bbox 1231 4508 1971 4592; baseline 0.004 -23"><span class='ocrx_word' id='word_1_482' title='bbox 1231 4508 1354 4570; x_wconf 82' lang='lat' dir='ltr'>fervida</span> <span class='ocrx_word' id='word_1_483' title='bbox 1383 4508 1523 4580; x_wconf 89' lang='lat' dir='ltr'>caritate,</span> <span class='ocrx_word' id='word_1_484' title='bbox 1550 4525 1645 4570; x_wconf 90' lang='lat' dir='ltr'>omno</span> <span class='ocrx_word' id='word_1_485' title='bbox 1674 4508 1759 4590; x_wconf 92' lang='lat' dir='ltr'>qnod</span> <span class='ocrx_word' id='word_1_486' title='bbox 1789 4510 1913 4592; x_wconf 91' lang='lat' dir='ltr'>agimus</span> <span class='ocrx_word' id='word_1_487' title='bbox 1938 4511 1971 4572; x_wconf 92' lang='lat' dir='ltr'>ad</span> 
     </span>
     <span class='ocr_line' id='line_1_80' title="bbox 1231 4607 1972 4692; baseline 0.003 -23"><span class='ocrx_word' id='word_1_488' title='bbox 1231 4607 1286 4669; x_wconf 87' lang='lat' dir='ltr'>Dei</span> <span class='ocrx_word' id='word_1_489' title='bbox 1316 4607 1448 4687; x_wconf 86' lang='lat' dir='ltr'>gloriam</span> <span class='ocrx_word' id='word_1_490' title='bbox 1480 4614 1511 4668; x_wconf 89' lang='lat' dir='ltr'>et</span> <span class='ocrx_word' id='word_1_491' title='bbox 1540 4607 1693 4670; x_wconf 89' lang='lat' dir='ltr'>honorem</span> <span class='ocrx_word' id='word_1_492' title='bbox 1721 4608 1840 4689; x_wconf 91' lang='lat' dir='ltr'>jugiter</span> <span class='ocrx_word' id='word_1_493' title='bbox 1870 4628 1972 4692; x_wconf 91' lang='lat' dir='ltr'>opere-</span> 
     </span>
    </p>
   </div>
   <div class='ocr_carea' id='block_1_29' title="bbox 283 4697 1973 4789">
    <p class='ocr_par' dir='ltr' id='par_1_30' title="bbox 283 4697 1973 4789">
     <span class='ocr_line' id='line_1_81' title="bbox 283 4697 1973 4789; baseline 0.007 -30"><span class='ocrx_word' id='word_1_494' title='bbox 283 4714 411 4768; x_wconf 65' lang='lat' dir='ltr'>rcorma.</span> <span class='ocrx_word' id='word_1_495' title='bbox 427 4709 475 4764; x_wconf 89' lang='lat' dir='ltr'>cst</span> <span class='ocrx_word' id='word_1_496' title='bbox 503 4698 678 4782; x_wconf 89' lang='lat' dir='ltr'>speculatio</span> <span class='ocrx_word' id='word_1_497' title='bbox 707 4697 935 4780; x_wconf 92' lang='lat' dir='ltr'>promissorum</span> <span class='ocrx_word' id='word_1_498' title='bbox 966 4699 1078 4779; x_wconf 92' lang='lat' dir='ltr'>ipsius,</span> <span class='ocrx_word' id='word_1_499' title='bbox 1104 4719 1175 4780; x_wconf 78' lang='lat' dir='ltr'>que</span> <span class='ocrx_word' id='word_1_500' title='bbox 1232 4724 1311 4767; x_wconf 92' lang='lat' dir='ltr'>mur.</span> <span class='ocrx_word' id='word_1_501' title='bbox 1334 4705 1406 4767; x_wconf 92' lang='lat' dir='ltr'>Plus</span> <span class='ocrx_word' id='word_1_502' title='bbox 1431 4706 1550 4767; x_wconf 87' lang='lat' dir='ltr'>etenim</span> <span class='ocrx_word' id='word_1_503' title='bbox 1577 4705 1682 4787; x_wconf 89' lang='lat' dir='ltr'>placet</span> <span class='ocrx_word' id='word_1_504' title='bbox 1705 4716 1815 4770; x_wconf 89' lang='lat' dir='ltr'>sancto</span> <span class='ocrx_word' id='word_1_505' title='bbox 1838 4717 1871 4770; x_wconf 88' lang='lat' dir='ltr'>et</span> <span class='ocrx_word' id='word_1_506' title='bbox 1892 4710 1973 4789; x_wconf 90' lang='lat' dir='ltr'>justo</span> 
     </span>
    </p>
   </div>
   <div class='ocr_carea' id='block_1_30' title="bbox 427 4797 1174 4872">
    <p class='ocr_par' dir='ltr' id='par_1_31' title="bbox 427 4797 1174 4872">
     <span class='ocr_line' id='line_1_82' title="bbox 427 4797 1174 4872; baseline -0.001 -10"><span class='ocrx_word' id='word_1_507' title='bbox 427 4818 487 4862; x_wconf 91' lang='lat' dir='ltr'>nec</span> <span class='ocrx_word' id='word_1_508' title='bbox 511 4799 623 4861; x_wconf 93' lang='lat' dir='ltr'>oculus</span> <span class='ocrx_word' id='word_1_509' title='bbox 647 4797 738 4870; x_wconf 90' lang='lat' dir='ltr'>vidit,</span> <span class='ocrx_word' id='word_1_510' title='bbox 765 4815 823 4858; x_wconf 92' lang='lat' dir='ltr'>nec</span> <span class='ocrx_word' id='word_1_511' title='bbox 849 4797 935 4858; x_wconf 87' lang='lat' dir='ltr'>auris</span> <span class='ocrx_word' id='word_1_512' title='bbox 959 4798 1092 4872; x_wconf 91' lang='lat' dir='ltr'>audivit,</span> <span class='ocrx_word' id='word_1_513' title='bbox 1117 4818 1174 4861; x_wconf 92' lang='lat' dir='ltr'>nec</span> 
     </span>
    </p>
   </div>
   <div class='ocr_carea' id='block_1_31' title="bbox 1231 4805 1971 4876">
    <p class='ocr_par' dir='ltr' id='par_1_32' title="bbox 1231 4805 1971 4876">
     <span class='ocr_line' id='line_1_83' title="bbox 1231 4805 1971 4876; baseline 0.001 -10"><span class='ocrx_word' id='word_1_514' title='bbox 1231 4805 1294 4866; x_wconf 89' lang='lat' dir='ltr'>Deo</span> <span class='ocrx_word' id='word_1_515' title='bbox 1317 4823 1399 4866; x_wconf 92' lang='lat' dir='ltr'>unus</span> <span class='ocrx_word' id='word_1_516' title='bbox 1422 4811 1510 4865; x_wconf 91' lang='lat' dir='ltr'>actus</span> <span class='ocrx_word' id='word_1_517' title='bbox 1534 4805 1693 4866; x_wconf 88' lang='lat' dir='ltr'>virtuosus</span> <span class='ocrx_word' id='word_1_518' title='bbox 1716 4805 1776 4866; x_wconf 93' lang='lat' dir='ltr'>viri</span> <span class='ocrx_word' id='word_1_519' title='bbox 1802 4807 1971 4876; x_wconf 79' lang='lat' dir='ltr'>reformati,</span> 
     </span>
    </p>
   </div>
   <div class='ocr_carea' id='block_1_32' title="bbox 428 4895 1970 4986">
    <p class='ocr_par' dir='ltr' id='par_1_33' title="bbox 428 4895 1970 4986">
     <span class='ocr_line' id='line_1_84' title="bbox 428 4895 1970 4986; baseline 0.002 -25"><span class='ocrx_word' id='word_1_520' title='bbox 428 4899 460 4961; x_wconf 91' lang='lat' dir='ltr'>in</span> <span class='ocrx_word' id='word_1_521' title='bbox 484 4915 539 4960; x_wconf 93' lang='lat' dir='ltr'>oor</span> <span class='ocrx_word' id='word_1_522' title='bbox 560 4896 700 4959; x_wconf 91' lang='lat' dir='ltr'>hominis</span> <span class='ocrx_word' id='word_1_523' title='bbox 722 4895 942 4958; x_wconf 87' lang='lat' dir='ltr'>ascenderunt.</span> <span class='ocrx_word' id='word_1_524' title='bbox 965 4896 1018 4956; x_wconf 90' lang='lat' dir='ltr'>llis</span> <span class='ocrx_word' id='word_1_525' title='bbox 1041 4905 1176 4977; x_wconf 88' lang='lat' dir='ltr'>quatuor</span> <span class='ocrx_word' id='word_1_526' title='bbox 1230 4901 1366 4982; x_wconf 89' lang='lat' dir='ltr'>purgati,</span> <span class='ocrx_word' id='word_1_527' title='bbox 1385 4901 1504 4963; x_wconf 91' lang='lat' dir='ltr'>heroici</span> <span class='ocrx_word' id='word_1_528' title='bbox 1522 4909 1552 4963; x_wconf 93' lang='lat' dir='ltr'>et</span> <span class='ocrx_word' id='word_1_529' title='bbox 1568 4902 1712 4983; x_wconf 82' lang='lat' dir='ltr'>perlecti,</span> <span class='ocrx_word' id='word_1_530' title='bbox 1729 4923 1825 4984; x_wconf 92' lang='lat' dir='ltr'>quam</span> <span class='ocrx_word' id='word_1_531' title='bbox 1847 4904 1970 4986; x_wconf 92' lang='lat' dir='ltr'>plurimi</span> 
     </span>
    </p>
   </div>
   <div class='ocr_carea' id='block_1_33' title="bbox 427 4993 1175 5080">
    <p class='ocr_par' dir='ltr' id='par_1_34' title="bbox 427 4993 1175 5080">
     <span class='ocr_line' id='line_1_85' title="bbox 427 4993 1175 5080; baseline -0.004 -20"><span class='ocrx_word' id='word_1_532' title='bbox 427 4996 596 5080; x_wconf 88' lang='lat' dir='ltr'>speciebus</span> <span class='ocrx_word' id='word_1_533' title='bbox 616 5003 766 5077; x_wconf 92' lang='lat' dir='ltr'>poterunt</span> <span class='ocrx_word' id='word_1_534' title='bbox 785 4994 858 5057; x_wconf 91' lang='lat' dir='ltr'>addi</span> <span class='ocrx_word' id='word_1_535' title='bbox 878 4993 947 5057; x_wconf 74' lang='lat' dir='ltr'>alico</span> <span class='ocrx_word' id='word_1_536' title='bbox 969 4994 1050 5068; x_wconf 83' lang='lat' dir='ltr'>dnae,</span> <span class='ocrx_word' id='word_1_537' title='bbox 1067 4995 1175 5057; x_wconf 91' lang='lat' dir='ltr'>videli-</span> 
     </span>
    </p>
   </div>
   <div class='ocr_carea' id='block_1_34' title="bbox 426 5091 1174 5373">
    <p class='ocr_par' dir='ltr' id='par_1_35' title="bbox 426 5091 1174 5373">
     <span class='ocr_line' id='line_1_86' title="bbox 427 5091 1173 5176; baseline -0.004 -18"><span class='ocrx_word' id='word_1_538' title='bbox 427 5103 501 5158; x_wconf 90' lang='lat' dir='ltr'>cet:</span> <span class='ocrx_word' id='word_1_539' title='bbox 519 5093 695 5176; x_wconf 91' lang='lat' dir='ltr'>speculatio</span> <span class='ocrx_word' id='word_1_540' title='bbox 715 5091 925 5154; x_wconf 92' lang='lat' dir='ltr'>invisibilium</span> <span class='ocrx_word' id='word_1_541' title='bbox 946 5101 1173 5168; x_wconf 85' lang='lat' dir='ltr'>creaturarum,</span> 
     </span>
     <span class='ocr_line' id='line_1_87' title="bbox 428 5190 1173 5272; baseline -0.003 -16"><span class='ocrx_word' id='word_1_542' title='bbox 428 5192 692 5256; x_wconf 88' lang='lat' dir='ltr'>intellectualium</span> <span class='ocrx_word' id='word_1_543' title='bbox 723 5190 984 5264; x_wconf 88' lang='lat' dir='ltr'>substantiarum,</span> <span class='ocrx_word' id='word_1_544' title='bbox 1015 5193 1173 5272; x_wconf 91' lang='lat' dir='ltr'>angelico·</span> 
     </span>
     <span class='ocr_line' id='line_1_88' title="bbox 426 5289 1174 5373; baseline -0.001 -18"><span class='ocrx_word' id='word_1_545' title='bbox 426 5311 497 5356; x_wconf 91' lang='lat' dir='ltr'>rum</span> <span class='ocrx_word' id='word_1_546' title='bbox 513 5300 545 5356; x_wconf 91' lang='lat' dir='ltr'>et</span> <span class='ocrx_word' id='word_1_547' title='bbox 558 5291 773 5354; x_wconf 90' lang='lat' dir='ltr'>humanorum</span> <span class='ocrx_word' id='word_1_548' title='bbox 787 5289 958 5373; x_wconf 92' lang='lat' dir='ltr'>spirituum</span> <span class='ocrx_word' id='word_1_549' title='bbox 969 5309 975 5354; x_wconf 94' lang='lat'>:</span> <span class='ocrx_word' id='word_1_550' title='bbox 986 5308 1024 5352; x_wconf 84' lang='lat' dir='ltr'>ex</span> <span class='ocrx_word' id='word_1_551' title='bbox 1040 5309 1174 5373; x_wconf 92' lang='lat' dir='ltr'>quorum</span> 
     </span>
    </p>
   </div>
   <div class='ocr_carea' id='block_1_35' title="bbox 1229 4999 1972 5379">
    <p class='ocr_par' dir='ltr' id='par_1_36' title="bbox 1229 4999 1972 5379">
     <span class='ocr_line' id='line_1_89' title="bbox 1229 4999 1971 5084; baseline 0.004 -22"><span class='ocrx_word' id='word_1_552' title='bbox 1229 5007 1317 5062; x_wconf 89' lang='lat' dir='ltr'>actus</span> <span class='ocrx_word' id='word_1_553' title='bbox 1337 4999 1413 5061; x_wconf 95' lang='lat' dir='ltr'>boni</span> <span class='ocrx_word' id='word_1_554' title='bbox 1434 5000 1574 5062; x_wconf 92' lang='lat' dir='ltr'>hominis</span> <span class='ocrx_word' id='word_1_555' title='bbox 1594 5001 1697 5062; x_wconf 88' lang='lat' dir='ltr'>adhuc</span> <span class='ocrx_word' id='word_1_556' title='bbox 1717 5001 1903 5084; x_wconf 86' lang='lat' dir='ltr'>passionati,</span> <span class='ocrx_word' id='word_1_557' title='bbox 1920 5003 1971 5064; x_wconf 92' lang='lat' dir='ltr'>im-</span> 
     </span>
     <span class='ocr_line' id='line_1_90' title="bbox 1231 5097 1972 5179; baseline 0.003 -20"><span class='ocrx_word' id='word_1_558' title='bbox 1231 5097 1372 5179; x_wconf 81' lang='lat' dir='ltr'>perfecti,</span> <span class='ocrx_word' id='word_1_559' title='bbox 1385 5098 1505 5179; x_wconf 92' lang='lat' dir='ltr'>pusilli.</span> <span class='ocrx_word' id='word_1_560' title='bbox 1517 5099 1604 5161; x_wconf 88' lang='lat' dir='ltr'>Unde</span> <span class='ocrx_word' id='word_1_561' title='bbox 1620 5106 1652 5160; x_wconf 90' lang='lat' dir='ltr'>ct</span> <span class='ocrx_word' id='word_1_562' title='bbox 1667 5099 1716 5162; x_wconf 93' lang='lat' dir='ltr'>vir</span> <span class='ocrx_word' id='word_1_563' title='bbox 1732 5100 1905 5176; x_wconf 88' lang='lat' dir='ltr'>virtuosus,</span> <span class='ocrx_word' id='word_1_564' title='bbox 1917 5102 1972 5163; x_wconf 89' lang='lat' dir='ltr'>ler-</span> 
     </span>
     <span class='ocr_line' id='line_1_91' title="bbox 1229 5197 1970 5279; baseline 0 -21"><span class='ocrx_word' id='word_1_565' title='bbox 1229 5215 1317 5268; x_wconf 92' lang='lat' dir='ltr'>vens,</span> <span class='ocrx_word' id='word_1_566' title='bbox 1340 5205 1504 5278; x_wconf 87' lang='lat' dir='ltr'>purgatus,</span> <span class='ocrx_word' id='word_1_567' title='bbox 1527 5197 1627 5259; x_wconf 92' lang='lat' dir='ltr'>multo</span> <span class='ocrx_word' id='word_1_568' title='bbox 1652 5198 1725 5279; x_wconf 92' lang='lat' dir='ltr'>plus</span> <span class='ocrx_word' id='word_1_569' title='bbox 1750 5199 1790 5261; x_wconf 94' lang='lat' dir='ltr'>de</span> <span class='ocrx_word' id='word_1_570' title='bbox 1815 5199 1970 5262; x_wconf 87' lang='lat' dir='ltr'>essentiali</span> 
     </span>
     <span class='ocr_line' id='line_1_92' title="bbox 1229 5293 1970 5379; baseline 0.005 -26"><span class='ocrx_word' id='word_1_571' title='bbox 1229 5293 1360 5375; x_wconf 89' lang='lat' dir='ltr'>praemio</span> <span class='ocrx_word' id='word_1_572' title='bbox 1378 5302 1588 5376; x_wconf 89' lang='lat' dir='ltr'>promeretur,</span> <span class='ocrx_word' id='word_1_573' title='bbox 1604 5295 1727 5376; x_wconf 89' lang='lat' dir='ltr'>agendo</span> <span class='ocrx_word' id='word_1_574' title='bbox 1746 5296 1876 5379; x_wconf 92' lang='lat' dir='ltr'>aliquod</span> <span class='ocrx_word' id='word_1_575' title='bbox 1895 5315 1970 5379; x_wconf 90' lang='lat' dir='ltr'>opus</span> 
     </span>
    </p>
   </div>
   <div class='ocr_carea' id='block_1_36' title="bbox 0 0 2112 6246">
    <p class='ocr_par' dir='ltr' id='par_1_37' title="bbox 0 0 2112 6246">
     <span class='ocr_line' id='line_1_93' title="bbox 0 0 2112 6246; baseline 0 0"><span class='ocrx_word' id='word_1_576' title='bbox 0 0 2112 6246; x_wconf 95' lang='lat' dir='ltr'> </span> 
     </span>
    </p>
   </div>
  </div>
 </body>
</html>
