4288 6264
439 471 480 540 ta

691 493 840 542 cosmica
861 495 881 540 V
901 494 975 542 POST
996 492 1126 542 Pascua.
1149 513 1189 526 ··
1210 494 1252 542 AD
1272 494 1467 560 asatorosos3
1489 496 1588 544 saulo
1609 497 1738 555 QUINTUS

305 681 425 731 casim.
440 663 595 741 Salvator,
626 665 756 750 Oportet
783 685 910 749 semper
936 683 1037 741 orare,
1063 673 1097 728 et
1125 681 1188 729 uon
1203 664 1228 728 A
1244 685 1293 738 ne,
1312 666 1508 749 inspectione
1531 667 1575 730 ibi
1598 668 1756 744 subsistit,
1772 687 1873 754 seque
1893 669 1996 753 judici

439 763 590 828 delicere.

474 863 562 938 Quod
579 865 722 946 quamvis
735 866 774 927 ad
789 883 917 928 omnem
934 864 1091 947 pertineat
1106 862 1190 925 Chri·

439 963 590 1038 stianum,
607 963 810 1046 potissimum
831 971 937 1026 tamen
956 963 995 1026 ad
1011 962 1187 1044 religiosos,

439 1079 576 1143 quorum
600 1062 799 1144 praecipuum
829 1080 910 1144 opus
934 1069 983 1125 est
1006 1060 1188 1124 indesinen-

438 1167 515 1234 tem,
542 1179 654 1242 puram
679 1180 716 1223 ac
740 1160 896 1224 fervidam
923 1162 988 1224 Deo
1011 1160 1187 1224 orationem

437 1257 566 1322 cllerre.
593 1261 671 1334 lrnc,
698 1267 733 1322 ut
761 1259 874 1322 asserit
903 1259 1073 1332 climacus,
1098 1259 1189 1321 Sicut

438 1376 554 1420 canum
579 1357 746 1440 proprium
777 1365 826 1420 est
855 1356 979 1431 latrare,
1007 1357 1053 1419 sic
1079 1373 1186 1420 mona·

340 1485 347 1494 ’
437 1456 572 1518 chorum
602 1473 702 1519 orare.
733 1457 837 1538 Atque
866 1462 902 1518 ut
929 1454 1042 1518 recitat
1067 1453 1186 1517 Cassia-

437 1573 509 1627 nus,
535 1554 636 1617 sancti
667 1554 815 1618 monachi
846 1554 878 1616 in
903 1555 1036 1635 AEgypto
1065 1571 1124 1615 nec
1153 1552 1186 1614 iu

437 1651 651 1714 exterioribus
665 1651 732 1715 suis
748 1652 900 1734 operibus
914 1650 954 1713 ab
969 1651 1109 1714 oratione
1125 1669 1186 1714 ces·

436 1750 558 1813 sabant.
577 1750 795 1814 ltlanducaudo
810 1769 937 1834 quoque
956 1757 988 1812 et
1003 1757 1107 1812 cetera
1122 1768 1188 1813 cor-

1243 773 1463 848 repraesentat;
1489 769 1626 850 qualiter
1649 769 1746 832 etiam
1772 778 1857 833 stant
1881 771 1994 834 famuli

1243 883 1349 928 coram
1366 884 1438 946 rege
1454 874 1590 942 terreno,
1602 876 1634 931 et
1650 869 1871 934 mendicantes
1887 889 1995 934 coram

1243 963 1409 1039 divitibus,
1429 965 1587 1028 vulnerati
1611 985 1739 1050 quoque
1761 986 1868 1032 eoram
1895 971 1996 1032 medi-

1243 1062 1300 1136 cis,
1323 1063 1460 1127 maxime
1482 1064 1531 1126 bis
1550 1065 1705 1147 aquibus
1729 1067 1797 1130 sola
1820 1087 1918 1151 proce
1942 1088 1996 1152 pe-

1243 1168 1314 1222 tunt
1328 1162 1441 1223 curari.
1458 1161 1560 1235 Quum
1577 1182 1652 1245 ergo
1670 1165 1833 1228 coelestem
1847 1167 1994 1230 iudicem

1243 1259 1276 1321 in
1293 1259 1401 1322 multis
1415 1259 1647 1327 ostenderimus
1662 1281 1785 1340 omnes,
1802 1265 1996 1330 delectuosi-
2009 1288 2118 1337 vacam.

1242 1377 1305 1439 que
1320 1357 1432 1432 simus,
1449 1359 1535 1422 vitiis
1550 1379 1586 1423 ac
1601 1361 1805 1443 passionibus
1821 1363 1900 1438 lassi,
1912 1365 1939 1428 si
1954 1366 1994 1428 de

1243 1456 1358 1519 nostris
1379 1457 1516 1540 peccatis
1531 1477 1606 1522 vere
1626 1467 1657 1522 et
1673 1461 1769 1542 digne
1789 1461 1949 1538 dolemus,
1967 1464 1994 1526 si

1242 1555 1367 1617 veniam
1384 1557 1547 1638 consequi,
1559 1558 1692 1638 gratiam
1709 1559 1845 1643 adipisci
1861 1561 1994 1644 spiritu-

1241 1652 1396 1735 aliterque
1414 1655 1517 1716 curari
1533 1673 1571 1718 ex
1589 1657 1684 1719 eorde
1702 1659 1899 1740 appetimus,
1915 1668 1994 1723 tunc

1242 1751 1332 1833 juxta
1346 1759 1510 1834 praetactas
1528 1753 1755 1819 similitudines
1771 1757 1836 1821 Deo
1853 1757 1887 1820 in
1902 1761 1996 1823 orati·

436 1849 506 1931 pori
522 1849 700 1912 necessaria
714 1848 1019 1922 laciend0,meutem
1034 1849 1074 1911 ad
1088 1849 1186 1910 Deum
1205 1844 1228 1907 B
1244 1867 1304 1912 oue
1319 1868 1377 1912 nos
1393 1859 1631 1930 praesentemus,
1648 1860 1679 1914 et
1694 1871 1801 1916 coram
1823 1855 1894 1937 ipso
1910 1865 1995 1919 stare

437 1948 673 2030 perorationes
694 1948 834 2012 internas
855 1947 993 2014 ubertim
1015 1947 1120 2009 levare
1137 1947 1188 2009 de-

437 2044 551 2108 bemus
578 2063 585 2107 :
611 2046 688 2127 quia
716 2053 750 2107 ut
774 2045 914 2108 fideliter
938 2045 982 2108 ait
1006 2044 1187 2126 chrysosto-

437 2163 520 2218 mus,
537 2144 706 2226 Nunquam
732 2143 834 2206 oranti
858 2142 1017 2206 beneficia
1041 2143 1185 2223 denegat,

435 2241 492 2323 qui
518 2248 553 2303 ut
576 2247 702 2303 orantes
722 2258 786 2303 non
804 2240 968 2314 deficiant,
992 2260 1048 2302 sua
1070 2241 1186 2323 pietate

436 2339 575 2419 instigat.
594 2339 737 2420 Denique
753 2339 821 2420 ipsa
842 2339 943 2400 oratio
962 2345 1010 2400 est
1028 2346 1118 2400 actus
1134 2355 1187 2400 no

435 2436 512 2500 bilis
528 2445 559 2500 et
573 2437 754 2520 praelarus,
769 2443 859 2499 actus
879 2435 968 2510 felix,
985 2435 1131 2517 perutilis
1149 2454 1186 2498 ac

435 2535 575 2598 divinus.
592 2536 724 2619 Propter
745 2535 830 2617 quod
852 2534 896 2597 ait
917 2534 1184 2616 Chrysostomus:

436 2633 609 2697 Considera
630 2641 748 2715 quanta
769 2633 810 2694 sit
834 2633 892 2695 tibi
914 2650 1065 2694 concessa
1087 2631 1185 2694 felici-

434 2739 495 2807 tas,
507 2738 626 2814 quauta
640 2731 741 2813 gloria
755 2731 917 2804 attributa,
928 2730 1125 2794 orationibus
1140 2730 1184 2792 fa·

435 2831 540 2893 bulari
556 2849 629 2893 cum
645 2832 720 2905 lleo,
737 2849 811 2892 cum
827 2829 952 2895 Christo
974 2830 1108 2892 miscere
1124 2829 1185 2890 col-

435 2929 553 3012 loquia,
570 2936 679 3012 optare
701 2929 787 3011 quod
808 2928 899 3002 velis,
917 2929 1001 3010 quod
1024 2925 1184 2990 desideras

1243 1965 1364 2029 nosque
1386 1947 1502 2010 babere
1524 1966 1588 2011 non
1612 1950 1822 2031 negligamus.
1841 1952 1993 2018 Conside-

1242 2046 1341 2108 rando
1369 2047 1468 2108 Deum
1494 2054 1530 2107 ut
1554 2046 1834 2128 benignissimum,
1860 2052 1994 2134 opulen-

1242 2144 1402 2206 tissimum
1418 2163 1453 2206 ac
1469 2144 1728 2210 liberalissimum
1745 2151 1993 2233 patrem,ipsum

1242 2261 1316 2304 curn
1335 2242 1422 2304 omni
1443 2241 1534 2305 filiali
1555 2243 1674 2306 aflectu
1693 2252 1789 2327 atque
1808 2246 1931 2310 fiducia
1946 2249 1994 2311 in-

1242 2358 1400 2414 vocemus,
1408 2348 1444 2402 ut
1458 2342 1636 2404 necessaria
1651 2351 1682 2405 et
1696 2346 1905 2408 accommoda
1920 2347 1993 2410 vita

1241 2439 1349 2520 gratiae
1373 2438 1518 2501 conterre
1542 2439 1634 2502 nobis
1659 2440 1820 2523 dignetur,
1842 2443 1993 2508 videlicet

1241 2536 1374 2617 gratiam
1398 2543 1429 2596 ct
1450 2535 1594 2610 virtutes,
1617 2540 1893 2604 conservationem
1918 2561 1992 2606 eon·

1241 2634 1432 2715 tinuumque
1454 2634 1631 2715 proiectum
1656 2636 1688 2699 in
1708 2637 1765 2700 eis.
1784 2638 1992 2704 Consideran-

1241 2731 1281 2795 do
1303 2732 1402 2793 Deum
1428 2740 1463 2793 ut
1484 2732 1674 2808 districtum,
1695 2735 1925 2815 justissimum,
1948 2739 1992 2801 in·

1239 2829 1419 2902 lallibilem‚
1436 2831 1734 2895 metuendissimum
1754 2834 1910 2915 judicem,
1928 2855 1990 2899 non

1240 2928 1446 3010 temporalem
1463 2929 1636 3004 dumtaxat,
1654 2931 1708 2993 sed
1724 2940 1877 2995 aternam
1892 2953 1930 2996 ac
1947 2935 1991 2996 in·

434 3029 604 3112 postulare.
632 3027 765 3110 Semper
789 3044 864 3107 ergo
888 3027 1063 3090 orationem
1092 3025 1182 3107 quasi
1201 3026 1223 3088 C
1239 3026 1393 3088 lernalem
1418 3033 1550 3089 mortem
1572 3035 1603 3089 et
1624 3047 1751 3110 poenam
1775 3030 1988 3113 infligentem,

433 3127 582 3210 clypeum
598 3126 772 3190 babeamus
787 3126 827 3188 ad
848 3144 988 3187 manum.
1007 3125 1066 3187 Sed
1082 3144 1182 3206 quum

433 3226 501 3290 haec
524 3224 566 3288 ita
586 3245 620 3288 se
640 3225 788 3298 babeant,
805 3223 882 3306 quid
903 3223 1054 3305 estquod
1075 3222 1127 3285 die
1146 3242 1182 3284 ac

433 3333 525 3387 nocte
550 3325 726 3406 psallendo,
742 3325 840 3387 lloras
863 3324 1084 3405 persolvend0,
1101 3323 1182 3385 cele-

433 3422 565 3495 brando,
583 3430 615 3484 et
636 3422 719 3484 ultra
740 3423 806 3485 haec
829 3421 891 3484 alia
913 3422 1013 3484 multa
1037 3421 1181 3500 legendo,

433 3521 560 3583 assidue
575 3537 665 3583 orare
681 3520 838 3594 videmur,
851 3527 882 3581 ct
895 3527 1001 3581 tamen
1019 3519 1051 3580 in
1067 3519 1182 3580 uostris

433 3617 742 3693 defectuositatibus,
768 3615 1019 3700 paupertatibus,
1050 3615 1183 3679 laecibus

432 3725 464 3780 et
487 3715 690 3799 passionibus
721 3717 970 3798 permanemus?
994 3715 1060 3777 lino
1090 3713 1181 3775 multi

434 3817 477 3878 ita
491 3822 632 3898 agentes
642 3813 782 3877 delicere
798 3814 898 3895 magis
913 3831 1009 3894 quam
1026 3812 1182 3896 prolicere

432 3913 707 3996 conspiciuntur:
732 3912 783 3974 isti
810 3910 1028 3974 indubitanter
1052 3929 1114 3974 non
1140 3911 1183 3974 ita

432 4021 524 4077 crant
548 4013 632 4074 sicut
655 4018 789 4095 oportet.
812 4010 987 4073 Audiamus
1011 4010 1043 4072 in
1069 4009 1182 4092 primis

432 4112 517 4195 quod
533 4110 738 4174 beatissimus
752 4110 872 4193 Moyses
890 4108 921 4171 in
936 4107 1182 4172 Deuteronomio

432 4307 556 4371 minum
578 4309 677 4370 [laum
700 4314 803 4380 tuum,
822 4304 966 4368 invenies
986 4324 1071 4379 eurn,
1089 4305 1114 4366 si
1138 4311 1181 4366 ta-

431 4426 504 4469 men
521 4406 697 4469 totocorde
718 4413 749 4468 et
764 4411 828 4467 tota
847 4403 1052 4466 tribulatione
1067 4401 1182 4464 animae

429 4511 492 4568 tuae
514 4503 679 4586 quaesieris
701 4522 787 4566 eum.

468 4602 609 4677 Qualiter
637 4610 744 4664 autern
768 4601 906 4664 orandus
936 4599 977 4662 sit
1002 4599 1097 4671 Deus,
1121 4597 1181 4660 boc

429 4709 476 4764 est
496 4720 570 4764 cum
590 4708 708 4782 quanta
727 4699 961 4770 humiliatione,
978 4696 1179 4770 contritione,

429 4800 584 4874 custodia,
611 4799 762 4861 instantia
791 4807 823 4860 et
847 4797 984 4870 fervore,
1011 4795 1105 4857 facile
1134 4803 1181 4857 est

428 4917 563 4982 pensare
583 4918 622 4961 ex
646 4898 696 4960 his
718 4917 789 4980 quae
811 4898 894 4960 inter
916 4895 1063 4958 homines
1086 4893 1178 4955 liunt.

429 4999 509 5061 Ecce
526 4997 663 5080 qualiter
683 5005 744 5059 stat
759 5015 833 5058 reus
853 5013 960 5058 coram
978 4993 1087 5075 judice
1105 5000 1181 5055 tem·

427 5095 529 5179 pcrali
548 5115 566 5157 a
586 5113 651 5177 quo
674 5092 928 5156 misericordiam
951 5091 1084 5172 adipisci
1107 5109 1180 5153 con·

427 5195 510 5268 lidit,
538 5213 612 5256 cum
641 5191 729 5274 quali
759 5190 970 5272 subjectione,
997 5189 1178 5263 allectione,

427 5311 555 5376 pavore,
578 5299 725 5364 tremore,
750 5288 1014 5372 promptitudine,
1035 5288 1185 5366 attentio-v

1239 3143 1298 3186 uec
1317 3124 1437 3206 aliquid
1460 3125 1533 3186 mali
1557 3125 1753 3206 impunitum
1775 3129 1988 3208 deserentem,

1237 3241 1312 3284 curn
1340 3222 1451 3302 grandi
1480 3221 1651 3285 formidine
1681 3231 1713 3286 et
1741 3233 1892 3301 tremore,
1915 3247 1988 3290 curn

1237 3319 1325 3382 omni
1354 3319 1543 3380 contritione
1573 3327 1604 3381 et
1628 3320 1851 3386 humiliatione
1882 3325 1988 3408 ipsum

1238 3417 1408 3498 implorare
1432 3434 1494 3479 non
1517 3417 1719 3494 desistamus,
1741 3440 1782 3484 ue
1804 3423 1989 3487 meminerit
2002 3449 2122 3492 rama

1238 3515 1444 3596 iniquitatum
1459 3523 1638 3579 nostrarum
1654 3518 1870 3600 antiquarum,
1884 3541 1988 3604 neque
2002 3515 2024 3554 ⁸·

1238 3613 1493 3696 quotidianarum
1519 3615 1697 3696 culparum,
1723 3636 1784 3680 nec
1808 3621 1988 3682 secundum

1239 3718 1368 3794 peccata
1392 3719 1499 3774 nostra
1522 3710 1618 3774 faciat
1643 3713 1746 3789 nobis,
1768 3717 1824 3779 sed
1850 3717 1914 3782 cito
1935 3739 1990 3782 an·

1238 3809 1372 3891 tieipent
1387 3827 1443 3872 nos
1457 3809 1678 3874 misericordia
1693 3811 1990 3893 ejus.Porro,l)eum

1237 3908 1467 3971 considerando
1496 3915 1531 3968 ut
1560 3909 1825 3991 omnipotentem,
1852 3913 1989 3979 immen-

1237 4026 1309 4068 sum
1340 4013 1371 4068 et
1400 4005 1591 4068 altissimum
1620 4025 1726 4088 regem
1753 4028 1790 4071 ac
1819 4011 1989 4077 dominum

1237 4104 1472 4178 universorum,
1499 4123 1573 4166 cuin
1603 4124 1729 4168 summa
1753 4111 1934 4173 reverentia
1957 4122 1990 4175 et

283 4227 416 4277 Damnata.
432 4216 625 4294 protestatur
642 4227 649 4270 :
666 4209 770 4283 Quum
792 4207 957 4290 quaesieris
974 4207 1108 4289 (inquit)
1124 4208 1181 4269 Do·
1197 4206 1222 4269 l)
1238 4201 1380 4265 custodia
1400 4210 1496 4285 atquc
1518 4204 1673 4279 decentia,
1694 4224 1769 4268 curn
1792 4207 1987 4275 indesinenti

1237 4301 1412 4364 attentione
1442 4309 1473 4363 et
1501 4302 1789 4384 circumspectione
1818 4325 1987 4371 exoremus

1237 4399 1397 4472 eumdem,
1418 4417 1458 4460 ne
1483 4416 1540 4461 nos
1564 4407 1715 4482 tauquam
1740 4401 1801 4464 sibi
1827 4404 1988 4486 negligen-

1237 4504 1285 4558 ter
1308 4495 1482 4559 servientes
1508 4504 1633 4579 reputet
1657 4499 1852 4564 maledictos.
1877 4503 1985 4584 lpsum

1237 4603 1342 4658 autern
1368 4595 1597 4658 considerando
1620 4604 1654 4658 ut
1680 4598 1863 4679 piissimum
1889 4602 1987 4664 medi-

1237 4713 1311 4756 cum
1334 4694 1525 4766 animarum,
1551 4694 1693 4768 vulnera,
1720 4696 1877 4773 laesiones,
1904 4701 1985 4762 cica-

1236 4793 1341 4866 trices,
1354 4799 1566 4874 paupertates,
1580 4793 1713 4875 inopias,
1726 4794 1918 4877 indigentias
1933 4817 1986 4861 no

1236 4900 1315 4955 stras
1347 4891 1375 4953 ci
1409 4890 1595 4973 plenissime
1625 4892 1821 4974 detegamus,
1855 4905 1985 4978 peccata

1236 4997 1343 5053 nostra
1367 4989 1515 5052 universa
1538 4996 1571 5052 et
1595 4989 1720 5071 singula
1744 4990 1888 5074 plenarie
1913 5011 1985 5057 con·

1235 5089 1368 5162 iiteudo,
1394 5088 1440 5150 nil
1468 5095 1588 5152 temere
1617 5091 1798 5152 excusando
1827 5100 1882 5153 aut
1909 5092 1984 5155 alle·

1235 5187 1359 5250 viando.
1378 5188 1409 5250 Si
1433 5204 1508 5268 ergo
1529 5187 1579 5250 bis
1602 5189 1704 5251 modis
1728 5188 1984 5253 invocaverimus

1236 5289 1336 5350 Deum
1359 5287 1524 5361 instanter,
1540 5304 1604 5349 nou
1625 5286 1759 5349 dubium
1781 5288 1860 5370 quin
1880 5290 1986 5373 copio-
