4192 6258
472 486 620 534 noumrca
640 489 706 534 xxu
725 488 800 535 rosr
819 487 1012 536 rmnrrarau.
1032 507 1073 518 —
1093 489 1192 536 suano
1212 489 1365 538 saumana
1632 473 1690 540 aar

657 901 849 990 SERMO
887 903 1184 992 SECUNDUS

333 1166 419 1222 QUAH
439 1166 650 1214 NBGESSARIUH
671 1167 719 1213 Sl'l'
739 1167 883 1214 futuam!
904 1169 1126 1216 {RROGANTIBUS
1147 1168 1325 1228 renoscant,
1346 1171 1383 1218 ΕΤ
1403 1170 1504 1216 frutra

612 1266 680 1320 QUAE
701 1265 743 1312 An
764 1265 823 1312 HOC
845 1265 996 1313 innocuae
1016 1267 1074 1314 Nos
1096 1269 1225 1314 naharu.

213 1544 276 1606 ΟΝ
287 1563 416 1622 quoeras
431 1544 601 1614 ultionem,
617 1563 674 1602 nec
689 1563 811 1603 memor
825 1543 891 1602 eris
905 1540 931 1603 Α
945 1559 1074 1606 omnem
1094 1543 1259 1608 hominem
1281 1545 1314 1608 in
1336 1545 1457 1608 mundo
1478 1546 1539 1609 hoc
1560 1563 1691 1611 conver-

226 1643 366 1720 injura’oe
379 1643 501 1702 civium
519 1651 661 1703 tuorum.
675 1641 749 1704 Lev.
762 1659 826 1714 xrx,
839 1639 888 1702 fS.
945 1648 1079 1716 sautem,
1096 1651 1392 1726 quantumcumque
1414 1644 1475 1706 sibi
1495 1664 1532 1708 ac
1550 1646 1617 1708 suis
1638 1647 1691 1709 ad·

181 1740 335 1804 Videmus
351 1741 383 1803 in
399 1739 516 1804 saeculo
531 1740 603 1814 isto,
616 1740 700 1822 quod
717 1740 838 1822 praelati
853 1757 889 1802 ac
944 1740 1133 1814 versarium,
1150 1741 1314 1804 caritative
1336 1750 1368 1806 et
1386 1743 1511 1806 sincere
1531 1744 1664 1826 diligere
1682 1764 1690 1810 :

138 1839 428 1922 principcemque
447 1838 799 1902 communiterdomini
820 1838 890 1901 uni·
944 1837 1022 1900 alias
1048 1838 1190 1903 Christus
1219 1857 1283 1904 non
1312 1850 1476 1924 computat
1504 1861 1578 1905 eum
1608 1843 1693 1906 inter

138 1937 238 2010 versi,
263 1937 354 2000 valde
384 1937 520 1999 libenter
548 1936 668 2000 habent
691 1937 776 2020 quod
805 1936 890 2000 servi
945 1954 1019 2000 suos
1042 1937 1217 2001 ministros.
1242 1939 1395 2003 Praeterea
1419 1940 1562 2004 Christus
1587 1942 1692 2004 Domi-

138 2054 253 2098 eorum
269 2034 469 2098 conformant
484 2054 519 2098 se
533 2034 688 2098 voluntati
705 2053 827 2110 eorum,
844 2053 891 2098 se·
945 2054 1006 2097 nus
1031 2042 1139 2098 noster
1160 2044 1208 2100 est
1228 2045 1324 2119 caput
1345 2038 1442 2102 totius
1461 2038 1612 2103 Ecclesia
1634 2059 1690 2104 seu

138 2135 270 2215 quendo
294 2151 348 2197 eos
377 2133 445 2196 sivo
470 2133 503 2196 in
528 2132 613 2196 bono
637 2134 705 2197 sive
731 2133 764 2196 in
794 2133 886 2196 malo.
944 2134 1089 2196 omnium
1112 2134 1287 2199 electorum
1306 2153 1313 2198 :
1330 2143 1455 2218 oportet
1476 2154 1551 2218 ergo
1572 2145 1608 2200 ut
1625 2156 1692 2201 om·

137 2233 265 2296 idcirco
294 2233 327 2294 in
356 2231 438 2295 libro
466 2232 710 2296 Proverbiorum
741 2233 889 2296 Salomon
945 2249 1001 2294 nes
1024 2231 1094 2312 ejus
1112 2230 1261 2308 ministri,
1281 2252 1340 2316 per
1357 2235 1627 2316 comparationem
1651 2236 1690 2299 ad

19 2365 120 2403 anu,
138 2331 285 2415 loquitur
310 2348 317 2393 :
343 2331 407 2396 Rex
437 2330 557 2413 impius
586 2349 697 2394 omnes
727 2331 889 2394 ministros
944 2329 1063 2411 ipsum,
1089 2331 1153 2392 sint
1177 2351 1278 2394 unum
1305 2333 1475 2414 mysticum
1500 2351 1628 2416 corpus,
1654 2352 1691 2396 ac

0 2419 1 2426 '
137 2431 238 2493 habet
260 2429 385 2512 impios.
407 2429 573 2511 Siquidem
596 2428 703 2491 similo
724 2429 890 2512 applaudit
945 2428 1090 2490 membra
1110 2429 1150 2492 ad
1171 2430 1320 2493 invicem.
1338 2430 1399 2493 Sed
1421 2449 1480 2494 nec
1502 2451 1603 2495 unum
1626 2451 1692 2515 my·

137 2547 199 2592 suo
223 2528 332 2592 simili.
352 2528 425 2592 ldeo
450 2528 483 2590 in
506 2527 686 2590 Proverbiis
710 2527 887 2591 asseritur:
944 2526 1061 2590 sticum
1091 2545 1207 2609 corpus
1236 2528 1364 2602 Christi,
1391 2549 1449 2592 nec
1480 2530 1624 2593 membra
1651 2531 1690 2594 ad

0 2645 120 2698 samm,
137 2627 199 2702 Qui
214 2627 442 2711 derelinquunt
461 2626 575 2707 legem,
591 2625 720 2688 laudant
740 2625 886 2708 impium.
944 2624 1083 2688 invicem
1113 2644 1183 2688 esse
1211 2635 1356 2709 possunt,
1387 2629 1450 2690 nisi
1481 2630 1691 2711 spiritualiter

9 2773 117 2824 ‘CH-nu,
136 2729 175 2790 ln
200 2725 425 2789 Ecclesiastico
448 2742 577 2807 quoque
601 2724 720 2787 dicitur
745 2745 752 2790 :
779 2725 925 2789 OmnisB
944 2725 1187 2805 conjungantur,
1213 2725 1257 2788 ita
1286 2732 1409 2788 uttam
1435 2727 1467 2790 in
1492 2728 1614 2791 Christo
1637 2746 1689 2791 ca-

136 2842 214 2888 caro
228 2824 267 2887 ad
288 2823 350 2887 sibi
370 2823 511 2886 similem
531 2823 755 2904 conjungetur,
772 2831 805 2887 et
824 2843 889 2888 om·
944 2823 1010 2905 pite
1041 2824 1233 2898 adunentur,
1265 2842 1360 2906 quam
1393 2824 1476 2887 inter
1506 2844 1540 2888 se
1571 2843 1688 2889 conne-

134 2925 189 2986 nis
204 2923 302 2988 homo
316 2922 377 2986 sibi
393 2922 492 2986 simili
507 2921 798 2996 sociabitur.0uum
814 2941 889 3004 ergo
943 2929 1078 2984 ctantur.
1096 2922 1182 2985 Hanc
1201 2930 1309 2986 autem
1328 2923 1554 2986 adunationem
1571 2931 1603 2986 ct
1618 2941 1690 2988 con·

134 3023 293 3086 Dominus
313 3023 396 3085 Deus
415 3028 523 3085 noster
544 3020 758 3103 omnipotens,
779 3022 821 3084 sit
842 3041 889 3084 es·
943 3021 1113 3083 nexionem
1138 3021 1282 3084 absolute
1307 3028 1337 3084 et
1362 3020 1491 3103 proprie
1515 3022 1560 3084 nil
1585 3021 1689 3086 facore

134 3119 315 3184 sentialiter
329 3118 443 3182 caritas
451 3117 736 3200 (quemadmodum
751 3119 796 3181 ait
810 3119 889 3182 Scri·
943 3124 1057 3200 potest,
1074 3119 1136 3180 nisi
1157 3120 1270 3182 caritas
1291 3137 1361 3202 quae
1383 3125 1431 3181 est
1450 3118 1626 3201 spiritualis
1645 3121 1691 3183 di·

1 3252 116 3292 camne,
134 3225 232 3303 ptura
244 3238 251 3282 :
264 3219 347 3281 Deus
367 3217 480 3280 caritas
495 3217 568 3297 est),
580 3234 638 3298 per
653 3217 774 3279 nullam
789 3217 887 3280 virtu·
943 3217 1046 3280 lectio.
1064 3217 1198 3280 Dilectio
1220 3218 1349 3280 demum
1374 3217 1491 3279 dicitur
1512 3219 1603 3300 quasi
1625 3219 1689 3282 duo

8 3305 41 3346 ¹⁶·
134 3328 203 3383 tem
218 3319 315 3382 homo
330 3319 373 3380 ita
387 3335 446 3380 suo
460 3316 499 3379 fit
514 3315 630 3378 similis
646 3316 784 3379 Creatori
805 3317 888 3379 sicut
942 3314 1043 3396 ligans
1073 3335 1129 3378 seu
1159 3315 1294 3379 duorum
1326 3315 1442 3397 ligatio.
1471 3316 1551 3379 ilinc
1581 3317 1688 3399 itaque

133 3437 196 3501 per
218 3417 391 3482 caritatem.
409 3415 529 3480 Caritas
549 3415 635 3476 enim
654 3413 760 3495 jungit
781 3433 887 3479 aman·
941 3413 1040 3494 erigit
1054 3414 1137 3476 Deus
1152 3421 1188 3476 ut
1202 3432 1313 3477 omnes
1328 3415 1359 3478 ei
1373 3415 1529 3478 veraciter
1547 3415 1686 3478 servien-

132 3527 202 3580 tem
218 3522 374 3589 amato,et
389 3512 594 3576 transformat
608 3531 709 3575 unum
725 3513 758 3576 in
774 3513 885 3589 alium,
941 3518 999 3583 tes,
1015 3529 1048 3572 se
1065 3519 1176 3574 mutuo
1196 3511 1405 3593 spiritualiter
1419 3511 1562 3592 diligant,
1580 3520 1615 3575 ut
1630 3532 1687 3595 per

131 3617 277 3699 facitque
291 3631 346 3677 eos
362 3614 447 3676 idem
462 3611 545 3675 velle
560 3619 592 3673 et
606 3611 691 3674 idem
707 3612 886 3675 nollellinc
941 3609 1001 3672 hoc
1021 3627 1095 3671 cum
1111 3609 1175 3672 Deo
1195 3616 1227 3672 et
1247 3609 1330 3672 inter
1349 3629 1383 3672 se
1404 3609 1565 3673 uniantur.
1583 3610 1615 3673 Si
1634 3629 1687 3674 au-

131 3718 221 3780 Deus
241 3715 275 3776 in
291 3713 358 3776 suis
378 3710 534 3774 ministris
553 3729 679 3774 summe
695 3711 840 3794 praecipit
854 3719 886 3774 et
939 3714 1004 3770 tem
1029 3726 1063 3770 sc
1089 3715 1200 3770 mutuo
1219 3707 1362 3790 diligant,
1383 3715 1506 3772 certum
1531 3716 1579 3772 est
1602 3711 1688 3792 quod

131 3813 273 3897 requirit
292 3811 456 3875 caritatem
477 3810 516 3872 ad
537 3809 655 3891 ipsum,
673 3809 789 3874 deinde
808 3811 885 3873 cari·
940 3825 1023 3868 unus
1038 3806 1174 3868 salutem
1190 3813 1278 3888 optet
1291 3806 1422 3869 alterius
1436 3815 1468 3869 et
1482 3816 1549 3870 oret
1565 3825 1623 3890 pro
1637 3826 1687 3884 eo,

129 3921 234 3976 tatem
259 3929 370 3976 eorum
395 3910 434 3972 ad
459 3907 608 3972 invicem.
631 3908 718 3971 Unde
742 3909 883 3972 Christus
904 3904 1192 3987 Gcoopereturque
1211 3906 1282 3985 ejus
1302 3905 1395 3968 saluti
1418 3923 1476 3988 pro
1496 3923 1600 3988 posse,
1618 3907 1689 3971 loco

0 4044 112 4084 aaran,
130 4011 290 4076 Dominus
314 4015 421 4072 noster
442 4024 449 4069 :
470 4007 505 4068 ln
530 4005 590 4068 hoc
614 4005 748 4086 (inquit)
771 4023 883 4086 cogno·
939 4010 971 4064 et
986 4009 1131 4084 tempore
1146 4010 1336 4085 opportuno.
1354 4004 1415 4067 Sed
1432 4005 1493 4067 hoc
1511 4004 1687 4088 adimplere

131 4117 226 4176 scent
249 4125 360 4172 omnes
385 4106 461 4188 quia
485 4103 636 4186 discipuli
661 4102 725 4166 mei
749 4104 836 4178 estis,
857 4105 884 4168 si
939 4119 1002 4164 non
1033 4107 1147 4182 potest,
1174 4101 1235 4164 nisi
1265 4101 1319 4183 qui
1347 4100 1590 4165 forefactoribus
1620 4103 1686 4166 suis

130 4207 343 4273 dilectionem
364 4202 542 4266 habueritis
564 4201 602 4263 ad
624 4201 773 4263 invicem.
939 4198 1084 4278 ignoscit.
1106 4199 1218 4262 Nullus
1238 4217 1313 4280 ergo
1333 4199 1364 4260 in
1385 4200 1480 4263 corde
1504 4218 1562 4264 suo
1580 4209 1686 4264 teneat

176 4307 271 4369 Porro
290 4303 404 4366 caritas
420 4301 523 4364 virtus
544 4306 593 4362 est
612 4318 779 4382 perquam
800 4319 883 4363 unus
938 4297 1029 4370 iram,
1056 4315 1232 4370 rancorem,
1258 4297 1516 4372 amaritudinem,
1541 4298 1684 4380 indigna·

128 4404 227 4469 alteri
243 4409 350 4466 mente
366 4400 488 4474 unitur,
504 4406 536 4461 et
551 4399 671 4461 bonum
687 4397 757 4459 vult
772 4397 813 4472 ei,
828 4417 883 4462 ve·
937 4395 1056 4457 tionem
1073 4402 1182 4458 contra
1197 4396 1503 4478 quemcumque,aed
1518 4397 1557 4458 ad
1572 4414 1683 4460 omnes

129 4502 231 4567 leudo
255 4519 312 4564 seu
341 4498 522 4581 appetendo
546 4497 576 4558 ei
601 4496 684 4560 dona
710 4495 817 4576 gratim
846 4515 883 4560 ac
937 4513 973 4557 ac
988 4493 1130 4574 singulos
1146 4494 1198 4576 pie
1214 4501 1245 4556 et
1261 4493 1424 4557 caritative
1439 4493 1684 4571 afficiatur,om·

127 4601 290 4664 virtutum
306 4597 339 4659 in
355 4597 421 4659 vita
436 4595 598 4678 praesenti,
614 4593 761 4676 bonaque
775 4593 883 4674 gloriae
938 4594 1092 4674 niumque
1113 4592 1271 4655 desideret
1289 4611 1325 4655 ac
1345 4611 1402 4674 pro
1423 4611 1516 4676 posse
1534 4602 1685 4677 procuret

128 4701 168 4764 in
185 4698 302 4760 futuro.
315 4695 395 4759 ilinc
410 4695 522 4756 mundi
539 4693 689 4765 Salvator,
700 4691 883 4773 unigenitus
937 4692 1084 4755 salutem.

127 4798 234 4862 Filius
249 4795 318 4868 Dei,
336 4794 369 4856 in
389 4793 554 4873 evangelio
573 4792 665 4855 docet
684 4809 720 4853 ac
740 4793 885 4874 praecipit
977 4792 1111 4872 Insuper
1134 4789 1172 4851 ad
1196 4789 1278 4851 hanc
1301 4796 1445 4852 mutuam
1466 4790 1683 4868 dilectionem,

126 4897 288 4961 hodierno
305 4900 340 4955 ut
353 4891 442 4955 omni
457 4891 884 4972 homini,quantumcumque
938 4907 1061 4970 pacem,
1077 4887 1274 4970 patientiam,
1292 4888 1570 4951 mansuetudinem
1590 4897 1685 4972 atque

126 4992 319 5060 forefecerit
333 4989 395 5054 sibi
411 5007 447 5052 ac
463 4988 541 5061 suis,
560 4989 700 5068 ignoscat
717 4988 822 5060 homo,
840 4988 883 5049 ita
938 4986 1104 5069 pacificam
1121 4986 1159 5048 ad
1175 4986 1313 5048 invicem
1328 4986 1596 5050 conversationem
1611 4988 1686 5050 mul·

126 5093 219 5178 quod
235 5091 360 5154 sincera
376 5089 505 5152 caritate
520 5086 630 5167 diligat
644 5104 729 5160 eum,
747 5087 883 5169 optando
898 5088 922 5150 D
936 5094 969 5148 ta
983 5103 1040 5148 nos
1055 5084 1172 5147 debent
1187 5083 1348 5146 inducere.
1364 5084 1480 5159 Primo,
1498 5085 1573 5166 quia
1586 5087 1685 5167 (sicut

126 5194 204 5275 ejus
229 5190 367 5254 salutem
389 5194 422 5251 et
443 5185 699 5250 emendationem
725 5185 758 5247 in
782 5183 884 5248 omni·
935 5185 1002 5266 jam
1026 5190 1146 5246 tactum
1171 5183 1234 5263 est)
1257 5182 1341 5245 Deus
1369 5181 1430 5245 hoc
1454 5183 1562 5264 ipsum
1590 5183 1684 5248 nohis

125 5293 204 5359 bus.
229 5291 369 5354 'leuetur
394 5287 501 5370 itaqua
524 5284 661 5368 quilibet
684 5282 884 5348 Christianus
938 5281 1099 5367 pracepit,
1121 5287 1154 5344 et
1176 5279 1406 5364 specialissime
1428 5279 1500 5343 ida
1521 5280 1614 5344 nobis
1636 5301 1684 5349 ro·
