4192 6258
332 511 479 560 commta
500 513 542 558 XX
563 512 637 560 rost
657 511 851 559 ruminarunt.
872 529 912 540 -

933 512 974 559 xu
995 512 1189 577 uatrsrosos;
1212 515 1311 564 sanxo
1331 515 1467 572 ausurus
1613 497 1674 562 559

122 699 198 742 eum
227 683 266 744 ad
291 698 373 766 opus
396 682 477 746 illud
506 683 688 766 importune
713 683 874 746 concitan-
888 683 914 746 Α
928 701 1061 746 excessu
1083 683 1285 750 abstinentiae
1309 686 1440 750 modum
1462 684 1675 760 transcendat,

121 787 199 842 tem.
216 780 367 863 Dixitque
382 783 472 844 Pater
487 780 542 845 ille
556 783 595 844 ad
611 783 751 844 Fratrem
770 799 776 842 :
793 781 874 855 Quid

120 877 202 958 agis,
224 877 345 942 fraterl
365 880 562 962 Respondit:
584 879 778 944 Laboramus
801 898 875 942 con·

122 985 172 1040 tra
196 998 309 1066 saxum
335 980 420 1042 istud
443 980 663 1043 durissimum.
686 979 726 1040 llt
749 995 873 1041 senex:

121 1075 208 1138 Bene
223 1077 357 1159 (inquit)
371 1078 491 1153 dixisti,
503 1077 707 1151 laboramus,
721 1077 796 1159 quia
811 1093 874 1138 non

123 1174 213 1238 solus
235 1175 370 1251 laboras,
387 1177 441 1239 sed
463 1177 567 1240 adstat
588 1177 670 1239 alius
692 1193 789 1257 quem
811 1193 874 1238 non

123 1273 226 1348 vides,
247 1281 279 1336 et
297 1283 329 1338 te
348 1283 508 1357 provocat.
530 1276 639 1357 ltaque
661 1293 680 1336 a
701 1273 875 1356 spirituali-

123 1371 186 1434 bus
203 1373 317 1435 studiis
339 1392 503 1456 nunquam
520 1373 613 1455 longe
632 1373 829 1446 recedamus,
845 1379 876 1434 et

123 1478 199 1536 aute
226 1470 415 1546 orationem,
441 1471 663 1554 psalmodiam,
690 1469 876 1534 celebratio·

124 1587 213 1643 nem,
238 1569 479 1644 confessionem,
508 1569 753 1653 persolutionem
782 1569 877 1631 Hora-

124 1685 206 1742 rum,
218 1675 354 1730 mentem
370 1668 603 1750 recolligamus,
620 1669 732 1730 devote
748 1666 878 1749 incipia-

124 1784 211 1840 mus,
227 1767 480 1829 reverentialiter
495 1785 737 1850 prosequamur,
754 1764 877 1828 fervide

929 801 989 845 nec
1006 782 1066 845 sub
1085 790 1241 864 praetextu
1261 784 1460 866 gubernandi
1476 782 1618 866 corporis
1633 789 1677 844 te

929 898 1006 962 pore
1035 880 1196 944 lentescat.
1223 883 1295 946 Hac
1324 882 1485 956 discretio,
1508 881 1621 945 oculus
1645 888 1676 944 et

930 977 1060 1041 lucerna
1089 981 1231 1062 corporis
1256 980 1289 1042 in
1313 980 1485 1061 Evangelio
1514 997 1677 1061 nuncupa·

930 1084 991 1150 tur,
1009 1077 1133 1140 Christo
1148 1078 1274 1141 dicente
1291 1096 1298 1140 :
1315 1078 1458 1142 Lucerna
1472 1077 1614 1160 corporis
1629 1077 1677 1139 tui
1696 1093 1822 1148 narravi,

929 1182 978 1238 est
1001 1175 1113 1238 oculus
1138 1183 1228 1256 tuus;
1254 1176 1280 1238 si
1304 1176 1417 1239 oculus
1441 1183 1515 1238 tuus
1539 1175 1676 1258 simplex
1690 1161 1724 1202 ³²·

929 1273 1038 1348 fuerit,
1054 1282 1157 1336 totum
1181 1292 1296 1357 corpus
1319 1281 1412 1337 tuum
1437 1273 1581 1337 lucidum
1604 1273 1674 1336 erit.

930 1371 1084 1435 Discretio
1099 1373 1186 1436 euim
1207 1373 1413 1455 cogitationes
1428 1381 1461 1434 et
1474 1372 1557 1435 lacta
1576 1372 1678 1435 homi·

931 1469 980 1533 nis
1005 1478 1120 1534 cuncta
1144 1471 1341 1546 discernens,
1364 1491 1435 1553 quae
1458 1471 1581 1552 agenda
1604 1477 1679 1533 sunt

931 1569 1096 1651 prospicit,
1112 1569 1233 1650 judicat
1249 1579 1281 1633 et
1298 1571 1443 1634 illustrat.
1461 1571 1534 1634 llaec
1553 1577 1601 1632 est
1615 1569 1678 1633 vir-

930 1674 982 1728 tus
1001 1687 1073 1748 quae
1093 1685 1156 1730 nou
1179 1669 1282 1730 solum
1303 1669 1432 1732 lucerna
1453 1669 1606 1751 corporis,
1623 1668 1678 1732 sed

931 1773 963 1828 et
984 1766 1031 1828 sol
1056 1767 1095 1828 ab
1117 1766 1268 1849 Apostolo
1292 1775 1497 1851 nuncupatur
1520 1767 1676 1830 dicente:

124 1863 291 1928 liniamus.
309 1866 416 1929 Virtus
439 1885 577 1949 namque
599 1865 750 1949 principii
775 1865 808 1926 in
829 1882 877 1926 se-
894 1865 918 1928 B
932 1865 984 1928 Sol
1000 1883 1063 1928 non
1078 1865 1201 1928 occidat
1215 1883 1307 1948 super
1322 1865 1517 1928 iracundiam
1532 1873 1676 1930 vestram.
1697 1883 1783 1940 apua.
1795 1897 1822 1936 a,

126 1963 302 2045 quentibus
327 1972 446 2039 manet,
471 1972 504 2027 et
527 1984 546 2027 a
570 1964 637 2027 line
660 1962 877 2026 denominatio

125 2061 276 2124 sumitur.

167 2162 312 2244 Denique
327 2161 366 2224 de
382 2161 474 2226 laude
488 2161 876 2236 discretionis,Cassianus

127 2261 161 2323 in
182 2261 322 2322 secunda
342 2259 509 2324 collatione
529 2260 653 2322 abbatis
672 2259 786 2342 lloysis
807 2259 877 2342 pul·

127 2357 206 2420 chra
228 2359 329 2420 multa
351 2358 485 2433 inducit,
503 2358 586 2420 inter
607 2366 712 2423 cetera
736 2359 877 2422 reterens

127 2457 400 2537 quemadmodum
429 2456 633 2520 beatissimus
662 2465 752 2539 pater
780 2457 877 2520 Anto·

126 2555 215 2629 nius,
241 2556 437 2636 congregatis
462 2556 547 2637 apud
572 2574 606 2617 se
631 2555 749 2618 sanctis
775 2555 878 2618 senio-

127 2652 220 2715 ribus
245 2654 299 2735 qui
325 2672 420 2716 causa
449 2653 647 2736 inquirendae
671 2653 877 2737 perfectionis

127 2759 350 2814 convenerunt
368 2752 407 2814 ad
430 2770 515 2826 eum,
532 2771 550 2814 a
566 2771 698 2834 vespere
719 2771 819 2835 usque
838 2752 877 2814 ad

128 2848 237 2912 lucem
253 2850 444 2913 matutinam
459 2852 531 2933 (per
545 2857 643 2913 totam
659 2851 808 2913 videlicet
822 2869 877 2913 no·

127 2949 230 3028 ctem)
240 2950 394 3031 protraxit
408 2948 622 3024 collationem,
639 2949 778 3012 maxime
795 2969 878 3032 quae-

931 1964 1002 2045 lpsa
1017 1963 1112 2026 etiam
1128 1963 1246 2026 dicitur
1259 1963 1447 2045 gubernatio
1462 1965 1535 2028 vitae
1549 1975 1676 2042 nostras,
1691 1950 1725 1991 ²⁶·

931 2063 1109 2126 secundum
1124 2061 1204 2125 illud
1222 2080 1228 2124 :
1246 2063 1366 2137 Quibus
1382 2082 1445 2128 nou
1460 2071 1509 2126 est
1522 2065 1678 2145 guberna·
1691 2083 1824 2134 amastri.

931 2162 986 2236 tio,
999 2161 1112 2223 cadent
1127 2168 1162 2222 ut
1176 2161 1261 2224 tolia.
1277 2163 1347 2244 lpsa
1361 2180 1489 2245 quoque
1506 2163 1676 2226 consilium
1688 2147 1750 2200 ’ω’
1764 2145 1823 2190 m·

932 2259 1126 2333 nominatur,
1151 2259 1221 2322 sine
1240 2278 1303 2342 quo
1322 2262 1513 2342 (secundum
1538 2262 1679 2345 Scriptu-

932 2358 1015 2440 ram)
1033 2377 1126 2439 agere
1145 2358 1191 2421 nil
1216 2358 1381 2434 debemus,
1401 2379 1502 2443 quum
1521 2361 1677 2444 scriptum

932 2459 997 2521 sit:
1015 2458 1128 2520 Omnia
1150 2457 1200 2520 lac
1223 2477 1296 2520 cum
1322 2459 1465 2522 consilio.
1486 2459 1558 2542 lpse
1578 2467 1627 2522 est
1647 2468 1826 2530 etcertum

933 2556 1053 2618 solidus
1075 2556 1178 2632 cibuS,
1194 2557 1233 2620 de
1251 2576 1315 2639 quo
1337 2558 1381 2619 ait
1399 2558 1569 2640 Apostolus
1586 2579 1593 2622 ε
1610 2560 1679 2622 Per·
1692 2545 1825 2658 {figam

932 2654 1089 2718 lectorum
1110 2662 1157 2717 est
1177 2655 1297 2717 solidus
1317 2655 1416 2718 cibus.
1435 2657 1550 2739 Sicquc
1569 2658 1602 2720 B.
1620 2657 1680 2721 An·

932 2753 1012 2816 tonii
1028 2761 1059 2814 et
1074 2753 1297 2816 universorum
1314 2753 1440 2816 Petrum
1456 2755 1612 2818 sententia
1626 2756 1680 2817 de-

932 2850 1063 2914 linitum
1088 2857 1147 2926 est,
1173 2851 1398 2914 discretionem
1422 2870 1492 2915 esse
1518 2872 1589 2935 quae
1612 2852 1680 2916 lixo

932 2950 1032 3030 gradu
1048 2948 1244 3030 intrepidum
1264 2950 1454 3012 monachum
1473 2952 1627 3033 perducat
1640 2952 1679 3014 ad

128 3066 205 3110 rens
229 3067 300 3130 qua
328 3047 430 3111 virtus
455 3049 557 3131 possit
580 3049 772 3111 monachum
797 3067 815 3110 a
838 3047 879 3110 la·
895 3053 917 3116 G
933 3047 1175 3131 perlectionem,
1196 3054 1380 3130 ceterasque
1400 3048 1534 3112 virtutes
1557 3067 1682 3112 conser-

128 3146 225 3227 queis
256 3146 381 3209 inimici
414 3165 541 3230 semper
572 3165 698 3210 servare
730 3147 877 3221 illesum,

128 3253 283 3327 rectoque
302 3245 428 3308 tramite
448 3265 485 3308 ac
503 3263 615 3326 gressu
633 3245 822 3308 firmissimo
840 3246 879 3310 ad

127 3343 339 3426 perfectionis
360 3345 487 3407 culmen
509 3345 693 3426 perducere.
712 3344 879 3427 Quumque

126 3443 354 3525 unusquisque
369 3443 454 3524 quod
471 3443 533 3505 sibi
549 3443 696 3524 apparuit
711 3443 880 3525 responde-

124 3547 188 3614 ret,
205 3557 270 3602 uno
289 3540 415 3602 dicente
438 3540 562 3621 jejunia
585 3548 680 3623 atque
699 3541 824 3622 vigilias
847 3541 879 3604 id

124 3637 388 3720 compendiosius
403 3638 586 3712 tacere‚alio
601 3639 801 3702 solitudinem
816 3657 879 3702 ere

125 3737 186 3811 mi,
210 3737 306 3799 tertio
330 3754 427 3818 opera
449 3737 587 3819 pietatis,
608 3744 720 3819 quarto
743 3737 879 3820 abnega-

124 3835 253 3897 tionem
275 3835 500 3917 temporalium
526 3853 644 3910 rerum,
660 3837 789 3898 tandem
810 3855 880 3899 san-

125 3941 201 3996 ctus
236 3934 403 4016 respondit
434 3933 592 3996 Antonius
625 3951 631 3994 :
662 3934 776 3997 Omnia
809 3954 879 4017 qua

123 4031 266 4106 dixistis,
284 4031 376 4094 utilia
390 4039 465 4094 sunt
480 4033 518 4094 ad
535 4031 727 4114 profectum,
739 4034 794 4095 sed
810 4033 879 4096 nul-

124 4131 198 4192 lum
222 4147 333 4193 eorum
358 4130 397 4192 ad
422 4129 652 4213 perlectionem
676 4132 880 4213 compendio-

934 3154 987 3209 vet
1007 3146 1121 3210 illaesas
1138 3163 1144 3208 :
1163 3165 1236 3208 cum
1256 3163 1319 3228 qua
1337 3146 1376 3208 ad
1396 3149 1680 3210 consummationis

934 3245 1060 3326 fastigia
1075 3244 1193 3307 minori
1206 3243 1390 3325 fatigatione
1406 3246 1641 3320 conscenditur,
1649 3255 1681 3310 et

934 3344 1003 3406 sine
1024 3361 1085 3425 qua
1108 3341 1212 3416 multi,
1229 3343 1374 3425 quamvis
1397 3343 1470 3425 plus
1490 3343 1679 3420 laborantes,

935 3440 1140 3524 perfectionis
1155 3441 1283 3502 culmen
1303 3441 1518 3525 nequiverunt
1531 3444 1681 3506 ascende·

934 3560 979 3602 rc.
1005 3540 1156 3603 Omnium
1185 3557 1323 3621 namque
1347 3539 1504 3602 virtutum
1531 3541 1680 3622 genitrix,

934 3636 1123 3701 moderatrix
1139 3645 1169 3700 et
1185 3645 1289 3700 custos
1304 3637 1428 3700 exsistit
1442 3639 1600 3702 discretio.
1611 3639 1682 3703 Hac

934 3737 1112 3801 Cassianus.

973 3836 1054 3899 ilinc
1069 3835 1165 3897 etiam
1185 3834 1283 3897 abbas
1298 3835 1405 3898 Pastor
1423 3835 1572 3916 allegavit
1585 3835 1684 3900 verba

934 3934 1057 3996 abbatis
1073 3935 1239 3996 Ammonis
1259 3934 1394 3996 dicentis
1412 3952 1419 3997 :
1436 3935 1492 3997 llst
1509 3935 1605 3999 homo
1627 3937 1682 4018 qui

934 4040 1000 4096 toto
1019 4039 1163 4114 tempore
1182 4033 1255 4096 vitae
1274 4051 1339 4096 suae
1360 4040 1464 4115 portat
1484 4035 1635 4109 securim,
1651 4043 1684 4098 et

935 4148 998 4192 non
1024 4137 1128 4212 potest
1151 4129 1290 4210 dejicere
1315 4130 1479 4210 arborem;
1503 4140 1551 4194 ast
1575 4139 1682 4194 autem

124 4231 199 4292 sius
229 4229 378 4311 provebit
406 4230 609 4292 monachum.
642 4230 731 4312 Saepe
760 4232 879 4293 etenim
895 4231 920 4293 l)
935 4229 1014 4292 alter
1033 4228 1154 4290 babens
1172 4246 1266 4289 usum
1287 4227 1460 4303 incidendi,
1476 4230 1556 4292 etin
1572 4231 1683 4312 paucis

123 4327 250 4409 vigiliis
269 4335 302 4390 et
318 4327 452 4409 jejuniis
471 4329 626 4392 acerrime
645 4328 880 4405 incumbentes,

123 4435 227 4509 atque
242 4425 380 4488 mirifice
401 4426 433 4488 in
452 4427 626 4489 solitudine
645 4434 879 4509 permanentes,

124 4523 238 4590 omnia
252 4542 380 4607 quoque
396 4525 614 4607 relinquentes
629 4533 763 4600 terrena,
772 4533 804 4587 et
818 4525 881 4608 pie·

123 4624 205 4688 tatis
233 4631 443 4706 exsequentes
472 4642 579 4706 opera,
606 4633 735 4707 repente
764 4624 880 4704 dejecti

124 4729 217 4796 sunt,
239 4722 480 4804 maximumque
503 4721 663 4784 fervorem
687 4731 720 4783 et
740 4721 881 4784 laudabi-

126 4823 196 4884 lem
221 4821 320 4882 vitnm
345 4820 413 4881 line
437 4819 617 4882 detestabili
643 4819 878 4883 concluserunt.

123 4921 272 4993 Quorum
297 4919 496 4999 deceptionis
520 4917 642 4980 exstitit
666 4936 769 4992 causa,
795 4919 881 4999 quod

123 5036 196 5082 non
225 5017 302 5080 satis
325 5036 344 5079 a
367 5017 548 5080 senioribus
578 5017 702 5079 inerant
731 5016 879 5090 instituti,

124 5135 191 5180 nec
215 5134 291 5180 vera
314 5115 507 5178 discretione
530 5116 643 5178 ornati.
666 5115 739 5189 Quae
762 5122 882 5177 utrum-

123 5233 194 5298 que
210 5213 363 5277 vitiosum
377 5213 521 5277 devitans
536 5213 781 5288 extremum,via
796 5214 883 5295 regia

125 5313 212 5380 facit
232 5312 380 5374 incedere
400 5312 603 5386 monachum,
621 5318 655 5375 ut
671 5330 729 5374 uec
746 5311 882 5375 fervoris

936 4326 1054 4388 ictibus
1082 4326 1193 4406 dejicit
1216 4325 1372 4388 arborem.
1400 4326 1545 4390 Securim
1574 4335 1682 4390 autem

935 4425 1015 4486 dixit
1030 4443 1099 4487 esse
1113 4423 1349 4486 discretionem.
1367 4424 1418 4486 Sic
1434 4432 1466 4487 et
1480 4445 1577 4500 nuuc,
1593 4427 1656 4489 beu
1674 4433 1681 4489 t

936 4522 1029 4585 multi
1052 4521 1191 4603 religiosi
1216 4521 1293 4584 satis
1318 4541 1449 4604 magnos
1470 4531 1620 4587 exercent
1642 4525 1684 4588 la-

935 4621 1039 4695 bores,
1056 4628 1088 4682 et
1107 4627 1212 4682 tamen
1233 4621 1266 4683 in
1282 4621 1366 4684 veris
1381 4621 1555 4686 virtutibus
1577 4624 1683 4688 miuus

935 4719 1112 4802 proliciunt
1130 4738 1227 4801 quam
1245 4719 1346 4802 aliqui
1367 4722 1534 4786 saeculares
1556 4731 1611 4786 aut
1629 4724 1684 4788 alii

934 4821 1128 4903 quicumque
1145 4819 1250 4880 minus
1265 4821 1403 4884 exterius
1418 4823 1687 4908 laborantesque

936 4918 1021 4980 niam
1045 4919 1215 4980 indiscrete
1237 4936 1270 4980 se
1292 4919 1420 4982 habeut.

976 5016 1144 5098 Deinceps,
1169 5024 1205 5077 ut
1228 5015 1325 5079 abbas
1354 5018 1475 5100 Moyses
1499 5021 1617 5096 docuit,
1643 5023 1682 5087 ad

937 5134 1044 5178 veram
1066 5115 1292 5178 discretionem
1314 5117 1453 5180 maxime
1476 5119 1606 5200 prolicit
1629 5120 1682 5184 bo

937 5231 990 5276 mo
1005 5232 1061 5295 per
1075 5232 1185 5277 veram
1205 5213 1431 5291 humilitatem,
1448 5235 1510 5298 qua
1529 5217 1601 5298 quis
1617 5237 1682 5282 non

936 5311 1040 5375 solum
1060 5329 1117 5374 sua
1136 5311 1228 5386 iacta,
1246 5313 1301 5374 sed
1316 5319 1347 5376 et
1362 5313 1568 5394 cogitationes
1587 5323 1683 5400 atque
