4214 6254
387 511 535 562 normes
556 513 599 560 ss.
620 510 801 558 mmrrnrrs.
823 527 863 542 —
882 509 925 556 nn
944 508 1141 572 nmroroscs3
1164 507 1263 557 suano
1284 509 1413 566 culmus
1617 485 1673 554 l2l

131 682 183 764 qui
205 691 252 747 est
275 683 412 768 Spiritus
434 685 579 759 Sanctus,
595 703 614 746 a
632 683 722 748 Patre
742 690 774 746 et
793 679 911 745 lliliofl
929 699 1127 763 unaqueque
1150 679 1259 745 divina
1283 697 1417 764 persona
1446 698 1520 742 cum
1549 677 1677 741 infinita

130 791 275 865 tanquam
290 785 331 846 ab
347 801 411 848 nno
426 784 513 847 fonte
528 791 655 858 eterno,
667 781 707 846 ab
725 799 790 844 uno
804 781 874 844 fon·
925 780 1125 860 jucunditate
1150 779 1289 862 inspicit,
1306 778 1510 862 amplectitur
1533 794 1676 858 compre-

130 881 181 944 tali
205 883 364 966 principio
384 892 416 947 et
436 883 477 946 ab
499 901 564 946 uno
585 882 739 966 spiratore
763 898 872 964 proce·
927 879 1100 961 henditque
1120 879 1227 953 aliam,
1243 886 1274 941 et
1291 897 1325 941 se
1345 876 1484 941 invicem
1504 875 1678 960 superdeli-

130 982 215 1054 dcns,
237 982 388 1064 quoniam
413 983 503 1045 Pater
526 989 558 1045 et
582 981 680 1044 Filius
705 998 761 1062 per
786 979 818 1041 id
842 987 873 1040 et
928 976 1105 1040 ciosissime
1126 975 1344 1059 perfruuntur.

131 1077 161 1140 in
181 1086 268 1141 eost
288 1079 495 1162 inquantum
518 1079 698 1162 producunt
717 1077 872 1160 Spiritum
967 1074 1122 1157 Denique,
1148 1074 1174 1136 si
1204 1073 1440 1156 beneplacitum
1468 1079 1516 1134 est
1540 1069 1675 1134 Domino
1689 1085 1822 1138 raama.

131 1177 277 1240 Sanctum
308 1195 371 1242 non
403 1178 654 1259 distinguuntur,
685 1177 739 1239 sed
770 1194 871 1238 unum
928 1173 961 1236 in
986 1173 1105 1256 populo
1128 1190 1202 1252 suo;
1224 1174 1251 1236 si
1276 1172 1442 1255 Seraphim
1467 1169 1673 1244 calidissime,

131 1283 212 1350 suut,
229 1283 339 1359 utpote
360 1276 455 1340 unius
474 1276 659 1339 substantie
679 1281 711 1338 et
730 1274 872 1339 volunta·
928 1271 1123 1345 acutissime,
1135 1271 1423 1354 penetrantissima,
1438 1268 1674 1332 ferventissime

131 1373 179 1446 tis,
204 1392 275 1456 que
299 1374 332 1437 in
356 1373 513 1438 ambobus
542 1391 677 1437 numero
705 1391 767 1435 una
790 1379 871 1434 est:
928 1377 961 1432 et
988 1369 1331 1452 superferventissime,
1356 1369 1446 1449 juxte
1475 1367 1672 1450 Dionysium,
1698 1381 1822 1456 pataret.

130 1472 395 1553 quemadmodum
416 1473 511 1536 etiam
526 1472 626 1547 Pater,
643 1471 740 1534 Filius
757 1470 875 1552 etSpi·
928 1467 1066 1549 diligunt
1090 1468 1206 1547 Deum3
1231 1467 1258 1529 si
1283 1466 1405 1530 delicie
1430 1465 1485 1528 Dei
1507 1473 1582 1527 sunt
1605 1444 1821 1558 csse¹¹¹,;‘{2‚,{·,”,¹,';⁸

129 1569 206 1632 ritus
220 1569 353 1634 Sanctus
368 1579 441 1634 sunt
456 1590 539 1634 unua
555 1571 774 1634 universorum
790 1587 876 1632 cree-
929 1584 1003 1630 cum
1024 1565 1103 1629 filiis
1122 1566 1307 1646 bominum3
1328 1567 1355 1628 si
1374 1565 1527 1646 gaudium
1549 1563 1674 1628 Domini
1690 1573 1723 1614 ³¹·

130 1675 185 1742 tor,
202 1689 285 1732 unus
300 1669 383 1743 fons,
401 1687 500 1732 unum
522 1668 729 1750 principium,
745 1667 821 1749 quia
840 1667 873 1728 in
928 1673 976 1729 cst
996 1665 1150 1729 fortitudo
1169 1673 1276 1728 nostra
1293 1683 1300 1727 :
1317 1684 1414 1748 quem
1437 1663 1675 1746 beneplacitum
1689 1631 1824 1738 22f⁸d'''''⁸

130 1783 165 1826 eo
179 1783 242 1847 quo
257 1773 367 1828 creant
384 1783 447 1830 non
464 1765 714 1846 distinguuntur.
731 1764 788 1826 llic
804 1764 874 1846 Spi-
928 1773 977 1826 est
1000 1764 1081 1828 Patri
1108 1772 1225 1828 aeterno
1252 1763 1284 1826 in
1312 1762 1476 1845 unigenito
1501 1762 1579 1824 Filio
1606 1779 1674 1834 suo,

129 1863 205 1925 ritus
219 1862 355 1926 Sanctus
374 1863 455 1927 Patri
474 1870 507 1926 et
526 1863 604 1926 Filio
624 1861 873 1925 consubstantia·
890 1859 914 1924 B
929 1871 961 1924 et
979 1865 1173 1927 econverso?
1188 1863 1288 1936 Onam
1306 1859 1675 1944 incomprehensibiliter

130 1959 177 2032 lis,
192 1968 380 2034 coeternus,
397 1960 566 2043 coequalis
586 1960 752 2024 verissime
771 1965 803 2021 et
822 1978 874 2021 su·
928 1979 1119 2044 unaqueque
1130 1977 1264 2044 persona
1279 1960 1453 2043 complacet
1466 1958 1676 2033 alteritQuam

129 2059 363 2140 percertissime
386 2060 542 2139 creditur;
568 2067 679 2142 estque
701 2075 790 2120 emor
815 2057 873 2120 iste
929 2059 1269 2142 superdeliciosissime
1285 2058 1380 2120 simul
1403 2065 1488 2132 sunt,
1505 2057 1570 2120 imo
1590 2057 1622 2119 in
1642 2076 1676 2120 se

130 2155 296 2219 amborum
316 2157 459 2239 spiritus,
481 2176 541 2240 pax
562 2155 776 2231 serenissima,
792 2163 875 2219 tran·
930 2157 1069 2221 invicem
1104 2156 1370 2240 inseparabiliter,
1405 2154 1677 2220 inconfusibiliter

129 2254 269 2337 quillifas
284 2252 423 2329 infinita,
439 2255 623 2319 communio
639 2254 743 2339 plena,
760 2254 876 2336 sempi·
929 2255 1345 2338 circumiecessibiliterquc
1360 2255 1560 2318 consistuntt
1576 2255 1674 2329 Quam

130 2360 216 2414 terne
229 2361 324 2436 atque
336 2353 515 2418 communis
530 2353 875 2428 letitiasuavissimum
929 2354 1282 2438 superestuentissime,
1302 2353 1605 2437 supercnlidissime,
1625 2373 1678 2416 su·

129 2451 282 2524 osculum,
297 2451 519 2534 inseparabilis
533 2470 643 2525 nexus,
659 2451 876 2514 dulcissimus·
930 2453 1182 2535 peracutissime,
1208 2451 1541 2536 superferventissime
1570 2471 1604 2514 se
1632 2451 1677 2514 in-

131 2567 190 2630 que
211 2549 399 2632 complexus
420 2549 519 2614 Patria
540 2568 577 2614 ac
598 2549 679 2612 Filii.
930 2551 1034 2614 vicem
1051 2551 1243 2614 eternaliter
1257 2559 1289 2614 et
1304 2550 1396 2614 nobis
1411 2566 1540 2633 prorsus
1558 2549 1678 2614 incom-

167 2648 322 2731 Deniqne,
338 2667 439 2731 quum
454 2667 557 2713 cause
571 2648 699 2712 amandi
714 2667 771 2712 seu
787 2649 876 2711 ratio
931 2649 1190 2732 prehensibiliter
1214 2649 1352 2731 diligunt
1372 2649 1542 2712 dilectione
1565 2648 1677 2731 utique

129 2765 184 2809 nes
202 2746 322 2810 amoris
342 2747 406 2810 sint
424 2747 560 2822 bonitas,
579 2747 729 2830 cognitio,
747 2747 875 2830 pmpin·
930 2748 1178 2830 superjucunda,
1194 2755 1226 2810 et
1240 2748 1328 2812 omni
1343 2755 1495 2812 creature
1509 2747 1612 2830 quoad
1628 2766 1678 2810 su·

129 2845 873 2927 quites,similitudc,beneficentia,communio,
929 2864 981 2908 am
997 2846 1230 2928 plenitudinem
1249 2846 1436 2929 inexpertat
1452 2844 1532 2908 Ecce
1547 2845 1614 2910 baec
1630 2853 1677 2908 est

129 2952 247 3008 constat
272 2945 358 3027 quod
387 2945 470 3007 inter
497 2945 554 3008 has
582 2943 873 3026 superbenedictas,
930 2943 1177 3018 vita,beatitudo
1189 2951 1222 3006 et
1234 2944 1336 3026 gloria
1350 2944 1477 3008 Domini
1492 2944 1549 3006 Dei
1564 2944 1675 3016 nostri,

129 3042 436 3124 supervenerabiles,
456 3043 630 3106 adorandas
654 3059 804 3123 personas
828 3050 876 3104 est
892 3046 913 3110 C
932 3043 976 3106 ita
1004 3042 1225 3125 contemplari,
1252 3041 1396 3123 diligere,
1426 3042 1675 3116 communicare,

129 3140 255 3204 dilectio
278 3149 390 3205 mutua
410 3141 542 3204 omnino
563 3139 715 3222 perfecta,
730 3160 875 3224 superar-
932 3141 1119 3223 producere,
1136 3139 1286 3203 delectari
1303 3147 1335 3202 et
1351 3139 1458 3202 taliter
1474 3159 1507 3203 se
1526 3139 1655 3204 babere.

129 3239 316 3302 dentissima
330 3245 362 3301 et
377 3239 543 3312 immensa,
555 3259 655 3321 quum
670 3257 782 3304 omnes
798 3259 875 3322 pre·
971 3237 1102 3300 'lentam
1125 3237 1223 3319 igitur
1246 3236 1491 3321 supersublimis
1516 3245 1547 3300 et
1567 3256 1678 3320 super-

128 3343 217 3400 tacte
237 3337 368 3399 amandi
390 3337 528 3400 rationes
551 3337 596 3400 ibi
621 3338 874 3421 superexcellen·
930 3337 1158 3419 omnipotentis
1179 3335 1341 3399 Trinitatis
1362 3334 1604 3410 beatitudinem,
1625 3355 1677 3397 ex-

126 3435 249 3497 tissime
268 3441 301 3496 et
317 3434 601 3517 superplenissime
621 3435 874 3518 aeternaliterque
930 3435 1122 3508 cellentiem,
1144 3433 1375 3517 perfectionem
1398 3453 1435 3497 ae
1461 3442 1605 3497 mutuam
1630 3435 1677 3499 in-

127 3533 311 3596 consistent.
333 3531 487 3606 Quaelibct
510 3552 648 3616 namque
673 3551 809 3617 persona
829 3535 875 3596 in·
929 3533 1111 3607 tuitionem,
1145 3533 1361 3608 dilectionem,
1397 3533 1675 3615 complacentiam,

125 3631 223 3695 finite
245 3638 297 3694 est
318 3629 480 3706 bonitatis
501 3631 676 3714 sapientie,
698 3632 875 3714 pulchritu-
929 3632 1678 3706 fruitionem,communicationem,emanationem

124 3730 218 3805 dinis,
245 3729 471 3812 perfeetionis;
500 3739 532 3792 et
561 3749 760 3813 unaqueque
789 3748 873 3792 com·
930 3737 961 3792 et
984 3732 1225 3794 consistentiam
1254 3731 1459 3794 devotissime
1484 3731 1679 3813 contemple-

123 3827 318 3909 prehensive
332 3833 364 3890 et
377 3827 651 3910 superclarissime
667 3829 828 3910 cognoscit
843 3837 875 3892 et
931 3848 1013 3902 mur,
1030 3830 1166 3892 dulciter
1191 3829 1383 3906 intueamur,
1400 3849 1475 3893 cum
1497 3829 1585 3893 omni
1608 3847 1678 3911 gra-

123 3925 217 3990 aliam
240 3925 383 4008 inspicit.
401 3926 499 3988 Filius
521 3943 649 4008 quoque
668 3943 686 3987 a
705 3927 793 3989 Patre
816 3927 875 3989 im·
929 3927 1083 3990 tulatione
1099 3935 1130 3989 et
1145 3927 1354 3990 delectatione
1374 3929 1495 4009 ingenti
1514 3928 1677 3991 uberrime

123 4025 260 4086 mediate
283 4023 439 4106 procedit,
456 4031 488 4086 at
508 4023 673 4087 inlinitum
692 4023 812 4088 bonum
834 4025 873 4088 ab
930 4026 1131 4088 revolvamus
1146 4032 1178 4088 et
1192 4027 1403 4088 attendemus.
1421 4025 1454 4088 Si
1470 4025 1556 4088 enim
1571 4027 1676 4091 Domi-

123 4139 160 4184 eo
174 4121 332 4204 suscepit,
350 4129 461 4204 estque
480 4122 561 4185 Patri
582 4122 789 4202 simillimus3
806 4123 874 4205 Spi-
930 4143 1006 4187 num
1029 4123 1127 4186 [lcum
1147 4132 1291 4188 nostrum
1314 4144 1388 4189 vere
1407 4144 1447 4188 ex
1466 4126 1561 4190 eorde
1581 4145 1678 4208 super

124 4220 202 4282 ritus
218 4219 357 4283 Sanctus
372 4219 469 4282 etiam
484 4239 503 4283 a
517 4220 605 4284 Patra
621 4229 653 4284 et
667 4221 746 4284 Filio
762 4219 875 4284 imme·
889 4221 914 4284 D
930 4223 1079 4286 universe
1103 4222 1279 4304 diligimus,
1300 4223 1455 4286 debemus
1478 4223 1590 4306 utique
1611 4231 1675 4287 tam

122 4317 203 4382 dicte
218 4319 371 4402 spiratur,
378 4325 411 4382 et
424 4318 589 4382 inlinitum
604 4318 724 4383 bonum
740 4319 780 4383 ab
795 4320 874 4403 ipsis
930 4321 1065 4385 infinite
1080 4341 1145 4384 sue
1160 4321 1306 4385 felicitati
1322 4330 1354 4386 et
1366 4322 1474 4405 glorie
1491 4323 1677 4406 precordia·

123 4418 306 4500 suscepisse
328 4435 363 4480 se
385 4417 537 4481 intuetur.
559 4418 649 4482 Pater
670 4436 746 4482 vero
770 4438 804 4482 se
828 4426 874 4483 to·
930 4421 1002 4485 liter
1017 4422 1223 4503 congaudere.
1242 4422 1302 4484 Sed
1321 4423 1360 4484 ad
1381 4423 1462 4486 hano
1482 4423 1677 4506 contempla-

122 4521 190 4580 tum
214 4516 310 4590 Filio,
326 4515 416 4578 Pater
440 4516 517 4579 item
542 4523 575 4580 et
599 4516 697 4579 filius
721 4535 755 4580 se
780 4517 874 4600 plene
929 4520 1060 4593 tionem,
1081 4538 1222 4583 amorem
1245 4527 1277 4582 ct
1299 4521 1603 4602 congratulationem
1627 4541 1677 4586 co

122 4615 365 4678 communicant
382 4614 515 4698 Spiritui
534 4614 657 4678 Sancto.
679 4615 802 4690 Quanto
819 4635 874 4679 au·
929 4638 1044 4684 namur
1076 4636 1133 4682 nos
1165 4619 1316 4682 exhibere
1352 4619 1493 4695 idoneos,
1522 4621 1674 4698 virtuose,

123 4719 187 4776 tem
207 4712 294 4776 inter
314 4712 439 4796 aliquos
459 4719 506 4776 est
527 4713 629 4793 major
650 4714 790 4790 dilectio,
807 4722 875 4777 tan·
928 4717 1101 4792 fructuose,
1131 4737 1210 4800 pure
1239 4726 1271 4780 et
1300 4720 1395 4801 digne
1424 4720 1588 4784 vocatione
1618 4723 1676 4784 hac

123 4819 154 4874 to
175 4811 355 4893 jucundior
381 4819 430 4874 cst
453 4829 563 4875 eorum
595 4820 706 4876 mutua
734 4814 873 4888 intuitio,
930 4817 1157 4892 conversando,
1183 4824 1313 4900 totoque
1343 4819 1437 4882 corde
1467 4819 1532 4882 [teo
1559 4818 1677 4901 jugiter

123 4913 209 4988 unio,
226 4911 429 4995 complexus,
450 4931 527 4975 usus
551 4911 618 4976 sire
643 4911 752 4978 fruitio
774 4931 781 4978 :
803 4913 875 4978 ideo
928 4914 1128 4978 adherendo.
