4214 6254
500 479 649 529 noumms
670 480 705 528 ur
725 480 799 528 rosr
818 479 1014 527 mmrmrnu.
1034 496 1074 508 —
1096 479 1195 528 senno
1215 481 1326 528 ramus
1628 460 1686 526 177

18 644 233 718 r1.uv,r.mista
255 663 262 710 :
283 647 343 722 oui
367 648 551 714 dominatur
574 650 607 714 in
629 650 747 714 virtute
771 668 828 712 sua
852 648 886 711 in
900 649 925 713 Α
940 646 1020 710 illud
1044 647 1217 711 Psalmiste
1238 665 1246 710 ε
1269 648 1412 730 Regnum
1436 653 1527 710 tuum
1551 665 1684 729 regnum
1712 671 1833 725 cecam,

135 751 307 812 eternum.
320 748 363 808 In
378 750 497 808 secede
511 752 715 818 seculorum,
725 749 842 818 Amen,
854 746 886 808 id
939 745 1085 810 omnium
1110 745 1311 822 seculorum,
1332 753 1363 808 et
1384 744 1559 808 dominatio
1576 752 1631 808 tue
1651 745 1685 808 in
1700 737 1733 778 ¹³·

136 850 194 919 est,
210 845 414 920 eternaliter,
432 845 498 909 liet.
517 846 555 910 Et
569 865 644 910 vere
658 846 705 910 sio
721 852 780 920 est,
794 843 886 926 juxta
940 844 1028 907 omui
1049 845 1253 926 generatione
1275 851 1307 906 ct
1326 843 1540 925 generatione.

688 1276 880 1364 SERMO
922 1277 1141 1364 PRIMUS

199 1539 308 1596 QUIBUS
328 1538 421 1586 10018
442 1539 479 1586 ΕΤ
499 1538 604 1586 illinus
626 1539 761 1586 STUDERE
782 1539 924 1587 hebetur
945 1541 1070 1586 eruntne
1091 1541 1249 1588 rursum
1270 1541 1320 1588 ΒΕ]
1342 1541 1453 1589 ΙΑΝΠΜ
1473 1543 1626 1602 evehens,

556 1637 687 1694 HUSQUE
707 1637 926 1686 ulsbutcottbm
947 1639 1085 1686 seturna
1106 1639 1262 1696 coiisseut.

198 1919 327 1981 OBRII
343 1926 439 1978 estote
459 1926 490 1978 et
512 1919 657 1996 cipitata,
673 1921 753 1998 quia
772 1922 886 1980 adoer-
903 1917 926 1982 B
942 1937 1004 2002 que
1028 1919 1206 2001 justissime
1228 1919 1406 2002 judicahit3
1427 1923 1482 1984 scd
1506 1941 1565 2005 per
1587 1923 1687 1986 solem

211 2018 322 2078 sarius
347 2026 451 2077 cester
479 2018 628 2078 diabolus
658 2029 814 2098 tanquam
839 2021 886 2078 leo
941 2017 1154 2080 humilitatem
1171 2037 1207 2080 ac
1223 2019 1443 2100 poenitentiam
1466 2039 1595 2082 manum
1614 2022 1688 2103 ipsi-

134 2117 273 2192 ruqiens
295 2116 428 2186 circuit,
453 2135 603 2194 querens
626 2136 720 2196 quem
744 2120 883 2178 devoret.
941 2135 978 2178 us
1007 2116 1152 2191 evadere,
1177 2123 1273 2198 atque
1299 2117 1340 2179 ab
1369 2117 1440 2199 ejus
1470 2118 1689 2182 misericordia

133 2212 248 2276 lPetr.
265 2231 297 2286 v,
313 2211 343 2274 8.
941 2214 1055 2277 salvari
1080 2214 1234 2277 valemus.
1259 2215 1358 2290 Unde,
1381 2217 1558 2279 secundum
1582 2218 1687 2300 Augu-

175 2312 330 2374 Summus
360 2311 508 2393 prelatus
536 2329 574 2374 ao
598 2311 802 2376 beatissimus
831 2332 885 2396 pa·
940 2314 1073 2388 stinum,
1094 2313 1252 2397 quianon
1279 2333 1451 2397 possumus
1473 2335 1491 2378 a
1512 2317 1620 2379 divinn
1638 2317 1688 2398 ju·

134 2417 203 2472 stor
222 2410 319 2473 totius
340 2409 502 2485 Ecclesia,
523 2409 552 2473 S.
570 2411 691 2485 Petrus,
712 2411 751 2474 de
774 2411 883 2474 ovium
940 2413 1025 2475 stitia
1040 2431 1076 2476 ac
1092 2413 1325 2496 omnipotentia
1339 2412 1461 2495 lugere,
1478 2413 1632 2476 debemus
1647 2416 1687 2478 nd

133 2507 197 2571 sibi
214 2507 458 2571 commissarum
473 2510 574 2572 salute
589 2509 795 2580 sollicitusin
811 2528 886 2592 pre·
939 2510 995 2572 Dei
1012 2511 1163 2593 pietatem
1181 2510 1363 2592 coningere,
1381 2511 1475 2594 eique
1491 2512 1596 2574 dicere
1609 2531 1615 2575 :
1628 2513 1688 2576 lni·
1715 2540 1755 2584 p,
1766 2553 1785 2592 ι,
1796 2543 1817 2586 5,

132 2606 218 2668 senti
234 2606 370 2689 epistola
384 2624 458 2670 vere
478 2605 688 2670 saluberrima
706 2626 743 2670 ac
759 2615 884 2670 senteu—
940 2609 1093 2690 quitatem
1111 2629 1214 2672 meam
1229 2627 1288 2690 ego
1303 2627 1469 2691 cognosco,
1477 2617 1509 2673 et
1521 2619 1687 2693 peccatum

132 2703 311 2767 tiosissima
329 2703 421 2768 nobis
441 2705 494 2767 dat
508 2704 708 2768 documenta.
727 2705 765 2768 Et
779 2705 885 2787 primo
940 2726 1048 2770 meum
1064 2716 1174 2771 contra
1189 2727 1240 2770 me
1255 2715 1304 2770 est
1319 2726 1456 2790 semper.
1474 2708 1554 2770 Hinc
1568 2709 1626 2771 lob
1642 2709 1688 2772 di·

131 2801 228 2864 ducet
251 2810 288 2864 ut
312 2820 417 2865 corum
444 2802 508 2865 Deo
531 2820 660 2884 semper
683 2802 821 2866 humiles
845 2803 885 2865 si·
940 2804 986 2866 xit
1002 2823 1009 2868 :
1026 2806 1257 2888 Cogitationem
1278 2806 1333 2869 Dei
1355 2823 1450 2870 nemo
1472 2814 1613 2870 avertere
1633 2825 1689 2890 po-
1721 2835 1834 2888 reum,

134 2919 220 2974 mus,
246 2900 398 2983 quoniam
422 2901 577 2962 virtutum
602 2900 747 2963 omnium
772 2901 883 2963 lunda·
939 2908 1015 2982 test3
1032 2911 1064 2966 et
1080 2904 1306 2986 quodcumque
1321 2904 1433 2978 voluit,
1451 2903 1527 2966 lecit
1543 2923 1551 2968 ε
1569 2905 1688 2968 idcirco
1704 2901 1779 2949 ¹³·¹⁵·

132 3006 282 3061 mentum
303 3005 352 3060 est
373 2997 548 3073 humilitas,
565 3000 634 3062 sine
656 3017 719 3083 que
743 2999 798 3082 qui
820 3000 884 3062 vir·
938 3001 1054 3064 alacie
1074 3002 1144 3082 ejus
1164 3001 1309 3064 turbatus
1331 3021 1415 3076 sum,
1432 3010 1464 3066 et
1484 3003 1688 3068 considerans

131 3104 220 3159 tutes
240 3097 389 3177 colligere
407 3103 463 3158 aut
481 3103 588 3160 tenere
609 3105 751 3172 conatur,
768 3097 884 3160 similis
899 3095 921 3159 C
939 3117 1026 3174 eum,
1043 3099 1156 3163 timore
1172 3099 1334 3162 sollicitor.
1351 3100 1458 3162 ludith
1475 3117 1603 3183 quoque
1618 3103 1686 3165 ait:

131 3195 161 3258 ei
178 3195 300 3278 estqui
320 3193 468 3276 pulveres
490 3194 522 3256 iu
542 3212 615 3258 aere
630 3194 713 3258 lerre
728 3195 884 3278 conspici·
939 3197 1153 3260 Humiliemus
1183 3198 1247 3260 Deo
1275 3197 1398 3260 animas
1428 3205 1562 3273 nostras,
1593 3206 1626 3261 et
1654 3200 1687 3263 in
1701 3227 1835 3282 rusum,

131 3303 196 3356 tur.
215 3293 254 3356 lit
269 3293 416 3376 quamvis
436 3293 501 3356 siut
517 3291 703 3375 multaque
722 3293 761 3355 ad
781 3293 884 3355 bumi-
939 3297 1054 3378 spiritu
1071 3297 1207 3359 contrito
1222 3302 1254 3357 et
1268 3295 1438 3360 humiliato
1453 3297 1629 3360 serviemus
1644 3299 1684 3361 ei.
1703 3294 1736 3335 ¹⁶·

132 3392 260 3455 litatem
284 3408 341 3454 nos
365 3398 499 3473 possunt
521 3391 672 3453 inducere
690 3390 744 3472 (de
765 3391 883 3473 quibus
939 3395 1055 3470 Tertio,
1076 3392 1227 3477 quoniam
1256 3393 1411 3476 quidquid
1436 3393 1512 3458 boni
1536 3395 1569 3457 in
1594 3396 1687 3460 nobis

131 3491 167 3552 in
187 3489 353 3554 nonnullis
373 3489 575 3552 sermonibus
590 3489 629 3551 de
644 3489 824 3552 humilitate
841 3488 885 3552 la·
939 3500 997 3568 est,
1014 3513 1034 3556 a
1052 3493 1116 3555 Deo
1134 3491 1244 3574 judice
1263 3499 1370 3555 nostro
1389 3493 1584 3575 accepimus,
1603 3502 1635 3557 et
1657 3493 1687 3557 ei

131 3588 194 3650 ctis
220 3587 313 3670 plura
334 3595 410 3649 sunt
433 3587 636 3668 introducta),
657 3605 753 3649 unam
777 3595 883 3650 tumen
939 3589 978 3653 de
1000 3591 1060 3654 boc
1080 3590 1242 3672 regratiari
1262 3583 1427 3669 tenemur3
1443 3609 1480 3652 ac
1496 3591 1569 3654 inde
1585 3592 1686 3654 inani·

132 3688 293 3750 rationem
313 3685 504 3750 humiliandi
521 3703 555 3748 se
569 3686 671 3767 tangit
684 3687 717 3748 in
734 3686 883 3768 presenti
939 3695 988 3750 ter
1011 3689 1151 3770 gloriari,
1172 3689 1293 3764 extolli,
1319 3707 1512 3770 presumere
1536 3691 1684 3772 prohibe-

11 3807 114 3858 erme.
130 3784 271 3868 epistola
285 3784 437 3848 S.Petrns
454 3801 461 3846 :
477 3784 885 3866 Humiliaminifinquiens)
940 3805 1021 3849 mur.
1045 3787 1119 3850 ldeo
1142 3787 1187 3850 ait
1208 3787 1350 3850 Salvator
1374 3803 1381 3850 :
1405 3786 1463 3850 Cui
1483 3787 1557 3869 plus
1574 3789 1684 3851 datum
1698 3813 1833 3866 memte.

130 3885 196 3947 sub
218 3883 342 3966 potenti
363 3879 461 3946 manu
483 3883 549 3946 Dei.
938 3892 996 3960 est,
1014 3886 1087 3968 plus
1108 3885 1289 3968 requiretur
1309 3884 1349 3948 ab
1371 3903 1418 3948 co.

167 3981 388 4046 consideratio
403 3999 479 4062 ergo
492 3979 732 4064 omnipotentie
746 3980 802 4043 Dei
818 3999 883 4044 cre
977 3984 1009 4046 Si
1022 3983 1119 4065 igitur
1130 3983 1170 4044 ab
1187 3982 1410 4065 Omnipotente
1423 3983 1640 4048 desideramus
1651 3985 1684 4049 in

129 4079 231 4144 atoris
246 4099 282 4143 ac
296 4079 415 4161 iudicis
435 4081 545 4154 nostri,
562 4081 601 4142 nd
616 4079 808 4162 profundam
824 4080 882 4141 bu·
938 4082 1121 4146 coelestibus
1143 4081 1286 4156 exultari,
1303 4089 1335 4143 et
1357 4101 1442 4144 nunc
1463 4100 1592 4166 quoque
1613 4083 1684 4165 ejus

129 4180 305 4243 militatem
319 4195 377 4242 nos
392 4177 488 4241 debet
504 4177 665 4241 inducere.
678 4179 795 4254 Primo,
807 4196 883 4262 quo·
936 4181 1045 4262 gratiis
1069 4179 1248 4263 adimpleri,
1269 4197 1332 4242 non
1356 4197 1517 4243 cessemus
1542 4199 1598 4244 nos
1624 4181 1684 4244 sub

128 4277 223 4342 niam
247 4277 483 4361 comparatione
506 4277 563 4339 Dei
587 4284 620 4340 et
642 4277 882 4360 omnipotentie
896 4279 921 4341 D
937 4278 1162 4361 Omnipotente
1189 4297 1275 4341 nunc
1305 4278 1486 4353 humiliare,
1512 4296 1570 4342 nos
1599 4280 1685 4363 ipsos

129 4378 218 4460 ejus,
239 4376 320 4438 nihil
339 4383 371 4438 et
389 4375 603 4439 infirmissimi
628 4395 751 4450 sumus,
772 4393 882 4459 quem·
937 4377 1113 4461 despicere,
1135 4377 1279 4460 proprias
1301 4375 1569 4453 defectuositates,
1590 4378 1685 4460 fragi-

11 4509 113 4549 tunn,
128 4475 309 4540 admodum
332 4474 498 4538 Psalmiste
521 4475 662 4558 loquitur
685 4476 749 4538 Deo
772 4492 779 4536 :
803 4473 882 4538 Sub·
938 4477 1052 4552 litates,
1078 4475 1222 4559 pericula
1246 4482 1277 4537 et
1301 4481 1432 4557 peccata
1456 4475 1627 4558 inspicere,
1651 4477 1685 4540 in

128 4575 252 4640 stantia
283 4593 354 4636 mea
383 4581 535 4656 tunquam
567 4575 706 4636 nibilum
737 4582 809 4637 unte
838 4582 879 4637 te.
936 4575 1174 4640 solaCreatoris
1192 4573 1411 4637 misericordia
1431 4574 1559 4637 infinita
1579 4595 1685 4658 spera·

128 4677 219 4739 Deus
239 4691 377 4756 namque
395 4673 428 4735 in
449 4673 616 4737 inlinitum
635 4675 760 4737 excedit
775 4693 882 4738 essen·
936 4694 981 4749 re,
998 4693 1137 4757 eumque
1158 4680 1275 4748 mente,
1292 4671 1400 4736 verbis
1418 4680 1513 4756 atque
1533 4674 1685 4756 operibus

127 4777 223 4848 tiam,
240 4772 407 4836 scientiam
425 4780 520 4856 atque
535 4773 710 4854 potentiam
730 4780 879 4838 nostram.
935 4773 1023 4838 omni
1045 4790 1119 4836 cum
1138 4771 1303 4854 diligentia
1323 4772 1488 4834 bonorare.
1505 4771 1576 4854 lpse
1597 4773 1683 4836 enim

128 4874 291 4948 Secundo,
314 4872 466 4955 qnoniam
491 4888 598 4935 coram
621 4872 731 4935 iudice
756 4889 882 4936 summo
936 4873 1041 4955 primo
1057 4871 1175 4952 Regum
1196 4877 1330 4932 testatur
1347 4869 1569 4954 :Quicumque
1589 4870 1684 4952 glori·
1700 4889 1830 4948 recenso.

130 4971 463 5053 metuendissimoque
491 4971 611 5053 jugiter
638 4971 840 5035 ambulamus
871 4988 878 5032 ε
935 4971 1082 5034 ficaverit
1103 4989 1165 5044 me,
1181 4968 1369 5051 glorificabo
1391 4987 1482 5049 eum3
1500 4969 1555 5051 qui
1576 4978 1684 5033 antem

11 5091 112 5144 erum
129 5072 229 5154 cnjus
249 5089 308 5133 nec
327 5069 567 5153 omnipotentie
591 5070 734 5134 valemus
759 5071 880 5133 resiste·
936 5075 1145 5133 contemnunt
1164 5086 1226 5141 mc,
1244 5073 1338 5130 erunt
1358 5067 1526 5149 ignobiles.
1542 5068 1622 5131 Hinc
1641 5069 1686 5132 ait

11 5153 113 5204 ’ΜΨ
129 5191 178 5246 re,
200 5187 262 5233 nec
281 5169 446 5252 sapientie
464 5169 668 5252 respondere,
689 5169 745 5254 qui
764 5178 795 5232 et
814 5187 880 5232 om·
934 5168 1123 5231 Ambrosius
1140 5185 1147 5228 :
1164 5166 1314 5248 Quisquis
1330 5167 1420 5249 cupit
1434 5167 1610 5229 divinitatis
1629 5168 1686 5230 ob·

11 5279 100 5332 otae.
128 5273 188 5336 nia
213 5271 311 5335 etiam
340 5269 475 5334 minima
499 5269 679 5333 certissime
707 5269 809 5334 noscit
835 5275 880 5331 at·
934 5268 1037 5331 tinere
1064 5266 1201 5348 fastigia,
1227 5265 1418 5328 humilitatis
1448 5266 1512 5328 ima
1536 5273 1683 5330 sectetur.

259 5405 293 5458 Τ.
311 5405 351 5459 30.
1529 5404 1560 5454 12
