4140 6258
421 477 481 543 ast
771 501 919 550 normias
939 503 960 548 x
980 503 1053 549 rosr
1073 503 1266 550 rnmrrsruu.
1287 522 1327 533 —
1348 505 1447 554 suarm
1467 504 1621 553 saturnus

423 689 519 753 quam
536 671 564 734 si
580 671 611 734 iu
629 672 774 736 mortalia
788 681 883 736 ruant
898 681 1036 757 peccata.
1053 675 1088 736 ln
1104 675 1209 757 qui-A
1225 674 1411 738 Ambrosius
1429 693 1435 738 :
1453 675 1611 739 Lacrimas
1629 675 1806 758 (inquiens)
1821 675 1888 738 Petri
1903 675 1932 738 le

424 767 484 830 bus
509 788 572 833 non
594 771 811 834 videturesse
833 772 1008 854 spiritualis
1030 771 1169 845 dilectio,
1223 791 1274 855 ge,
1292 774 1540 838 satisfactionem
1561 792 1626 838 non
1651 775 1730 856 lego.
1752 773 1885 836 lacrima
1902 774 1932 835 la·

424 886 483 930 nec
506 868 686 933 christianae
707 869 835 951 pietatis
855 870 1044 952 compassio,
1062 889 1170 953 quam·
1224 881 1298 934 vant
1312 873 1466 936 delictum
1481 875 1562 956 quod
1577 891 1655 938 voce
1670 873 1774 955 pudor
1788 872 1932 951 astetens,

424 966 472 1028 vis
488 965 530 1028 sit
545 966 577 1027 in
593 966 639 1028 eis
655 967 808 1031 naturalis
822 976 877 1030 aut
891 969 1016 1031 socialis
1036 985 1125 1032 amor
1139 976 1171 1031 et
1223 970 1362 1035 lacrima
1382 972 1508 1035 veniam
1524 991 1588 1035 non
1604 971 1777 1055 postulant,
1793 971 1842 1032 sed
1854 977 1933 1032 tamen

423 1065 521 1128 dolor.
546 1065 620 1128 ldeo
644 1065 785 1148 loquitur
806 1066 1002 1148 Augustinus
1025 1086 1032 1130 :
1056 1069 1170 1131 Annon
1224 1083 1293 1128 eam
1314 1073 1486 1129 merentur.
1504 1068 1550 1130 'fu
1570 1084 1646 1148 ergo
1665 1064 1813 1128 similiter
1827 1064 1934 1128 lacrimis

423 1172 499 1226 suut
523 1163 555 1227 in
577 1171 607 1226 te
629 1164 752 1227 viscera
775 1165 955 1230 christiana
980 1168 1117 1248 pietatis,
1135 1174 1170 1228 ut
1224 1165 1310 1227 dilue
1326 1165 1463 1247 culpam.
1481 1165 1558 1239 lmo,
1576 1165 1658 1228 sicut
1674 1163 1935 1245 testaturllierony·

423 1262 543 1325 defleas
572 1280 688 1345 corpus
712 1281 731 1325 a
753 1281 817 1345 quo
841 1265 972 1326 recessit
995 1266 1111 1339 anima,
1137 1274 1169 1329 et
1225 1283 1296 1325 mus
1318 1281 1325 1324 :
1348 1263 1452 1326 Oratio
1474 1264 1574 1326 Deum
1600 1263 1688 1336 lenit,
1712 1262 1839 1324 lacrima
1859 1262 1934 1343 eogit;

423 1378 487 1424 nou
509 1360 629 1425 defleas
647 1362 787 1425 animam
807 1381 825 1424 a
843 1381 905 1445 qua
926 1365 1056 1426 recessit
1074 1365 1167 1439 Deus,
1223 1362 1323 1425 oratio
1341 1361 1442 1444 ungit,
1460 1361 1590 1425 lacrima
1610 1361 1733 1444 pungit.

422 1459 483 1521 hoc
508 1466 556 1522 cst
578 1479 649 1542 quae
670 1461 815 1542 peccavit
837 1462 1039 1525 mortalitert
1060 1464 1104 1526 ux
1129 1465 1168 1526 iis
1264 1459 1408 1522 Secunda
1424 1459 1547 1541 species
1562 1460 1662 1522 sancti
1679 1459 1787 1522 luctus
1801 1465 1851 1531 est,
1860 1457 1936 1539 prori-

423 1559 623 1640 perpeudant
655 1566 798 1641 parentes
832 1579 872 1622 an
906 1560 1046 1624 sobolem
1080 1581 1169 1624 suam
1225 1557 1701 1639 morumpeocatadeflercllic
1717 1555 1936 1619 luctusveniter

424 1655 632 1738 spiritualiter
657 1657 802 1738 diligant,
828 1678 867 1720 an
897 1660 936 1722 de
965 1659 1107 1724 filiorum
1137 1669 1169 1724 et
1225 1655 1362 1718 fraterna
1383 1655 1513 1718 caritate
1538 1663 1569 1718 et
1589 1655 1717 1738 pietatis
1741 1655 1856 1718 intima
1875 1673 1937 1717 cou-

422 1753 565 1816 filiarum
599 1773 729 1817 suarum
764 1758 903 1838 peccatis
937 1760 1037 1840 magis
1070 1779 1166 1841 quam
1224 1755 1448 1836 passioueHoc
1459 1755 1553 1818 modo
1567 1755 1712 1817 homines
1723 1753 1847 1816 virtuosi
1860 1752 1939 1834 deplo

421 1851 460 1914 dc
476 1869 586 1914 eorum
602 1853 820 1934 corporalibus
840 1854 1165 1933 incommoditatibus,
1186 1859 1209 1920 B
1225 1860 1294 1914 rant
1313 1853 1439 1935 iniquos
1458 1871 1538 1935 quos
1558 1853 1705 1934 diligunt,
1722 1853 1808 1914 sicut
1824 1852 1851 1913 ln
1864 1851 1938 1913 veteri

421 1949 546 2012 damnis
563 1969 618 2013 seu
639 1951 893 2027 infirmitatibus,
910 1955 1145 2018 contristentur.
1181 2033 1184 2040 y
1223 1952 1423 2015 Testamento
1443 1951 1537 2013 multi
1552 1951 1657 2014 Sancti
1678 1949 1795 2014 fecisse
1812 1950 1938 2031 leguntur.
2035 1959 2036 2000 i

461 2048 615 2132 Denique,
641 2050 723 2113 sicut
744 2051 789 2114 ait
812 2051 1001 2127 Beruardus,
1024 2054 1166 2117 Christus
1222 2049 1492 2133 quemadmodum
1513 2049 1622 2112 Daniel
1643 2049 1755 2112 recitat
1770 2050 1808 2111 de
1822 2067 1852 2111 se
1869 2048 1938 2129 ipso:

422 2146 538 2227 legitur
561 2166 644 2229 saepe
668 2147 809 2224 flevisse,
835 2170 1000 2232 nunquam
1025 2170 1101 2214 vero
1125 2154 1166 2214 ri·
1221 2148 1313 2210 Posui
1328 2147 1461 2229 (inquit)
1476 2146 1590 2210 faciem
1614 2165 1717 2210 meam
1740 2147 1782 2209 ad
1803 2145 1938 2210 [lominum
1952 2166 2023 2207 mat

422 2243 511 2307 sisse.
528 2245 633 2308 Primo
654 2245 747 2309 flevit
769 2248 802 2309 in
823 2268 879 2310 sua
900 2249 1074 2324 nativitate,
1092 2251 1167 2332 quia
1222 2247 1323 2308 Deum
1340 2243 1941 2326 meum‚0rareetdeprecarieuminje
2036 2259 2037 2262 ¹

422 2349 499 2404 tunc
519 2344 674 2406 veraciter
693 2344 810 2426 frigore
827 2346 1042 2428 affligebatur,
1060 2349 1166 2411 statim
1221 2343 1313 2424 junio
1328 2349 1359 2404 et
1374 2360 1465 2405 sacco
1480 2351 1511 2405 et
1527 2342 1642 2406 cinere.
1653 2343 1785 2424 Legitur
1799 2359 1906 2425 quoque
1918 2341 1940 2401 iu

422 2459 521 2522 quum
543 2449 635 2503 natus
651 2441 774 2504 fuisset.
792 2443 936 2507 Secundo
953 2445 1044 2508 flevit
1059 2446 1091 2508 in
1111 2466 1168 2509 sna
1224 2441 1328 2523 primo
1343 2441 1425 2503 libro
1439 2441 1643 2522 Esdre,quod
1659 2460 1760 2523 quum
1779 2442 1841 2524 ipse
1855 2440 1942 2502 Fsdras
1958 2457 2020 2499 rra-t
2037 2416 2038 2482 l

423 2537 679 2613 circumcisione,
701 2540 733 2601 in
759 2560 821 2623 qua
846 2561 992 2623 magnam
1017 2545 1169 2607 sustinuit
1225 2539 1420 2621 percepisset
1435 2546 1564 2621 peccata
1583 2539 1694 2621 populi
1715 2539 1779 2614 sui,
1795 2525 1991 2621 planiore-²⁶
2037 2603 2038 2612 ,

274 2661 409 2712 ronnei.
423 2653 551 2720 poenam
561 2654 570 2716 ;
587 2638 690 2711 tertio,
707 2657 807 2719 quum
823 2641 1111 2723 appropinquasset
1126 2644 1168 2705 ci·
1225 2638 1332 2700 dolore
1350 2637 1444 2699 scidit
1460 2638 1649 2700 vestimenta
1664 2656 1732 2712 sua,
1742 2638 1908 2718 corruitque
1920 2636 1942 2697 ir

423 2735 512 2796 vitati
526 2735 712 2810 Jerusalem,
730 2736 812 2799 sicut
828 2737 861 2799 ln
876 2739 1040 2819 evangelio
1055 2741 1171 2821 legitur
1227 2742 1353 2808 terrem,
1372 2743 1403 2797 et
1417 2735 1510 2797 flevit
1526 2734 1707 2814 uberrime;
1723 2744 1756 2798 et
1771 2735 1847 2798 dixit
1861 2754 1867 2798 :
1881 2735 1944 2796 Dete

284 2832 595 2912 rann.1=,bodierno;
614 2842 738 2915 quarto,
760 2834 792 2896 in
815 2835 921 2898 Lazari
946 2838 1169 2918 suscitatione;
1226 2853 1328 2908 meus,
1352 2832 1531 2897 confundor
1556 2840 1587 2896 et
1614 2834 1772 2897 erubesco
1801 2834 1893 2897 levare
1913 2833 1944 2893 la·

275 2915 309 2955 ³⁵·
424 2931 548 3012 quinto,
574 2931 721 3012 passione
747 2933 895 3008 instante,
919 2937 1046 3016 quando
1071 2945 1105 2999 ut
1127 2939 1172 3000 ait
1227 2933 1308 2996 ciem
1339 2951 1442 2994 meam
1472 2933 1511 2994 ad
1541 2940 1582 3005 te,
1609 2933 1760 3014 quoniam
1793 2932 1944 3014 iniquitates

281 3045 409 3095 aetra-,a
425 3029 606 3111 Apostolus,
623 3049 696 3093 cum
712 3032 851 3095 clamore
867 3033 971 3096 valido
986 3043 1017 3096 ot
1033 3036 1173 3099 lacrimis
1188 3037 1209 3101 c
1228 3039 1342 3094 nostrae
1362 3029 1582 3112 multiplicata
1600 3037 1675 3092 sunt
1694 3049 1793 3113 super
1807 3037 1892 3112 caput
1907 3047 1946 3090 no·

426 3128 600 3192 orationem
616 3128 756 3192 offerens
771 3131 1039 3204 Patri,exauditus
1054 3143 1102 3197 est
1116 3154 1174 3217 pro
1228 3139 1340 3202 strum,
1357 3136 1389 3190 et
1410 3128 1526 3191 delicta
1549 3136 1656 3218 nostra
1681 3137 1846 3192 creverunt
1867 3145 1945 3209 usque
2039 3114 2040 3202 l

427 3245 485 3288 sua
500 3228 697 3308 reverentia;
713 3237 812 3302 sexto,
829 3229 861 3291 in
882 3231 950 3312 ipsa
965 3251 1022 3293 sua
1039 3232 1175 3295 acerbis·
1227 3228 1265 3290 ad
1283 3227 1410 3290 coelum.
1428 3226 1700 3300 Quemadmodum
1721 3228 1808 3290 enim
1827 3236 1947 3289 tenemur

428 3325 510 3387 sima
538 3325 696 3407 passione,
722 3326 754 3388 in
780 3346 843 3409 qua
873 3329 983 3411 utiquc
1013 3331 1174 3393 multoties
1229 3326 1389 3408 proximos
1410 3325 1543 3406 diligere
1564 3325 1647 3388 sicut
1666 3343 1724 3388 uos
1747 3324 1893 3409 ips0s,sic
1910 3341 2020 3392 careal

307 3451 352 3480 aaa
373 3451 405 3480 m
429 3421 532 3497 flevit,
549 3423 725 3505 praesertim
746 3425 778 3486 in
799 3445 856 3487 sua
870 3425 1094 3507 flagellatione,
1111 3430 1174 3510 spi·
1229 3425 1304 3487 ritas
1325 3424 1423 3505 erigit
1443 3430 1479 3485 ut
1493 3424 1532 3487 de
1552 3441 1662 3487 eorum
1683 3424 1779 3507 culpa
1797 3416 1978 3494 tristemur*-

430 3541 490 3584 nea
521 3522 723 3586 coronatione
754 3531 786 3586 et
815 3525 1035 3588 crucifixione.
1067 3528 1175 3610 ltaque
1230 3523 1323 3585 etde
1348 3538 1459 3583 eorum
1489 3521 1634 3603 profectu
1658 3529 1690 3584 et
1712 3521 1815 3603 gratia
1840 3519 1949 3604 gratule-

431 3620 546 3683 Cbristi
566 3622 724 3703 exemplo,
741 3623 902 3686 diseamus
918 3625 1071 3689 vanitates
1088 3635 1121 3688 et
1135 3627 1177 3690 le·
1230 3640 1312 3682 mer·
1328 3621 1555 3682 Verumtamen
1580 3619 1676 3682 fletus
1699 3621 1759 3684 isle
1778 3628 1890 3704 speclei
1907 3636 1949 3700 pe

430 3717 555 3793 vitatos,
572 3719 654 3782 risus
669 3727 701 3782 et
715 3720 951 3797 dissolutiones,
964 3722 1174 3806 ludosjmos,
1230 3719 1390 3782 tissimum
1406 3718 1445 3780 ed
1461 3718 1598 3781 aliorum
1614 3718 1759 3800 praelatos
1775 3727 1806 3781 et
1819 3725 1949 3801 panesa

431 3815 604 3879 cachinnos
628 3817 738 3890 vitare,
763 3828 858 3900 atque
886 3820 1056 3884 salubriter
1083 3822 1174 3898 flere,
1230 3817 1421 3899 superiores,
1438 3816 1690 3880 atsubditorum
1705 3823 1738 3878 et
1753 3816 1814 3879 sibi
1829 3815 1950 3880 marmis-

282 3931 336 3976 ιω.
347 3935 415 3984 aas.
432 3914 584 3995 quoniam
601 3914 669 3998 ipse
684 3917 870 3980 terribiliter
886 3919 1176 3985 comminatur:l'ae
1230 3934 1338 3979 sorum
1358 3915 1436 3978 vitia
1455 3915 1594 3996 lugeant,
1611 3932 1691 3997 quos
1711 3923 1776 3978 tam
1795 3914 1952 3998 specialiter

431 4013 523 4076 vobis
543 4013 598 4095 qui
622 4014 732 4077 ridetis
752 4035 848 4091 nunc,
865 4017 941 4098 quia
961 4018 1127 4100 plorabitis
1145 4028 1177 4082 et
1230 4015 1373 4096 diligere,
1390 4014 1561 4089 custodire,
1578 4013 1779 4078 considerare
1799 4023 1886 4096 atque
1907 4028 1952 4093 pro

283 4128 415 4181 narrata
431 4110 562 4173 flebitis.
581 4111 722 4174 Dulciter
736 4131 864 4195 quoque
879 4115 1049 4196 pollicetur
1065 4136 1072 4181 :
1089 4117 1175 4180 Beati
1230 4131 1323 4194 posse
1338 4131 1449 4174 curare
1463 4113 1885 4194 tenentur,quemadmodum
1896 4111 1954 4174 Pau·

430 4210 486 4292 qui
514 4210 632 4292 lugent,
654 4212 805 4292 quoniam
833 4212 894 4294 ipsi
916 4214 1173 4278 consolabuntur.
1191 4220 1216 4282 D
1231 4212 1280 4273 lus
1297 4211 1458 4293 apostolus
1473 4230 1507 4274 se
1522 4211 1637 4274 fecisse
1653 4211 1685 4274 in
1701 4213 1765 4274 suis
1780 4211 1890 4274 fatetur
1901 4208 1953 4289 epi·

469 4309 622 4373 Praeterea
636 4311 865 4373 advertendum
883 4319 915 4374 et
930 4312 1021 4375 valde
1041 4333 1175 4396 pensan·
1231 4312 1330 4376 stolis.
1348 4312 1436 4374 Unde
1456 4317 1487 4372 et
1506 4311 1545 4372 de
1558 4309 1634 4373 'vim
1654 4310 1854 4373 sanctissimo
1867 4307 1954 4371 attu-

430 4409 518 4481 dum,
535 4409 619 4490 quod
640 4409 748 4472 multas
768 4417 843 4472 suut
862 4411 984 4492 species
1007 4411 1175 4477 laudabilis
1231 4430 1311 4494 gone
1323 4409 1611 4491 Gratianopolitano
1625 4409 1736 4491 legitur
1748 4406 1952 4492 praesulequod

430 4505 544 4568 luctus.
562 4507 665 4569 Prima
684 4515 742 4583 est,
759 4509 888 4591 propria
908 4519 1036 4591 peccata
1052 4521 1087 4574 ut
1102 4522 1176 4576 sunt
1231 4512 1307 4573 dum
1329 4510 1499 4592 episcopus
1521 4507 1623 4570 factus
1642 4507 1765 4582 fuisset,
1783 4515 1887 4570 ettam
1905 4505 1953 4567 cle-

430 4604 486 4666 Del
507 4603 664 4667 offensiva
683 4606 812 4670 deflere.
837 4607 937 4689 llujus
958 4608 1061 4672 luctus
1084 4611 1174 4673 lacri-
1231 4631 1302 4674 rum
1323 4630 1418 4692 quarn
1441 4609 1596 4691 populum
1619 4608 1792 4671 invenisset
1813 4609 1953 4687 incompo-

431 4723 491 4766 mae
511 4703 658 4766 oriuntur
673 4723 710 4766 ex
731 4705 855 4768 interna
871 4707 1071 4784 contritione,
1089 4719 1175 4773 sunt·
1231 4709 1432 4781 sitissimum,
1449 4707 1613 4778 vitiosum,
1629 4714 1661 4768 et
1676 4707 1776 4789 quoad
1792 4705 1889 4771 divini
1902 4703 1953 4767 oul-

430 4819 493 4884 que
522 4801 658 4866 effeetus
687 4803 892 4885 poenitentiae.
918 4806 962 4867 De
985 4807 1102 4888 quibus
1131 4809 1175 4871 ait
1229 4817 1281 4871 tus
1295 4825 1391 4890 opera
1406 4823 1534 4888 prorsus
1549 4804 1868 4879 rudissimamdicac
1882 4809 1954 4864 noeto

295 4900 593 4972 r›=.oxo11,Psalmlsta
618 4917 626 4962 :
653 4902 763 4965 Exitus
791 4921 946 4984 aquarum
976 4905 1176 4970 deduxerunt
1230 4905 1429 4969 amarissime
1443 4903 1546 4976 flevit,
1563 4911 1594 4965 et
1609 4902 1718 4966 flendo
1732 4921 1789 4985 pro
1807 4903 1868 4966 illis
1885 4919 1954 4981 roga·

283 4981 328 5024 ¹³⁶·
429 5000 515 5063 ocull
540 4999 614 5074 mei,
640 5001 716 5083 quia
740 5019 803 5064 non
827 5002 1048 5066 custodierunt
1072 5005 1173 5086 legem
1230 5005 1276 5068 vit
1293 5023 1299 5066 :
1317 5024 1374 5087 per
1396 5003 1480 5086 quod
1506 5002 1538 5064 in
1563 5002 1654 5064 brevi
1677 5001 1846 5066 maximam
1870 5001 1951 5082 impe·

428 5108 525 5162 tuam.
538 5098 659 5172 Quanta
673 5106 778 5162 autem
795 5100 836 5162 sit
851 5102 899 5162 vis
916 5101 1118 5165 lacrimarum
1134 5105 1174 5168 is·
1229 5104 1324 5167 travit
1337 5103 1467 5184 gratiam
1483 5101 1619 5164 subditis
1634 5099 1815 5181 suislluJ'us
1829 5095 1952 5182 episcopi

428 5205 532 5259 tarum
547 5198 585 5259 ad
602 5197 838 5279 impetrandum
856 5199 1084 5280 indulgentiam
1102 5222 1173 5285 pec·
1228 5202 1361 5283 vestigia
1382 5201 1548 5262 imitentur
1570 5199 1703 5282 praelati.

428 5304 582 5372 catorum,
600 5295 665 5362 imo
684 5303 716 5359 et
729 5295 838 5378 gratias
858 5295 1064 5374 infusionem,
1081 5301 1173 5364 docet
1268 5300 1371 5364 Tertia
1385 5299 1508 5382 species
1523 5298 1599 5363 boni
1615 5299 1720 5362 luctus
1734 5305 1789 5372 est,
1807 5294 1952 5379 praesentis
