4192 6258
369 497 516 546 neutrum
537 499 591 544 xxi
612 498 685 546 rosr
704 497 898 544 mrurrarurr.
919 517 958 528 -
978 497 1153 547 mimano
1173 501 1206 548 ru
1226 501 1420 549 avarorum
1612 482 1669 546 illl

118 668 204 750 quod
225 667 355 750 regulus
374 667 494 751 aliquid
518 668 663 745 credidit,
680 668 803 732 scilicet
820 669 868 732 fe·
882 667 907 732 Α
922 671 1251 748 filiusajusviveret,
1267 671 1371 748 idest,
1389 671 1559 736 incolumis
1577 679 1669 736 esset.

118 785 191 828 sum
215 783 310 848 posse
334 785 445 830 curere
469 786 589 850 aegrum
614 767 725 848 illum;
746 767 867 850 aliquid
923 769 1038 833 Tribus
1053 771 1092 834 de
1107 771 1212 834 causis
1232 771 1371 836 ministri
1392 773 1445 835 isti
1464 791 1523 836 suo
1541 773 1672 836 domino

118 881 248 947 quoqne
262 881 327 928 non
343 865 489 940 credidit,
505 873 583 948 puta
597 866 682 948 quod
696 866 786 930 lesus
802 883 868 929 cor·
923 877 1133 932 occurrerunt
1155 887 1162 933 :
1182 871 1298 953 primo,
1317 879 1353 934 ut
1375 872 1497 934 bonum
1520 871 1671 935 nuntium

117 963 271 1046 poraliter
290 961 405 1026 absens
422 972 530 1047 posset
548 964 609 1027 hoc
628 963 742 1028 facere.
759 965 865 1040 Porro,
923 969 1131 1049 apportando,
1143 986 1218 1032 eum
1233 968 1434 1034 letificarent
1447 987 1544 1052 quem
1558 969 1672 1033 tristis·

117 1062 296 1124 seeundum
325 1062 549 1145 Theophilum,
575 1063 705 1145 regulus
734 1063 793 1126 iste
822 1063 868 1126 in·
924 1063 1043 1129 simum
1072 1073 1275 1149 putaverunt,
1300 1068 1411 1151 sicque
1436 1069 1599 1152 placerent
1626 1068 1670 1132 ei-

117 1158 232 1222 terfuit
254 1159 376 1242 nuptiis
395 1159 429 1223 in
448 1161 567 1243 quibus
587 1160 730 1225 Christus
751 1179 868 1244 aquam
923 1163 1015 1244 dem3
1040 1165 1191 1241 secundo,
1216 1172 1252 1228 ut
1274 1167 1440 1230 veritatem
1469 1167 1516 1232 rei
1541 1166 1671 1230 domino

118 1257 278 1320 convertit
302 1257 335 1320 in
358 1257 483 1333 vinum,
506 1258 578 1322 ideo
602 1259 737 1321 credidit
759 1258 868 1322 filium
923 1279 982 1324 sno
997 1261 1203 1340 insinuantes,
1211 1283 1285 1328 eum
1298 1264 1340 1327 ab
1356 1265 1479 1328 itineris
1493 1265 1672 1328 relevarent

118 1374 215 1419 suum
239 1373 333 1439 posse
357 1376 375 1420 a
397 1356 522 1422 Christo
546 1359 660 1422 curari.
682 1358 743 1421 Sed
767 1377 868 1441 quum
924 1359 1049 1440 labore;
1064 1361 1169 1437 tertio,
1195 1363 1371 1426 secundum
1395 1361 1572 1444 Origenem
1595 1381 1672 1445 quo

118 1454 241 1538 nuptiae
271 1454 333 1519 illae
362 1454 484 1519 fuerint
512 1474 691 1539 pauperum
719 1459 809 1537 (nam
837 1465 869 1520 et
923 1459 1009 1520 niam
1034 1457 1105 1522 filio
1125 1459 1191 1542 jam
1215 1467 1335 1537 sanato,
1356 1460 1512 1544 putabant
1534 1479 1671 1544 praesen-

6 1577 100 1624 nana.
117 1554 231 1616 vinum
252 1553 355 1616 defuit
374 1553 444 1635 ibi),
461 1554 591 1636 regulus
606 1573 681 1618 vero
698 1555 757 1618 iste
772 1556 869 1620 homo
922 1557 1000 1620 tiam
1025 1558 1140 1621 Christi
1166 1559 1375 1642 superfluam,
1401 1579 1498 1643 quem
1526 1578 1600 1624 oum
1625 1579 1672 1624 ro

118 1659 184 1714 tam
209 1661 323 1734 potens
346 1671 382 1715 ac
406 1652 535 1728 nobilis,
561 1671 625 1716 non
650 1653 777 1716 videtur
799 1654 870 1736 qui·
921 1656 996 1737 gulo
1019 1656 1220 1720 estimabant
1243 1666 1425 1721 venturum.
1447 1660 1671 1737 Interroqavit

117 1749 256 1812 busdam
276 1749 442 1833 probabile
458 1751 542 1833 quod
563 1750 632 1833 ipse
650 1751 796 1814 interfuit
810 1771 868 1815 nu·
923 1775 998 1832 erqo
1013 1755 1141 1836 regulus
1161 1758 1274 1817 boram
1293 1759 1398 1818 abeis
1418 1759 1453 1818 ia
1474 1778 1539 1836 qua
1554 1759 1671 1819 metius

117 1849 196 1931 ptiis
226 1849 300 1912 illis.
325 1848 433 1912 Nihilo
463 1850 570 1912 minus
600 1849 792 1913 miraculum
822 1850 867 1914 ibi
884 1852 908 1914 B
922 1854 1082 1914 babuerat
1097 1852 1185 1916 filius
1201 1873 1287 1917 suus.
1300 1855 1365 1918 Hoc
1381 1855 1537 1938 quesivit,
1554 1862 1590 1917 ut
1603 1874 1670 1919 cer·

115 1947 240 2010 factum
262 1949 365 2030 potuit
386 1948 578 2031 percepisse.
923 1950 985 2014 tior
1005 1951 1100 2014 fieret
1123 1953 1162 2015 de
1185 1954 1317 2016 veritate
1342 1953 1500 2029 miraculi,
1516 1961 1611 2036 atque
1636 1961 1671 2017 ut

157 2048 250 2108 Dicit
264 2050 309 2108 ad
322 2067 395 2108 eum
412 2052 545 2126 requtua
556 2067 567 2107 .·
576 2050 726 2118 Domine,
742 2051 870 2108 descen·
922 2049 1001 2112 alios
1015 2050 1178 2114 roboraret
1192 2052 1225 2114 in
1241 2051 1306 2114 fide
1321 2072 1416 2135 quam
1430 2052 1496 2134 jam
1514 2053 1581 2135 ipse
1597 2071 1671 2116 con·

116 2149 159 2206 de
174 2148 373 2226 priusquam
393 2147 560 2208 moriatur
578 2150 672 2225 filius
692 2167 792 2208 meus.
808 2148 869 2209 lm·
922 2149 1017 2230 cepit.
1041 2153 1085 2211 Et
1110 2152 1272 2212 dicerunt
1295 2153 1327 2210 ci
1348 2172 1359 2210 :
1383 2154 1468 2220 Quia
1491 2153 1566 2212 beri
1589 2153 1670 2213 doro

116 2242 275 2325 perfectio
292 2242 370 2305 fidei
390 2243 492 2324 reguli
513 2250 609 2326 petet,
626 2262 690 2307 non
711 2243 815 2307 solum
834 2244 868 2306 iu
923 2249 1058 2322 septima
1079 2250 1215 2326 reliquit
1234 2269 1306 2308 eum
1318 2250 1433 2326 febris,
1450 2250 1493 2310 ita
1512 2249 1598 2331 quod
1621 2267 1671 2310 su-

115 2341 179 2404 hoc
203 2341 287 2423 quod
310 2341 507 2424 corporalem
531 2342 647 2406 Christi
668 2343 868 2425 praesentiam
923 2343 990 2409 bito
1017 2364 1053 2408 ac
1083 2346 1225 2428 perfecte
1254 2347 1315 2409 fuit
1344 2354 1482 2420 sanatus,
1512 2345 1601 2408 nullo
1630 2346 1672 2408 si·

115 2439 255 2502 credidit
277 2440 500 2514 necessariam,
516 2441 571 2502 sed
592 2440 688 2503 etiam
708 2441 783 2522 quia
804 2458 868 2503 non
922 2460 986 2523 gno
1014 2443 1157 2525 pristina
1189 2443 1385 2508 infirmitatis
1415 2452 1588 2528 apparente
1616 2452 1671 2507 aut

112 2537 271 2619 cogitavit
284 2537 335 2600 vel
357 2539 493 2600 credidit
512 2539 597 2621 quod
612 2547 720 2621 posset
739 2539 870 2602 suscita·
923 2549 1108 2605 remanente
1127 2542 1160 2604 in
1180 2561 1219 2606 eo
1240 2561 1247 2606 z
1270 2545 1540 2625 quemadmodum
1560 2561 1670 2608 socrus
1683 2565 1818 2622 aarum,

115 2655 153 2698 re
167 2635 368 2698 defunctum.
384 2635 507 2719 Nempe
522 2637 569 2699 sic
583 2644 662 2712 orat,
675 2659 692 2696 r
706 2637 869 2700 Descende
921 2640 1005 2702 Petri
1024 2639 1222 2716 febricitans,
1241 2660 1261 2702 a
1279 2641 1401 2706 Christo
1421 2650 1540 2717 curata,
1562 2641 1669 2704 statim
1685 2631 1719 2679 ¹⁶¹
1729 2631 1763 2672 ¹⁵·

116 2734 308 2816 priusquam
335 2734 490 2796 moriatur
510 2733 599 2797 filius
620 2754 756 2810 meus»,
778 2735 868 2817 quasi
923 2739 1060 2800 surrexit
1089 2746 1121 2801 et
1155 2739 1349 2802 ministravit
1379 2740 1418 2801 ad
1447 2757 1602 2814 mensam,
1635 2748 1670 2802 ut

115 2838 212 2913 putet
232 2832 317 2914 quod
337 2839 511 2906 mortuum,
529 2833 625 2895 etiam
647 2833 869 2896 descendendo
923 2836 1007 2918 apud
1036 2837 1217 2900 lfatthaeum
1242 2836 1377 2899 babetur
1402 2855 1410 2900 τ
1431 2839 1515 2919 quod
1543 2845 1671 2901 natura-

112 2931 156 2992 ad
181 2948 267 3002 eum,
285 2931 438 2992 suscitare
459 2948 522 2993 non
542 2931 651 3013 possit.
669 2933 758 2994 Dicit
774 2933 806 2990 ei
818 2935 868 2992 Je-
923 2935 996 2996 liter
1029 2933 1102 2998 fieri
1134 2935 1256 3016 nequit,
1288 2936 1343 2998 sed
1376 2942 1488 2998 natura
1518 2936 1670 2999 reformat

112 3049 173 3088 sus
190 3048 202 3088 .·
227 3030 321 3098 Vade,
336 3030 430 3104 filius
450 3037 526 3088 tuus
545 3031 628 3090 vivit
647 3029 713 3092 vita
731 3029 866 3090 naturali
883 3028 905 3092 G
923 3031 1088 3114 paulatim.

111 3134 146 3188 et
174 3125 389 3200 convenienti,
407 3126 472 3189 imo
497 3133 528 3189 et
552 3126 617 3190 vita
640 3127 759 3208 gratian,
779 3127 870 3208 juxta
964 3133 1116 3208 Coqnocit
1131 3151 1207 3208 erqo
1218 3141 1327 3209 pater,
1344 3132 1376 3193 id
1392 3139 1440 3194 est
1454 3133 1583 3214 regulus
1599 3133 1669 3207 iste,

111 3225 240 3286 dictum
262 3241 444 3299 commune,
460 3225 537 3307 quia
556 3243 636 3307 quos
657 3225 799 3288 Christus
817 3243 869 3288 cu·
923 3229 1016 3309 cujus
1039 3229 1204 3310 proprium
1225 3247 1342 3292 nomen
1363 3248 1426 3293 uon
1447 3231 1577 3313 ponitur
1591 3231 1668 3294 bic:

110 3322 201 3386 ravit
221 3322 253 3384 in
275 3340 418 3404 corpore,
436 3323 559 3386 curavit
578 3331 610 3386 et
627 3331 743 3386 mente.
760 3325 869 3406 ltaque
923 3345 996 3388 nam
1017 3325 1146 3406 regulus
1165 3334 1213 3389 est
1234 3345 1351 3391 nomen
1373 3327 1476 3391 officii
1495 3334 1550 3392 aut
1569 3329 1671 3410 digni-

112 3421 232 3484 eodem
256 3427 419 3484 momento
439 3439 502 3503 quo
523 3421 622 3484 verba
645 3421 712 3485 haec
737 3422 869 3503 protulit
923 3425 1080 3496 tatis‚non
1097 3443 1256 3506 personae;
1273 3428 1352 3505 quia
1368 3428 1428 3486 illa
1442 3427 1670 3498 bora,soilicet

111 3519 274 3592 Christus,
296 3519 365 3603 ipse
389 3539 447 3582 sua
471 3520 580 3583 divina
603 3520 720 3583 virtute
746 3522 869 3584 sanavit
922 3524 1069 3606 septima,
1086 3534 1158 3585 erat
1179 3525 1215 3585 in
1237 3545 1302 3604 qua
1321 3527 1411 3586 dr'arit
1433 3527 1466 3585 ei
1482 3529 1575 3587 Jesus
1590 3546 1601 3585 .·
1615 3529 1671 3588 Fi-

110 3617 220 3699 regufi
236 3617 249 3679 f
252 3617 350 3679 flium.
359 3620 509 3679 Credidit
519 3621 611 3679 bomo
622 3621 765 3680 sermoni
773 3639 867 3698 quern
923 3624 988 3682 lius
1004 3631 1080 3682 tuus
1095 3623 1186 3684 vivit.
1205 3625 1249 3684 Εἰ
1263 3625 1406 3684 credidit
1426 3625 1493 3700 ipse
1508 3633 1538 3684 et
1557 3628 1670 3686 domus

108 3718 208 3775 dixit
233 3719 264 3776 ei
284 3719 388 3786 Iesus,
404 3725 434 3776 et
457 3719 524 3777 ibat
548 3717 587 3779 ad
611 3717 742 3780 domum
764 3737 864 3780 suam.
922 3721 994 3798 ejus
1009 3729 1087 3790 tota,
1099 3720 1130 3782 id
1146 3726 1204 3797 est,
1217 3727 1282 3783 tam
1297 3722 1366 3804 ipse
1381 3741 1477 3804 quam
1493 3740 1604 3786 omnes
1619 3724 1669 3786 sui

106 3814 185 3876 Jarn
211 3812 326 3876 merito
350 3813 479 3895 regulus
503 3815 683 3896 appellatur
706 3815 813 3890 bomo,
836 3816 867 3878 id
921 3818 1088 3880 domestici
1119 3819 1323 3882 crediderunt
1349 3821 1457 3882 lesum
1487 3839 1557 3884 esse
1582 3822 1670 3885 Chri-

107 3919 163 3974 est
185 3911 417 3974 rationabiliter
435 3929 542 3993 agens,
559 3912 636 3976 dum
656 3914 757 3976 credit
779 3914 866 3978 Chri·
922 3924 1006 3978 stum
1022 3916 1129 3979 filium
1146 3917 1211 3980 Dei.
1223 3918 1267 3980 Er
1283 3918 1536 3983 consideratione
1550 3919 1669 3983 etenim

107 4018 175 4084 sto,
194 4017 226 4073 et
239 4010 311 4074 voci
332 4009 403 4091 ejus
423 4009 541 4086 obedit,
558 4011 664 4074 eundo
683 4029 747 4074 non
763 4012 865 4074 solum
922 4014 1017 4088 lrorae,
1034 4024 1193 4078 noverunt
1214 4018 1299 4099 quod
1319 4018 1421 4092 lesus,
1438 4018 1534 4081 etiam
1560 4037 1669 4102 corpo-

106 4107 280 4189 gressibus
304 4107 457 4189 corporis,
484 4109 539 4171 sed
564 4116 595 4170 et
625 4110 740 4171 mentis
765 4110 867 4192 profe·
921 4113 1030 4176 raliter
1044 4113 1285 4197 absens,posset
1300 4117 1585 4198 supernaturaliter
1599 4135 1670 4198 ope-

107 4214 180 4281 ctu,
198 4205 239 4268 ab
256 4205 444 4288 imperfecta
463 4205 528 4270 fide
546 4208 584 4270 ad
605 4207 779 4290 perfectam
795 4226 865 4290 pro·
882 4217 906 4278 D
922 4212 983 4274 rari
1013 4220 1108 4294 atque
1138 4231 1260 4288 curare,
1286 4231 1348 4276 non
1380 4215 1666 4298 qualitercumque,

105 4305 241 4369 ficiens.
921 4310 973 4372 sed
989 4311 1258 4374 excellentissimo
1273 4313 1378 4386 modo,
1391 4320 1501 4395 utpote
1516 4313 1584 4375 solo
1598 4332 1667 4376 ver·

149 4407 229 4466 Jam
244 4414 353 4466 autem
368 4425 402 4466 eo
418 4407 638 4476 descendente,
655 4408 743 4467 servi
755 4427 865 4468 occacr-
920 4406 972 4481 bo,
989 4414 1070 4470 nutu
1089 4415 1184 4490 atque
1206 4409 1343 4491 imperio
1361 4427 1367 4471 :
1385 4410 1469 4492 quod
1492 4429 1580 4492 purae
1601 4428 1666 4473 non

105 4512 235 4564 rerunt
250 4505 293 4575 ci,
309 4513 339 4563 et
359 4505 599 4564 nuntiaverunt
615 4506 769 4575 dicentes,
785 4507 864 4584 quia
919 4507 1073 4589 competit
1094 4514 1254 4570 creeturae.
