4214 6254
313 849 757 976 DOMINICA
813 850 1494 978 aeternitatis

503 1517 841 1603 ENARRATIO
878 1517 937 1603 IN
977 1519 1304 1608 EPISTOLAM

592 1781 655 1828 vim
673 1781 784 1827 esrrua
799 1781 951 1830 nasama.
968 1767 1065 1848 Apus.
1078 1784 1118 1840 rv,
1132 1764 1211 1831 l-ltl.

199 2061 346 2126 Uon'tau
361 2058 456 2123 bodie
473 2059 504 2121 in
521 2057 674 2131 Ecclesia,
695 2077 828 2122 summae
843 2063 914 2126 etA
931 2061 983 2135 lat,
1000 2062 1134 2125 dicendo
1151 2083 1158 2127 :
1176 2063 1286 2126 Simile
1305 2074 1353 2128 est
1368 2085 1500 2148 regnum
1521 2069 1674 2135 coelorum
1690 2096 1823 2148 nerim,

213 2154 546 2240 supergloriosissimae
561 2153 723 2216 Trinitatis
740 2153 875 2218 solenni·
930 2179 1052 2242 sagenae
1069 2161 1172 2224 missae
1188 2163 1220 2224 in
1238 2181 1334 2238 mare,
1352 2171 1383 2226 et
1397 2183 1436 2226 er
1450 2167 1538 2229 omni
1557 2187 1674 2250 genere
1688 2161 1722 2202 ⁴⁷·

129 2267 174 2320 tas
195 2258 311 2338 agitur,
328 2261 412 2317 recte
433 2251 526 2315 lectio
548 2252 607 2314 ista
627 2271 665 2314 ex
685 2251 874 2334 Apocalypsi
930 2259 1066 2340 piscium
1089 2261 1309 2342 congreganti3
1329 2269 1361 2325 et
1383 2263 1469 2338 item,
1491 2266 1602 2329 Simile
1625 2277 1674 2330 est
1699 2295 1758 2339 rare,
1771 2307 1822 2346 m,

128 2363 263 2438 sumpta,
285 2353 355 2416 loco
375 2351 517 2434 epistolae
540 2350 665 2431 legitur,
687 2351 762 2433 quia
784 2350 817 2412 in
838 2367 876 2412 ea
931 2375 1063 2437 regnum
1086 2358 1239 2421 coelorum
1261 2359 1371 2424 decem
1395 2362 1585 2444 virginibus,
1602 2386 1677 2448 qua.
1691 2361 1742 2410 tt·

127 2454 293 2518 adorandae
318 2451 480 2515 Trinitatis
509 2450 695 2532 mysterium
725 2449 873 2531 tangitur.
931 2473 1001 2516 rum
1023 2455 1166 2538 quinque
1187 2457 1292 2520 stulta
1313 2458 1453 2522 luerunt.

127 2554 177 2614 Ait
194 2569 271 2634 ergo
288 2552 424 2615 loannes
445 2548 608 2632 apostolus
626 2568 632 2612 :
651 2551 736 2618 Vidi,
752 2547 875 2610 visione
970 2552 1077 2634 Aliqui
1093 2555 1304 2630 veredicum,
1320 2558 1554 2639 quodloannes
1569 2562 1601 2624 in
1618 2563 1679 2627 isto

127 2650 360 2734 imaginariae
375 2647 594 2722 intellectuali,
610 2647 720 2729 quales
734 2663 875 2709 commu·
932 2651 1001 2714 loco
1022 2651 1175 2714 describit
1198 2654 1396 2734 majestatem
1421 2657 1486 2720 bei.
1511 2658 1549 2720 Et
1574 2661 1678 2742 primo

126 2750 208 2811 niter
236 2749 369 2812 luerunt
401 2746 595 2830 prophetiam
623 2745 772 2808 visiones.
804 2743 875 2806 llaec
931 2750 1084 2813 describit
1111 2751 1309 2833 majestatem
1335 2754 1436 2837 ipsius
1460 2766 1616 2840 quantum
1637 2762 1675 2824 ad

126 2866 198 2929 ergo
220 2847 305 2910 visio
329 2845 517 2928 imaginaria
541 2844 611 2918 luit,
632 2844 709 2927 quia
732 2863 789 2926 per
811 2860 876 2906 cor·
931 2849 1138 2913 eminentiam
1163 2851 1267 2914 throni
1295 2871 1351 2915 seu
1377 2852 1436 2916 loci
1461 2875 1526 2938 quo
1550 2858 1675 2922 residet.

127 2946 284 3028 paralium
302 2963 409 3008 rerum
428 2943 631 3026 imaginarias
645 2961 681 3006 ac
698 2941 876 3006 materiales
932 2947 1047 3029 sicque
1063 2967 1120 3030 per
1134 2948 1232 3011 verba
1246 2950 1324 3025 baec,
1343 2973 1360 3010 α
1375 2953 1441 3014 vidi
1456 2955 1573 3017 ostium
1588 2976 1677 3040 aper·

127 3045 242 3108 [Ormas
262 3062 319 3106 8⁰1¹
338 3043 472 3126 speeies,
491 3041 523 3104 in
544 3041 686 3104 interimi
708 3059 803 3104 sensu
822 3058 876 3102 811·
934 3054 1000 3108 tum
1017 3067 1045 3121 u,
1063 3047 1155 3109 datur
1175 3047 1320 3131 intelligi,
1339 3051 1424 3132 quod
1444 3052 1555 3116 Joanni
1577 3055 1609 3116 in
1632 3055 1678 3118 vi·

125 3145 225 3225 gelieo
248 3143 428 3208 ministerio
447 3142 609 3216 formatas,
627 3141 735 3204 fiebat.
752 3141 824 3203 Fuit
845 3147 877 3202 et
932 3144 1020 3207 sione
1052 3145 1239 3228 imaginaria
1267 3147 1441 3230 apparebat
1468 3153 1553 3233 quod
1580 3153 1678 3233 janua

127 3241 362 3316 intellectualis,
379 3241 454 3324 quia
469 3260 527 3323 per
540 3239 807 3303 illuminationem
823 3257 876 3300 an·
893 3245 916 3308 B
932 3243 1077 3324 quaedam
1089 3243 1266 3326 aperiretur
1278 3245 1309 3307 in
1320 3247 1452 3322 caelent
1464 3249 1526 3312 sibi
1538 3251 1678 3334 omnipo

126 3342 259 3422 galleam
282 3340 440 3404 intellexit
452 3341 588 3404 loannes
607 3339 685 3421 quid
707 3339 768 3402 illae
788 3337 876 3400 simi·
931 3343 1028 3403 tentis
1048 3341 1103 3404 bei
1123 3343 1343 3406 ostenderetur
1362 3345 1510 3427 majestas
1530 3349 1591 3412 snb
1611 3367 1678 3414 cor·

128 3439 278 3502 litudines
304 3438 507 3519 designarent
533 3457 540 3502 :
566 3437 643 3500 alias
672 3454 735 3500 non
763 3435 877 3498 luisset
932 3439 1089 3523 paralium
1105 3440 1372 3506 similitudinibus
1393 3463 1511 3520 rerum,
1527 3455 1622 3531 atque
1638 3449 1677 3512 ad

9 3539 292 3620 nii.1,1,propbcta‚
309 3537 385 3619 quia
405 3545 440 3598 ut
457 3537 490 3599 in
506 3535 634 3599 Daniele
650 3534 811 3610 scribitur,
828 3535 876 3596 ln·
932 3538 1131 3601 innuendum
1146 3539 1230 3621 quod
1245 3540 1383 3623 desuper
1401 3543 1462 3606 sibi
1483 3547 1679 3610 revelaretur

127 3635 304 3717 telligentia
324 3642 372 3698 est
391 3654 484 3718 opus,
506 3635 538 3696 id
558 3641 607 3698 est
631 3633 821 3717 principale,
843 3633 875 3695 in
932 3644 1030 3700 status
1046 3637 1213 3700 militantis
1227 3637 1386 3703 Ecclesiae.
1398 3642 1490 3705 Juxta
1504 3661 1600 3725 quem
1617 3663 1679 3710 mo

127 3734 258 3798 visione.
288 3735 396 3816 ltaque
424 3733 491 3796 vidi
519 3735 639 3794 ostr‘um
663 3742 814 3808 apertam
840 3734 876 3792 in
932 3737 1008 3797 dum
1034 3736 1066 3796 in
1092 3735 1255 3800 Ezechiele
1280 3736 1415 3800 babetur
1438 3757 1445 3802 ε
1470 3741 1580 3823 dperti
1604 3752 1824 3824 suntsmv,.‚v,

126 3839 210 3896 coelo.
228 3835 289 3898 Per
307 3833 424 3896 ostium
449 3831 645 3914 expositores
663 3831 877 3894 communiter
932 3833 1016 3906 coeli,
1043 3841 1076 3895 et
1099 3833 1165 3896 vidi
1191 3835 1330 3898 visiones
1355 3837 1421 3900 Dei.
1446 3838 1483 3900 Et
1508 3839 1540 3901 in
1564 3842 1677 3906 eodem

9 3933 311 4015 uii.1,s.intclligunt
335 3931 508 4005 Christum,
532 3930 587 4012 qui
611 3930 655 3992 ait
681 3947 688 3991 :
715 3929 780 4010 Ego
803 3948 875 3992 sum
932 3931 1073 4014 capitulo
1092 3932 1284 3996 describitur
1302 3934 1435 3999 thronus
1455 3957 1551 4020 supra
1571 3939 1678 4004 iirma·
1706 3959 1810 4006 remae.

126 4033 241 4095 ostium
266 4032 392 4111 ovium3
413 4049 471 4114 per
493 4047 544 4092 me
565 4028 591 4092 si
612 4028 684 4111 quis
707 4027 874 4103 introierit,
932 4037 1087 4106 mentum,
1105 4037 1136 4093 et
1151 4049 1248 4113 super
1262 4031 1505 4098 similitudinem
1521 4037 1627 4102 threni
1642 4040 1681 4104 si-

127 4131 310 4194 salvabitur.
332 4129 420 4204 Quod
444 4137 591 4212 apertum
615 4127 779 4202 asseritur,
801 4145 876 4210 quo
931 4128 1077 4192 militude
1092 4129 1182 4211 quasi
1197 4130 1365 4213 adspectus
1380 4132 1519 4198 bominis
1534 4137 1678 4222 desuper.

126 4230 210 4292 niam
226 4229 372 4292 Christus
387 4228 531 4291 notitiam
548 4226 596 4289 sui
612 4226 733 4310 aperuit
748 4227 874 4301 mundo,
931 4227 989 4289 Per
1013 4228 1098 4310 quod
1123 4229 1206 4291 Deus
1230 4229 1405 4294 altissimus
1429 4234 1579 4298 omnibus
1604 4257 1681 4320 praa

126 4335 156 4390 et
170 4346 228 4391 suo
243 4345 300 4391 ore
315 4333 425 4410 aperto
439 4326 547 4389 docuit
562 4344 619 4408 per
639 4345 672 4388 se
693 4325 798 4408 ipsum
820 4325 876 4388 bo·
932 4326 1038 4388 sidens
1068 4327 1263 4408 designatur,
1292 4329 1375 4391 sicut
1403 4329 1523 4394 ibidem
1552 4334 1681 4416 plenius

13 4443 62 4488 uu.
75 4460 113 4500 m,
128 4427 237 4488 mines.
256 4427 292 4488 ln
315 4424 462 4508 passione
481 4441 608 4507 quoque
630 4443 713 4486 unus
735 4423 875 4487 militum
892 4427 914 4490 C
932 4425 1056 4507 scripsi.

9 4509 26 4550 ⁴·
128 4525 234 4588 lancea
259 4524 342 4587 latus
367 4523 437 4604 ejus
461 4522 595 4605 aperuit.
619 4523 763 4604 Insuper,
789 4522 875 4585 Chri·
971 4527 1015 4586 Et
1037 4545 1099 4584 voa
1115 4527 1230 4602 prima
1253 4546 1351 4605 quam
1375 4531 1503 4600 audiui,
1524 4540 1682 4613 tanquam

127 4631 191 4686 stus
212 4621 365 4686 omnibus
384 4622 423 4685 ad
444 4640 477 4684 se
493 4619 697 4683 venientibus
716 4621 874 4702 gremium
933 4625 1016 4683 lubre
1041 4627 1203 4702 loquentis
1225 4644 1361 4696 mecum,
1377 4628 1488 4688 dicens
1505 4650 1517 4688 :
1535 4633 1682 4694 Ascende

127 4721 220 4784 oiiert
234 4720 425 4794 clementiae,
435 4728 467 4782 et
482 4720 708 4782 misericordiae
723 4740 788 4784 susa
802 4740 875 4802 ape·
932 4723 1006 4792 buc,
1032 4731 1062 4782 et
1087 4725 1250 4782 ostendam
1277 4725 1339 4782 tibi
1361 4745 1434 4803 quw
1457 4738 1582 4804 oportet
1603 4733 1683 4807 fieri

76 4853 113 4892 .ιι,
128 4821 166 4882 rit
186 4820 331 4902 januam,
357 4819 533 4881 secundum
557 4817 642 4900 qnod
665 4819 709 4880 ait
733 4835 739 4880 :
763 4818 873 4881 l'enite
931 4821 995 4879 cito
1014 4829 1086 4896 post
1107 4821 1184 4880 koec.
1201 4819 1259 4882 Per
1278 4839 1390 4885 vocem
1412 4823 1504 4886 istam
1526 4817 1677 4904 tubalem,

20 4931 26 4942 ·
128 4920 163 4980 ad
189 4939 251 4992 me,
278 4936 390 4982 ornnes
419 4917 475 4999 qni
504 4916 669 4996 laboratis;
695 4925 726 4978 et
751 4935 871 4990 rursus,
931 4937 1001 4999 quae
1031 4919 1133 5001 prima
1164 4918 1224 4980 luit
1250 4919 1282 4981 in
1308 4921 1430 4984 visione
1455 4923 1524 4998 bac,
1548 4927 1678 5008 quidam

22 5046 45 5076 aa
76 5067 80 5078 .
128 5017 204 5080 llum
225 5017 282 5101 qni
299 5017 387 5080 venit
406 5015 444 5078 ad
467 5034 528 5090 me,
546 5033 608 5078 non
629 5015 757 5096 ejiciam
778 5015 870 5078 ieras.
931 5017 1113 5098 intelligunt
1127 5025 1218 5080 vetus
1233 5018 1470 5084 Testamentum
1490 5042 1547 5086 seu
1565 5025 1679 5090 doctri-

22 5125 27 5135 “
127 5117 188 5180 lloc
202 5118 321 5180 ostium
342 5123 488 5197 apertum
507 5122 555 5176 est
572 5114 604 5176 in
620 5113 712 5188 coelo,
729 5114 823 5177 idest
839 5115 871 5178 in
929 5134 1003 5177 nam
1026 5116 1257 5198 propheticam,
1275 5137 1372 5200 quarn
1394 5139 1452 5202 per
1472 5121 1678 5189 illuminatio·

127 5215 274 5279 militanti
291 5214 442 5289 Ecclesia,
455 5231 551 5295 quam
567 5212 709 5276 Christus
726 5213 759 5275 in
774 5212 872 5277 Evan·
929 5233 1002 5276 nem
1018 5233 1189 5297 supernam
1205 5217 1328 5279 audivit
1344 5217 1487 5282 interiori
1502 5223 1612 5285 auditu
1627 5226 1677 5289 lo-

126 5315 207 5396 gelio
224 5315 411 5399 frequenter
432 5331 567 5396 regnum
589 5313 742 5376 coelorum
763 5314 871 5396 appel·
927 5331 1111 5396 annesquaa
1123 5315 1287 5378 admonuit
1298 5335 1371 5382 eum
1384 5321 1554 5384 ascendere
1569 5321 1677 5400 buc,id
