4154 6258
97 954 102 963 .
161 841 578 966 DOMINICA
624 839 780 964 XVI
829 839 1040 962 POST
1087 840 1610 968 TRINITATEM

751 1163 1029 1178 *nn—

530 1519 835 1606 ENARRATIO
867 1519 922 1606 IN
954 1519 1248 1607 EPISTOLAM

340 1785 473 1834 oesacno
494 1785 549 1832 vos
570 1786 611 1832 rra
632 1785 803 1832 nnrrcrarrs
825 1785 857 1831 rrt
877 1785 1147 1833 mraunarronmus
1169 1787 1240 1833 nors
1261 1787 1318 1834 rao
1339 1788 1436 1834 voars.

735 1866 850 1948 Ephes.
872 1883 918 1940 ιιι,
939 1865 1042 1930 13-21.
1161 1867 1174 1892 ⁰

183 2161 406 2226 POSTOLUS
431 2161 464 2223 in
489 2159 637 2242 prasenti
665 2159 800 2242 epistola
822 2159 862 2223 ad
878 2161 904 2226 Α
919 2161 952 2223 in
968 2169 1079 2226 natura
1098 2163 1248 2240 similem,
1265 2165 1431 2228 sedetiam
1450 2166 1512 2229 sibi
1528 2167 1662 2230 consub-

190 2261 375 2344 patientiam
389 2267 482 2342 atque
498 2259 705 2321 constantiam
720 2274 778 2320 nos
793 2258 863 2320 bor·
918 2260 1116 2342 stantialern3
1132 2263 1246 2325 ceteris
1261 2281 1337 2326 vero
1356 2265 1504 2327 convenit
1524 2266 1662 2347 paterni·

111 2368 207 2436 tatur,
232 2360 368 2422 dicendo
388 2378 395 2422 :
419 2360 551 2422 Obsecro
576 2376 641 2427 vos,
668 2357 699 2418 id
723 2363 781 2430 est,
804 2374 862 2438 per
917 2365 964 2420 tas
987 2377 1044 2440 per
1064 2359 1204 2442 aliquam
1229 2361 1441 2425 imitationem
1463 2364 1662 2446 paternitatis

110 2477 201 2522 sacra
225 2475 301 2540 rogo
325 2456 379 2536 (de
403 2455 622 2519 obsecratione
646 2453 725 2537 quid
753 2453 804 2529 sit,
830 2461 862 2516 et
917 2456 1043 2520 dirinae.
1062 2457 1107 2520 Ex
1127 2459 1287 2540 predictis
1306 2479 1382 2524 vero
1401 2462 1579 2544 putandum
1598 2481 1663 2526 non

110 2558 149 2620 de
165 2556 344 2620 eminentia
363 2572 399 2617 ac
419 2553 566 2618 efficacia
585 2553 666 2634 ojus,
683 2552 768 2615 dicta
788 2559 862 2615 sunt
917 2562 965 2618 est
986 2557 1071 2638 quod
1093 2556 1127 2618 in
1148 2557 1269 2639 angelis
1291 2559 1332 2620 sit
1350 2560 1479 2641 proprie
1500 2560 1585 2624 dicta
1607 2581 1663 2644 pa·

111 2655 216 2718 multa
241 2656 274 2718 in
300 2653 499 2737 expositione
527 2651 669 2734 epistolae
693 2651 862 2716 dominium
916 2655 1059 2730 temitas,
1072 2655 1115 2718 ita
1130 2656 1215 2738 quod
1231 2675 1314 2719 unus
1328 2657 1459 2738 angelus
1474 2657 1573 2721 aliurn
1589 2678 1664 2723 rere

6 2773 97 2826 tritu,
111 2754 261 2817 secundm
281 2760 353 2835 post
373 2752 571 2815 nativitatem
592 2749 733 2830 Christi),
750 2769 790 2810 ne
811 2754 862 2810 de·
917 2753 1120 2835 produxerit;
1137 2761 1307 2817 esttamen
1328 2757 1360 2817 in
1380 2756 1426 2817 eis
1447 2757 1591 2838 quadam
1611 2777 1664 2840 pa-

7 2841 47 2882 ¹⁴²·
109 2855 246 2931 ficiatis,
263 2851 296 2914 id
311 2860 369 2926 est,
382 2870 423 2914 ne
438 2869 496 2933 per
512 2847 861 2932 impatientiampusil-
917 2852 1059 2926 territas,
1075 2872 1138 2935 qua
1154 2853 1335 2935 superiores
1355 2853 1542 2918 inferiorum
1558 2865 1663 2939 patres

111 2951 325 3013 lanimitatem
346 2950 517 3014 taediumve
538 2947 740 3030 frangamini,
757 2965 861 3028 neque
916 2950 1074 3013 dicuntur.
1097 2954 1137 3014 Ut
1151 2955 1205 3012 det
1225 2953 1312 3012 vobis
1331 2957 1508 3014 secuudum
1527 2957 1664 3016 divitias

109 3050 230 3114 abono
246 3067 341 3132 opere
356 3048 528 3121 desistatis,
540 3049 577 3108 tn
593 3046 863 3108 'tribulationibus
912 3049 1031 3125 plorioe
1049 3068 1127 3119 suoe,
1143 3049 1175 3111 id
1196 3055 1243 3112 est
1263 3051 1440 3114 secundum
1462 3051 1664 3134 opulentissi-

109 3151 204 3218 meis,
220 3148 281 3211 boc
301 3155 348 3210 est
363 3167 402 3210 ex
417 3145 671 3210 consideratione
691 3144 861 3208 adversita·
916 3163 1001 3206 mam
1031 3145 1266 3227 plenitudinem
1296 3167 1361 3211 suae
1385 3148 1590 3231 perfectionis
1617 3150 1664 3212 in·

108 3255 178 3309 turn
201 3255 234 3308 et
252 3246 496 3309 tribulationum
517 3263 596 3326 quas
616 3244 719 3326 patior
733 3263 797 3320 pro
812 3264 862 3304 oo·
917 3251 1040 3319 creatae,
1057 3243 1208 3307 videlicet
1224 3253 1319 3328 prout
1333 3246 1530 3328 opulentiam
1544 3265 1580 3310 ac
1595 3267 1664 3310 mu·

109 3347 169 3416 bis,
196 3345 230 3407 id
255 3350 303 3408 est
326 3344 365 3406 ad
389 3351 528 3406 vestram
553 3341 800 3406 edificationem
824 3359 861 3404 ac
878 3342 901 3406 Β
916 3341 1116 3405 nificentiam
1135 3341 1206 3423 ejus
1226 3344 1328 3420 decet,
1346 3362 1410 3407 non
1425 3352 1530 3408 umen
1552 3365 1664 3409 secun-

107 3443 351 3525 probationem3
362 3440 424 3515 val,
437 3462 454 3500 u
469 3459 528 3522 pro
542 3438 635 3503 vobis
651 3461 680 3514 a,
694 3439 725 3501 id
740 3448 788 3502 est
803 3457 861 3522 pro
916 3441 993 3503 dum
1008 3448 1187 3504 extremum
1208 3459 1302 3523 posse
1318 3443 1557 3525 omnipotentiae
1573 3464 1638 3509 suaa
1655 3463 1662 3508 :

107 3541 337 3623 predicatione
368 3537 560 3620 evangelica
589 3537 732 3601 veritatis
764 3555 861 3619 quarn
916 3541 1000 3602 unde
1031 3539 1151 3602 divitiae
1179 3538 1289 3620 gloriae
1312 3539 1379 3616 Dei,
1405 3548 1479 3604 sunt
1508 3543 1665 3608 immensa

107 3647 243 3721 propter
256 3655 313 3702 vos
332 3638 434 3717 faeio;
450 3657 523 3717 quoe
538 3655 588 3699 res
610 3655 666 3699 seu
684 3635 862 3699 constantia
915 3636 1071 3719 perfectio
1091 3643 1186 3719 atque
1208 3635 1344 3702 felicitas
1369 3639 1439 3720 ejus
1464 3641 1592 3723 penitus
1617 3643 1664 3704 in·

107 3748 154 3798 est
172 3740 287 3816 ploria
308 3746 427 3807 uestra,
449 3735 481 3798 id
503 3743 553 3798 est
573 3735 747 3817 gloriosum
769 3735 862 3797 meri·
915 3735 1028 3816 finita;
1049 3738 1206 3796 uirtutem
1220 3739 1440 3808 corroborari,
1456 3738 1488 3799 id
1508 3746 1556 3802 est
1576 3739 1664 3802 forti·

107 3843 177 3898 tum
203 3843 357 3899 vestrum.
385 3834 476 3898 Circa
500 3833 635 3897 verbum
660 3834 745 3896 istud
769 3832 862 3915 plura
915 3833 1060 3895 tudinem
1082 3833 1198 3896 mentis
1215 3852 1277 3916 qua
1295 3834 1500 3912 roboremini,
1513 3840 1665 3915 perSpi-

106 3941 216 3998 essent
232 3935 377 4010 dicenda,
394 3932 567 4015 dequibus
583 3933 616 3995 in
632 3938 860 3995 sermonetan-
916 3935 1019 3993 ritum
1043 3933 1126 4010 ejus,
1149 3932 1180 3994 id
1205 3939 1253 3994 est
1274 3952 1292 3995 a
1316 3933 1436 4015 Spiritu
1461 3935 1586 4011 Sancto,
1608 3956 1666 4020 per

107 4041 213 4114 getur.
916 4030 1157 4115 inspirationem
1187 4039 1220 4095 et
1247 4034 1420 4098 motionem
1451 4035 1552 4118 ipsius
1583 4055 1590 4100 :
1621 4039 1665 4101 ita

94 4127 97 4134 ’
146 4133 264 4210 Hujus
285 4133 337 4192 rei
353 4133 480 4209 pratia,
501 4138 621 4213 utpote,
643 4137 678 4192 ut
700 4147 764 4192 non
784 4127 862 4191 defi·
915 4130 999 4212 quod
1021 4129 1158 4212 Spiritus
1179 4130 1312 4194 Sanctus
1335 4139 1383 4194 est
1401 4151 1495 4195 cansa
1515 4134 1663 4200 efficiens

106 4231 202 4293 oiatis
219 4229 337 4292 abono
351 4237 482 4312 propter
495 4229 638 4301 adversa,
648 4231 741 4304 flecto
752 4247 861 4306 penca
914 4228 1012 4308 hujus
1034 4228 1179 4309 gratiosae
1204 4228 1462 4310 confortationis;
1483 4231 1583 4294 virtus
1607 4253 1662 4296 eu-

104 4350 192 4400 mea,
210 4328 243 4390 id
259 4334 319 4401 est,
330 4345 404 4389 cum
419 4325 645 4408 genuflexione
659 4343 726 4400 oro,
738 4329 782 4386 ad
795 4329 861 4387 Pa-
914 4334 978 4388 tem
996 4326 1101 4388 inlusa
1116 4333 1164 4388 est
1179 4345 1274 4389 causa
1288 4326 1432 4390 formalis
1447 4329 1558 4410 ipsius.
1572 4331 1660 4394 Unde

105 4438 192 4488 trem
217 4427 355 4490 Domini
378 4427 485 4486 nostri
502 4427 578 4486 lesu
600 4425 736 4494 Christi,
757 4423 788 4486 id
812 4431 860 4485 est
914 4425 953 4485 ad
977 4423 1124 4486 Hebraeos
1148 4425 1303 4506 scriptum
1328 4431 1403 4490 est:
1425 4425 1588 4508 Optimum
1612 4437 1660 4492 est
1683 4451 1806 4506 uuam.

104 4527 211 4589 Deum
228 4526 351 4587 Patrem
372 4531 538 4597 aeternum,
554 4541 572 4584 a
592 4541 655 4604 quo
674 4532 791 4586 aterna
810 4540 860 4602 ge·
875 4529 897 4592 G
914 4522 1013 4604 gretie
1033 4521 1168 4584 stabiliri
1185 4539 1247 4585 cor.
1264 4522 1336 4586 Hac
1350 4530 1457 4585 autem
1473 4532 1521 4588 est
1535 4526 1659 4590 conior·
1674 4516 1694 4557 ⁹·

104 4625 275 4688 neratione
291 4622 477 4704 Unigenitus
493 4621 563 4702 ejus
579 4621 729 4695 manavit,
741 4641 782 4680 eu
797 4643 859 4700 quo
915 4621 991 4683 tatio
1011 4619 1186 4702 spiritualis
1208 4629 1317 4683 contra
1340 4630 1470 4704 peccata
1487 4642 1524 4686 ac
1546 4625 1660 4690 darno

103 4725 216 4784 omnia
232 4723 420 4798 paternitas
440 4721 477 4780 in
494 4721 582 4780 caelr's
597 4729 627 4779 et
642 4721 679 4779 irr-
696 4729 786 4780 terra
805 4739 858 4780 rto-
914 4739 992 4782 num
1017 4726 1221 4781 tentamenta.
1245 4719 1319 4782 ldeo
1340 4719 1498 4796 subditur,
1521 4725 1556 4784 in
1580 4726 1660 4787 inte·

105 4824 276 4890 minatur,
291 4819 350 4882 boc
366 4826 423 4894 est,
440 4818 480 4880 de
496 4817 588 4898 cujus
605 4818 718 4900 prima,
735 4837 860 4880 summe
915 4820 1001 4879 riori
1021 4819 1161 4888 bomine,
1178 4817 1210 4880 id
1232 4827 1280 4880 est
1300 4819 1333 4881 in
1357 4820 1465 4883 anima
1481 4840 1488 4885 :
1505 4823 1590 4904 quod
1612 4833 1661 4888 est

106 4927 207 5001 atque
233 4917 401 4980 verissima
425 4915 615 4999 paternitate
639 4916 800 4979 derivatur
823 4935 859 4978 ec
913 4920 1063 4978 babitare
1073 4918 1240 4978 Christum
1250 4934 1313 4993 per
1326 4921 1424 4996 fidem
1439 4919 1607 4984 formatam
1623 4924 1658 4984 in

106 5037 231 5082 noman
255 5017 453 5100 paternitatis
477 5015 609 5080 sortitur
631 5017 735 5079 omnis
758 5023 860 5099 pater·
914 5018 1066 5077 cordibus
1080 5016 1206 5076 vestris.
1225 5015 1368 5078 Christus
1387 5036 1526 5100 namque
1545 5028 1593 5083 est
1608 5041 1660 5084 ve-

106 5117 193 5180 nitas
220 5117 406 5196 angelorum
431 5123 463 5178 et
486 5115 655 5178 bominum
678 5135 684 5180 :
708 5115 752 5179 ita
775 5117 859 5198 quod
913 5133 968 5176 rus
987 5115 1082 5188 Deus,
1098 5122 1130 5176 et
1150 5113 1183 5175 in
1204 5113 1331 5176 illorum
1352 5116 1500 5178 cordibus
1523 5136 1660 5183 commo

105 5215 287 5297 paternitas
303 5215 408 5297 primo
422 5233 459 5277 ac
475 5213 696 5297 propriissime
712 5214 860 5277 convenit
914 5221 1011 5286 ratur,
1042 5213 1179 5294 quiescit
1206 5231 1242 5274 ao
1272 5214 1430 5295 praesidet,
1461 5215 1515 5297 qui
1545 5217 1574 5278 ei
1602 5237 1661 5300 per

106 5315 174 5379 Deo
199 5313 296 5390 Patri,
317 5315 372 5396 qui
393 5314 504 5396 genuit
525 5313 642 5377 Filium
666 5331 730 5377 non
753 5313 858 5376 solum
913 5311 1014 5376 fidem
1029 5311 1159 5374 caritate
1173 5310 1341 5374 formatam
1357 5313 1441 5376 uniti
1454 5322 1539 5390 sunt,
1552 5335 1660 5397 quam·
