4154 6258
435 469 497 533 478
657 488 805 537 noxrnrm
825 489 878 535 xv1
899 488 972 536 rosa
992 488 1185 536 minimum.
1206 505 1246 516 —
1266 489 1308 534 nn
1328 487 1523 552 nnnrmcsos3
1545 487 1644 534 sanxo
1664 486 1777 533 snxrus

434 657 593 739 dignetur,
615 676 679 742 quo
703 659 824 742 possim
848 678 899 722 me
924 660 1111 739 emendare3
1136 678 1183 722 re
1197 658 1223 722 A
1239 665 1334 722 stans.
1358 659 1479 740 iugiter
1503 658 1628 732 sedens,
1649 664 1680 720 ct
1699 657 1738 720 ad
1758 674 1797 718 ca
1815 673 1886 738 quae
1904 653 1967 716 vidit

433 756 563 837 spondit
581 757 698 820 liutius
717 775 725 819 z
743 757 834 820 ldodo
856 765 983 840 tempus
1005 757 1181 840 poenitendi
1238 757 1271 819 in
1286 757 1401 820 ecstasi
1416 764 1558 839 stupens,
1571 755 1618 819 sic
1634 772 1772 818 moerens
1788 751 1965 826 intendebat,
2059 787 2060 834 p

432 853 594 935 requirisf
614 855 695 928 Quid
713 855 854 918 faciebas
875 856 908 918 in
927 856 1014 918 omni
1037 861 1181 938 tempore
1238 863 1273 918 ut
1290 873 1455 936 nunquam
1477 853 1646 937 proprium
1669 869 1792 916 morem
1814 869 1870 914 sen
1890 869 1966 934 appr·
2059 871 2060 938 3

430 949 504 1014 vitae
526 955 611 1016 tuael
626 953 698 1016 Post
717 953 784 1016 bec
808 953 926 1016 Mutius
947 952 1132 1035 impetravit
1150 952 1180 1014 ei
1236 960 1341 1016 ratum
1356 953 1536 1016 mutaverit.
1547 952 1695 1014 Attentus
1710 950 1914 1014 considerans
1925 969 1965 1011 ex·

430 1048 515 1130 quod
544 1049 646 1130 petiit.
672 1049 899 1114 Verumtamen
928 1051 1178 1132 agnoscendum,
1236 1070 1426 1135 cessumque
1449 1051 1584 1135 patiens,
1601 1049 1719 1112 calidas
1743 1049 1889 1111 lacrimas
1912 1048 1965 1110 sine
2059 1131 2060 1134 Ἴ

429 1146 515 1226 quod
529 1147 626 1209 etiam
642 1148 880 1230 dispensatione
894 1149 1003 1210 divina
1018 1149 1178 1210 interdum
1235 1151 1369 1233 strepitu
1398 1169 1526 1232 semper
1553 1148 1717 1212 fundebat.
1744 1149 1846 1222 Quum
1875 1155 1963 1208 auten
2059 1207 2060 1216 ,

430 1245 588 1326 contingit
616 1254 652 1308 ut
680 1253 711 1308 et
741 1247 843 1308 sancti
871 1247 933 1309 viri
964 1247 996 1308 in
1026 1247 1179 1310 extremis
1235 1249 1428 1330 migraturus
1442 1255 1528 1311 esset
1542 1248 1580 1310 ad
1595 1247 1781 1320 Dominum,
1797 1245 1911 1308 ostium
1923 1245 1964 1307 da·
2059 1291 2060 1316 ,

431 1342 570 1406 multum
599 1343 783 1420 formident,
809 1345 892 1407 sicut
921 1346 960 1407 de
990 1346 1020 1408 S.
1045 1345 1179 1407 Arsenio
1234 1355 1392 1410 struentes
1413 1347 1605 1410 introierunt
1624 1346 1663 1408 ad
1682 1363 1757 1408 eum
1774 1344 1925 1408 Climacus
1940 1353 1964 1406 ct

432 1441 558 1522 legitur,
584 1443 640 1524 qui
670 1443 763 1506 morti
793 1444 957 1526 proximus
980 1444 1061 1505 dixit
1084 1444 1178 1506 disci·
1234 1446 1288 1508 alii
1312 1447 1447 1521 Fratres,
1470 1453 1502 1508 et
1526 1464 1601 1508 eum
1625 1444 1717 1507 valde
1742 1450 1895 1524 rogantes,
1916 1442 1963 1504 hoc
2059 1501 2060 1514 ,

432 1539 517 1622 pulis
537 1543 603 1605 suis
621 1543 752 1605 :Timor
772 1537 953 1626 mortis'qui
973 1561 1101 1624 semper
1117 1541 1179 1604 fuit
1234 1545 1338 1608 solum
1361 1545 1532 1607 audierunt
1552 1544 1592 1606 ab
1614 1561 1651 1606 eo
1669 1541 1856 1623 :indulgete
1880 1541 1962 1618 mihi;

431 1639 466 1700 in
489 1659 550 1716 me,
568 1641 664 1704 etiam
685 1642 779 1705 modo
799 1642 833 1703 in
853 1660 903 1704 me
924 1649 980 1703 est.
998 1643 1085 1705 Unde
1105 1641 1179 1705 Gre-
1233 1662 1328 1707 nemo
1358 1644 1546 1706 memoriam
1576 1643 1688 1705 mortis
1717 1639 1837 1703 habens
1866 1658 1901 1702 ac
1921 1657 1963 1702 no

430 1739 537 1819 gorius
554 1758 561 1804 :
578 1740 765 1803 Sanctorum
780 1741 914 1822 (inquit)
928 1741 1042 1803 animae
1063 1760 1082 1802 a
1101 1740 1177 1803 levi-
1233 1761 1336 1816 scens,
1353 1749 1458 1825 potest
1479 1760 1622 1825 peccare.
1643 1741 1813 1823 Quumque
1837 1739 1962 1821 sepultus

430 1836 490 1900 bus
505 1837 687 1920 quibusque
702 1839 856 1920 contagiis
877 1839 947 1921 ipso
962 1857 1045 1921 saepe
1065 1839 1176 1901 mortis
1193 1838 1217 1900 B
1233 1840 1357 1914 fuisset,
1373 1840 1573 1922 requirentes
1594 1841 1717 1902 Fratres
1738 1839 1809 1920 ejus
1829 1837 1961 1919 reliquias

430 1953 547 2016 pavore
569 1945 755 2018 purgantur,
775 1945 870 2020 atque
892 1945 1016 2000 aeternae
1042 1937 1179 1999 retribu·
1232 1946 1367 2012 sanctas,
1384 1958 1437 2002 ens
1458 1957 1521 2002 non
1542 1938 1747 2013 invenerunt,
1764 1937 1828 2000 Deo
1845 1953 1894 1998 eos
1909 1953 1962 1997 aar·

429 2032 525 2096 tionis
546 2035 661 2115 gaudia
682 2042 754 2118 post
776 2034 878 2118 ipsam
900 2053 1035 2097 acerne
1057 2036 1176 2099 resolu-
1232 2037 1376 2100 tifioante
1406 2057 1463 2121 per
1490 2037 1550 2100 boc
1579 2037 1619 2100 de
1648 2036 1791 2100 studiosa
1818 2042 1849 2098 et
1871 2041 1960 2096 sancta

429 2131 549 2195 tionem
572 2133 771 2216 suscipiunt3
792 2135 984 2216 plerumque
1005 2153 1080 2198 vero
1103 2153 1176 2197 con·
1232 2135 1419 2217 poenitentia
1439 2135 1501 2197 viri
1522 2134 1617 2198 illius.

428 2231 644 2312 templationis
659 2233 791 2296 interne
806 2233 1086 2309 dulcedine,etiam
1102 2235 1177 2297 dum
1271 2234 1380 2316 ltaque
1405 2233 1455 2296 his
1480 2233 1637 2316 exemplis
1666 2233 1828 2295 discamus
1850 2248 1959 2294 omnem

398 2324 402 2332 '
430 2329 543 2391 mortis
573 2330 718 2394 debitum
747 2332 885 2406 solvunt,
913 2331 1119 2406 hilarescunt,
1145 2341 1178 2396 et
1233 2333 1406 2406 levitatem,
1432 2333 1594 2416 pigritiam
1618 2331 1903 2413 negligentiamque
1922 2330 1960 2390 vi-

429 2435 599 2511 antequam
625 2448 719 2493 carne
743 2439 910 2506 exuantur,
936 2433 1073 2514 quadam
1100 2432 1176 2496 laeti-
1231 2439 1309 2506 tare,
1326 2438 1358 2494 et
1376 2430 1467 2512 juxta
1491 2437 1606 2494 nostrae
1627 2430 1820 2512 exigentiam
1841 2429 1958 2492 vocatio
1972 2451 2048 2506 span.

430 2527 474 2590 tia
494 2527 714 2610 perfruuntur.
1231 2529 1292 2604 niS,
1307 2529 1399 2611 juxta
1412 2529 1557 2592 debitum
1577 2537 1693 2593 nostre
1710 2527 1910 2612 professionis
1921 2519 1982 2589 ‹fi-¹·

474 2625 581 2689 Refert
610 2627 780 2703 climacus,
811 2629 896 2712 quod
924 2629 986 2692 fuit
1015 2630 1175 2693 solitarius
1231 2647 1292 2710 gne
1306 2629 1371 2691 ileo
1385 2628 1504 2710 jugiter
1520 2628 1697 2701 ambulare,
1714 2627 1748 2690 in
1767 2627 1919 2690 sanctitate
1931 2632 1958 2688 et

429 2725 559 2806 quidam
576 2726 607 2787 in
624 2745 732 2790 eremo
748 2727 871 2791 Choreb
886 2728 1043 2803 habitans,
1060 2729 1093 2790 in
1109 2747 1176 2792 om·
1229 2727 1354 2808 justitia
1373 2727 1537 2790 ditissimo
1561 2725 1733 2800 deservire,
1757 2727 1789 2788 in
1810 2726 1914 2806 lingna
1932 2731 1956 2786 ct

428 2823 463 2885 ni
483 2823 676 2905 negligentia
695 2826 817 2900 vivens,
834 2834 866 2888 et
886 2827 1006 2888 nullam
1027 2846 1092 2890 suaa
1112 2827 1176 2889 ani·
1231 2845 1383 2888 sensuum
1398 2843 1435 2888 ac
1450 2826 1570 2888 ventris
1585 2824 1809 2899 refrenatione,
1825 2824 1856 2886 in
1870 2823 1956 2886 cordis

429 2941 489 2986 maa
514 2941 624 2985 curam
648 2943 771 3005 gerens.
798 2924 856 2997 Qui
881 2926 1009 2988 tandem
1034 2933 1175 2988 extreme
1232 2925 1385 3000 custodia,
1403 2925 1435 2987 in
1458 2925 1575 2988 mentis
1595 2924 1754 2987 munditia
1775 2939 1955 3006 perseverare

427 3029 589 3103 egrotans,
612 3025 702 3105 qnasi
725 3025 819 3086 unius
843 3025 928 3088 horae
950 3026 1052 3106 spatio
1074 3025 1175 3108 perfe·
1190 3026 1212 3090 C
1230 3043 1267 3086 ao
1289 3042 1443 3098 crescere,
1461 3025 1572 3106 sicque
1595 3041 1652 3086 nos
1673 3023 1712 3086 ad
1736 3029 1864 3086 mortem
1883 3020 1955 3082 inde

369 3109 372 3115 ’
429 3127 478 3183 ete
500 3121 648 3203 migravit
662 3142 681 3184 a
696 3141 837 3206 corpore.
855 3123 913 3196 Qui
936 3123 1062 3186 rediens
1082 3126 1120 3186 ad
1141 3143 1174 3187 se
1231 3123 1373 3184 sinenter
1392 3140 1514 3205 parare,
1531 3122 1634 3204 ipsam
1655 3120 1861 3184 affectualiter
1878 3117 1952 3182 omni

428 3218 546 3300 ipsum,
568 3220 690 3302 rogavit
713 3239 825 3284 omnes
851 3222 906 3302 qni
930 3222 1071 3294 aderant,
1092 3221 1175 3283 inter
1229 3221 1307 3284 hora
1326 3221 1575 3302 premeditando
1590 3239 1663 3283 eum
1684 3220 1776 3283 beato
1793 3217 1894 3281 abbate
1906 3217 1953 3278 Ar·

427 3334 507 3398 quos
524 3315 585 3380 fnit
599 3326 631 3380 et
646 3318 814 3392 Climacus‚
832 3318 1001 3382 confestim
1015 3320 1173 3382 recedere.
1230 3319 1330 3394 senio,
1351 3320 1390 3382 de
1412 3338 1476 3402 quo
1497 3319 1692 3402 Theophilus
1715 3317 1951 3400 archiepiscopus

427 3416 498 3496 lpse
520 3435 596 3479 vero
617 3417 735 3479 ostium
760 3437 825 3480 suae
850 3417 973 3481 cellulae
993 3417 1173 3491 obstruens,
1230 3419 1369 3482 moriens
1394 3419 1475 3482 dixit
1500 3439 1507 3483 :
1532 3420 1646 3482 Beatus
1675 3438 1721 3492 es,
1747 3417 1826 3482 abba
1844 3413 1949 3486 llrsani,

428 3513 514 3577 intus
531 3515 657 3579 clausus
672 3517 764 3578 annis
779 3516 948 3580 duodecim
965 3518 1091 3592 mansit,
1100 3533 1174 3578 cum
1229 3517 1304 3600 quia
1324 3518 1417 3592 hane,
1435 3518 1558 3581 scilicet
1577 3518 1687 3580 horam
1711 3516 1829 3590 mortis,
1843 3529 1950 3594 semper

428 3613 517 3676 nullo
532 3613 729 3695 colloquium
743 3615 875 3691 habens,
887 3634 946 3678 nec
963 3633 1098 3698 parvum
1114 3632 1174 3676 nec
1229 3633 1295 3697 prae
1315 3615 1417 3678 oculis
1437 3615 1588 3678 habuisti.
1611 3615 1662 3678 Sic
1685 3633 1762 3696 ergo
1784 3631 1899 3695 agarum
1916 3607 1949 3670 ad

427 3729 592 3791 magnum,
611 3712 656 3773 nil
677 3719 790 3794 praeter
811 3733 926 3796 panem
941 3722 973 3776 et
986 3732 1102 3795 aquam
1118 3731 1174 3794 gu-
1228 3713 1362 3794 gloriam
1383 3720 1415 3776 et
1435 3713 1590 3777 honorem
1609 3713 1776 3777 Altissimi.
1792 3712 1888 3774 Amen.

973 4143 1165 4232 salaho
1203 4143 1422 4233 SEXTUS

658 4412 697 4459 bh
719 4409 892 4459 ovrtlssntf
912 4410 1022 4458 bonnis
1043 4410 1194 4469 HEMOMA,
1215 4410 1253 4456 ΕΤ
1274 4409 1516 4458 rheammouu
1537 4409 1580 4458 An
1601 4411 1740 4458 amu.

486 4697 696 4760 ROPHETA
708 4713 846 4771 magnus
860 4695 1010 4754 surrexit
1020 4694 1056 4754 in
1067 4693 1167 4754 nobis.
1184 4692 1209 4754 l)
1224 4693 1316 4756 nobis
1328 4714 1355 4755 a.
1371 4691 1516 4755 Christus
1531 4692 1618 4755 enim
1633 4693 1809 4757 secundum
1822 4695 1937 4754 naturam

501 4794 576 4856 Luc.
593 4813 646 4867 vu,
664 4791 712 4855 lo.
1224 4792 1512 4867 humanam,etiam
1526 4792 1626 4873 gratia
1640 4793 1815 4875 prophetie
1828 4785 1936 4869 fuitple

463 4894 535 4957 Haec
564 4899 639 4955 sunt
666 4890 764 4954 verba
791 4890 893 4953 turbae
920 4909 990 4972 quae
1016 4889 1086 4952 viso
1113 4889 1171 4952 mi·
1224 4889 1356 4952 nissime
1379 4891 1556 4966 decoratus,
1578 4890 1669 4952 etde
1696 4891 1822 4954 secretis
1837 4887 1892 4960 liei,
1907 4883 1935 4944 do

423 4992 532 5057 raoulo
551 4989 801 5054 resuscitationis
822 4988 1033 5051 adolescentis
1057 4988 1170 5050 defun·
1223 4988 1341 5051 futuris
1357 4989 1537 5064 eventibus,
1554 4990 1593 5051 de
1607 4988 1731 5070 magnis
1746 4985 1934 5073 mysteriisco

423 5093 477 5167 oti,
494 5091 608 5154 timore
628 5089 813 5154 reverentie
832 5107 868 5151 ao
887 5087 1107 5150 admirationis
1122 5105 1170 5149 re·
1224 5087 1312 5169 piose
1331 5087 1471 5151 erudivit
1485 5106 1544 5169 per
1562 5105 1596 5150 se
1615 5087 1724 5169 ipsum
1743 5106 1814 5151 suos
1826 5082 1933 5163 discipu·

423 5193 517 5274 pieta,
540 5190 641 5252 Deum
670 5187 900 5270 magnificavit,
926 5192 958 5250 et
982 5187 1021 5249 de
1045 5185 1169 5249 Christo
1224 5187 1281 5260 loe,
1307 5187 1511 5268 potissimum
1542 5187 1576 5249 in
1604 5204 1753 5250 sermone
1775 5203 1861 5269 quem
1882 5183 2041 5263 postam*

423 5290 559 5356 asseruit
579 5310 586 5354 :
609 5287 796 5372 «Propheta
817 5304 950 5368 magnus
972 5285 1110 5350 surrexit
1134 5285 1168 5350 in
1223 5285 1352 5358 (loenam
1381 5285 1458 5349 fecit
1481 5286 1522 5349 ad
1545 5303 1608 5352 eos.
1634 5285 1696 5350 Sed
1720 5285 1794 5369 quia
1814 5274 1932 5363 discipuli
1942 5263 1984 5294 ¹⁸²
