4140 6258
416 478 476 544 302
765 497 914 546 oournrcn
935 499 989 546 vur
1010 499 1083 546 rosr
1103 497 1298 545 rnrurrnrau.
1317 515 1358 528 -
1378 499 1477 546 suano
1496 497 1621 546 rannus

417 666 557 750 bilisque
574 669 730 744 consistit,
747 669 832 752 quod
852 668 949 732 etiarn
969 668 1076 732 vitiosi
1096 686 1166 731 eam
1181 665 1207 730 A
1222 675 1253 730 et
1267 685 1375 731 amore
1389 666 1494 732 facere
1509 667 1593 730 hona
1607 674 1638 729 ct
1652 665 1764 748 fugere
1780 664 1944 748 malatquia

417 765 603 848 frequenter
627 767 718 831 valde
743 768 909 841 honorant,
935 767 1012 830 hinc
1035 767 1166 849 quidam
1221 773 1257 828 ut
1277 765 1390 828 asserit
1411 765 1621 846 Augustinus,
1647 764 1716 826 laus
1739 763 1875 826 humana
1895 781 1945 826 uon

418 863 521 946 iniqui
537 865 696 929 virtuosos
717 885 751 929 se
771 885 841 929 esse
861 865 1051 946 confingunt
1067 871 1098 928 et
1115 883 1167 928 ve·
1221 863 1329 946 appeti
1344 883 1362 926 a
1377 863 1531 946 sapiente,
1548 863 1603 925 sed
1623 862 1801 945 sapientem
1816 860 1945 944 subsequi

417 962 522 1026 lameu
545 971 713 1027 assumunt
734 965 862 1027 virtutis
879 982 886 1027 :
903 964 955 1027 vel
978 970 1013 1026 ut
1033 982 1097 1029 uon
1119 982 1167 1026 re·
1221 960 1326 1036 debet,
1344 970 1379 1024 ut
1399 980 1438 1024 cx
1459 960 1613 1044 sapientis
1635 959 1806 1043 preconio,
1826 959 1946 1042 illique

417 1060 667 1143 prehendantur,
692 1063 743 1126 vel
770 1072 805 1126 ut
832 1063 1013 1138 laudentur,
1039 1063 1107 1126 sive
1132 1070 1168 1125 ut
1222 1078 1284 1142 que
1307 1060 1488 1142 proficiant,
1509 1059 1565 1142 qui
1587 1056 1706 1122 imitari
1729 1065 1861 1140 possunt
1878 1058 1947 1140 quod

417 1161 585 1223 commoda
599 1169 811 1243 assequantur
826 1160 984 1241 carnalia;
1001 1161 1051 1224 vel
1068 1168 1165 1235 certe,
1222 1157 1352 1221 laudaut
1366 1157 1529 1220 laudarive
1544 1157 1689 1220 audiunt.
1701 1156 1782 1219 Nam
1798 1155 1906 1218 bunum
1918 1173 1947 1217 ac

417 1264 453 1318 ut
471 1257 551 1321 alios
572 1259 679 1341 pravis
699 1258 812 1323 fallant
830 1258 995 1332 doctrinis,
1013 1267 1045 1322 et
1063 1265 1164 1322 sectas
1223 1256 1400 1338 sapientem
1417 1255 1555 1330 laudare,
1566 1255 1707 1318 laudanti
1722 1254 1850 1338 prodest
1862 1255 1947 1336 potius

416 1355 607 1438 perditionis
623 1357 785 1433 inducant,
794 1365 889 1440 atque
906 1365 976 1440 post
991 1377 1024 1422 se
1039 1358 1165 1420 trahant
1223 1373 1319 1436 quarn
1345 1354 1479 1417 laudato.
1503 1353 1595 1428 llinc,
1618 1352 1797 1416 secuudum
1821 1352 1947 1415 eumdem

416 1452 602 1535 discipulos.
628 1455 665 1517 lli
691 1456 769 1518 tales
793 1455 978 1538 frequenter
1001 1474 1074 1518 suas
1098 1455 1164 1538 pal·
1223 1453 1497 1534 sapientissimum
1533 1451 1759 1533 Augustiuum,
1794 1468 1853 1514 uec
1883 1469 1947 1514 vane

417 1550 508 1614 liatas
538 1552 674 1616 malitias
702 1554 734 1617 in
762 1562 887 1618 tantum
917 1553 1103 1628 defendunt,
1129 1561 1165 1617 ut
1222 1551 1361 1633 gaudere
1382 1551 1536 1614 debemus
1559 1550 1687 1633 quando
1709 1549 1882 1624 laudamur,
1901 1567 1948 1612 uec

417 1650 552 1715 aliorum
572 1671 663 1716 veras
683 1654 816 1717 virtutes
833 1654 1024 1737 vituperent.
1047 1653 1098 1716 Sic
1119 1672 1166 1716 er·
1223 1649 1403 1712 contristari
1432 1649 1509 1713 dum
1535 1649 1755 1732 vituperamur
1780 1667 1788 1711 ι
1813 1649 1885 1731 quia
1904 1667 1948 1711 nec

416 1767 456 1832 go
471 1750 639 1816 dissolutio
656 1752 783 1816 socialis
804 1760 968 1836 reputatur
981 1752 1165 1834 jucunditas
1222 1748 1372 1811 damnare
1388 1767 1445 1811 nos
1463 1756 1568 1831 potest
1586 1755 1642 1811 aut
1660 1749 1788 1831 pejores
1807 1747 1904 1811 facere
1918 1748 1949 1809 ir·

417 1849 614 1931 spiritualis;
634 1851 770 1914 delicata
789 1858 821 1914 et
839 1851 1003 1914 excessivo
1022 1851 1164 1933 corporis
1184 1847 1329 1930 Rrogata
1356 1847 1485 1929 injuria,
1510 1866 1570 1911 nec
1599 1864 1751 1912 coronare
1780 1865 1838 1910 uos
1864 1853 1949 1930 potest

417 1947 548 2011 refectio
578 1957 744 2031 reputatur
772 1950 947 2028 discretio;
978 1949 1163 2031 loquacitas,
1220 1953 1276 2008 aut
1296 1946 1445 2009 meliores
1467 1945 1599 2010 allicere
1624 1946 1693 2009 laus
1717 1946 1832 2010 aliena.
1853 1947 1912 2008 lmo
1928 1944 1950 2007 si

417 2043 590 2110 affabilitas
610 2047 749 2127 dicitur;
770 2046 891 2110 invidia
910 2046 1060 2122 fraterna,
1078 2046 1165 2110 zelus
1221 2043 1388 2124 irrogatam
1418 2042 1686 2126 vituperationem
1717 2044 1786 2106 sive
1817 2043 1950 2124 injuriam

415 2143 569 2226 justitiae;
585 2145 703 2208 duritia
723 2153 755 2208 et
774 2145 990 2220 inclementia,
1012 2145 1098 2226 rigor
1115 2145 1164 2226 ju·
1220 2143 1378 2224 patienter
1406 2141 1606 2217 sufferimus,
1632 2159 1782 2206 coronam
1809 2140 1950 2225 patientia

417 2243 526 2324 stitiae3
542 2245 684 2320 avaritia,
700 2244 886 2327 acquirendi
903 2244 1009 2308 fidelis
1025 2243 1165 2327 provisio
1220 2248 1252 2302 et
1272 2241 1381 2322 gratiae
1406 2241 1639 2305 incrementum
1665 2260 1838 2304 meremur.
1858 2241 1952 2314 Quern-

418 2342 489 2405 vult
508 2342 630 2422 videri3
651 2344 767 2406 astutia
788 2350 954 2426 reputatur
975 2344 1144 2426 prudentia
1155 2361 1164 2422 ;
1219 2338 1392 2402 admodum
1411 2357 1486 2421 ergo
1505 2339 1645 2403 humiles
1665 2358 1736 2402 esse
1750 2347 1904 2414 tenemur,
1918 2341 1951 2400 ita

416 2439 569 2522 jactantia
582 2441 622 2504 de
637 2441 775 2524 propriis
790 2441 894 2516 bonis,
908 2441 1079 2507 edificatio
1094 2459 1166 2524 pro
1221 2437 1330 2501 laudes
1365 2438 1521 2502 humanas
1558 2438 1714 2502 debemus
1750 2447 1950 2512 contemnere,

419 2538 519 2618 ximi;
535 2539 700 2614 detractio,
719 2539 885 2602 detestatio
903 2539 975 2602 vitii
994 2539 1100 2603 alieni.
1119 2540 1165 2603 Si·
1220 2536 1372 2618 quoniam
1394 2536 1572 2618 Augustino
1597 2543 1744 2612 testante,
1771 2556 1843 2602 csse
1865 2536 1952 2600 bumi-

418 2637 538 2700 militer
552 2638 685 2702 virtutes
701 2645 891 2720 reputantur
904 2637 982 2702 vitia
1000 2658 1019 2702 a
1037 2657 1164 2721 perver·
1221 2633 1283 2698 lem
1309 2641 1357 2698 est
1378 2635 1463 2699 nolle
1485 2635 1608 2699 laudari
1630 2636 1721 2699 inse
1743 2653 1750 2698 ε
1771 2636 1890 2700 idcirco
1907 2635 1952 2718 qui

419 2736 472 2799 sis.
489 2736 567 2799 Nam
584 2736 782 2800 abstinenter
796 2736 905 2800 vivere
921 2743 953 2800 et
967 2737 1078 2819 paucis
1095 2756 1165 2800 esse
1220 2733 1310 2815 cupit
1325 2733 1446 2797 laudari
1463 2734 1495 2796 in
1511 2753 1556 2810 sc,
1573 2734 1733 2817 superbus
1748 2753 1820 2800 csse
1840 2735 1953 2799 conrin-

417 2841 615 2909 coutentum,
636 2834 769 2900 avaritia
790 2842 885 2916 atque
906 2835 1060 2898 tenacitas
1080 2836 1165 2918 judi·
1220 2831 1312 2894 citur.

416 2941 525 3013 catur;
546 2933 710 2996 silentium
732 2933 911 3016 appellatur
932 2934 1081 3014 tristitia3
1103 2954 1166 2998 ma·
1260 2931 1380 3012 ltaque,
1396 2940 1492 3014 prout
1505 2931 1598 2995 docet
1612 2932 1838 3017 Hieronymus,
1854 2931 1880 2994 si
1893 2947 1953 2992 vere

416 3031 540 3107 turitas,
557 3030 756 3111 amaritud03
772 3030 858 3093 zelus
872 3031 1016 3113 justitie,
1033 3037 1202 3102 temera-c
1221 3027 1390 3091 laudabilis
1422 3049 1492 3092 esse
1522 3030 1696 3106 desideras,
1727 3031 1840 3094 laudes
1868 3030 1953 3093 homi·

417 3129 501 3191 rium
520 3129 701 3211 judicium3
718 3129 809 3212 quies
829 3129 1019 3206 devotionis,
1036 3131 1165 3214 pigritia
1220 3147 1299 3190 num
1323 3147 1363 3190 ne
1387 3129 1541 3211 requiras,
1563 3131 1717 3213 quoniam
1742 3131 1889 3214 quamvis
1909 3127 1954 3192 ali·

418 3228 582 3310 corporis;
599 3227 774 3310 castigatio,
792 3227 996 3307 indiscreti03
1013 3229 1165 3312 simplici·
1219 3225 1338 3308 quibus
1353 3225 1447 3290 facila
1463 3228 1504 3290 sit
1519 3227 1646 3292 laudem
1664 3247 1728 3292 non
1745 3248 1859 3292 curare
1873 3247 1955 3311 quan-

416 3335 464 3389 tas
479 3326 655 3390 aestimatur
670 3325 821 3405 stultitia;
837 3325 934 3388 timor
948 3325 1015 3401 Dei,
1029 3326 1166 3410 litigiosa
1219 3324 1260 3386 do
1284 3341 1348 3388 uon
1373 3324 1552 3401 exhibetur,
1573 3334 1621 3389 est
1644 3335 1752 3391 tamma
1774 3327 1908 3390 difficile
1925 3343 1954 3388 ea

417 3423 614 3487 conscientia
627 3423 767 3503 dicitur;
784 3423 894 3504 fugere
910 3423 1088 3506 publicum,
1100 3425 1164 3488 sin·
1219 3441 1283 3486 non
1299 3423 1450 3487 delectari
1465 3425 1543 3487 dum
1558 3424 1703 3489 offertur.
1721 3427 1789 3489 lrno
1808 3427 1954 3490 interdum

416 3523 569 3603 gularitas
598 3521 782 3586 nominatur
800 3539 809 3602 ;
838 3540 950 3584 cavere
979 3524 1163 3587 scandalum
1220 3520 1335 3604 incipit
1354 3523 1450 3586 homo
1469 3540 1550 3605 opus
1573 3523 1694 3587 bonum
1715 3531 1804 3588 recta
1824 3524 1955 3588 intentio

417 3627 583 3703 reputatur
596 3620 783 3704 hypocrisis.
801 3619 862 3684 Sed
878 3620 961 3683 inter
975 3621 1042 3684 baec
1057 3622 1165 3685 omnia
1219 3639 1271 3695 ue,
1288 3628 1320 3684 ct
1338 3627 1445 3684 umen
1467 3621 1500 3684 in
1521 3622 1590 3704 ipsa
1609 3622 1715 3705 operis
1732 3623 1954 3706 prosecutione,

417 3715 569 3782 discretio
589 3718 731 3782 medium
751 3725 859 3798 tenet;
879 3725 911 3782 ct
930 3720 1010 3782 ratio
1029 3719 1110 3783 bene
1129 3720 1164 3782 il·
1219 3719 1297 3782 dum
1312 3738 1346 3782 se
1362 3719 1482 3783 laudari
1502 3722 1649 3797 advertit,
1666 3722 1699 3785 iu
1718 3721 1789 3805 ipsa
1810 3721 1900 3785 laude
1916 3720 1957 3784 la-

271 3841 319 3888 rer.
328 3844 404 3894 acac.
418 3816 573 3880 luminata
587 3823 619 3880 et
633 3817 734 3891 docta,
744 3817 919 3899 pretiosum
934 3835 952 3879 a
966 3816 1034 3892 vili,
1045 3817 1165 3880 malum
1219 3824 1304 3880 tatur
1331 3833 1338 3879 :
1365 3817 1475 3899 sicque
1500 3817 1636 3881 intentio
1659 3819 1730 3900 ejus
1756 3819 1910 3893 inficitur,
1932 3823 1958 3879 et

418 3933 436 3976 a
455 3914 551 3989 bono,
573 3931 685 3978 verum
709 3934 728 3978 a
748 3913 839 3990 falso,
860 3914 966 3977 lucem
986 3933 1004 3976 a
1023 3914 1164 3978 tenebris
1221 3915 1305 3998 quod
1325 3914 1407 3979 bene
1427 3915 1531 3979 fuerat
1550 3916 1746 3992 inchoatum,
1764 3917 1805 3981 fit
1819 3919 1957 3982 vitiosum

275 4039 404 4094 nannet,
418 4031 494 4076 vere
509 4013 670 4088 discernit,
678 4012 763 4096 regia
777 4013 924 4096 gradiens
939 4013 1111 4096 via,nequc
1125 4014 1165 4077 ad
1220 4023 1252 4078 et
1267 4014 1349 4078 male
1363 4014 1486 4078 fluitur.
1504 4015 1578 4079 ldco
1597 4015 1676 4078 dicit
1695 4016 1868 4099 Gregorius
1885 4017 1956 4079 :Sa

272 4103 374 4154 ’Μ
419 4113 582 4175 dexteram
597 4113 755 4194 nequead
770 4112 933 4176 sinistram
949 4110 1122 4175 declinans.
1220 4133 1260 4197 pe
1280 4113 1368 4196 operi
1388 4113 1472 4177 bono
1494 4115 1571 4178 dum
1593 4114 1733 4178 humana
1755 4115 1827 4179 laus
1849 4114 1956 4188 obviat,

459 4210 614 4294 Denique,
636 4211 670 4273 in
687 4210 777 4273 falsis
797 4210 961 4294 prophetis
984 4209 1023 4273 de
1046 4209 1164 4293 quibus
1179 4215 1204 4276 D
1220 4218 1361 4276 mentem
1379 4213 1528 4276 immutat
1549 4231 1556 4275 :
1577 4232 1648 4295 quaa
1667 4215 1816 4297 quamvis
1837 4213 1957 4297 quesita

419 4308 560 4392 loquitur
586 4309 741 4385 Christus,
766 4309 974 4374 inveniuntur
998 4309 1076 4372 vitia
1097 4310 1163 4391 jam
1220 4330 1284 4375 uon
1306 4319 1383 4387 crat,
1405 4318 1512 4374 tamma
1533 4310 1639 4374 oblata
1659 4311 1805 4376 delectat.

419 4415 569 4490 praetacta
587 4416 619 4470 et
637 4408 700 4470 alia
719 4407 830 4482 multa,
847 4426 918 4489 que
938 4408 1000 4491 ipsi
1020 4408 1080 4471 sub
1096 4427 1165 4492 spe·
1259 4412 1486 4474 Verumtamen
1503 4410 1564 4473 viri
1585 4409 1789 4493 perfectior
1813 4413 1880 4475 suis
1900 4412 1958 4474 lau·

419 4506 468 4567 cic
492 4511 659 4568 assumunt
681 4512 714 4568 et
732 4512 910 4569 monstrant
928 4506 1094 4569 virtutum.
1116 4507 1163 4568 ld·
1219 4509 1314 4572 dibus
1328 4528 1364 4572 ac
1379 4509 1641 4574 honoraticuibus
1660 4509 1854 4591 affliguntur
1869 4510 1957 4592 magis

420 4603 506 4668 circo
529 4622 569 4666 cx
593 4603 752 4666 fructibus
777 4621 833 4666 scu
857 4603 1008 4686 operibus
1031 4605 1108 4680 suis,
1129 4612 1164 4668 ut
1219 4628 1317 4692 quam
1337 4608 1559 4672 delectantur:
1581 4608 1644 4671 nisi
1662 4609 1695 4672 in
1717 4617 1876 4691 quantum
1895 4627 1958 4672 con·

419 4703 561 4766 Salvator
583 4702 686 4778 docet,
704 4709 838 4786 possunt
857 4704 1004 4785 cognosci
1027 4721 1033 4766 :
1056 4705 1164 4787 praeci·
1220 4709 1361 4772 siderant
1385 4708 1454 4772 illas
1479 4707 1539 4770 sibi
1564 4707 1709 4772 exhiberi
1738 4717 1835 4792 atque
1860 4707 1959 4772 deberi

419 4819 483 4883 pue
503 4819 640 4883 namque
656 4803 749 4884 proni
764 4809 839 4865 sunt
853 4803 1018 4866 detrahere
1033 4803 1116 4880 aliis,
1132 4811 1165 4867 et
1220 4815 1255 4870 ut
1269 4807 1325 4871 Dei
1342 4805 1480 4882 vicariis,
1497 4806 1547 4869 vcl
1568 4805 1609 4869 ob
1629 4806 1725 4869 aliam
1746 4807 1958 4872 rationabilem

419 4898 527 4982 aliqua
545 4917 628 4963 verca
646 4899 724 4964 fidei
743 4907 838 4983 atque
855 4902 1019 4966 catholice
1038 4903 1163 4966 veritati
1220 4925 1359 4981 causam,
1378 4906 1420 4968 ita
1440 4905 1525 4989 quod
1545 4905 1614 4968 sine
1635 4913 1765 4987 peccato
1783 4905 1879 4970 aliter
1896 4902 1959 4968 ficri

420 4996 577 5061 contraria
595 4998 712 5073 dicere,
729 5006 761 5061 et
779 4999 914 5063 honores
933 5007 1092 5083 appetere.
1219 5012 1377 5086 nequeat3
1397 5003 1507 5085 sicque
1528 5003 1732 5086 perpendunt
1752 5003 1824 5068 illas
1844 5005 1907 5067 lieo
1920 5001 1959 5065 of-

460 5097 594 5179 Insuper
613 5097 766 5161 docemur
785 5117 824 5161 ex
843 5099 1008 5182 cvangelio
1027 5100 1088 5163 isto
1107 5100 1164 5164 hu·
1220 5101 1296 5165 ferri
1317 5100 1418 5184 magis
1437 5121 1534 5184 quam
1553 5100 1625 5165 sibi.
1643 5102 1751 5166 Nihilo
1771 5103 1881 5166 minus
1899 5101 1958 5184 qui·

421 5217 547 5264 mauam
563 5198 689 5261 laudem
705 5205 919 5274 contemnere,
935 5199 1166 5265 transitorium·
1220 5203 1293 5265 dam
1308 5210 1383 5265 sunt
1395 5202 1474 5266 adeo
1489 5201 1668 5284 imperfecti
1682 5211 1715 5266 et
1728 5203 1813 5279 vani,
1823 5212 1858 5266 ut
1872 5203 1957 5266 etiam

419 5318 482 5384 quc
495 5299 647 5363 honorem
661 5297 833 5382 despicere,
841 5297 968 5382 soloque
980 5299 1037 5362 Dei
1049 5299 1166 5364 intuitu
1220 5301 1307 5364 fatue
1323 5300 1498 5382 glorientur
1517 5300 1595 5365 dum
1613 5300 1697 5364 bona
1712 5302 1760 5366 eis
1779 5301 1958 5368 adscribun-
