4164 6258
439 478 498 544 {96
658 497 807 547 nonnum
828 499 862 546 ιιι
883 499 956 546 rosr
975 495 1172 544 mrurrarsu.
1193 513 1233 525 —
1252 497 1295 544 sn
1315 497 1511 562 annrerosos3
1534 499 1633 548 suarm
1654 499 1767 548 snxrus

440 669 677 745 succendimur,
699 689 758 733 nee
780 670 812 733 in
836 687 925 733 sacro
945 668 1015 750 ejus
1033 667 1188 749 obsequio
1202 665 1227 728 Α
1242 675 1392 749 quantam
1412 669 1642 733 beatitudinem
1663 669 1756 734 nobis
1775 671 1966 752 recuperavit,

438 766 558 848 jugiter
587 768 847 832 inflammamur!
873 769 969 831 Porro
991 767 1032 829 ab
1057 765 1187 829 exordio
1241 767 1314 848 quis
1336 768 1443 850 eloqui
1465 771 1582 850 queatl

441 864 542 929 multa
556 867 808 950 supernaturalia
823 867 954 948 largitus
970 873 1019 928 est
1032 866 1115 928 dona
1132 865 1186 928 bo·
1282 866 1384 938 Quum
1409 885 1484 949 ergo
1509 885 1566 930 nos
1587 874 1712 930 tantum
1735 867 1880 931 dilexerit
1900 869 1968 932 lleus

441 964 584 1029 minibus
602 984 609 1027 :
625 967 701 1048 quia
716 974 748 1029 et
763 966 884 1048 primos
899 972 1023 1027 nostros
1039 971 1187 1046 parentes
1241 971 1374 1038 creator,
1391 965 1468 1047 quid
1489 965 1606 1027 mirum
1627 964 1654 1026 si
1674 973 1705 1027 et
1723 966 1825 1029 sancti
1844 984 1898 1028 nos
1911 967 1968 1028 dili·

308 1080 364 1126 een.
379 1085 425 1132 ar
441 1062 474 1124 in
501 1064 647 1146 originali
673 1066 792 1128 creavit
813 1063 949 1145 justitia,
975 1071 1007 1125 et
1028 1063 1129 1125 Adam
1153 1061 1185 1123 in
1241 1070 1316 1142 gant
1329 1063 1446 1144 angeli,
1462 1064 1501 1126 de
1521 1063 1697 1146 peccatoris
1715 1081 1843 1146 quoque
1858 1081 2058 1129 conver-tusa

294 1149 373 1200 Μ·
441 1181 555 1244 magna
576 1164 730 1244 scientia;
753 1181 872 1244 cosque
892 1163 924 1224 in
947 1161 1093 1244 paradiso
1114 1177 1185 1222 con·
1241 1160 1511 1236 sionelaetentur,
1538 1162 1659 1244 inqua
1686 1162 1743 1224 Dei
1770 1162 1969 1226 misericordis
2073 1243 2074 1248 ἵ

441 1261 554 1338 stituit,
580 1281 676 1345 quem
700 1270 732 1324 et
760 1280 872 1325 eorum
902 1260 1037 1342 posteris
1060 1259 1187 1322 volebat
1242 1258 1402 1341 precipue
1422 1260 1611 1336 declaratur,
1628 1269 1660 1322 et
1679 1260 1802 1323 fructus
1821 1261 1969 1326 dominice

440 1359 631 1441 relinquere,
649 1361 676 1423 si
695 1360 820 1423 illinon
837 1359 973 1422 luissent
987 1357 1183 1438 transgressi.
1241 1357 1398 1437 passionis
1413 1359 1593 1422 evidentius
1606 1367 1867 1442 operatur,atque
1881 1360 1971 1422 huma·
2073 1347 2074 1416 Τ

440 1457 574 1520 Eosdem
590 1476 718 1542 quoque
732 1458 853 1540 primos
872 1464 1018 1538 parentes
1039 1455 1071 1517 in
1087 1455 1186 1536 gratia
1240 1473 1289 1517 nee
1318 1456 1429 1518 salutis
1454 1457 1560 1520 hostes
1584 1456 1701 1519 diaboli
1727 1456 1969 1521 confundunturt
2072 1485 2074 1534 l

439 1563 565 1637 gratum
587 1556 735 1630 iaciente,
752 1556 881 1619 caritate
903 1555 1080 1637 ceterisque
1103 1552 1186 1615 inlu·
1280 1555 1392 1637 ltaque,
1404 1555 1537 1630 caritati,
1554 1562 1586 1617 et
1606 1555 1834 1619 misericordia
1854 1556 1971 1618 liberali·

439 1654 483 1716 sis
513 1654 682 1738 plasmavit
706 1653 890 1728 virtutibus,
917 1660 953 1714 ut
981 1652 1089 1735 plures
1118 1652 1186 1733 opi·
1240 1653 1361 1734 tutique
1377 1653 1432 1715 Dei
1449 1652 1482 1714 in
1498 1653 1592 1716 nobis
1611 1669 1669 1735 pro
1687 1671 1782 1735 posse
1797 1653 1899 1717 vicem
1914 1655 1969 1716 red-

437 1762 555 1815 nantnr
569 1753 723 1816 doctores.
740 1753 805 1816 Nec
825 1751 896 1815 ideo
911 1752 950 1814 de
965 1751 1016 1813 his
1031 1750 1185 1813 debemus
1240 1751 1364 1826 damus,
1377 1752 1482 1826 corde,
1495 1769 1549 1814 ore
1563 1759 1595 1814 et
1609 1769 1706 1834 opera
1721 1752 1752 1814 ei
1769 1753 1969 1834 regratiantes,

438 1850 736 1915 munificentissimo
748 1850 886 1914 Creatori
901 1869 968 1912 esse
984 1849 1186 1930 ingratique
1199 1842 1222 1904 B
1240 1857 1271 1912 et
1286 1850 1441 1932 quidquid
1457 1849 1652 1913 ostensivum
1667 1860 1722 1913 aut
1733 1851 1970 1915 inbonomtirnm

437 1949 523 2011 niam
544 1950 690 2032 exigente
711 1949 978 2032 protoplastorum
1001 1947 1185 2029 praevarica·
1240 1956 1288 2010 est
1302 1948 1383 2028 ejus,
1400 1967 1473 2012 cum
1489 1967 1616 2010 summa
1630 1948 1798 2030 diligentia
1818 1949 1969 2030 fugientes,

436 2047 534 2122 tione,
549 2056 597 2110 tot
618 2048 711 2111 bonis
733 2066 844 2110 sumus
860 2046 985 2129 privati.
1239 2065 1276 2109 ea
1291 2065 1418 2129 quoque
1434 2066 1504 2129 quae
1519 2046 1722 2130 complacent
1734 2048 1851 2122 ei,t0to
1864 2047 1970 2111 fervore

477 2146 603 2220 Quinto,
619 2146 704 2229 quod
720 2164 821 2228 quum
835 2144 939 2225 angeli
956 2143 1061 2218 multi,
1074 2152 1106 2205 et
1120 2143 1184 2225 pri·
1239 2163 1276 2205 ae
1292 2146 1528 2226 perseverantia
1548 2153 1677 2208 strenue
1695 2153 1930 2230 prosequentes.
1944 2147 1969 2206 ln

438 2242 481 2304 mi
502 2244 696 2307 corruissent
717 2250 874 2325 parentes,
892 2241 1185 2324 supersapientissi-
1238 2243 1449 2306 observantiis
1473 2244 1574 2307 sancti
1598 2245 1725 2308 Ordinis
1755 2246 1857 2310 nostri
1885 2246 1970 2308 simus

288 2364 421 2419 ruamus.
438 2361 510 2405 mus
539 2344 634 2418 Deus,
659 2361 722 2406 non
751 2342 891 2423 angelos,
922 2342 976 2403 sed
1005 2341 1183 2403 humanum
1238 2343 1409 2405 ardentes:
1428 2344 1459 2404 in
1480 2342 1700 2407 observatione
1723 2344 1813 2409 cellae
1834 2351 1923 2426 atque
1939 2344 1970 2404 si-

437 2460 626 2524 recuperare
648 2459 749 2523 genus
771 2440 930 2520 decrevit;
946 2459 1005 2502 nec
1027 2440 1087 2503 hoc
1109 2460 1184 2522 qua·
1239 2442 1328 2502 lentii
1354 2441 1488 2516 strenui,
1510 2442 1542 2503 in
1568 2442 1728 2524 colloquio
1753 2443 1912 2516 custoditi,
1929 2461 1970 2504 er-

437 2539 659 2622 litercumque‚
674 2540 729 2602 sed
744 2539 841 2601 totius
857 2538 1132 2620 superessentialis
1146 2558 1183 2600 ac
1238 2540 1397 2622 emplares
1412 2548 1443 2602 et
1462 2540 1641 2622 temperati,
1658 2541 1691 2602 in
1711 2539 1785 2604 cibo
1806 2549 1840 2604 et
1858 2549 1929 2624 potu
1941 2559 1969 2602 ac

436 2637 769 2720 supergloriosissimae
799 2636 961 2698 Trinitatis
992 2635 1183 2716 benignissi-
1238 2655 1350 2700 somno
1367 2638 1531 2712 moderati,
1549 2638 1581 2700 in
1597 2639 1707 2702 divino
1722 2637 1842 2703 officio
1856 2641 1969 2712 alacres,

436 2753 488 2798 mo
511 2734 826 2818 profundissimoquc
847 2734 981 2797 consilio
1004 2742 1052 2796 est
1076 2733 1182 2796 decre·
1238 2737 1270 2798 in
1286 2737 1478 2800 exteriorum
1496 2737 1749 2820 interiorumque
1765 2757 1916 2803 sensuum
1933 2757 1970 2800 re-

434 2843 514 2910 tum,
525 2842 561 2896 ut
575 2853 632 2918 per
646 2834 741 2897 Verbi
757 2832 867 2896 aeterni
884 2832 1135 2895 incarnationem
1152 2840 1183 2894 et
1237 2835 1414 2898 frenatione
1431 2854 1558 2918 semper
1573 2836 1716 2911 solertes,
1732 2845 1830 2921 atque
1845 2839 1883 2900 ad
1897 2837 1969 2900 exhi-

434 2933 615 3015 passionem
637 2932 669 2995 id
690 2938 846 3013 ageretur.
1238 2933 1379 2996 bendum
1393 2934 1512 3016 jugiter
1527 2935 1662 2999 Domino
1677 2936 1856 3016 majestatis
1869 2936 1971 2999 habitr-

473 3031 578 3106 Sesto,
590 3049 715 3093 summe
729 3037 761 3092 et
776 3027 1068 3111 incomparabiliter
1081 3026 1219 3091 'irini-C
1238 3032 1347 3094 culum
1373 3033 1476 3096 cordis
1496 3035 1652 3097 mundum
1674 3033 1837 3098 indefesse
1860 3035 1968 3108 intenti,

433 3137 480 3192 tas
494 3129 653 3192 adoranda
668 3147 758 3191 snam
774 3125 866 3190 nobis
886 3126 1025 3189 ostendit
1039 3126 1181 3188 dilectio·
1238 3130 1414 3212 praesertim
1434 3151 1533 3214 quum
1555 3151 1612 3215 per
1630 3132 1795 3197 llichaeam
1816 3134 1900 3198 dicat
1914 3133 1969 3216 Spi-

433 3246 519 3301 nem,
537 3228 569 3290 in
585 3227 645 3290 hoc
661 3227 745 3310 quod
766 3226 835 3309 ipsa
849 3225 975 3288 volente
995 3243 1032 3287 ae
1051 3243 1182 3306 operan-
1236 3228 1316 3290 ritus
1332 3229 1464 3292 Sanctus
1475 3230 1541 3294 :Vae
1556 3230 1611 3313 qui
1627 3229 1772 3312 cogitatis
1787 3231 1907 3295 inutile.
1914 3232 1970 3294 Sint
1979 3243 2038 3288 uris.

434 3333 476 3399 ῑθ,
502 3333 610 3388 1¹08t1'8
638 3333 750 3386 nalum
773 3323 829 3384 lffli
855 3323 1001 3386 incrtat&
1026 3339 1179 3404 Personae,
1237 3327 1554 3408 igituroculicordis
1569 3329 1668 3393 nostri
1684 3349 1814 3413 semper
1828 3332 1868 3394 ad
1883 3329 2046 3394 nomi-amr

433 3423 585 3486 videlieet
598 3421 702 3485 Verbo
717 3420 1050 3502 eterno,byp0statioa
1065 3419 1181 3481 unione
1237 3444 1326 3500 num,
1342 3434 1374 3488 et
1394 3445 1450 3508 pcr
1469 3426 1592 3489 fervida
1612 3427 1708 3490 verba
1727 3429 1925 3511 adspiremus
1938 3429 1969 3492 nd

434 3529 482 3583 est
497 3521 678 3602 conjuncta,
694 3538 758 3601 qua
772 3519 890 3581 unione
908 3518 1118 3600 propinquior
1133 3536 1181 3580 es·
1236 3543 1321 3596 eum,
1338 3524 1480 3586 dicentes
1490 3523 1530 3587 :0
1545 3523 1776 3606 benignissime
1792 3528 1970 3611 Deus,quan

434 3637 468 3680 se
482 3618 643 3700 nequivit3
654 3625 749 3699 atque
765 3635 822 3700 per
836 3616 908 3690 hoc,
920 3616 1095 3679 increatum
1112 3634 1181 3678 esse
1236 3622 1277 3685 do
1291 3630 1323 3684 te
1338 3629 1403 3685 toto
1423 3623 1517 3686 corde
1531 3623 1665 3687 amabol
1680 3624 1704 3687 0
1720 3624 1804 3689 bone
1824 3635 1857 3689 et
1875 3646 1968 3709 super·

433 3715 599 3798 personale
613 3715 708 3777 Verbi
724 3714 833 3779 aeterni
849 3713 1117 3776 communicatum
1133 3721 1182 3776 est
1235 3719 1466 3784 amabilissime
1495 3721 1584 3784 Pater
1615 3723 1765 3798 coelestis,
1796 3727 1921 3807 quando
1944 3733 1968 3786 te

433 3822 555 3877 nature
578 3813 724 3876 hnmanae
750 3813 782 3874 in
808 3811 943 3886 Christo,
970 3810 1045 3892 quia
1068 3811 1101 3872 in
1126 3811 1181 3872 illo
1236 3825 1302 3880 toto
1326 3819 1430 3883 cordis
1454 3818 1573 3883 aflectu
1597 3820 1836 3903 amplectarlO
1859 3825 1969 3888 Creator

434 3931 504 3974 esse
517 3911 612 3975 Verbi
628 3911 825 3994 suppositata
841 3917 889 3973 est
903 3910 1082 3972 humanitas
1098 3910 1182 3973 Chri·
1235 3917 1432 3993 dulcissime,
1449 3919 1575 4000 quando
1598 3928 1629 3982 te
1654 3918 1892 3986 ferventissime
1913 3922 1969 3984 dili·

434 4011 474 4073 sti
493 4029 500 4073 ε
518 4029 575 4096 per
599 4011 684 4093 qnod
708 4009 974 4074 inestimabiliter
997 4008 1182 4090 dignificata
1235 4019 1329 4096 gamt
1345 4017 1469 4079 Utinam
1485 4017 1683 4081 stabiliretur
1697 4037 1752 4082 cor
1767 4039 1876 4084 meum
1892 4023 1921 4082 in
1935 4029 1967 4083 te.

435 4117 483 4172 est
503 4117 535 4173 et
554 4109 727 4172 sublimata
746 4115 810 4172 tota
828 4109 967 4170 bumana
984 4115 1104 4170 natura.
1123 4108 1180 4170 De·
1235 4113 1384 4177 illumina
1407 4122 1439 4178 et
1462 4116 1611 4190 accende,
1635 4115 1778 4180 contorta
1801 4128 1835 4182 ct
1858 4119 1969 4202 posside
2069 4141 2070 4158 ι

435 4209 682 4291 inde,qnantum
700 4226 758 4272 nos
774 4207 917 4270 Christus
932 4207 1180 4287 dilexit,quantn
1195 4206 1220 4268 D
1237 4211 1431 4275 incessanter
1458 4231 1514 4276 cor
1543 4233 1662 4287 meum,
1687 4223 1722 4278 nt
1750 4216 1812 4280 tibi
1843 4217 1968 4300 qnotidie

303 4327 419 4380 trram,
434 4325 492 4390 pro
520 4307 614 4372 nobis
640 4306 718 4370 lecit
745 4325 781 4369 ac
808 4305 950 4388 pertulit,
976 4325 1058 4387 quae,
1083 4323 1180 4386 quan·
1237 4310 1337 4391 magis
1352 4311 1648 4392 devotum,gratum
1664 4331 1701 4375 ac
1716 4313 1970 4395 perfectnmcon·

289 4392 338 4442 Μ·
434 4413 465 4468 ιι
488 4415 520 4470 et
542 4407 649 4491 qualia
669 4405 762 4469 nobis
784 4403 944 4467 beneficia
965 4411 1014 4467 est
1036 4403 1179 4484 largitus,
1235 4407 1335 4483 sistat,
1358 4409 1397 4471 ad
1420 4409 1544 4472 laudem
1568 4416 1600 4471 et
1619 4408 1751 4490 gloriam
1776 4419 1875 4476 tuam.
