4154 6258
430 449 490 518 itt
691 472 839 521 common
858 474 900 520 xv
920 474 993 522 rosr
1012 471 1206 521 rnrurrnrnu.
1224 490 1266 502 -
1285 471 1459 520 maranno
1479 471 1511 518 ur
1531 470 1726 518 ramosum!

432 635 589 728 sapientia
619 651 715 731 atque
744 645 928 709 virtutibus.
961 645 1050 710 Unde
1082 645 1181 709 abbas
1196 643 1221 710 Α
1236 645 1262 709 si
1277 645 1369 710 stella
1384 645 1467 710 iuter
1482 645 1606 708 Fratres
1619 644 1686 726 jam
1700 643 1808 726 fulget.
1822 642 1885 707 llou
1897 662 1951 728 ergo

432 744 545 828 Apollo
569 753 679 827 postea
707 745 789 808 dixit
811 745 881 810 seni
910 744 1041 827 prelato
1065 763 1073 808 ε
1100 745 1182 809 Ecce
1236 745 1445 828 despiciendi,
1462 744 1517 808 sed
1533 744 1585 827 pie
1601 743 1757 806 tractandi
1771 749 1802 805 et
1820 743 1951 826 sapienter

433 843 541 906 Frater
555 842 610 906 ille
625 843 677 906 cui
697 842 952 926 desperationem
973 842 1090 918 fecisti,
1107 862 1182 926 qua·
1236 843 1415 906 instmendi
1437 850 1512 906 sunt
1532 841 1588 925 qui
1608 847 1779 905 tentantur.

823 1281 1129 1368 ENARRATIO
1161 1281 1217 1367 IN
1250 1279 1591 1369 EVANGELIUM

706 1558 790 1606 nouo
816 1558 928 1606 rornsr
953 1558 1070 1605 ooonus
1096 1557 1222 1604 norums
1248 1557 1387 1605 suaviae.
1409 1539 1516 1636 llattb.
1537 1559 1579 1616 vr,
1599 1537 1704 1604 24-33.

491 1837 668 1902 ΑΙΝΑΤΟΗ
685 1837 717 1900 in
734 1836 898 1919 evangelio
914 1837 1067 1901 hodierno
1088 1836 1178 1900 docet
1195 1835 1218 1899 Β
1234 1845 1263 1896 et
1286 1840 1428 1897 alterum
1447 1844 1639 1906 contemnet,
1659 1835 1809 1900 videlicet
1830 1855 1894 1900 eum
1912 1837 1951 1900 cui

505 1937 642 2019 qualiter
657 1937 861 2000 serviendum
882 1936 923 1999 sit
937 1936 1012 2011 Deo,
1030 1934 1180 1999 videlicet
1233 1951 1297 1997 non
1321 1934 1419 1997 servit
1442 1953 1548 2017 neque
1571 1933 1690 1998 obedit.
1716 1935 1785 1998 Non
1810 1935 1887 2008 dicit,
1905 1936 1951 1998 lut

431 2054 511 2118 puro
534 2054 571 2098 ac
593 2036 732 2119 simplici
759 2036 864 2111 corde,
879 2034 1000 2117 absque
1025 2034 1180 2098 sollieitu-
1232 2052 1334 2096 unum
1350 2032 1471 2113 diliget,
1486 2040 1517 2095 et
1531 2032 1669 2096 alterum
1684 2041 1860 2096 contemnet
1874 2052 1880 2095 :
1894 2034 1950 2116 quia

429 2135 503 2197 dine
529 2135 647 2197 carnali
672 2141 704 2197 et
728 2134 883 2198 saeculari.
904 2135 1014 2215 ltaque
1037 2133 1083 2196 ait
1106 2133 1179 2194 llat-
1233 2132 1394 2195 interdum
1414 2151 1478 2196 uon
1498 2132 1603 2214 diligit
1622 2151 1697 2195 eum
1715 2132 1767 2194 cui
1787 2133 1950 2205 deservite!

429 2229 659 2294 lhaeustNemo
670 2239 773 2306 potest
789 2233 913 2291 duobus
927 2231 1070 2291 dominis
1084 2229 1182 2288 servi·
1233 2239 1339 2294 lamen
1365 2231 1502 2294 sustinet
1526 2249 1600 2294 eum
1624 2231 1716 2314 quasi
1741 2231 1853 2294 durum
1874 2231 1951 2293 domi·

430 2347 476 2388 re.
493 2328 573 2401 Ouid
589 2335 637 2391 est
652 2328 731 2390 boel
746 2328 857 2391 Nonne
872 2346 1042 2410 possumus
1058 2325 1179 2389 servire
1232 2348 1321 2402 num,
1339 2337 1375 2391 ut
1391 2335 1478 2412 petet
1492 2330 1531 2391 de
1546 2329 1596 2392 his
1612 2329 1669 2411 qui
1685 2328 1812 2392 diabolo
1826 2328 1949 2402 seruiunt,

429 2425 494 2488 Deo
518 2434 550 2488 et
570 2425 709 2508 praelatis
731 2432 825 2508 atque
850 2424 1051 2508 principibus
1076 2431 1178 2498 terrm,
1232 2445 1328 2510 quem
1344 2445 1407 2490 uon
1429 2434 1546 2490 amant.
1563 2428 1642 2490 ltem
1663 2444 1729 2490 non
1749 2427 1836 2501 dicit,
1850 2427 1883 2489 Et
1894 2427 1950 2489 alte-

431 2523 553 2586 Sanctis
568 2542 696 2607 quoque
711 2524 767 2606 qui
783 2532 857 2586 sunt
872 2525 905 2586 in
921 2541 1018 2605 regno
1033 2522 1179 2587 coelestil
1232 2543 1303 2587 rum
1319 2525 1392 2588 odio
1406 2525 1549 2601 habebit,
1559 2526 1625 2600 sed,
1639 2533 1846 2589 «contemnet
1855 2526 1951 2600 uvido-

430 2622 476 2684 Ad
499 2623 559 2692 boe
583 2622 712 2704 quidam
735 2623 939 2705 respondent,
957 2622 1042 2703 quod
1065 2620 1180 2683 intelli·
1231 2622 1306 2686 licet
1321 2624 1422 2686 Deum
1442 2641 1449 2686 :
1469 2623 1544 2705 quia
1561 2625 1740 2687 secuudum
1756 2624 1948 2706 Augustinurn,

430 2721 570 2802 gendum
585 2721 627 2782 sit
641 2720 775 2783 verbum
792 2719 876 2782 istud
898 2721 937 2782 de
957 2719 1096 2783 dominis
1115 2737 1178 2782 non
1232 2723 1327 2785 etiam
1344 2723 1392 2784 illi
1407 2723 1463 2806 qui
1479 2740 1543 2786 nou
1559 2723 1701 2786 serviunt
1716 2724 1853 2798 lleo,non
1866 2723 1949 2786 odiunt

431 2818 654 2882 subalternatis
669 2827 765 2901 atque
780 2819 970 2881 contrariam
985 2818 1178 2880 voluntatem
1232 2839 1317 2896 eum,
1335 2821 1390 2883 sed
1411 2828 1577 2903 spernunt,
1593 2821 1671 2884 dum
1692 2821 1783 2904 quasi
1803 2821 1841 2884 de
1858 2821 1949 2904 pictate

430 2915 633 2979 habentibus.
651 2916 712 2979 Sed
728 2935 838 2980 rursus
854 2915 951 2997 objici
967 2923 1081 2998 potest,
1093 2914 1178 2998 quod
1233 2918 1303 2999 ejus
1318 2918 1434 2993 securi,
1452 2926 1610 3001 precepta
1631 2919 1734 3001 ipsius
1749 2918 1949 3000 transgrediun-

298 3030 361 3074 uom.
372 3045 416 3083 xtu,
431 3015 607 3078 secundum
623 3014 882 3077 beatissimorum
897 3014 1111 3096 apostolorum
1126 3014 1178 3076 Pe·
1193 3015 1215 3080 (l
1234 3024 1294 3079 tur.
1305 3017 1388 3079 Dicit
1403 3016 1523 3080 etenim
1537 3016 1735 3098 Augustinus
1752 3035 1760 3080 :
1775 3017 1888 3080 Nullius
1900 3017 1949 3078 lere
2050 3015 2051 3052 f

285 3095 416 3210 {30:55¹}
431 3113 471 3175 tri
488 3120 517 3176 et
532 3113 618 3176 Pauli
640 3111 816 3176 doctrinam
835 3130 872 3174 ac
889 3112 1078 3193 jussionem,
1095 3113 1179 3174 servi
1234 3115 1428 3178 couscientia
1443 3114 1544 3178 Deum
1560 3121 1664 3197 potest
1678 3114 1794 3178 odisse.
1807 3115 1861 3178 Sed
1874 3113 1948 3194 objici

285 3221 313 3270 ⁵:
330 3218 416 3263 Coloss-
432 3211 544 3275 fideles
568 3211 707 3275 dominis
731 3211 797 3274 suis
818 3210 913 3273 etiam
934 3209 1121 3273 infidelibus
1143 3229 1179 3273 ae
1233 3219 1337 3295 potest
1356 3213 1441 3294 quod
1460 3212 1604 3277 Christus
1623 3213 1739 3276 asserit
1756 3213 1796 3276 de
1813 3211 1948 3276 obstinatis

283 3281 417 3396 llgffi,
433 3311 571 3393 dyscolis
586 3311 706 3374 servire
721 3309 839 3373 debent
854 3308 1005 3382 fideliter,
1015 3317 1046 3372 et
1060 3309 1179 3372 subditi
1231 3312 1246 3374 J
1250 3311 1347 3374 udeeis
1360 3329 1366 3374 :
1379 3309 1520 3373 Oderunt
1535 3329 1587 3373 me
1601 3318 1633 3373 et
1647 3311 1772 3374 Patrem
1788 3329 1884 3374 meum
1896 3327 1947 3390 gra·
1961 3332 2024 3375 rm

432 3427 501 3472 esse
530 3408 704 3472 humiliter.
732 3408 770 3470 Et
798 3406 1067 3490 respondendum,
1095 3408 1179 3490 quod
1232 3408 1282 3470 tis.
1304 3407 1469 3472 Psalmista
1493 3427 1621 3492 quoque
1646 3409 1789 3492 loquitur
1809 3410 1866 3472 [leo
1883 3426 1889 3470 :
1906 3397 2025 3501 διι-ῖζῇωε

432 3525 526 3571 nemo
546 3515 650 3590 potest
669 3507 788 3570 servire
808 3506 920 3570 eodem
940 3514 1084 3588 tempore
1103 3507 1179 3569 duo·
1232 3506 1343 3589 perbia
1375 3525 1485 3570 eorum
1516 3507 1571 3589 qui
1599 3514 1632 3570 te
1660 3507 1807 3582 oderunt,
1833 3504 1977 3570 ascondita

433 3605 493 3668 bus
521 3605 659 3668 dominis
688 3605 878 3667 contrariam
903 3602 1099 3668 voluntatem
1128 3604 1180 3665 ba·
1233 3622 1378 3686 semper3
1395 3613 1436 3679 et,
1452 3604 1562 3667 Nonne
1584 3605 1641 3688 qui
1659 3605 1797 3668 oderunt
1815 3614 1852 3680 te,
1865 3602 2033 3668 iloni-rmn-

432 3702 594 3776 bentibus,
606 3704 638 3766 in
654 3710 809 3785 quantum
826 3702 869 3764 ita
886 3700 1035 3765 contrarii
1052 3708 1137 3775 sunt,
1149 3709 1181 3764 et
1233 3722 1284 3777 ne,
1296 3703 1445 3766 oderaml
1461 3703 1500 3766 llt
1514 3703 1785 3786 respondendum,
1796 3703 1871 3788 quod
1885 3703 1946 3765 lleus
1956 3687 1977 3725 ²¹‘
2051 3755 2052 3772 ,

432 3808 588 3884 quantum
612 3801 651 3862 ad
675 3819 712 3863 ea
736 3801 768 3863 in
793 3799 910 3883 quibus
935 3798 1177 3862 contrariautur.
1233 3800 1427 3865 considerari
1443 3807 1547 3884 potest
1561 3801 1745 3883 dupliciter.
1758 3801 1865 3875 Primo,
1875 3801 1901 3861 in
1914 3817 1946 3869 se,
2050 3773 2052 3866 l

433 3899 484 3962 Sic
506 3898 625 3962 etenim
645 3898 802 3981 quidquid
823 3899 927 3980 placet
947 3897 1015 3972 uni,
1032 3897 1181 3980 displicet
1233 3899 1410 3961 secundum
1439 3898 1525 3981 quod
1549 3905 1597 3960 est
1620 3917 1779 3972 summus,
1805 3899 1893 3963 bonus
1915 3901 1947 3956 at·
2051 3875 2052 3938 l

432 3997 542 4076 alteri3
558 4005 590 4060 et
605 3997 689 4080 quod
705 3997 850 4079 precipit
865 4015 959 4071 unus,
977 3995 1125 4078 probibet
1139 3995 1181 4058 el·
1233 4015 1296 4078 que
1311 3995 1472 4079 perlectus
1490 4013 1497 4058 :
1514 4004 1547 4059 et
1561 3996 1605 4060 ita
1618 4013 1684 4060 nou
1697 4005 1803 4080 potest
1817 3995 1895 4060 odiri.
1908 3993 1954 4055 Se.

287 4104 489 4168 catalecton
516 4096 590 4158 ldeo
614 4095 693 4159 dicit
715 4095 884 4177 Apostolus
907 4111 913 4157 :
938 4095 970 4158 Si
994 4093 1180 4157 hominibus
1234 4096 1389 4169 cundo,ut
1403 4095 1531 4178 punitor
1546 4095 1720 4177 iniquitatis
1735 4090 1949 4179 atqueprebibi·
2051 4085 2052 4162 l

432 4195 603 4278 placerem,
621 4193 736 4258 Christi
752 4211 864 4256 servus
878 4211 942 4256 non
962 4212 1074 4255 essem.
1094 4193 1180 4255 Unde
1194 4194 1219 4256 D
1236 4201 1283 4256 tor
1298 4194 1445 4256 vanitatis
1460 4213 1496 4257 ae
1511 4193 1684 4276 voluptatis
1697 4213 1704 4256 :
1716 4196 1824 4278 sicque
1837 4187 1948 4256 damnati

431 4295 569 4358 dominis
585 4293 772 4357 infidelibus
788 4299 820 4356 et
834 4292 954 4375 iniquis
975 4292 1179 4354 serviendum
1234 4301 1266 4356 et
1289 4293 1389 4375 aliqui
1415 4292 1560 4356 scelerati
1583 4292 1616 4355 in
1644 4293 1763 4358 saeculo
1786 4294 1841 4357 iste
1860 4290 1948 4354 odiunt
2051 4345 2052 4360 ,

431 4401 486 4456 aut
504 4393 718 4456 obediendum
739 4410 803 4455 uon
823 4398 871 4454 est
891 4391 923 4453 in
943 4391 994 4454 bis
1010 4391 1043 4454 in
1061 4391 1179 4473 quibus
1233 4392 1345 4454 Deum.
2050 4361 2052 4504 l

432 4492 496 4554 Deo
517 4498 611 4572 atque
633 4491 765 4571 justitie
787 4497 862 4552 sunt
883 4488 1028 4552 rebelles.
1275 4489 1320 4551 Ex
1346 4488 1504 4571 praetactis
1531 4489 1669 4564 elicitur,
1696 4491 1781 4572 quod
1804 4485 1948 4553 seeundum

473 4590 592 4652 Deinde
607 4589 751 4652 Christus
771 4588 926 4652 rationem
947 4588 1024 4650 dieti
1040 4588 1089 4650 sui
1107 4588 1180 4650 sub·
1233 4587 1458 4669 Augustiuum‚
1475 4587 1618 4652 Christus
1632 4589 1694 4652 boo
1709 4588 1778 4653 loco
1792 4590 1828 4652 ad
1840 4587 1947 4649 litteram

430 4688 546 4770 jungit.
573 4693 642 4750 Aut
666 4690 754 4747 euim
779 4708 883 4748 unum
911 4687 1078 4750 dominum
1107 4688 1180 4749 odio
1234 4706 1292 4769 per
1306 4686 1386 4749 duos
1402 4685 1548 4750 dominos
1564 4686 1715 4769 intelligit
1730 4688 1837 4761 Deum,
1851 4683 1897 4767 qui
1912 4699 1947 4742 ra·

433 4788 572 4857 habebit,
588 4793 742 4868 quantum
762 4785 801 4848 ad
817 4803 854 4848 ea
870 4784 902 4847 in
922 4784 1039 4868 quibus
1059 4791 1181 4848 eontra·
1233 4787 1320 4849 tione
1339 4784 1520 4860 creationis,
1536 4791 1568 4848 et
1587 4786 1826 4868 omnipotentia
1844 4801 1873 4846 ac
1889 4797 1947 4863 pra
2051 4831 2052 4860 2

433 4886 533 4948 riatur
555 4884 646 4946 alteri
671 4884 812 4958 domino,
832 4894 862 4944 et
886 4887 1028 4945 atterum
1052 4886 1180 4962 dilipet,
1234 4884 1378 4948 sidentiee
1393 4903 1469 4958 suae,
1486 4892 1534 4948 est
1548 4885 1694 4949 omnium
1712 4885 2024 4960 dominusatquerur·

434 5002 508 5048 eum
534 4983 684 5046 videlicet
707 4983 759 5045 cui
785 5001 824 5046 ex
847 4983 956 5046 auimo
981 4983 1088 5046 servit.
1111 4985 1181 5045 Aut
1235 4981 1410 5058 diabolum,
1427 4983 1466 5046 de
1480 5000 1544 5065 quo
1558 4983 1602 5045 ait
1616 4975 1946 5047 Salvatortl'euiteuin
1956 4955 2052 5032 rmus*

434 5103 538 5145 unum
558 5081 724 5145 dominum
741 5083 924 5153 sustr'uebit,
941 5100 1014 5145 eum
1032 5081 1183 5145 videlieet
1235 5081 1385 5165 princeps
1401 5081 1514 5145 mundi
1528 5080 1635 5163 hujus.
1647 5081 1772 5145 Dicitur
1785 5080 1888 5164 quippe
1899 5054 1979 5137 dit-³²

433 5182 486 5245 cui
506 5180 605 5245 servit
626 5197 633 5244 :
655 5197 751 5262 quem
773 5179 830 5242 atsi
853 5196 917 5242 non
938 5180 1058 5263 diligat,
1075 5186 1182 5243 tamen
1236 5180 1329 5244 bolus
1350 5180 1501 5245 dominus
1524 5180 1719 5263 iniquorum,
1739 5178 1875 5264 quoniam
1894 5188 1948 5256 pru

434 5279 581 5345 tolerabit
602 5297 688 5357 eum,
705 5286 737 5343 et
757 5278 834 5362 jugo
858 5277 928 5361 ejus
953 5279 1104 5363 subjiciet
1129 5297 1181 5361 se3
1237 5278 1315 5362 priae
1344 5277 1518 5342 voluntatis
1545 5279 1752 5360 perversitate
1779 5296 1811 5342 se
1836 5271 1948 5340 subtuu
