4192 6258
196 799 612 926 DOMINIGA
657 799 818 925 XXI
864 799 1076 926 POST
1123 800 1648 927 TRlNlTATllM

566 1441 873 1528 ENARRATIO
905 1441 960 1529 IN
993 1441 1287 1530 EPISTOLAM

500 1697 726 1747 convenarium
751 1699 784 1744 m
810 1673 938 1757 noumo,
964 1697 1028 1746 aro.
1053 1682 1168 1766 Ephes.
1190 1699 1232 1756 vr,
1254 1680 1357 1746 toti.

220 1970 245 2033 D
276 1968 475 2053 spiritualem
505 1967 768 2032 confortationem
797 1975 829 2030 et
853 1987 900 2030 ar·
915 1968 941 2031 A
956 1986 993 2032 eo
1018 1968 1195 2032 subditur:
1222 1979 1260 2030 at
1278 1971 1411 2046 possitis
1436 1979 1523 2030 stare
1546 1973 1704 2031 adversas

242 2076 398 2131 maturam
434 2067 618 2130 interiorem
649 2073 759 2128 contra
789 2084 900 2129 omnes
956 2068 1098 2128 insidias
1116 2069 1250 2138 diaboti,
1267 2061 1300 2129 id
1321 2074 1369 2130 est
1389 2058 1704 2131 occultis'macbina·

147 2167 331 2230 animarum
352 2174 532 2229 nostrarum
554 2166 660 2228 hostes
681 2165 823 2228 bortatur
843 2182 900 2228 nos
955 2165 1098 2228 tionibus
1115 2165 1437 2248 suggestionibusque
1452 2165 1570 2229 diaboli
1586 2186 1705 2249 preva-
1791 2235 1799 2244 g

147 2265 309 2348 gloriosus
331 2264 500 2346 Apostolus
523 2263 555 2324 in
581 2264 729 2345 presenti
754 2263 898 2345 epistola,
957 2263 1021 2326 lere
1039 2283 1046 2328 ε
1064 2283 1139 2326 nam
1158 2271 1190 2326 et
1205 2263 1334 2326 Satanas
1354 2282 1387 2326 se
1406 2263 1519 2328 crebro
1533 2264 1703 2347 transfigu-
1732 2287 1851 2338 ocoen,

148 2365 262 2428 dicens
280 2381 287 2426 :
306 2363 548 2440 Consortamiai
566 2364 603 2422 ia
621 2364 771 2432 Domino,
788 2361 820 2423 id
841 2369 899 2434 est,
956 2368 1004 2424 rat
1019 2361 1051 2424 in
1066 2362 1215 2443 angelum
1232 2361 1393 2437 lucis,sub
1408 2361 1515 2444 specie
1530 2363 1605 2427 boni
1622 2363 1705 2426 mala
1720 2353 1752 2396 ¹⁴·

150 2463 251 2526 robur
272 2462 381 2542 gratie
403 2479 440 2522 ae
462 2461 616 2523 virtutum
639 2478 657 2521 a
678 2459 743 2522 fleo
765 2458 900 2542 adipisci
956 2477 1147 2543 proponens.

149 2581 189 2624 ac
214 2577 402 2624 conservare
427 2558 562 2632 studete,
578 2566 673 2640 atque
695 2577 733 2620 cx
758 2558 901 2620 conside·
997 2561 1158 2628 Quoniam
1173 2579 1238 2619 aoa
1253 2568 1299 2620 est
1314 2561 1406 2620 nobis
1420 2562 1606 2620 colluctatio
1621 2561 1706 2643 prin-

149 2659 275 2722 ratione
303 2657 420 2720 divine
450 2656 577 2739 pietatis
602 2675 638 2718 ac
662 2655 901 2738 omnipotentie
957 2657 1068 2739 cipalis
1090 2663 1146 2718 aut
1168 2657 1234 2720 sola
1253 2661 1410 2719 adversas
1429 2679 1560 2720 caraem
1580 2667 1611 2720 et
1632 2679 1706 2720 saa-

149 2759 320 2821 roboretur
340 2774 412 2838 spes
429 2762 533 2818 vestra
553 2755 584 2816 in
601 2755 758 2827 creatore,
775 2762 810 2815 nt
828 2769 901 2816 con·
952 2758 1100 2834 peiorem,
1117 2755 1147 2816 id
1169 2762 1218 2818 est
1231 2755 1377 2818 homines
1398 2756 1540 2819 carnales
1557 2775 1594 2819 ac
1611 2757 1705 2839 fragi-

149 2865 201 2919 tra
230 2854 487 2938 impugnationes
511 2854 703 2926 demonum,
731 2853 836 2914 carnis
864 2870 901 2913 ac
956 2854 1013 2927 les,
1025 2872 1081 2916 seu
1096 2853 1174 2916 vitia
1190 2853 1303 2916 carnis.
1321 2853 1442 2937 Nempe
1459 2873 1516 2937 per
1530 2874 1659 2920 carnem
1675 2865 1706 2919 et

149 2954 264 3018 mundi
286 2953 422 3016 viriliter
445 2951 677 3033 compugnetis,
698 2957 729 3012 et
752 2950 784 3012 in
809 2950 901 3012 bonis
956 2952 1143 3032 sanguinem
1167 2951 1331 3033 Scriptura
1349 2952 1510 3034 significat
1528 2953 1704 3029 bominem,

148 3052 303 3136 operibus
318 3049 528 3133 perseveretis
547 3067 583 3111 ac
603 3047 789 3130 proficiatis.
806 3050 849 3109 Et
866 3049 902 3107 ia
955 3050 1045 3131 juxta
1060 3049 1140 3111 illud
1158 3067 1165 3112 :
1183 3049 1261 3113 Caro
1277 3057 1308 3112 et
1322 3051 1452 3132 sanguis
1471 3069 1534 3114 non
1552 3053 1706 3116 revelavit
1720 3065 1851 3118 noriam,

143 3153 296 3230 potentia
311 3150 448 3210 virtutis
467 3149 547 3226 ejas.
565 3147 651 3209 Istud
671 3154 719 3208 est
740 3146 830 3228 quasi
851 3143 939 3207 ex-B
957 3149 1025 3211 tibi.
1042 3149 1269 3212 Verumtamen
1289 3166 1384 3229 grave
1404 3148 1525 3212 bellum
1548 3150 1704 3214 babemus
1721 3135 1754 3176 ¹⁷·

149 3249 269 3332 positio
285 3245 448 3329 particule
463 3245 684 3327 precedentis,
701 3244 776 3326 quia
792 3251 901 3325 poten·
957 3254 1065 3309 contra
1087 3247 1250 3328 propriam
1272 3264 1401 3308 carnem
1424 3254 1456 3308 et
1476 3247 1704 3330 concupiscen-

149 3349 197 3409 tia
221 3345 348 3408 virtutis
372 3345 427 3406 Dei
452 3361 515 3406 non
541 3350 589 3405 est
609 3343 672 3404 nisi
697 3342 901 3424 omnipotens
956 3343 1015 3405 tias
1034 3344 1116 3424 ejus,
1133 3350 1165 3406 et
1179 3351 1289 3406 contra
1309 3344 1455 3407 homines
1478 3345 1630 3420 carnales,
1647 3348 1703 3429 qui

151 3447 247 3509 Deus.
265 3445 383 3526 ltaque,
402 3464 419 3502 a
435 3443 467 3504 in
486 3442 628 3524 potentia
642 3441 770 3504 virtutis
785 3441 855 3520 ejus
871 3462 900 3515 a,
955 3441 1007 3504 vel
1026 3441 1157 3503 adversa
1178 3440 1340 3522 infligunt,
1357 3442 1408 3505 vel
1428 3444 1466 3505 ad
1483 3443 1560 3505 vitia
1578 3445 1703 3508 trahere

151 3545 186 3607 id
202 3551 251 3606 est
266 3543 298 3604 in
313 3541 436 3624 potenti
451 3547 603 3622 potestate
619 3540 728 3623 ipsius,
737 3539 902 3601 innitendo
957 3539 1142 3602 moliuntur.
1159 3538 1283 3602 Bellum
1301 3557 1377 3602 vero
1392 3541 1477 3622 quod
1498 3549 1607 3604 contra
1623 3543 1703 3606 invi·

150 3660 282 3725 semper
301 3641 418 3703 divine
437 3639 597 3721 potentie,
614 3657 678 3702 non
698 3638 835 3721 propriis
856 3637 901 3699 vi·
956 3636 1066 3700 sibiles
1086 3637 1191 3700 hostes
1211 3636 1377 3712 habemus,
1394 3638 1703 3720 periculosissimum

24 3773 43 3802 s.
55 3773 75 3809 ι,
117 3791 123 3800 .
149 3741 255 3814 ribus,
270 3739 361 3821 juxta
380 3738 461 3801 illud
481 3737 569 3800 lsaie
586 3754 593 3798 :
610 3737 685 3811 Quis
704 3736 847 3799 ambulat
868 3736 900 3797 in
955 3735 1212 3817 acerrimumque
1227 3735 1382 3798 consistit.
1395 3737 1439 3800 lle
1453 3756 1517 3820 quo
1533 3740 1702 3821 sequitur:

150 3839 356 3913 tenebr13,et
375 3854 439 3898 non
461 3843 509 3898 est
530 3835 639 3898 lumen
659 3837 716 3898 eil
737 3835 848 3916 Speret
867 3835 900 3896 in
955 3837 1011 3894 aed
1023 3838 1180 3895 adversos
1190 3836 1360 3910 principes
1373 3844 1403 3895 et
1414 3845 1599 3911 potestates,
1610 3837 1641 3900 id
1657 3845 1705 3900 est

149 3938 284 4001 nomine
304 3935 441 4008 Domini,
458 3941 490 3996 et
509 3934 663 3996 innitatur
681 3953 778 4015 super
799 3934 899 3995 lleum
954 3933 1083 4014 angelos
1102 3939 1260 4015 apostatas
1282 3951 1339 3995 seu
1361 3933 1533 4009 demones,
1555 3935 1609 4018 qui
1631 3944 1704 3999 ante

148 4055 258 4100 suum.
276 4036 380 4097 Potest
405 4050 532 4114 quoque
556 4051 614 4115 per
638 4031 812 4113 potentiam
837 4031 900 4094 vir·
956 4031 1080 4114 lapsum
1103 4049 1197 4094 suum
1219 4030 1350 4094 fuerunt
1369 4033 1408 4095 de
1429 4033 1595 4096 ordinibus
1617 4035 1703 4098 Prin·

147 4136 230 4199 tutis
254 4134 310 4197 Dei
341 4132 475 4214 intelligi
501 4131 601 4195 virtus
632 4129 737 4192 infusa
765 4129 900 4193 nobisa
955 4131 1119 4212 cipetuum
1137 4130 1384 4193 etPotestatum.
1402 4130 1704 4216 Desingulisquip·

147 4233 274 4317 Spiritu
299 4232 423 4304 Sancto,
450 4249 521 4312 que
545 4229 722 4292 formaliter
746 4247 803 4292 nos
829 4247 901 4291 con·
955 4249 996 4312 pc
1019 4230 1203 4311 angelorum
1230 4229 1397 4292 ordinibus
1426 4229 1526 4311 aliqui
1550 4231 1704 4294 cecidisse

145 4333 264 4409 fortat3
289 4331 372 4392 Deus
397 4346 473 4390 vero
502 4327 650 4390 effective
675 4344 732 4388 nos
762 4326 897 4390 roborat.
915 4320 937 4383 G
955 4329 1139 4401 creduntur,
1165 4327 1220 4410 qui
1246 4326 1386 4390 universi
1410 4327 1476 4408 jam
1506 4346 1564 4409 per
1585 4328 1704 4410 princi-

191 4431 328 4491 Iadaite
342 4447 395 4488 oos
409 4436 616 4486 armaturam
631 4428 704 4496 Dei,
716 4426 747 4487 id
763 4433 821 4498 est,
838 4425 900 4487 vir·
955 4433 1045 4510 patus
1070 4445 1107 4487 ac
1130 4431 1301 4508 potestates
1327 4425 1494 4505 signantur
1519 4443 1526 4487 :
1551 4426 1594 4488 ita
1617 4427 1704 4508 quod

145 4527 276 4591 tutibus
294 4525 461 4588 interiores
482 4525 566 4588 vires
583 4525 698 4588 anime
717 4531 829 4587 vestre
848 4543 900 4586 ve·
956 4524 1085 4587 nomine
1099 4522 1336 4605 principatuum
1352 4523 1577 4604 exprimuntur
1590 4525 1704 4588 demo

145 4625 227 4690 stite
251 4642 287 4686 ae
311 4623 467 4696 roborate,
491 4621 640 4684 videlicet
667 4641 673 4684 :
701 4621 899 4684 intellectum
957 4641 1012 4684 nes
1033 4621 1219 4698 inferiores3
1235 4627 1267 4682 et
1283 4620 1412 4684 nomine
1432 4628 1636 4704 potestatum,
1653 4643 1704 4685 su-

145 4723 230 4796 fide,
253 4720 409 4803 sapientia
432 4739 468 4782 ac
493 4720 682 4801 prudentia3
704 4719 900 4782 voluntatem
957 4717 1234 4802 periores,quibus
1250 4718 1416 4781 inferiores
1432 4719 1704 4795 obediunthomi-

146 4840 221 4904 spe,
247 4819 387 4892 caritate,
407 4817 553 4899 justitia3
576 4819 753 4899 appetitum
779 4818 902 4879 sensiti-
957 4837 1013 4880 nes
1034 4816 1259 4897 impugnando.
1279 4815 1333 4878 Est
1347 4816 1434 4879 enim
1455 4817 1489 4879 in
1505 4819 1705 4882 demonibus

145 4938 231 4982 vum
261 4917 481 4999 temperantia,
509 4916 696 4979 fortitudine
724 4915 901 4996 ceterisque
957 4915 1099 4998 prelatio
1118 4913 1264 4995 quedam
1280 4930 1286 4975 :
1304 4933 1378 4975 nam
1399 4922 1429 4976 et
1446 4933 1556 4978 omnes
1577 4934 1705 4980 concor·

147 5016 327 5081 virtutibus
347 5015 529 5078 moralibus.
547 5015 618 5077 llec
636 5021 710 5076 sunt
724 5014 902 5095 spiritualia
957 5016 1013 5078 des
1029 5020 1103 5075 sunt
1123 5013 1156 5073 in
1172 5011 1331 5075 desiderio
1351 5013 1485 5076 nocendi
1507 5015 1702 5077 bominibus.

147 5134 243 5180 arma
256 5133 275 5176 a
289 5115 354 5177 Deo
369 5113 531 5186 fabricata,
549 5113 632 5184 data,
650 5112 765 5186 infusa,
782 5111 900 5193 quibus
957 5117 1126 5176 Adversas
1149 5114 1269 5172 mandi
1293 5122 1443 5185 rectores,
1468 5114 1499 5176 id
1523 5121 1571 5176 est
1596 5120 1706 5176 contra

150 5221 265 5278 contra
279 5212 430 5274 vitiorum
446 5229 482 5272 ac
499 5211 680 5273 demonum
700 5211 783 5272 acies
800 5229 901 5273 corre
959 5210 1126 5294 predictos
1143 5209 1321 5272 invisibiles
1336 5211 1452 5284 hostes,
1471 5212 1704 5273 mundanorum

149 5313 287 5377 boratur
300 5318 395 5392 atque
411 5308 587 5392 protegitur
600 5309 706 5371 anima
720 5317 836 5372 nostra.
854 5310 900 5371 ld·
955 5307 1124 5372 bominum
1138 5308 1311 5370 directores
1327 5323 1363 5368 ac
1379 5307 1546 5388 principes.
1553 5307 1705 5372 Homines
