<?xml version="1.0" encoding="UTF-8"?>
<!DOCTYPE html PUBLIC "-//W3C//DTD XHTML 1.0 Transitional//EN"
    "http://www.w3.org/TR/xhtml1/DTD/xhtml1-transitional.dtd">
<html xmlns="http://www.w3.org/1999/xhtml" xml:lang="en" lang="en">
 <head>
  <title>
</title>
<meta http-equiv="Content-Type" content="text/html;charset=utf-8" />
  <meta name='ocr-system' content='tesseract 3.04.00' />
  <meta name='ocr-capabilities' content='ocr_page ocr_carea ocr_par ocr_line ocrx_word'/>
</head>
<body>
  <div class='ocr_page' id='page_1' title='image "./doctorisecstati01unkngoog/doctorisecstati01unkngoog_0605.png"; bbox 0 0 4192 6258; ppageno 0'>
   <div class='ocr_carea' id='block_1_1' title="bbox 454 493 1653 558">
    <p class='ocr_par' dir='ltr' id='par_1_1' title="bbox 454 493 1653 558">
     <span class='ocr_line' id='line_1_1' title="bbox 454 493 1653 558; baseline -0.003 0"><span class='ocrx_word' id='word_1_1' title='bbox 454 493 515 558; x_wconf 82' lang='lat' dir='ltr'><strong>su</strong></span> <span class='ocrx_word' id='word_1_2' title='bbox 805 509 952 558; x_wconf 79' lang='lat' dir='ltr'><strong>noumrss</strong></span> <span class='ocrx_word' id='word_1_3' title='bbox 972 509 1026 556; x_wconf 84' lang='lat' dir='ltr'><strong>xxr</strong></span> <span class='ocrx_word' id='word_1_4' title='bbox 1046 508 1119 556; x_wconf 88' lang='lat' dir='ltr'><strong>rosr</strong></span> <span class='ocrx_word' id='word_1_5' title='bbox 1139 507 1332 555; x_wconf 75' lang='lat' dir='ltr'><strong>mrunsrsu.</strong></span> <span class='ocrx_word' id='word_1_6' title='bbox 1352 525 1392 536; x_wconf 99' lang='lat'>—</span> <span class='ocrx_word' id='word_1_7' title='bbox 1412 507 1511 554; x_wconf 78' lang='lat' dir='ltr'><strong>sunno</strong></span> <span class='ocrx_word' id='word_1_8' title='bbox 1529 508 1653 556; x_wconf 84' lang='lat' dir='ltr'><strong>rsnrrus</strong></span> 
     </span>
    </p>
   </div>
   <div class='ocr_carea' id='block_1_2' title="bbox 308 674 1977 3427">
    <p class='ocr_par' dir='ltr' id='par_1_2' title="bbox 308 674 1977 3427">
     <span class='ocr_line' id='line_1_2' title="bbox 457 674 1973 764; baseline -0.004 -20"><span class='ocrx_word' id='word_1_9' title='bbox 457 681 558 763; x_wconf 87' lang='lat' dir='ltr'><strong>magis</strong></span> <span class='ocrx_word' id='word_1_10' title='bbox 574 701 669 764; x_wconf 93' lang='lat' dir='ltr'><strong>quam</strong></span> <span class='ocrx_word' id='word_1_11' title='bbox 686 681 864 764; x_wconf 79' lang='lat' dir='ltr'><strong>spiritualia</strong></span> <span class='ocrx_word' id='word_1_12' title='bbox 878 698 914 743; x_wconf 88' lang='lat' dir='ltr'><strong>ae</strong></span> <span class='ocrx_word' id='word_1_13' title='bbox 934 687 1051 743; x_wconf 81' lang='lat' dir='ltr'><strong>aeterna</strong></span> <span class='ocrx_word' id='word_1_14' title='bbox 1070 678 1244 742; x_wconf 82' lang='lat' dir='ltr'><strong>amandoA</strong></span> <span class='ocrx_word' id='word_1_15' title='bbox 1261 677 1318 740; x_wconf 91' lang='lat' dir='ltr'><strong>lari</strong></span> <span class='ocrx_word' id='word_1_16' title='bbox 1335 697 1416 741; x_wconf 88' lang='lat' dir='ltr'><strong>vane</strong></span> <span class='ocrx_word' id='word_1_17' title='bbox 1431 685 1463 740; x_wconf 89' lang='lat' dir='ltr'><strong>el</strong></span> <span class='ocrx_word' id='word_1_18' title='bbox 1477 678 1669 752; x_wconf 89' lang='lat' dir='ltr'><strong>intimorate,</strong></span> <span class='ocrx_word' id='word_1_19' title='bbox 1687 694 1746 739; x_wconf 92' lang='lat' dir='ltr'><strong>nec</strong></span> <span class='ocrx_word' id='word_1_20' title='bbox 1761 674 1923 758; x_wconf 85' lang='lat' dir='ltr'><strong>recipiebat</strong></span> <span class='ocrx_word' id='word_1_21' title='bbox 1932 676 1973 738; x_wconf 86' lang='lat' dir='ltr'><strong>sed</strong></span> 
     </span>
     <span class='ocr_line' id='line_1_3' title="bbox 457 774 1973 862; baseline -0.003 -21"><span class='ocrx_word' id='word_1_22' title='bbox 457 785 489 842; x_wconf 92' lang='lat' dir='ltr'><strong>et</strong></span> <span class='ocrx_word' id='word_1_23' title='bbox 503 780 709 862; x_wconf 82' lang='lat' dir='ltr'><strong>exquirendo.</strong></span> <span class='ocrx_word' id='word_1_24' title='bbox 727 779 802 853; x_wconf 86' lang='lat' dir='ltr'><strong>Quis</strong></span> <span class='ocrx_word' id='word_1_25' title='bbox 822 777 1044 860; x_wconf 83' lang='lat' dir='ltr'><strong>religiosorum</strong></span> <span class='ocrx_word' id='word_1_26' title='bbox 1061 795 1098 840; x_wconf 91' lang='lat' dir='ltr'><strong>ac</strong></span> <span class='ocrx_word' id='word_1_27' title='bbox 1113 777 1206 840; x_wconf 90' lang='lat' dir='ltr'><strong>devo·</strong></span> <span class='ocrx_word' id='word_1_28' title='bbox 1260 776 1489 858; x_wconf 76' lang='lat' dir='ltr'><strong>aspernabatur</strong></span> <span class='ocrx_word' id='word_1_29' title='bbox 1512 777 1657 839; x_wconf 83' lang='lat' dir='ltr'><strong>Fratrum</strong></span> <span class='ocrx_word' id='word_1_30' title='bbox 1681 774 1920 852; x_wconf 78' lang='lat' dir='ltr'><strong>exhortationes3</strong></span> <span class='ocrx_word' id='word_1_31' title='bbox 1936 795 1973 838; x_wconf 84' lang='lat' dir='ltr'><strong>ve-</strong></span> 
     </span>
     <span class='ocr_line' id='line_1_4' title="bbox 456 871 1973 959; baseline -0.003 -19"><span class='ocrx_word' id='word_1_32' title='bbox 456 886 562 942; x_wconf 86' lang='lat' dir='ltr'><strong>torum</strong></span> <span class='ocrx_word' id='word_1_33' title='bbox 578 886 642 941; x_wconf 92' lang='lat' dir='ltr'><strong>tam</strong></span> <span class='ocrx_word' id='word_1_34' title='bbox 665 878 819 940; x_wconf 85' lang='lat' dir='ltr'><strong>instanter</strong></span> <span class='ocrx_word' id='word_1_35' title='bbox 834 895 870 938; x_wconf 91' lang='lat' dir='ltr'><strong>ac</strong></span> <span class='ocrx_word' id='word_1_36' title='bbox 890 876 1013 940; x_wconf 82' lang='lat' dir='ltr'><strong>fervide</strong></span> <span class='ocrx_word' id='word_1_37' title='bbox 1033 893 1091 959; x_wconf 95' lang='lat' dir='ltr'><strong>pro</strong></span> <span class='ocrx_word' id='word_1_38' title='bbox 1106 875 1206 936; x_wconf 81' lang='lat' dir='ltr'><strong>inore</strong></span> <span class='ocrx_word' id='word_1_39' title='bbox 1260 893 1332 937; x_wconf 94' lang='lat' dir='ltr'><strong>rum</strong></span> <span class='ocrx_word' id='word_1_40' title='bbox 1347 891 1455 937; x_wconf 89' lang='lat' dir='ltr'><strong>amore</strong></span> <span class='ocrx_word' id='word_1_41' title='bbox 1470 873 1669 936; x_wconf 82' lang='lat' dir='ltr'><strong>devotissimi</strong></span> <span class='ocrx_word' id='word_1_42' title='bbox 1685 872 1792 935; x_wconf 79' lang='lat' dir='ltr'><strong>fratris</strong></span> <span class='ocrx_word' id='word_1_43' title='bbox 1808 871 1866 944; x_wconf 90' lang='lat' dir='ltr'><strong>sui,</strong></span> <span class='ocrx_word' id='word_1_44' title='bbox 1880 871 1914 934; x_wconf 90' lang='lat' dir='ltr'><strong>ab</strong></span> <span class='ocrx_word' id='word_1_45' title='bbox 1925 889 1973 936; x_wconf 90' lang='lat' dir='ltr'><strong>on-</strong></span> 
     </span>
     <span class='ocr_line' id='line_1_5' title="bbox 458 971 1973 1058; baseline -0.003 -19"><span class='ocrx_word' id='word_1_46' title='bbox 458 984 566 1040; x_wconf 91' lang='lat' dir='ltr'><strong>mento</strong></span> <span class='ocrx_word' id='word_1_47' title='bbox 580 977 689 1058; x_wconf 76' lang='lat' dir='ltr'><strong>gratiae</strong></span> <span class='ocrx_word' id='word_1_48' title='bbox 704 995 740 1039; x_wconf 90' lang='lat' dir='ltr'><strong>ae</strong></span> <span class='ocrx_word' id='word_1_49' title='bbox 755 975 910 1038; x_wconf 91' lang='lat' dir='ltr'><strong>virtutum</strong></span> <span class='ocrx_word' id='word_1_50' title='bbox 926 975 1054 1049; x_wconf 81' lang='lat' dir='ltr'><strong>laborat,</strong></span> <span class='ocrx_word' id='word_1_51' title='bbox 1066 982 1102 1036; x_wconf 91' lang='lat' dir='ltr'><strong>ut</strong></span> <span class='ocrx_word' id='word_1_52' title='bbox 1115 973 1205 1036; x_wconf 88' lang='lat' dir='ltr'><strong>multi</strong></span> <span class='ocrx_word' id='word_1_53' title='bbox 1260 972 1355 1035; x_wconf 93' lang='lat' dir='ltr'><strong>nibus</strong></span> <span class='ocrx_word' id='word_1_54' title='bbox 1387 972 1608 1054; x_wconf 76' lang='lat' dir='ltr'><strong>aequanimiter</strong></span> <span class='ocrx_word' id='word_1_55' title='bbox 1641 971 1836 1054; x_wconf 88' lang='lat' dir='ltr'><strong>portabatur.</strong></span> <span class='ocrx_word' id='word_1_56' title='bbox 1864 971 1973 1034; x_wconf 84' lang='lat' dir='ltr'><strong>&#39;landen</strong></span> 
     </span>
     <span class='ocr_line' id='line_1_6' title="bbox 457 1069 1974 1157; baseline -0.005 -19"><span class='ocrx_word' id='word_1_57' title='bbox 457 1075 624 1139; x_wconf 78' lang='lat' dir='ltr'><strong>saeculares</strong></span> <span class='ocrx_word' id='word_1_58' title='bbox 647 1092 706 1157; x_wconf 94' lang='lat' dir='ltr'><strong>pro</strong></span> <span class='ocrx_word' id='word_1_59' title='bbox 725 1073 894 1156; x_wconf 89' lang='lat' dir='ltr'><strong>temporali</strong></span> <span class='ocrx_word' id='word_1_60' title='bbox 915 1072 1079 1155; x_wconf 92' lang='lat' dir='ltr'><strong>opulentia</strong></span> <span class='ocrx_word' id='word_1_61' title='bbox 1100 1079 1132 1135; x_wconf 89' lang='lat' dir='ltr'><strong>et</strong></span> <span class='ocrx_word' id='word_1_62' title='bbox 1150 1072 1206 1134; x_wconf 94' lang='lat' dir='ltr'><strong>bo-</strong></span> <span class='ocrx_word' id='word_1_63' title='bbox 1260 1070 1442 1153; x_wconf 89' lang='lat' dir='ltr'><strong>pestilentia</strong></span> <span class='ocrx_word' id='word_1_64' title='bbox 1456 1089 1639 1152; x_wconf 90' lang='lat' dir='ltr'><strong>percussus,</strong></span> <span class='ocrx_word' id='word_1_65' title='bbox 1656 1070 1694 1132; x_wconf 84' lang='lat' dir='ltr'><strong>ed</strong></span> <span class='ocrx_word' id='word_1_66' title='bbox 1710 1075 1850 1132; x_wconf 86' lang='lat' dir='ltr'><strong>extrema</strong></span> <span class='ocrx_word' id='word_1_67' title='bbox 1867 1069 1974 1142; x_wconf 81' lang='lat' dir='ltr'><strong>devenit</strong></span> 
     </span>
     <span class='ocr_line' id='line_1_7' title="bbox 310 1166 1974 1253; baseline -0.007 -13"><span class='ocrx_word' id='word_1_68' title='bbox 310 1177 556 1250; x_wconf 72' lang='lat' dir='ltr'><strong>cuc.1v1,s.norel</strong></span> <span class='ocrx_word' id='word_1_69' title='bbox 570 1174 645 1236; x_wconf 90' lang='lat' dir='ltr'><strong>ldeo</strong></span> <span class='ocrx_word' id='word_1_70' title='bbox 662 1173 743 1236; x_wconf 83' lang='lat' dir='ltr'><strong>dixit</strong></span> <span class='ocrx_word' id='word_1_71' title='bbox 757 1172 910 1246; x_wconf 88' lang='lat' dir='ltr'><strong>Salvator,</strong></span> <span class='ocrx_word' id='word_1_72' title='bbox 927 1171 1011 1253; x_wconf 93' lang='lat' dir='ltr'><strong>quod</strong></span> <span class='ocrx_word' id='word_1_73' title='bbox 1027 1170 1088 1233; x_wconf 88' lang='lat' dir='ltr'><strong>lilii</strong></span> <span class='ocrx_word' id='word_1_74' title='bbox 1108 1169 1205 1251; x_wconf 87' lang='lat' dir='ltr'><strong>hujus</strong></span> <span class='ocrx_word' id='word_1_75' title='bbox 1259 1176 1290 1230; x_wconf 90' lang='lat' dir='ltr'><strong>et</strong></span> <span class='ocrx_word' id='word_1_76' title='bbox 1312 1168 1473 1230; x_wconf 85' lang='lat' dir='ltr'><strong>Fratribus</strong></span> <span class='ocrx_word' id='word_1_77' title='bbox 1496 1169 1577 1231; x_wconf 91' lang='lat' dir='ltr'><strong>lecto</strong></span> <span class='ocrx_word' id='word_1_78' title='bbox 1599 1169 1670 1250; x_wconf 83' lang='lat' dir='ltr'><strong>ejus</strong></span> <span class='ocrx_word' id='word_1_79' title='bbox 1692 1166 1885 1230; x_wconf 88' lang='lat' dir='ltr'><strong>adstantibus</strong></span> <span class='ocrx_word' id='word_1_80' title='bbox 1903 1175 1974 1248; x_wconf 89' lang='lat' dir='ltr'><strong>atque</strong></span> 
     </span>
     <span class='ocr_line' id='line_1_8' title="bbox 457 1263 1974 1355; baseline -0.007 -18"><span class='ocrx_word' id='word_1_81' title='bbox 457 1272 565 1337; x_wconf 81' lang='lat' dir='ltr'><strong>seculi</strong></span> <span class='ocrx_word' id='word_1_82' title='bbox 582 1272 804 1355; x_wconf 79' lang='lat' dir='ltr'><strong>prudentiores</strong></span> <span class='ocrx_word' id='word_1_83' title='bbox 819 1277 894 1333; x_wconf 93' lang='lat' dir='ltr'><strong>sunt</strong></span> <span class='ocrx_word' id='word_1_84' title='bbox 909 1268 987 1332; x_wconf 89' lang='lat' dir='ltr'><strong>liliis</strong></span> <span class='ocrx_word' id='word_1_85' title='bbox 1003 1269 1084 1331; x_wconf 90' lang='lat' dir='ltr'><strong>lucis</strong></span> <span class='ocrx_word' id='word_1_86' title='bbox 1100 1269 1132 1330; x_wconf 92' lang='lat' dir='ltr'><strong>in</strong></span> <span class='ocrx_word' id='word_1_87' title='bbox 1148 1289 1206 1331; x_wconf 90' lang='lat' dir='ltr'><strong>sua</strong></span> <span class='ocrx_word' id='word_1_88' title='bbox 1259 1283 1318 1348; x_wconf 96' lang='lat' dir='ltr'><strong>pro</strong></span> <span class='ocrx_word' id='word_1_89' title='bbox 1347 1267 1417 1349; x_wconf 91' lang='lat' dir='ltr'><strong>ipso</strong></span> <span class='ocrx_word' id='word_1_90' title='bbox 1446 1266 1623 1341; x_wconf 89' lang='lat' dir='ltr'><strong>orantibus,</strong></span> <span class='ocrx_word' id='word_1_91' title='bbox 1646 1265 1754 1328; x_wconf 88' lang='lat' dir='ltr'><strong>subito</strong></span> <span class='ocrx_word' id='word_1_92' title='bbox 1783 1263 1974 1327; x_wconf 85' lang='lat' dir='ltr'><strong>exclamavit:</strong></span> 
     </span>
     <span class='ocr_line' id='line_1_9' title="bbox 457 1363 1975 1454; baseline -0.005 -20"><span class='ocrx_word' id='word_1_93' title='bbox 457 1373 671 1454; x_wconf 88' lang='lat' dir='ltr'><strong>generatione.</strong></span> <span class='ocrx_word' id='word_1_94' title='bbox 689 1370 749 1434; x_wconf 87' lang='lat' dir='ltr'><strong>Sed</strong></span> <span class='ocrx_word' id='word_1_95' title='bbox 773 1370 939 1432; x_wconf 86' lang='lat' dir='ltr'><strong>redeamus</strong></span> <span class='ocrx_word' id='word_1_96' title='bbox 962 1368 1001 1430; x_wconf 89' lang='lat' dir='ltr'><strong>ad</strong></span> <span class='ocrx_word' id='word_1_97' title='bbox 1021 1385 1085 1442; x_wconf 90' lang='lat' dir='ltr'><strong>cor,</strong></span> <span class='ocrx_word' id='word_1_98' title='bbox 1103 1375 1134 1430; x_wconf 89' lang='lat' dir='ltr'><strong>et</strong></span> <span class='ocrx_word' id='word_1_99' title='bbox 1154 1385 1204 1430; x_wconf 90' lang='lat' dir='ltr'><strong>co·</strong></span> <span class='ocrx_word' id='word_1_100' title='bbox 1259 1365 1417 1440; x_wconf 78' lang='lat' dir='ltr'><strong>Recedite,</strong></span> <span class='ocrx_word' id='word_1_101' title='bbox 1433 1365 1583 1438; x_wconf 88' lang='lat' dir='ltr'><strong>recedite,</strong></span> <span class='ocrx_word' id='word_1_102' title='bbox 1601 1383 1675 1427; x_wconf 90' lang='lat' dir='ltr'><strong>ecce</strong></span> <span class='ocrx_word' id='word_1_103' title='bbox 1698 1364 1829 1426; x_wconf 90' lang='lat' dir='ltr'><strong>draconi</strong></span> <span class='ocrx_word' id='word_1_104' title='bbox 1849 1363 1884 1424; x_wconf 88' lang='lat' dir='ltr'><strong>ad</strong></span> <span class='ocrx_word' id='word_1_105' title='bbox 1905 1365 1975 1426; x_wconf 82' lang='lat' dir='ltr'><strong>devo</strong></span> 
     </span>
     <span class='ocr_line' id='line_1_10' title="bbox 456 1463 1974 1552; baseline -0.005 -20"><span class='ocrx_word' id='word_1_106' title='bbox 456 1472 595 1552; x_wconf 83' lang='lat' dir='ltr'><strong>gitemus</strong></span> <span class='ocrx_word' id='word_1_107' title='bbox 610 1468 820 1552; x_wconf 88' lang='lat' dir='ltr'><strong>quambreve</strong></span> <span class='ocrx_word' id='word_1_108' title='bbox 835 1475 868 1530; x_wconf 87' lang='lat' dir='ltr'><strong>et</strong></span> <span class='ocrx_word' id='word_1_109' title='bbox 887 1474 1146 1530; x_wconf 88' lang='lat' dir='ltr'><strong>momentaneum</strong></span> <span class='ocrx_word' id='word_1_110' title='bbox 1164 1466 1205 1528; x_wconf 94' lang='lat' dir='ltr'><strong>sit</strong></span> <span class='ocrx_word' id='word_1_111' title='bbox 1258 1466 1393 1526; x_wconf 91' lang='lat' dir='ltr'><strong>randum</strong></span> <span class='ocrx_word' id='word_1_112' title='bbox 1418 1464 1510 1526; x_wconf 90' lang='lat' dir='ltr'><strong>datus</strong></span> <span class='ocrx_word' id='word_1_113' title='bbox 1534 1481 1617 1536; x_wconf 91' lang='lat' dir='ltr'><strong>sum,</strong></span> <span class='ocrx_word' id='word_1_114' title='bbox 1634 1463 1689 1526; x_wconf 91' lang='lat' dir='ltr'><strong>sed</strong></span> <span class='ocrx_word' id='word_1_115' title='bbox 1713 1470 1845 1545; x_wconf 89' lang='lat' dir='ltr'><strong>propter</strong></span> <span class='ocrx_word' id='word_1_116' title='bbox 1865 1469 1974 1525; x_wconf 82' lang='lat' dir='ltr'><strong>vestran</strong></span> 
     </span>
     <span class='ocr_line' id='line_1_11' title="bbox 455 1561 1974 1652; baseline -0.006 -21"><span class='ocrx_word' id='word_1_117' title='bbox 455 1576 583 1652; x_wconf 88' lang='lat' dir='ltr'><strong>tempus</strong></span> <span class='ocrx_word' id='word_1_118' title='bbox 607 1585 671 1651; x_wconf 94' lang='lat' dir='ltr'><strong>quo</strong></span> <span class='ocrx_word' id='word_1_119' title='bbox 697 1568 729 1629; x_wconf 94' lang='lat' dir='ltr'><strong>in</strong></span> <span class='ocrx_word' id='word_1_120' title='bbox 752 1567 816 1629; x_wconf 87' lang='lat' dir='ltr'><strong>vita</strong></span> <span class='ocrx_word' id='word_1_121' title='bbox 839 1567 898 1629; x_wconf 89' lang='lat' dir='ltr'><strong>hac</strong></span> <span class='ocrx_word' id='word_1_122' title='bbox 923 1566 1055 1640; x_wconf 90' lang='lat' dir='ltr'><strong>erimus,</strong></span> <span class='ocrx_word' id='word_1_123' title='bbox 1079 1582 1204 1648; x_wconf 90' lang='lat' dir='ltr'><strong>compa·</strong></span> <span class='ocrx_word' id='word_1_124' title='bbox 1259 1563 1460 1645; x_wconf 73' lang='lat' dir='ltr'><strong>praesentiam</strong></span> <span class='ocrx_word' id='word_1_125' title='bbox 1477 1581 1528 1625; x_wconf 91' lang='lat' dir='ltr'><strong>me</strong></span> <span class='ocrx_word' id='word_1_126' title='bbox 1543 1563 1695 1625; x_wconf 90' lang='lat' dir='ltr'><strong>devorare</strong></span> <span class='ocrx_word' id='word_1_127' title='bbox 1712 1579 1779 1624; x_wconf 93' lang='lat' dir='ltr'><strong>non</strong></span> <span class='ocrx_word' id='word_1_128' title='bbox 1798 1561 1974 1643; x_wconf 82' lang='lat' dir='ltr'><strong>potest;dato</strong></span> 
     </span>
     <span class='ocr_line' id='line_1_12' title="bbox 455 1660 1975 1748; baseline -0.005 -19"><span class='ocrx_word' id='word_1_129' title='bbox 455 1667 577 1730; x_wconf 91' lang='lat' dir='ltr'><strong>ratione</strong></span> <span class='ocrx_word' id='word_1_130' title='bbox 597 1665 773 1729; x_wconf 90' lang='lat' dir='ltr'><strong>durationis</strong></span> <span class='ocrx_word' id='word_1_131' title='bbox 793 1671 955 1748; x_wconf 79' lang='lat' dir='ltr'><strong>perpetuas</strong></span> <span class='ocrx_word' id='word_1_132' title='bbox 976 1663 1007 1726; x_wconf 95' lang='lat' dir='ltr'><strong>in</strong></span> <span class='ocrx_word' id='word_1_133' title='bbox 1028 1682 1091 1746; x_wconf 94' lang='lat' dir='ltr'><strong>qua</strong></span> <span class='ocrx_word' id='word_1_134' title='bbox 1108 1663 1204 1746; x_wconf 94' lang='lat' dir='ltr'><strong>paulo</strong></span> <span class='ocrx_word' id='word_1_135' title='bbox 1259 1661 1365 1724; x_wconf 92' lang='lat' dir='ltr'><strong>locum</strong></span> <span class='ocrx_word' id='word_1_136' title='bbox 1386 1669 1421 1723; x_wconf 95' lang='lat' dir='ltr'><strong>ut</strong></span> <span class='ocrx_word' id='word_1_137' title='bbox 1439 1661 1535 1724; x_wconf 88' lang='lat' dir='ltr'><strong>iaciat</strong></span> <span class='ocrx_word' id='word_1_138' title='bbox 1553 1661 1638 1743; x_wconf 94' lang='lat' dir='ltr'><strong>quod</strong></span> <span class='ocrx_word' id='word_1_139' title='bbox 1658 1660 1803 1722; x_wconf 85' lang='lat' dir='ltr'><strong>lecturus</strong></span> <span class='ocrx_word' id='word_1_140' title='bbox 1822 1667 1875 1732; x_wconf 87' lang='lat' dir='ltr'><strong>est,</strong></span> <span class='ocrx_word' id='word_1_141' title='bbox 1889 1677 1922 1722; x_wconf 85' lang='lat' dir='ltr'><strong>ne</strong></span> <span class='ocrx_word' id='word_1_142' title='bbox 1937 1678 1975 1722; x_wconf 86' lang='lat' dir='ltr'><strong>nc</strong></span> 
     </span>
     <span class='ocr_line' id='line_1_13' title="bbox 456 1758 1976 1850; baseline -0.007 -21"><span class='ocrx_word' id='word_1_143' title='bbox 456 1772 528 1850; x_wconf 90' lang='lat' dir='ltr'><strong>post</strong></span> <span class='ocrx_word' id='word_1_144' title='bbox 549 1765 761 1828; x_wconf 86' lang='lat' dir='ltr'><strong>consistamus</strong></span> <span class='ocrx_word' id='word_1_145' title='bbox 781 1781 787 1824; x_wconf 94' lang='lat'><strong>:</strong></span> <span class='ocrx_word' id='word_1_146' title='bbox 807 1764 917 1845; x_wconf 88' lang='lat' dir='ltr'><strong>sicque</strong></span> <span class='ocrx_word' id='word_1_147' title='bbox 942 1781 999 1845; x_wconf 92' lang='lat' dir='ltr'><strong>pro</strong></span> <span class='ocrx_word' id='word_1_148' title='bbox 1023 1761 1203 1826; x_wconf 85' lang='lat' dir='ltr'><strong>animarum</strong></span> <span class='ocrx_word' id='word_1_149' title='bbox 1258 1759 1378 1822; x_wconf 89' lang='lat' dir='ltr'><strong>diutius</strong></span> <span class='ocrx_word' id='word_1_150' title='bbox 1393 1767 1549 1842; x_wconf 90' lang='lat' dir='ltr'><strong>torqueat.</strong></span> <span class='ocrx_word' id='word_1_151' title='bbox 1566 1760 1668 1834; x_wconf 80' lang='lat' dir='ltr'><strong>Quare</strong></span> <span class='ocrx_word' id='word_1_152' title='bbox 1682 1766 1816 1841; x_wconf 90' lang='lat' dir='ltr'><strong>propter</strong></span> <span class='ocrx_word' id='word_1_153' title='bbox 1829 1776 1881 1821; x_wconf 90' lang='lat' dir='ltr'><strong>vos</strong></span> <span class='ocrx_word' id='word_1_154' title='bbox 1896 1758 1976 1839; x_wconf 88' lang='lat' dir='ltr'><strong>patior</strong></span> 
     </span>
     <span class='ocr_line' id='line_1_14' title="bbox 455 1856 1974 1944; baseline -0.007 -16"><span class='ocrx_word' id='word_1_155' title='bbox 455 1871 634 1930; x_wconf 90' lang='lat' dir='ltr'><strong>nostrarum</strong></span> <span class='ocrx_word' id='word_1_156' title='bbox 651 1861 862 1926; x_wconf 86' lang='lat' dir='ltr'><strong>saluberrima</strong></span> <span class='ocrx_word' id='word_1_157' title='bbox 877 1879 913 1924; x_wconf 89' lang='lat' dir='ltr'><strong>ac</strong></span> <span class='ocrx_word' id='word_1_158' title='bbox 930 1868 1083 1944; x_wconf 87' lang='lat' dir='ltr'><strong>perpetua</strong></span> <span class='ocrx_word' id='word_1_159' title='bbox 1099 1861 1240 1942; x_wconf 91' lang='lat' dir='ltr'><strong>provi-B</strong></span> <span class='ocrx_word' id='word_1_160' title='bbox 1258 1862 1380 1922; x_wconf 78' lang='lat' dir='ltr'><strong>morast</strong></span> <span class='ocrx_word' id='word_1_161' title='bbox 1392 1860 1461 1921; x_wconf 91' lang='lat' dir='ltr'><strong>lam</strong></span> <span class='ocrx_word' id='word_1_162' title='bbox 1477 1859 1564 1921; x_wconf 89' lang='lat' dir='ltr'><strong>enim</strong></span> <span class='ocrx_word' id='word_1_163' title='bbox 1580 1877 1632 1921; x_wconf 92' lang='lat' dir='ltr'><strong>me</strong></span> <span class='ocrx_word' id='word_1_164' title='bbox 1647 1858 1778 1940; x_wconf 87' lang='lat' dir='ltr'><strong>stringit</strong></span> <span class='ocrx_word' id='word_1_165' title='bbox 1792 1876 1829 1920; x_wconf 89' lang='lat' dir='ltr'><strong>ac</strong></span> <span class='ocrx_word' id='word_1_166' title='bbox 1841 1856 1974 1939; x_wconf 84' lang='lat' dir='ltr'><strong>opprimit</strong></span> 
     </span>
     <span class='ocr_line' id='line_1_15' title="bbox 455 1957 1976 2042; baseline -0.007 -14"><span class='ocrx_word' id='word_1_167' title='bbox 455 1963 544 2028; x_wconf 89' lang='lat' dir='ltr'><strong>sione</strong></span> <span class='ocrx_word' id='word_1_168' title='bbox 564 1961 765 2026; x_wconf 83' lang='lat' dir='ltr'><strong>sollicitiores</strong></span> <span class='ocrx_word' id='word_1_169' title='bbox 782 1961 1069 2042; x_wconf 85' lang='lat' dir='ltr'><strong>laboriosioresque</strong></span> <span class='ocrx_word' id='word_1_170' title='bbox 1089 1959 1201 2035; x_wconf 91' lang='lat' dir='ltr'><strong>simus,</strong></span> <span class='ocrx_word' id='word_1_171' title='bbox 1258 1959 1314 2022; x_wconf 85' lang='lat' dir='ltr'><strong>Cui</strong></span> <span class='ocrx_word' id='word_1_172' title='bbox 1339 1959 1462 2021; x_wconf 87' lang='lat' dir='ltr'><strong>Fratres</strong></span> <span class='ocrx_word' id='word_1_173' title='bbox 1488 1958 1721 2040; x_wconf 89' lang='lat' dir='ltr'><strong>responderunt</strong></span> <span class='ocrx_word' id='word_1_174' title='bbox 1741 1975 1749 2020; x_wconf 91' lang='lat'><strong>:</strong></span> <span class='ocrx_word' id='word_1_175' title='bbox 1769 1957 1848 2032; x_wconf 82' lang='lat' dir='ltr'><strong>Quid</strong></span> <span class='ocrx_word' id='word_1_176' title='bbox 1872 1964 1914 2020; x_wconf 83' lang='lat' dir='ltr'><strong>est</strong></span> <span class='ocrx_word' id='word_1_177' title='bbox 1930 1957 1976 2018; x_wconf 85' lang='lat' dir='ltr'><strong>boe</strong></span> 
     </span>
     <span class='ocr_line' id='line_1_16' title="bbox 456 2055 1976 2146; baseline -0.005 -20"><span class='ocrx_word' id='word_1_178' title='bbox 456 2081 551 2146; x_wconf 90' lang='lat' dir='ltr'><strong>quam</strong></span> <span class='ocrx_word' id='word_1_179' title='bbox 584 2079 641 2145; x_wconf 93' lang='lat' dir='ltr'><strong>pro</strong></span> <span class='ocrx_word' id='word_1_180' title='bbox 671 2078 839 2143; x_wconf 91' lang='lat' dir='ltr'><strong>corporum</strong></span> <span class='ocrx_word' id='word_1_181' title='bbox 873 2059 988 2123; x_wconf 93' lang='lat' dir='ltr'><strong>borum</strong></span> <span class='ocrx_word' id='word_1_182' title='bbox 1020 2059 1203 2122; x_wconf 89' lang='lat' dir='ltr'><strong>mortalium</strong></span> <span class='ocrx_word' id='word_1_183' title='bbox 1256 2057 1341 2139; x_wconf 91' lang='lat' dir='ltr'><strong>quod</strong></span> <span class='ocrx_word' id='word_1_184' title='bbox 1359 2056 1510 2140; x_wconf 86' lang='lat' dir='ltr'><strong>loqueris,</strong></span> <span class='ocrx_word' id='word_1_185' title='bbox 1530 2056 1650 2119; x_wconf 85' lang='lat' dir='ltr'><strong>iratert</strong></span> <span class='ocrx_word' id='word_1_186' title='bbox 1666 2055 1803 2138; x_wconf 87' lang='lat' dir='ltr'><strong>Signum</strong></span> <span class='ocrx_word' id='word_1_187' title='bbox 1817 2055 1873 2117; x_wconf 92' lang='lat' dir='ltr'><strong>tibi</strong></span> <span class='ocrx_word' id='word_1_188' title='bbox 1885 2065 1976 2118; x_wconf 86' lang='lat' dir='ltr'><strong>sancta</strong></span> 
     </span>
     <span class='ocr_line' id='line_1_17' title="bbox 455 2153 1976 2244; baseline -0.006 -21"><span class='ocrx_word' id='word_1_189' title='bbox 455 2162 601 2244; x_wconf 91' lang='lat' dir='ltr'><strong>protinus</strong></span> <span class='ocrx_word' id='word_1_190' title='bbox 619 2158 896 2243; x_wconf 77' lang='lat' dir='ltr'><strong>putrefiendorum</strong></span> <span class='ocrx_word' id='word_1_191' title='bbox 913 2157 1095 2240; x_wconf 89' lang='lat' dir='ltr'><strong>provisione</strong></span> <span class='ocrx_word' id='word_1_192' title='bbox 1113 2158 1204 2220; x_wconf 89' lang='lat' dir='ltr'><strong>eadu·</strong></span> <span class='ocrx_word' id='word_1_193' title='bbox 1258 2156 1362 2218; x_wconf 87' lang='lat' dir='ltr'><strong>crucis</strong></span> <span class='ocrx_word' id='word_1_194' title='bbox 1386 2156 1546 2239; x_wconf 91' lang='lat' dir='ltr'><strong>imprime.</strong></span> <span class='ocrx_word' id='word_1_195' title='bbox 1570 2156 1746 2239; x_wconf 87' lang='lat' dir='ltr'><strong>Respondit</strong></span> <span class='ocrx_word' id='word_1_196' title='bbox 1764 2173 1773 2218; x_wconf 75' lang='grc' dir='ltr'><strong>ι</strong></span> <span class='ocrx_word' id='word_1_197' title='bbox 1791 2155 1863 2218; x_wconf 83' lang='lat' dir='ltr'><strong>Volo</strong></span> <span class='ocrx_word' id='word_1_198' title='bbox 1884 2173 1926 2216; x_wconf 88' lang='lat' dir='ltr'><strong>me</strong></span> <span class='ocrx_word' id='word_1_199' title='bbox 1945 2153 1976 2215; x_wconf 90' lang='lat' dir='ltr'><strong>si·</strong></span> 
     </span>
     <span class='ocr_line' id='line_1_18' title="bbox 455 2254 1976 2341; baseline -0.006 -18"><span class='ocrx_word' id='word_1_200' title='bbox 455 2279 500 2323; x_wconf 88' lang='lat' dir='ltr'><strong>cs.</strong></span> <span class='ocrx_word' id='word_1_201' title='bbox 518 2261 584 2322; x_wconf 91' lang='lat' dir='ltr'><strong>lmo</strong></span> <span class='ocrx_word' id='word_1_202' title='bbox 603 2258 759 2341; x_wconf 93' lang='lat' dir='ltr'><strong>quidquid</strong></span> <span class='ocrx_word' id='word_1_203' title='bbox 776 2257 974 2320; x_wconf 84' lang='lat' dir='ltr'><strong>Christianus</strong></span> <span class='ocrx_word' id='word_1_204' title='bbox 990 2256 1022 2318; x_wconf 92' lang='lat' dir='ltr'><strong>in</strong></span> <span class='ocrx_word' id='word_1_205' title='bbox 1040 2255 1203 2319; x_wconf 85' lang='lat' dir='ltr'><strong>exteriori·</strong></span> <span class='ocrx_word' id='word_1_206' title='bbox 1256 2273 1363 2336; x_wconf 88' lang='lat' dir='ltr'><strong>gnare,</strong></span> <span class='ocrx_word' id='word_1_207' title='bbox 1389 2256 1444 2318; x_wconf 88' lang='lat' dir='ltr'><strong>sed</strong></span> <span class='ocrx_word' id='word_1_208' title='bbox 1473 2273 1609 2337; x_wconf 86' lang='lat' dir='ltr'><strong>nequeo,</strong></span> <span class='ocrx_word' id='word_1_209' title='bbox 1640 2255 1796 2336; x_wconf 86' lang='lat' dir='ltr'><strong>quoniam</strong></span> <span class='ocrx_word' id='word_1_210' title='bbox 1824 2273 1842 2316; x_wconf 86' lang='lat' dir='ltr'><strong>a</strong></span> <span class='ocrx_word' id='word_1_211' title='bbox 1868 2254 1976 2316; x_wconf 67' lang='lat' dir='ltr'><strong>dumne</strong></span> 
     </span>
     <span class='ocr_line' id='line_1_19' title="bbox 455 2351 1975 2440; baseline -0.006 -19"><span class='ocrx_word' id='word_1_212' title='bbox 455 2358 515 2421; x_wconf 90' lang='lat' dir='ltr'><strong>bus</strong></span> <span class='ocrx_word' id='word_1_213' title='bbox 536 2365 568 2420; x_wconf 90' lang='lat' dir='ltr'><strong>et</strong></span> <span class='ocrx_word' id='word_1_214' title='bbox 587 2375 645 2440; x_wconf 91' lang='lat' dir='ltr'><strong>pro</strong></span> <span class='ocrx_word' id='word_1_215' title='bbox 665 2355 789 2438; x_wconf 90' lang='lat' dir='ltr'><strong>corpori</strong></span> <span class='ocrx_word' id='word_1_216' title='bbox 810 2373 868 2418; x_wconf 92' lang='lat' dir='ltr'><strong>suo</strong></span> <span class='ocrx_word' id='word_1_217' title='bbox 886 2355 1075 2418; x_wconf 89' lang='lat' dir='ltr'><strong>necessariis</strong></span> <span class='ocrx_word' id='word_1_218' title='bbox 1095 2373 1204 2437; x_wconf 87' lang='lat' dir='ltr'><strong>opera·</strong></span> <span class='ocrx_word' id='word_1_219' title='bbox 1257 2372 1394 2437; x_wconf 91' lang='lat' dir='ltr'><strong>premor.</strong></span> <span class='ocrx_word' id='word_1_220' title='bbox 1411 2354 1499 2417; x_wconf 88' lang='lat' dir='ltr'><strong>&#39;lunc</strong></span> <span class='ocrx_word' id='word_1_221' title='bbox 1517 2354 1639 2416; x_wconf 88' lang='lat' dir='ltr'><strong>Fratres</strong></span> <span class='ocrx_word' id='word_1_222' title='bbox 1657 2353 1690 2416; x_wconf 92' lang='lat' dir='ltr'><strong>in</strong></span> <span class='ocrx_word' id='word_1_223' title='bbox 1710 2361 1831 2416; x_wconf 87' lang='lat' dir='ltr'><strong>terram</strong></span> <span class='ocrx_word' id='word_1_224' title='bbox 1845 2351 1975 2435; x_wconf 78' lang='lat' dir='ltr'><strong>prostrati,</strong></span> 
     </span>
     <span class='ocr_line' id='line_1_20' title="bbox 455 2450 1976 2536; baseline -0.007 -17"><span class='ocrx_word' id='word_1_225' title='bbox 455 2465 518 2532; x_wconf 91' lang='lat' dir='ltr'><strong>tur,</strong></span> <span class='ocrx_word' id='word_1_226' title='bbox 535 2457 574 2519; x_wconf 93' lang='lat' dir='ltr'><strong>ad</strong></span> <span class='ocrx_word' id='word_1_227' title='bbox 589 2455 646 2518; x_wconf 84' lang='lat' dir='ltr'><strong>llei</strong></span> <span class='ocrx_word' id='word_1_228' title='bbox 665 2455 820 2517; x_wconf 90' lang='lat' dir='ltr'><strong>honorem</strong></span> <span class='ocrx_word' id='word_1_229' title='bbox 838 2461 870 2517; x_wconf 92' lang='lat' dir='ltr'><strong>et</strong></span> <span class='ocrx_word' id='word_1_230' title='bbox 887 2453 1087 2536; x_wconf 91' lang='lat' dir='ltr'><strong>spiritualem</strong></span> <span class='ocrx_word' id='word_1_231' title='bbox 1108 2472 1202 2516; x_wconf 91' lang='lat' dir='ltr'><strong>suum</strong></span> <span class='ocrx_word' id='word_1_232' title='bbox 1257 2459 1423 2534; x_wconf 89' lang='lat' dir='ltr'><strong>eoeperunt</strong></span> <span class='ocrx_word' id='word_1_233' title='bbox 1441 2470 1514 2514; x_wconf 90' lang='lat' dir='ltr'><strong>eum</strong></span> <span class='ocrx_word' id='word_1_234' title='bbox 1535 2450 1676 2513; x_wconf 89' lang='lat' dir='ltr'><strong>lacrimis</strong></span> <span class='ocrx_word' id='word_1_235' title='bbox 1692 2469 1753 2532; x_wconf 89' lang='lat' dir='ltr'><strong>pro</strong></span> <span class='ocrx_word' id='word_1_236' title='bbox 1768 2450 1825 2514; x_wconf 93' lang='lat' dir='ltr'><strong>illo</strong></span> <span class='ocrx_word' id='word_1_237' title='bbox 1842 2451 1976 2512; x_wconf 84' lang='lat' dir='ltr'><strong>ardentius</strong></span> 
     </span>
     <span class='ocr_line' id='line_1_21' title="bbox 308 2548 1975 2639; baseline -0.009 -15"><span class='ocrx_word' id='word_1_238' title='bbox 308 2555 635 2639; x_wconf 68' lang='lat' dir='ltr'><strong>trem.v1‚s.proiectum</strong></span> <span class='ocrx_word' id='word_1_239' title='bbox 664 2553 759 2616; x_wconf 86' lang='lat' dir='ltr'><strong>debet</strong></span> <span class='ocrx_word' id='word_1_240' title='bbox 782 2553 940 2626; x_wconf 88' lang='lat' dir='ltr'><strong>ordinare,</strong></span> <span class='ocrx_word' id='word_1_241' title='bbox 967 2559 1122 2634; x_wconf 92' lang='lat' dir='ltr'><strong>quatenus</strong></span> <span class='ocrx_word' id='word_1_242' title='bbox 1148 2551 1203 2614; x_wconf 91' lang='lat' dir='ltr'><strong>ali·</strong></span> <span class='ocrx_word' id='word_1_243' title='bbox 1255 2569 1394 2614; x_wconf 87' lang='lat' dir='ltr'><strong>exorare.</strong></span> <span class='ocrx_word' id='word_1_244' title='bbox 1411 2551 1498 2613; x_wconf 89' lang='lat' dir='ltr'><strong>&#39;lunc</strong></span> <span class='ocrx_word' id='word_1_245' title='bbox 1524 2550 1619 2632; x_wconf 91' lang='lat' dir='ltr'><strong>paulo</strong></span> <span class='ocrx_word' id='word_1_246' title='bbox 1644 2558 1715 2632; x_wconf 92' lang='lat' dir='ltr'><strong>post</strong></span> <span class='ocrx_word' id='word_1_247' title='bbox 1740 2550 1799 2612; x_wconf 92' lang='lat' dir='ltr'><strong>ille</strong></span> <span class='ocrx_word' id='word_1_248' title='bbox 1822 2548 1975 2611; x_wconf 85' lang='lat' dir='ltr'><strong>melioratus</strong></span> 
     </span>
     <span class='ocr_line' id='line_1_22' title="bbox 455 2647 1976 2736; baseline -0.007 -18"><span class='ocrx_word' id='word_1_249' title='bbox 455 2661 562 2718; x_wconf 87' lang='lat' dir='ltr'><strong>menta</strong></span> <span class='ocrx_word' id='word_1_250' title='bbox 577 2653 740 2736; x_wconf 87' lang='lat' dir='ltr'><strong>atquibus</strong></span> <span class='ocrx_word' id='word_1_251' title='bbox 754 2659 877 2733; x_wconf 87' lang='lat' dir='ltr'><strong>tegatur</strong></span> <span class='ocrx_word' id='word_1_252' title='bbox 892 2651 1050 2726; x_wconf 90' lang='lat' dir='ltr'><strong>habendo,</strong></span> <span class='ocrx_word' id='word_1_253' title='bbox 1066 2650 1153 2714; x_wconf 86' lang='lat' dir='ltr'><strong>vivat</strong></span> <span class='ocrx_word' id='word_1_254' title='bbox 1166 2669 1202 2712; x_wconf 89' lang='lat' dir='ltr'><strong>ac</strong></span> <span class='ocrx_word' id='word_1_255' title='bbox 1256 2649 1406 2712; x_wconf 87' lang='lat' dir='ltr'><strong>clamavit</strong></span> <span class='ocrx_word' id='word_1_256' title='bbox 1423 2667 1430 2711; x_wconf 91' lang='lat'><strong>:</strong></span> <span class='ocrx_word' id='word_1_257' title='bbox 1447 2649 1512 2712; x_wconf 88' lang='lat' dir='ltr'><strong>Deo</strong></span> <span class='ocrx_word' id='word_1_258' title='bbox 1532 2648 1659 2729; x_wconf 84' lang='lat' dir='ltr'><strong>gratias,</strong></span> <span class='ocrx_word' id='word_1_259' title='bbox 1675 2667 1753 2711; x_wconf 90' lang='lat' dir='ltr'><strong>ecce</strong></span> <span class='ocrx_word' id='word_1_260' title='bbox 1775 2648 1868 2710; x_wconf 89' lang='lat' dir='ltr'><strong>draco</strong></span> <span class='ocrx_word' id='word_1_261' title='bbox 1888 2648 1931 2709; x_wconf 89' lang='lat' dir='ltr'><strong>cui</strong></span> <span class='ocrx_word' id='word_1_262' title='bbox 1947 2647 1976 2708; x_wconf 90' lang='lat' dir='ltr'><strong>ad</strong></span> 
     </span>
     <span class='ocr_line' id='line_1_23' title="bbox 454 2746 1977 2822; baseline -0.007 -6"><span class='ocrx_word' id='word_1_263' title='bbox 454 2753 571 2816; x_wconf 86' lang='lat' dir='ltr'><strong>serviat</strong></span> <span class='ocrx_word' id='word_1_264' title='bbox 592 2751 727 2814; x_wconf 89' lang='lat' dir='ltr'><strong>Domino</strong></span> <span class='ocrx_word' id='word_1_265' title='bbox 746 2751 819 2813; x_wconf 87' lang='lat' dir='ltr'><strong>Deo.</strong></span> <span class='ocrx_word' id='word_1_266' title='bbox 1175 2764 1182 2777; x_wconf 88' lang='lat'><strong>·</strong></span> <span class='ocrx_word' id='word_1_267' title='bbox 1256 2748 1472 2811; x_wconf 90' lang='lat' dir='ltr'><strong>devorandum</strong></span> <span class='ocrx_word' id='word_1_268' title='bbox 1502 2747 1636 2810; x_wconf 90' lang='lat' dir='ltr'><strong>traditus</strong></span> <span class='ocrx_word' id='word_1_269' title='bbox 1663 2747 1723 2822; x_wconf 84' lang='lat' dir='ltr'><strong>lui,</strong></span> <span class='ocrx_word' id='word_1_270' title='bbox 1751 2748 1869 2810; x_wconf 89' lang='lat' dir='ltr'><strong>virtute</strong></span> <span class='ocrx_word' id='word_1_271' title='bbox 1889 2746 1977 2809; x_wconf 84' lang='lat' dir='ltr'><strong>oratio</strong></span> 
     </span>
     <span class='ocr_line' id='line_1_24' title="bbox 494 2843 1976 2930; baseline -0.008 -16"><span class='ocrx_word' id='word_1_272' title='bbox 494 2851 601 2916; x_wconf 88' lang='lat' dir='ltr'><strong>Refert</strong></span> <span class='ocrx_word' id='word_1_273' title='bbox 626 2850 655 2913; x_wconf 91' lang='lat' dir='ltr'><strong>S.</strong></span> <span class='ocrx_word' id='word_1_274' title='bbox 682 2848 862 2930; x_wconf 80' lang='lat' dir='ltr'><strong>Gregorius,</strong></span> <span class='ocrx_word' id='word_1_275' title='bbox 888 2847 973 2930; x_wconf 94' lang='lat' dir='ltr'><strong>quod</strong></span> <span class='ocrx_word' id='word_1_276' title='bbox 998 2846 1030 2908; x_wconf 93' lang='lat' dir='ltr'><strong>in</strong></span> <span class='ocrx_word' id='word_1_277' title='bbox 1056 2846 1202 2910; x_wconf 92' lang='lat' dir='ltr'><strong>coenobio</strong></span> <span class='ocrx_word' id='word_1_278' title='bbox 1256 2865 1334 2907; x_wconf 92' lang='lat' dir='ltr'><strong>num</strong></span> <span class='ocrx_word' id='word_1_279' title='bbox 1351 2853 1526 2908; x_wconf 91' lang='lat' dir='ltr'><strong>vestrarum</strong></span> <span class='ocrx_word' id='word_1_280' title='bbox 1542 2844 1670 2926; x_wconf 82' lang='lat' dir='ltr'><strong>fugatus</strong></span> <span class='ocrx_word' id='word_1_281' title='bbox 1686 2849 1751 2923; x_wconf 88' lang='lat' dir='ltr'><strong>est;</strong></span> <span class='ocrx_word' id='word_1_282' title='bbox 1767 2845 1834 2926; x_wconf 85' lang='lat' dir='ltr'><strong>jam</strong></span> <span class='ocrx_word' id='word_1_283' title='bbox 1851 2843 1976 2926; x_wconf 90' lang='lat' dir='ltr'><strong>promeis</strong></span> 
     </span>
     <span class='ocr_line' id='line_1_25' title="bbox 455 2940 1976 3030; baseline -0.009 -16"><span class='ocrx_word' id='word_1_284' title='bbox 455 2968 513 3014; x_wconf 92' lang='lat' dir='ltr'><strong>suo</strong></span> <span class='ocrx_word' id='word_1_285' title='bbox 530 2951 561 3012; x_wconf 94' lang='lat' dir='ltr'><strong>in</strong></span> <span class='ocrx_word' id='word_1_286' title='bbox 577 2950 676 3014; x_wconf 90' lang='lat' dir='ltr'><strong>Roma</strong></span> <span class='ocrx_word' id='word_1_287' title='bbox 690 2947 752 3010; x_wconf 83' lang='lat' dir='ltr'><strong>tuit</strong></span> <span class='ocrx_word' id='word_1_288' title='bbox 766 2947 897 3030; x_wconf 89' lang='lat' dir='ltr'><strong>quidam</strong></span> <span class='ocrx_word' id='word_1_289' title='bbox 918 2945 1093 3007; x_wconf 89' lang='lat' dir='ltr'><strong>monachus</strong></span> <span class='ocrx_word' id='word_1_290' title='bbox 1109 2944 1200 3008; x_wconf 85' lang='lat' dir='ltr'><strong>valde</strong></span> <span class='ocrx_word' id='word_1_291' title='bbox 1256 2943 1395 3026; x_wconf 89' lang='lat' dir='ltr'><strong>peccatis</strong></span> <span class='ocrx_word' id='word_1_292' title='bbox 1419 2951 1517 3017; x_wconf 91' lang='lat' dir='ltr'><strong>orate,</strong></span> <span class='ocrx_word' id='word_1_293' title='bbox 1542 2943 1618 3024; x_wconf 88' lang='lat' dir='ltr'><strong>quia</strong></span> <span class='ocrx_word' id='word_1_294' title='bbox 1644 2943 1793 3005; x_wconf 89' lang='lat' dir='ltr'><strong>converti</strong></span> <span class='ocrx_word' id='word_1_295' title='bbox 1822 2949 1883 3006; x_wconf 89' lang='lat' dir='ltr'><strong>toto</strong></span> <span class='ocrx_word' id='word_1_296' title='bbox 1903 2940 1976 3004; x_wconf 88' lang='lat' dir='ltr'><strong>corde</strong></span> 
     </span>
     <span class='ocr_line' id='line_1_26' title="bbox 451 3040 1976 3125; baseline -0.009 -12"><span class='ocrx_word' id='word_1_297' title='bbox 451 3051 586 3113; x_wconf 90' lang='lat' dir='ltr'><strong>devotus</strong></span> <span class='ocrx_word' id='word_1_298' title='bbox 600 3066 636 3111; x_wconf 91' lang='lat' dir='ltr'><strong>ac</strong></span> <span class='ocrx_word' id='word_1_299' title='bbox 652 3045 814 3109; x_wconf 89' lang='lat' dir='ltr'><strong>Fratribus</strong></span> <span class='ocrx_word' id='word_1_300' title='bbox 829 3044 987 3107; x_wconf 89' lang='lat' dir='ltr'><strong>universis</strong></span> <span class='ocrx_word' id='word_1_301' title='bbox 1003 3043 1197 3107; x_wconf 82' lang='lat' dir='ltr'><strong>carissimus.</strong></span> <span class='ocrx_word' id='word_1_302' title='bbox 1215 3046 1237 3110; x_wconf 88' lang='lat' dir='ltr'><strong>G</strong></span> <span class='ocrx_word' id='word_1_303' title='bbox 1255 3049 1383 3125; x_wconf 87' lang='lat' dir='ltr'><strong>paratus</strong></span> <span class='ocrx_word' id='word_1_304' title='bbox 1398 3060 1480 3104; x_wconf 92' lang='lat' dir='ltr'><strong>sum.</strong></span> <span class='ocrx_word' id='word_1_305' title='bbox 1496 3041 1600 3124; x_wconf 78' lang='lat' dir='ltr'><strong>Atque</strong></span> <span class='ocrx_word' id='word_1_306' title='bbox 1620 3059 1659 3103; x_wconf 89' lang='lat' dir='ltr'><strong>ex</strong></span> <span class='ocrx_word' id='word_1_307' title='bbox 1679 3040 1734 3104; x_wconf 94' lang='lat' dir='ltr'><strong>illo</strong></span> <span class='ocrx_word' id='word_1_308' title='bbox 1757 3042 1811 3104; x_wconf 90' lang='lat' dir='ltr'><strong>die</strong></span> <span class='ocrx_word' id='word_1_309' title='bbox 1829 3041 1877 3104; x_wconf 88' lang='lat' dir='ltr'><strong>vir</strong></span> <span class='ocrx_word' id='word_1_310' title='bbox 1893 3040 1976 3103; x_wconf 84' lang='lat' dir='ltr'><strong>illese</strong></span> 
     </span>
     <span class='ocr_line' id='line_1_27' title="bbox 451 3139 1977 3223; baseline -0.009 -11"><span class='ocrx_word' id='word_1_311' title='bbox 451 3150 552 3223; x_wconf 84' lang='lat' dir='ltr'><strong>Quem</strong></span> <span class='ocrx_word' id='word_1_312' title='bbox 576 3147 675 3210; x_wconf 88' lang='lat' dir='ltr'><strong>irater</strong></span> <span class='ocrx_word' id='word_1_313' title='bbox 694 3165 771 3209; x_wconf 93' lang='lat' dir='ltr'><strong>suus</strong></span> <span class='ocrx_word' id='word_1_314' title='bbox 791 3145 939 3219; x_wconf 87' lang='lat' dir='ltr'><strong>earnalis,</strong></span> <span class='ocrx_word' id='word_1_315' title='bbox 958 3161 1022 3207; x_wconf 93' lang='lat' dir='ltr'><strong>non</strong></span> <span class='ocrx_word' id='word_1_316' title='bbox 1045 3161 1083 3206; x_wconf 86' lang='lat' dir='ltr'><strong>ex</strong></span> <span class='ocrx_word' id='word_1_317' title='bbox 1106 3144 1200 3206; x_wconf 89' lang='lat' dir='ltr'><strong>devo·</strong></span> <span class='ocrx_word' id='word_1_318' title='bbox 1254 3141 1394 3204; x_wconf 89' lang='lat' dir='ltr'><strong>totaliter</strong></span> <span class='ocrx_word' id='word_1_319' title='bbox 1416 3139 1608 3214; x_wconf 88' lang='lat' dir='ltr'><strong>emendavit,</strong></span> <span class='ocrx_word' id='word_1_320' title='bbox 1625 3148 1656 3202; x_wconf 91' lang='lat' dir='ltr'><strong>et</strong></span> <span class='ocrx_word' id='word_1_321' title='bbox 1680 3141 1845 3203; x_wconf 89' lang='lat' dir='ltr'><strong>continuis</strong></span> <span class='ocrx_word' id='word_1_322' title='bbox 1867 3139 1977 3202; x_wconf 91' lang='lat' dir='ltr'><strong>iniirmi·</strong></span> 
     </span>
     <span class='ocr_line' id='line_1_28' title="bbox 449 3237 1977 3328; baseline -0.009 -18"><span class='ocrx_word' id='word_1_323' title='bbox 449 3249 547 3322; x_wconf 90' lang='lat' dir='ltr'><strong>tione,</strong></span> <span class='ocrx_word' id='word_1_324' title='bbox 565 3246 620 3309; x_wconf 93' lang='lat' dir='ltr'><strong>sed</strong></span> <span class='ocrx_word' id='word_1_325' title='bbox 636 3244 833 3328; x_wconf 90' lang='lat' dir='ltr'><strong>paupertatis</strong></span> <span class='ocrx_word' id='word_1_326' title='bbox 854 3242 1054 3317; x_wconf 87' lang='lat' dir='ltr'><strong>necessitate,</strong></span> <span class='ocrx_word' id='word_1_327' title='bbox 1071 3249 1199 3304; x_wconf 86' lang='lat' dir='ltr'><strong>secutus</strong></span> <span class='ocrx_word' id='word_1_328' title='bbox 1255 3239 1373 3302; x_wconf 91' lang='lat' dir='ltr'><strong>tatibus</strong></span> <span class='ocrx_word' id='word_1_329' title='bbox 1392 3237 1598 3320; x_wconf 78' lang='lat' dir='ltr'><strong>purgabatur,</strong></span> <span class='ocrx_word' id='word_1_330' title='bbox 1615 3255 1787 3321; x_wconf 87' lang='lat' dir='ltr'><strong>quousque</strong></span> <span class='ocrx_word' id='word_1_331' title='bbox 1809 3237 1932 3302; x_wconf 80' lang='lat' dir='ltr'><strong>feliciter</strong></span> <span class='ocrx_word' id='word_1_332' title='bbox 1948 3237 1977 3298; x_wconf 88' lang='lat' dir='ltr'><strong>dc</strong></span> 
     </span>
     <span class='ocr_line' id='line_1_29' title="bbox 448 3335 1630 3427; baseline -0.011 -16"><span class='ocrx_word' id='word_1_333' title='bbox 448 3353 516 3427; x_wconf 90' lang='lat' dir='ltr'><strong>est;</strong></span> <span class='ocrx_word' id='word_1_334' title='bbox 537 3352 569 3409; x_wconf 90' lang='lat' dir='ltr'><strong>et</strong></span> <span class='ocrx_word' id='word_1_335' title='bbox 588 3344 669 3407; x_wconf 83' lang='lat' dir='ltr'><strong>vixit</strong></span> <span class='ocrx_word' id='word_1_336' title='bbox 689 3343 722 3405; x_wconf 94' lang='lat' dir='ltr'><strong>in</strong></span> <span class='ocrx_word' id='word_1_337' title='bbox 742 3342 888 3406; x_wconf 88' lang='lat' dir='ltr'><strong>eoenobio</strong></span> <span class='ocrx_word' id='word_1_338' title='bbox 912 3342 945 3404; x_wconf 92' lang='lat' dir='ltr'><strong>in</strong></span> <span class='ocrx_word' id='word_1_339' title='bbox 964 3340 1077 3404; x_wconf 90' lang='lat' dir='ltr'><strong>habitu</strong></span> <span class='ocrx_word' id='word_1_340' title='bbox 1101 3359 1198 3404; x_wconf 84' lang='lat' dir='ltr'><strong>saecu-</strong></span> <span class='ocrx_word' id='word_1_341' title='bbox 1253 3337 1369 3402; x_wconf 84' lang='lat' dir='ltr'><strong>saeculo</strong></span> <span class='ocrx_word' id='word_1_342' title='bbox 1390 3336 1451 3399; x_wconf 91' lang='lat' dir='ltr'><strong>isto</strong></span> <span class='ocrx_word' id='word_1_343' title='bbox 1473 3335 1630 3418; x_wconf 86' lang='lat' dir='ltr'><strong>migravit.</strong></span> 
     </span>
    </p>
   </div>
   <div class='ocr_carea' id='block_1_3' title="bbox 985 3769 1460 3858">
    <p class='ocr_par' dir='ltr' id='par_1_3' title="bbox 985 3769 1460 3858">
     <span class='ocr_line' id='line_1_30' title="bbox 985 3769 1460 3858; baseline -0.004 0"><span class='ocrx_word' id='word_1_344' title='bbox 985 3771 1178 3858; x_wconf 85' lang='lat' dir='ltr'><strong>SRRMO</strong></span> <span class='ocrx_word' id='word_1_345' title='bbox 1216 3769 1460 3856; x_wconf 86' lang='lat' dir='ltr'><strong>TERTIUS</strong></span> 
     </span>
    </p>
   </div>
   <div class='ocr_carea' id='block_1_4' title="bbox 747 4034 1699 4098">
    <p class='ocr_par' dir='ltr' id='par_1_4' title="bbox 747 4034 1699 4098">
     <span class='ocr_line' id='line_1_31' title="bbox 747 4034 1699 4098; baseline -0.008 -9"><span class='ocrx_word' id='word_1_346' title='bbox 747 4041 787 4089; x_wconf 75' lang='lat' dir='ltr'><strong>ult</strong></span> <span class='ocrx_word' id='word_1_347' title='bbox 808 4041 890 4089; x_wconf 75' lang='lat' dir='ltr'><strong>VERA</strong></span> <span class='ocrx_word' id='word_1_348' title='bbox 911 4038 1086 4098; x_wconf 73' lang='lat' dir='ltr'><strong>SAFlRNFlA,</strong></span> <span class='ocrx_word' id='word_1_349' title='bbox 1106 4037 1237 4094; x_wconf 70' lang='lat' dir='ltr'><strong>utusque</strong></span> <span class='ocrx_word' id='word_1_350' title='bbox 1258 4034 1526 4085; x_wconf 73' lang='lat' dir='ltr'><strong>ssolssllllthA&#39;llONll</strong></span> <span class='ocrx_word' id='word_1_351' title='bbox 1546 4035 1579 4082; x_wconf 79' lang='lat' dir='ltr'><strong>ut</strong></span> <span class='ocrx_word' id='word_1_352' title='bbox 1600 4035 1699 4082; x_wconf 75' lang='lat' dir='ltr'><strong>Amos.</strong></span> 
     </span>
    </p>
   </div>
   <div class='ocr_carea' id='block_1_5' title="bbox 312 4312 1981 5393">
    <p class='ocr_par' dir='ltr' id='par_1_5' title="bbox 312 4312 1981 5393">
     <span class='ocr_line' id='line_1_32' title="bbox 532 4312 1977 4400; baseline -0.009 -13"><span class='ocrx_word' id='word_1_353' title='bbox 532 4324 751 4388; x_wconf 85' lang='lat' dir='ltr'><em>ULTITUDO</em></span> <span class='ocrx_word' id='word_1_354' title='bbox 774 4319 972 4398; x_wconf 78' lang='lat' dir='ltr'><strong>sapientium</strong></span> <span class='ocrx_word' id='word_1_355' title='bbox 1001 4319 1127 4380; x_wconf 77' lang='lat' dir='ltr'><strong>sanitas</strong></span> <span class='ocrx_word' id='word_1_356' title='bbox 1151 4325 1197 4378; x_wconf 87' lang='lat' dir='ltr'><strong>est</strong></span> <span class='ocrx_word' id='word_1_357' title='bbox 1211 4318 1236 4380; x_wconf 90' lang='lat' dir='ltr'>D</span> <span class='ocrx_word' id='word_1_358' title='bbox 1251 4316 1387 4400; x_wconf 91' lang='lat' dir='ltr'><strong>Spiritus</strong></span> <span class='ocrx_word' id='word_1_359' title='bbox 1417 4316 1534 4379; x_wconf 85' lang='lat' dir='ltr'><strong>Sancti.</strong></span> <span class='ocrx_word' id='word_1_360' title='bbox 1559 4315 1722 4399; x_wconf 89' lang='lat' dir='ltr'><strong>Sapientia</strong></span> <span class='ocrx_word' id='word_1_361' title='bbox 1745 4333 1826 4381; x_wconf 86' lang='lat' dir='ltr'><strong>vero</strong></span> <span class='ocrx_word' id='word_1_362' title='bbox 1850 4312 1977 4379; x_wconf 85' lang='lat' dir='ltr'><strong>naturalis</strong></span> 
     </span>
     <span class='ocr_line' id='line_1_33' title="bbox 542 4414 1977 4501; baseline -0.006 -18"><span class='ocrx_word' id='word_1_363' title='bbox 542 4424 630 4483; x_wconf 83' lang='lat' dir='ltr'><strong>orbis</strong></span> <span class='ocrx_word' id='word_1_364' title='bbox 646 4430 825 4481; x_wconf 82' lang='lat' dir='ltr'><strong>terrarum.</strong></span> <span class='ocrx_word' id='word_1_365' title='bbox 843 4419 914 4501; x_wconf 93' lang='lat' dir='ltr'><strong>Sap.</strong></span> <span class='ocrx_word' id='word_1_366' title='bbox 931 4437 973 4494; x_wconf 89' lang='lat' dir='ltr'><strong>vr,</strong></span> <span class='ocrx_word' id='word_1_367' title='bbox 990 4416 1038 4482; x_wconf 81' lang='lat'><strong>26.</strong></span> <span class='ocrx_word' id='word_1_368' title='bbox 1251 4423 1283 4478; x_wconf 91' lang='lat' dir='ltr'><strong>et</strong></span> <span class='ocrx_word' id='word_1_369' title='bbox 1305 4415 1461 4497; x_wconf 89' lang='lat' dir='ltr'><strong>acquisita</strong></span> <span class='ocrx_word' id='word_1_370' title='bbox 1484 4421 1579 4497; x_wconf 91' lang='lat' dir='ltr'><strong>atque</strong></span> <span class='ocrx_word' id='word_1_371' title='bbox 1604 4415 1807 4491; x_wconf 87' lang='lat' dir='ltr'><strong>scholastica,</strong></span> <span class='ocrx_word' id='word_1_372' title='bbox 1833 4414 1918 4478; x_wconf 81' lang='lat' dir='ltr'><strong>malis</strong></span> <span class='ocrx_word' id='word_1_373' title='bbox 1937 4429 1977 4494; x_wconf 83' lang='lat' dir='ltr'><strong>po</strong></span> 
     </span>
     <span class='ocr_line' id='line_1_34' title="bbox 488 4512 1978 4597; baseline -0.009 -12"><span class='ocrx_word' id='word_1_374' title='bbox 488 4523 581 4585; x_wconf 87' lang='lat' dir='ltr'><strong>Juxta</strong></span> <span class='ocrx_word' id='word_1_375' title='bbox 599 4518 778 4582; x_wconf 83' lang='lat' dir='ltr'><strong>Aristotelis</strong></span> <span class='ocrx_word' id='word_1_376' title='bbox 799 4519 1001 4590; x_wconf 91' lang='lat' dir='ltr'><strong>documenta,</strong></span> <span class='ocrx_word' id='word_1_377' title='bbox 1022 4515 1130 4578; x_wconf 91' lang='lat' dir='ltr'><strong>nullus</strong></span> <span class='ocrx_word' id='word_1_378' title='bbox 1150 4521 1199 4578; x_wconf 89' lang='lat' dir='ltr'><strong>est</strong></span> <span class='ocrx_word' id='word_1_379' title='bbox 1251 4521 1312 4577; x_wconf 90' lang='lat' dir='ltr'><strong>test</strong></span> <span class='ocrx_word' id='word_1_380' title='bbox 1332 4513 1436 4576; x_wconf 89' lang='lat' dir='ltr'><strong>inesse</strong></span> <span class='ocrx_word' id='word_1_381' title='bbox 1455 4512 1650 4578; x_wconf 91' lang='lat' dir='ltr'><strong>hominibus.</strong></span> <span class='ocrx_word' id='word_1_382' title='bbox 1668 4515 1781 4596; x_wconf 92' lang='lat' dir='ltr'><strong>ltaque</strong></span> <span class='ocrx_word' id='word_1_383' title='bbox 1802 4513 1857 4597; x_wconf 93' lang='lat' dir='ltr'><strong>qui</strong></span> <span class='ocrx_word' id='word_1_384' title='bbox 1872 4531 1936 4576; x_wconf 87' lang='lat' dir='ltr'><strong>vere</strong></span> <span class='ocrx_word' id='word_1_385' title='bbox 1951 4527 1978 4573; x_wconf 85' lang='lat' dir='ltr'><strong>aa</strong></span> 
     </span>
     <span class='ocr_line' id='line_1_35' title="bbox 449 4612 1979 4703; baseline -0.009 -20"><span class='ocrx_word' id='word_1_386' title='bbox 449 4639 523 4685; x_wconf 92' lang='lat' dir='ltr'><strong>vere</strong></span> <span class='ocrx_word' id='word_1_387' title='bbox 544 4619 684 4703; x_wconf 90' lang='lat' dir='ltr'><strong>prudens</strong></span> <span class='ocrx_word' id='word_1_388' title='bbox 704 4617 767 4679; x_wconf 91' lang='lat' dir='ltr'><strong>nisi</strong></span> <span class='ocrx_word' id='word_1_389' title='bbox 787 4617 960 4690; x_wconf 87' lang='lat' dir='ltr'><strong>virtuosus,</strong></span> <span class='ocrx_word' id='word_1_390' title='bbox 978 4615 1021 4676; x_wconf 90' lang='lat' dir='ltr'><strong>ita</strong></span> <span class='ocrx_word' id='word_1_391' title='bbox 1040 4614 1125 4697; x_wconf 94' lang='lat' dir='ltr'><strong>quod</strong></span> <span class='ocrx_word' id='word_1_392' title='bbox 1144 4613 1198 4676; x_wconf 95' lang='lat' dir='ltr'><strong>bo·</strong></span> <span class='ocrx_word' id='word_1_393' title='bbox 1251 4612 1380 4695; x_wconf 89' lang='lat' dir='ltr'><strong>proprie</strong></span> <span class='ocrx_word' id='word_1_394' title='bbox 1409 4612 1536 4694; x_wconf 89' lang='lat' dir='ltr'><strong>sapiens</strong></span> <span class='ocrx_word' id='word_1_395' title='bbox 1559 4619 1618 4688; x_wconf 90' lang='lat' dir='ltr'><strong>est,</strong></span> <span class='ocrx_word' id='word_1_396' title='bbox 1643 4618 1755 4695; x_wconf 85' lang='lat' dir='ltr'><strong>utpote</strong></span> <span class='ocrx_word' id='word_1_397' title='bbox 1781 4613 1881 4676; x_wconf 89' lang='lat' dir='ltr'><strong>Deum</strong></span> <span class='ocrx_word' id='word_1_398' title='bbox 1907 4619 1934 4673; x_wconf 92' lang='lat' dir='ltr'><strong>et</strong></span> <span class='ocrx_word' id='word_1_399' title='bbox 1951 4627 1979 4670; x_wconf 84' lang='lat' dir='ltr'><strong>ea</strong></span> 
     </span>
     <span class='ocr_line' id='line_1_36' title="bbox 450 4710 1980 4795; baseline -0.009 -13"><span class='ocrx_word' id='word_1_400' title='bbox 450 4720 554 4782; x_wconf 89' lang='lat' dir='ltr'><strong>mines</strong></span> <span class='ocrx_word' id='word_1_401' title='bbox 575 4716 681 4780; x_wconf 91' lang='lat' dir='ltr'><strong>vitiosi</strong></span> <span class='ocrx_word' id='word_1_402' title='bbox 704 4733 767 4778; x_wconf 92' lang='lat' dir='ltr'><strong>non</strong></span> <span class='ocrx_word' id='word_1_403' title='bbox 789 4715 908 4778; x_wconf 90' lang='lat' dir='ltr'><strong>habent</strong></span> <span class='ocrx_word' id='word_1_404' title='bbox 931 4733 1038 4777; x_wconf 92' lang='lat' dir='ltr'><strong>veram</strong></span> <span class='ocrx_word' id='word_1_405' title='bbox 1060 4712 1197 4795; x_wconf 89' lang='lat' dir='ltr'><strong>pruden-</strong></span> <span class='ocrx_word' id='word_1_406' title='bbox 1252 4729 1323 4792; x_wconf 85' lang='lat' dir='ltr'><strong>quae</strong></span> <span class='ocrx_word' id='word_1_407' title='bbox 1343 4710 1398 4773; x_wconf 89' lang='lat' dir='ltr'><strong>Dei</strong></span> <span class='ocrx_word' id='word_1_408' title='bbox 1416 4717 1490 4773; x_wconf 92' lang='lat' dir='ltr'><strong>sunt</strong></span> <span class='ocrx_word' id='word_1_409' title='bbox 1509 4729 1583 4773; x_wconf 92' lang='lat' dir='ltr'><strong>cum</strong></span> <span class='ocrx_word' id='word_1_410' title='bbox 1607 4711 1733 4773; x_wconf 89' lang='lat' dir='ltr'><strong>interno</strong></span> <span class='ocrx_word' id='word_1_411' title='bbox 1754 4729 1870 4794; x_wconf 89' lang='lat' dir='ltr'><strong>sapore</strong></span> <span class='ocrx_word' id='word_1_412' title='bbox 1888 4725 1980 4790; x_wconf 83' lang='lat' dir='ltr'><strong>cogno</strong></span> 
     </span>
     <span class='ocr_line' id='line_1_37' title="bbox 450 4807 1980 4897; baseline -0.01 -16"><span class='ocrx_word' id='word_1_413' title='bbox 450 4818 538 4893; x_wconf 90' lang='lat' dir='ltr'><strong>tiam,</strong></span> <span class='ocrx_word' id='word_1_414' title='bbox 552 4816 608 4879; x_wconf 91' lang='lat' dir='ltr'><strong>sed</strong></span> <span class='ocrx_word' id='word_1_415' title='bbox 623 4814 793 4897; x_wconf 88' lang='lat' dir='ltr'><strong>quamdam</strong></span> <span class='ocrx_word' id='word_1_416' title='bbox 810 4813 969 4876; x_wconf 87' lang='lat' dir='ltr'><strong>astutiam.</strong></span> <span class='ocrx_word' id='word_1_417' title='bbox 986 4811 1083 4874; x_wconf 86' lang='lat' dir='ltr'><strong>Multo</strong></span> <span class='ocrx_word' id='word_1_418' title='bbox 1098 4810 1198 4891; x_wconf 87' lang='lat' dir='ltr'><strong>magis</strong></span> <span class='ocrx_word' id='word_1_419' title='bbox 1252 4828 1354 4884; x_wconf 90' lang='lat' dir='ltr'><strong>scens,</strong></span> <span class='ocrx_word' id='word_1_420' title='bbox 1371 4809 1500 4871; x_wconf 72' lang='lat' dir='ltr'><strong>ceriute</strong></span> <span class='ocrx_word' id='word_1_421' title='bbox 1514 4809 1571 4871; x_wconf 87' lang='lat' dir='ltr'><strong>Dei</strong></span> <span class='ocrx_word' id='word_1_422' title='bbox 1586 4815 1620 4872; x_wconf 91' lang='lat' dir='ltr'><strong>et</strong></span> <span class='ocrx_word' id='word_1_423' title='bbox 1632 4809 1857 4890; x_wconf 86' lang='lat' dir='ltr'><strong>proximorum</strong></span> <span class='ocrx_word' id='word_1_424' title='bbox 1870 4807 1980 4887; x_wconf 85' lang='lat' dir='ltr'><strong>aliisque</strong></span> 
     </span>
     <span class='ocr_line' id='line_1_38' title="bbox 451 4908 1980 4997; baseline -0.01 -16"><span class='ocrx_word' id='word_1_425' title='bbox 451 4917 560 4981; x_wconf 90' lang='lat' dir='ltr'><strong>nullus</strong></span> <span class='ocrx_word' id='word_1_426' title='bbox 579 4913 775 4997; x_wconf 86' lang='lat' dir='ltr'><strong>reputandus</strong></span> <span class='ocrx_word' id='word_1_427' title='bbox 794 4919 843 4974; x_wconf 90' lang='lat' dir='ltr'><strong>est</strong></span> <span class='ocrx_word' id='word_1_428' title='bbox 859 4911 997 4994; x_wconf 89' lang='lat' dir='ltr'><strong>sapiens,</strong></span> <span class='ocrx_word' id='word_1_429' title='bbox 1014 4909 1075 4973; x_wconf 93' lang='lat' dir='ltr'><strong>nisi</strong></span> <span class='ocrx_word' id='word_1_430' title='bbox 1092 4911 1198 4991; x_wconf 87' lang='lat' dir='ltr'><strong>justus</strong></span> <span class='ocrx_word' id='word_1_431' title='bbox 1252 4908 1425 4971; x_wconf 90' lang='lat' dir='ltr'><strong>virtutibus</strong></span> <span class='ocrx_word' id='word_1_432' title='bbox 1449 4909 1616 4971; x_wconf 90' lang='lat' dir='ltr'><strong>decoratur</strong></span> <span class='ocrx_word' id='word_1_433' title='bbox 1638 4926 1644 4970; x_wconf 96' lang='lat'><strong>:</strong></span> <span class='ocrx_word' id='word_1_434' title='bbox 1666 4908 1791 4973; x_wconf 87' lang='lat' dir='ltr'><strong>ideirco</strong></span> <span class='ocrx_word' id='word_1_435' title='bbox 1815 4909 1980 4992; x_wconf 85' lang='lat' dir='ltr'><strong>sapientiam</strong></span> 
     </span>
     <span class='ocr_line' id='line_1_39' title="bbox 449 5003 1981 5094; baseline -0.01 -15"><span class='ocrx_word' id='word_1_436' title='bbox 449 5037 487 5080; x_wconf 92' lang='lat' dir='ltr'><strong>ac</strong></span> <span class='ocrx_word' id='word_1_437' title='bbox 501 5016 673 5079; x_wconf 86' lang='lat' dir='ltr'><strong>virtuosus.</strong></span> <span class='ocrx_word' id='word_1_438' title='bbox 690 5012 820 5094; x_wconf 87' lang='lat' dir='ltr'><strong>Propter</strong></span> <span class='ocrx_word' id='word_1_439' title='bbox 834 5010 918 5092; x_wconf 91' lang='lat' dir='ltr'><strong>quod</strong></span> <span class='ocrx_word' id='word_1_440' title='bbox 935 5009 1050 5072; x_wconf 88' lang='lat' dir='ltr'><strong>iterum</strong></span> <span class='ocrx_word' id='word_1_441' title='bbox 1066 5008 1198 5091; x_wconf 90' lang='lat' dir='ltr'><strong>Sapiens</strong></span> <span class='ocrx_word' id='word_1_442' title='bbox 1252 5026 1341 5070; x_wconf 89' lang='lat' dir='ltr'><strong>suam</strong></span> <span class='ocrx_word' id='word_1_443' title='bbox 1365 5007 1459 5069; x_wconf 94' lang='lat' dir='ltr'><strong>modo</strong></span> <span class='ocrx_word' id='word_1_444' title='bbox 1481 5006 1543 5070; x_wconf 93' lang='lat' dir='ltr'><strong>sibi</strong></span> <span class='ocrx_word' id='word_1_445' title='bbox 1567 5006 1714 5089; x_wconf 90' lang='lat' dir='ltr'><strong>possibili</strong></span> <span class='ocrx_word' id='word_1_446' title='bbox 1738 5026 1776 5070; x_wconf 90' lang='lat' dir='ltr'><strong>ac</strong></span> <span class='ocrx_word' id='word_1_447' title='bbox 1801 5003 1981 5072; x_wconf 83' lang='lat' dir='ltr'><strong>convenienti</strong></span> 
     </span>
     <span class='ocr_line' id='line_1_40' title="bbox 312 5104 1980 5196; baseline -0.01 -13"><span class='ocrx_word' id='word_1_448' title='bbox 312 5138 421 5196; x_wconf 56' lang='lat' dir='ltr'><strong>stans.</strong></span> <span class='ocrx_word' id='word_1_449' title='bbox 450 5117 495 5180; x_wconf 92' lang='lat' dir='ltr'><strong>ait</strong></span> <span class='ocrx_word' id='word_1_450' title='bbox 511 5133 518 5178; x_wconf 92' lang='lat'>:</span> <span class='ocrx_word' id='word_1_451' title='bbox 535 5116 570 5177; x_wconf 94' lang='lat' dir='ltr'><strong>ln</strong></span> <span class='ocrx_word' id='word_1_452' title='bbox 594 5111 783 5176; x_wconf 90' lang='lat' dir='ltr'><strong>malevolam</strong></span> <span class='ocrx_word' id='word_1_453' title='bbox 805 5109 946 5173; x_wconf 88' lang='lat' dir='ltr'><strong>animam</strong></span> <span class='ocrx_word' id='word_1_454' title='bbox 968 5126 1032 5172; x_wconf 93' lang='lat' dir='ltr'><strong>non</strong></span> <span class='ocrx_word' id='word_1_455' title='bbox 1055 5108 1199 5171; x_wconf 93' lang='lat' dir='ltr'><strong>introibit</strong></span> <span class='ocrx_word' id='word_1_456' title='bbox 1252 5104 1467 5170; x_wconf 90' lang='lat' dir='ltr'><strong>communicat</strong></span> <span class='ocrx_word' id='word_1_457' title='bbox 1488 5105 1570 5181; x_wconf 91' lang='lat' dir='ltr'><strong>aliis,</strong></span> <span class='ocrx_word' id='word_1_458' title='bbox 1587 5105 1626 5168; x_wconf 90' lang='lat' dir='ltr'><strong>ad</strong></span> <span class='ocrx_word' id='word_1_459' title='bbox 1647 5105 1834 5169; x_wconf 90' lang='lat' dir='ltr'><strong>divinorum</strong></span> <span class='ocrx_word' id='word_1_460' title='bbox 1858 5105 1980 5168; x_wconf 81' lang='lat' dir='ltr'><strong>notitiam</strong></span> 
     </span>
     <span class='ocr_line' id='line_1_41' title="bbox 449 5205 1979 5299; baseline -0.009 -20"><span class='ocrx_word' id='word_1_461' title='bbox 449 5213 615 5299; x_wconf 91' lang='lat' dir='ltr'><strong>sapientia.</strong></span> <span class='ocrx_word' id='word_1_462' title='bbox 633 5210 721 5285; x_wconf 79' lang='lat' dir='ltr'><strong>Quod</strong></span> <span class='ocrx_word' id='word_1_463' title='bbox 736 5211 775 5271; x_wconf 92' lang='lat' dir='ltr'><strong>de</strong></span> <span class='ocrx_word' id='word_1_464' title='bbox 791 5208 845 5271; x_wconf 90' lang='lat' dir='ltr'><strong>illa</strong></span> <span class='ocrx_word' id='word_1_465' title='bbox 860 5207 1017 5290; x_wconf 89' lang='lat' dir='ltr'><strong>sapientia</strong></span> <span class='ocrx_word' id='word_1_466' title='bbox 1032 5206 1198 5289; x_wconf 91' lang='lat' dir='ltr'><strong>potissime</strong></span> <span class='ocrx_word' id='word_1_467' title='bbox 1251 5214 1283 5269; x_wconf 90' lang='lat' dir='ltr'><strong>et</strong></span> <span class='ocrx_word' id='word_1_468' title='bbox 1297 5223 1438 5268; x_wconf 86' lang='lat' dir='ltr'><strong>amorem</strong></span> <span class='ocrx_word' id='word_1_469' title='bbox 1454 5222 1507 5268; x_wconf 90' lang='lat' dir='ltr'><strong>eos</strong></span> <span class='ocrx_word' id='word_1_470' title='bbox 1523 5205 1688 5279; x_wconf 89' lang='lat' dir='ltr'><strong>hortando,</strong></span> <span class='ocrx_word' id='word_1_471' title='bbox 1704 5225 1723 5268; x_wconf 89' lang='lat' dir='ltr'><strong>a</strong></span> <span class='ocrx_word' id='word_1_472' title='bbox 1738 5206 1829 5270; x_wconf 91' lang='lat' dir='ltr'><strong>vitiis</strong></span> <span class='ocrx_word' id='word_1_473' title='bbox 1844 5207 1979 5270; x_wconf 77' lang='lat' dir='ltr'><strong>retrahar</strong></span> 
     </span>
     <span class='ocr_line' id='line_1_42' title="bbox 448 5303 1979 5393; baseline -0.01 -13"><span class='ocrx_word' id='word_1_474' title='bbox 448 5306 952 5393; x_wconf 80' lang='lat' dir='ltr'><strong>verumest,quaeestunumde</strong></span> <span class='ocrx_word' id='word_1_475' title='bbox 968 5306 1197 5389; x_wconf 88' lang='lat' dir='ltr'><strong>septemdenis</strong></span> <span class='ocrx_word' id='word_1_476' title='bbox 1252 5307 1302 5382; x_wconf 90' lang='lat' dir='ltr'><strong>do,</strong></span> <span class='ocrx_word' id='word_1_477' title='bbox 1324 5303 1493 5369; x_wconf 88' lang='lat' dir='ltr'><strong>salubriter</strong></span> <span class='ocrx_word' id='word_1_478' title='bbox 1515 5303 1710 5370; x_wconf 90' lang='lat' dir='ltr'><strong>instruendo.</strong></span> <span class='ocrx_word' id='word_1_479' title='bbox 1729 5304 1813 5370; x_wconf 88' lang='lat' dir='ltr'><strong>lline</strong></span> <span class='ocrx_word' id='word_1_480' title='bbox 1838 5306 1871 5369; x_wconf 94' lang='lat' dir='ltr'><strong>in</strong></span> <span class='ocrx_word' id='word_1_481' title='bbox 1893 5304 1979 5368; x_wconf 82' lang='lat' dir='ltr'><strong>Eccle</strong></span> 
     </span>
    </p>
   </div>
   <div class='ocr_carea' id='block_1_6' title="bbox 0 0 2104 6258">
    <p class='ocr_par' dir='ltr' id='par_1_6' title="bbox 0 0 2104 6258">
     <span class='ocr_line' id='line_1_43' title="bbox 0 0 2104 6258; baseline 0 0"><span class='ocrx_word' id='word_1_482' title='bbox 0 0 2104 6258; x_wconf 95' lang='lat' dir='ltr'><strong> </strong></span> 
     </span>
    </p>
   </div>
  </div>
 </body>
</html>
