4154 6258
332 497 481 546 norrruraa
500 497 542 545 xv
562 497 635 546 rosr
655 498 848 545 mmrrarnu.
870 516 908 528 -
929 499 972 546 an
992 499 1186 566 nurerosos;
1209 503 1308 550 senno
1328 503 1465 560 ouaarus
1610 487 1670 552 loe

116 667 271 744 studium,
295 676 328 732 ct
351 669 463 734 videns
487 689 521 734 se
545 686 609 733 non
633 688 725 753 posse
749 670 866 734 habere
881 670 906 734 A
921 672 1086 735 sissimum
1109 692 1147 735 ao
1171 674 1467 756 splendidissimum
1492 695 1617 751 aurum,
1638 685 1670 740 et

115 787 231 831 aurum
260 787 297 830 ao
327 769 515 852 sapientiam
545 769 691 852 adipisci,
718 787 865 850 magnam
922 787 1051 832 cursum
1075 770 1244 853 arripiens,
1261 790 1336 834 eum
1356 773 1444 836 omni
1467 772 1669 836 testinatione

115 867 188 929 auri
213 885 351 930 massam
381 868 518 950 projecit
540 868 573 931 in
598 887 696 942 mare,
721 869 864 931 dicens:
922 867 1005 948 fugit
1033 868 1073 931 ab
1102 887 1140 932 eo
1169 877 1320 952 tanquam
1346 867 1530 936 a'oolubro.
1557 871 1609 935 Sic
1637 879 1670 935 et

115 965 198 1027 ldalo
217 964 375 1028 dominari
397 965 467 1041 tibi,
485 985 580 1049 quam
603 966 688 1048 quod
708 974 741 1028 tu
762 967 865 1030 domi·
921 965 954 1028 B.
971 967 1158 1030 Franciscus
1174 968 1348 1032 intantum
1367 971 1488 1052 sprevit
1503 971 1668 1053 pecunias,

116 1063 204 1126 neris
219 1063 310 1126 mihi.
328 1063 461 1126 Sanctus
477 1082 604 1147 quoque
617 1064 773 1127 Antonius
788 1064 865 1128 dum
921 1064 1006 1147 quod
1030 1066 1126 1128 etiam
1151 1072 1271 1129 tactum
1296 1086 1405 1131 earum
1430 1069 1589 1132 universis
1617 1070 1668 1132 sui

115 1161 259 1242 perrexit
273 1162 312 1224 ad
328 1180 484 1238 eremum,
501 1161 624 1225 invenit
639 1162 672 1225 in
690 1162 741 1225 via
762 1163 866 1244 copio·
920 1163 1045 1227 Ordinis
1067 1164 1233 1247 prohibuit
1253 1166 1425 1230 Fratribus.

558 1526 673 1609 AD
722 1524 1224 1611 RELIGIOSOS

665 1943 840 2030 SERMO
875 1943 1118 2046 QUARTUS

142 2187 184 2234 DE
204 2185 375 2234 uultlrtlel
397 2183 603 2233 ruuuecrlolte
624 2185 667 2232 Ab
688 2185 773 2241 QUAU
794 2184 977 2231 eotlssututt
998 2186 1188 2235 outreautuu
1208 2188 1395 2236 humolone!
1416 2190 1634 2238 PROFESSORES.

184 2443 304 2504 LTER
335 2441 474 2502 alterius
504 2459 604 2500 onera
632 2448 772 2516 portate.
804 2439 863 2502 Ga·
883 2438 1071 2521 Bprocessu
1092 2440 1244 2504 doctrinae
1268 2441 1433 2524 proesentis
1458 2441 1600 2525 epistolae
1622 2441 1667 2504 in·

199 2539 252 2602 lat.
270 2557 313 2613 vr,
329 2537 358 2601 2.
919 2537 1064 2600 notescit.
1081 2536 1117 2599 ln
1140 2539 1232 2618 cujus
1257 2539 1387 2602 exordio
1408 2539 1453 2601 ait
1470 2539 1639 2621 Apostolus
1657 2556 1664 2601 :

153 2639 255 2713 Quam
278 2642 386 2699 sancta
404 2644 436 2699 et
455 2635 647 2718 exemplaris
669 2653 705 2698 ao
730 2635 864 2717 irrepre·
920 2635 951 2698 Si
968 2636 1083 2718 spiritu
1097 2635 1250 2710 vivimus,
1267 2636 1383 2718 spiritu
1398 2644 1430 2699 et
1443 2626 1664 2718 ambulemus;
1699 2659 1775 2704 aaut.
1791 2673 1813 2712 v,

112 2735 285 2800 hausibilis
318 2753 387 2798 esse
420 2734 545 2808 debeat,
576 2741 608 2796 et
638 2732 671 2795 in
703 2733 865 2816 primitiva
920 2734 980 2796 hoe
995 2741 1053 2808 est,
1069 2734 1096 2796 si
1112 2753 1186 2796 vere
1202 2734 1410 2816 spiritualiter
1425 2735 1564 2798 vivimus
1580 2737 1665 2798 intus
1680 2723 1714 2766 ²⁵·

112 2834 258 2898 Ecclesia
272 2833 369 2896 inerit
379 2833 522 2896 omnium
536 2833 729 2895 conversatio
740 2831 867 2894 Christi·
920 2851 978 2916 per
1005 2833 1149 2913 gratiam,
1175 2841 1269 2896 rectae
1294 2834 1424 2897 rationis
1450 2833 1609 2915 judicium
1634 2842 1666 2897 et

111 2952 260 3008 anorum,
271 2951 309 2995 ex
324 2931 485 2996 hodiernae
500 2931 642 3013 epistolae
657 2930 866 3013 perpenditur
920 2931 1056 3012 Spiritus
1076 2931 1181 2994 Sancti
1204 2931 1367 3013 sequendo
1388 2932 1586 3007 instinctum,
1603 2939 1666 2995 stu·

111 3032 327 3104 documentis,
342 3050 411 3114 quae
426 3047 490 3092 non
506 3029 610 3092 solum
625 3028 793 3108 religiosis,
810 3028 865 3090 sed
919 3030 1051 3091 deamus
1077 3029 1173 3092 etiam
1196 3030 1273 3093 ioris
1295 3030 1514 3112 spiritualiter,
1536 3029 1596 3093 hoc
1618 3038 1666 3094 est

112 3129 274 3193 universis
291 3128 409 3210 scripta
423 3145 459 3190 ac
473 3127 563 3208 jussa
577 3133 652 3189 sunt
667 3125 862 3190 Christianis.
918 3128 1059 3190 virtuose
1078 3135 1110 3190 et
1124 3128 1358 3211 exemplariter,
1376 3129 1566 3191 conversari.
1584 3129 1665 3192 llcoe

112 3231 151 3293 Ut
168 3228 258 3292 enim
279 3226 477 3290 devotissimi
497 3233 602 3308 patres
622 3225 789 3287 Cassianus
806 3224 864 3287 Cli·
919 3225 968 3288 his
993 3225 1098 3288 verbis
1123 3227 1214 3290 docet
1237 3226 1405 3309 Apostolus
1431 3235 1466 3289 ut
1489 3245 1553 3290 non
1574 3227 1665 3290 dum-

111 3345 292 3408 macusque
313 3332 480 3399 testantur,
501 3324 572 3386 talis
593 3341 663 3386 esse
683 3322 778 3386 debet
799 3323 864 3385 vita
919 3330 1003 3386 taum
1023 3342 1130 3387 coram
1153 3326 1218 3387 Deo
1242 3325 1274 3385 in
1298 3325 1481 3388 sinceritate
1502 3326 1664 3388 conscien-

111 3423 291 3507 cujuslibet
312 3423 493 3496 Christiani,
516 3430 551 3484 ut
572 3421 768 3504 quicumque
793 3440 863 3484 eam
918 3422 969 3484 tire
991 3440 1228 3498 conversemur,
1250 3423 1304 3485 sed
1325 3431 1356 3485 et
1378 3441 1485 3486 coram
1509 3423 1664 3506 proximis

110 3524 285 3605 diligenter
300 3520 606 3603 conspexerit,lateri
622 3525 748 3600 cogatur
763 3519 863 3600 legem
917 3518 1124 3583 aedilicatoria
1145 3538 1337 3602 operemur:
1353 3521 1505 3602 quoniam
1527 3523 1591 3585 Deo
1612 3522 1664 3584 de

110 3622 203 3685 illam
223 3640 294 3684 esse
313 3620 454 3683 divinam
470 3627 501 3682 et
515 3627 666 3693 sanctem,
683 3637 754 3700 quaa
768 3618 862 3681 talem
881 3616 1031 3683 Gbemus
1052 3617 1168 3680 bonam
1184 3619 1422 3693 conscientiam,
1439 3620 1594 3702 proximis
1609 3620 1663 3683 bo

111 3719 256 3782 instituit
270 3719 379 3781 vitam.
396 3718 443 3781 Ad
462 3718 545 3780 hano
562 3733 689 3799 quoque
705 3716 776 3780 vita
791 3735 861 3798 pcr-
917 3735 991 3779 nam
1016 3715 1144 3779 lamam.
1165 3717 1239 3780 ldeo
1262 3717 1339 3780 alibi
1360 3718 1438 3780 dicit
1461 3718 1629 3800 Apostolus
1653 3737 1660 3782 :

109 3817 288 3881 lectionem
310 3815 558 3896 gloriosissimus
579 3813 745 3896 apostolici
765 3815 862 3894 agmi-
915 3815 1119 3878 Providentes
1141 3815 1223 3878 bone
1245 3834 1308 3878 non
1331 3816 1435 3879 solum
1457 3834 1562 3881 coram
1585 3818 1659 3892 Deo,
1691 3837 1756 3882 aaa.
1770 3849 1807 3888 ιιι,

109 3917 161 3980 nis
187 3916 341 3998 princeps
364 3931 475 3976 omnes
504 3912 695 3994 generaliter
719 3911 861 3974 hortatur
916 3914 970 3975 sed
993 3913 1089 3975 etiam
1112 3931 1217 3977 corum
1240 3914 1390 3977 omnibus
1412 3914 1606 3978 hominibus.
1623 3915 1661 3978 Et
1677 3903 1709 3944 ¹⁷·

21 4044 60 4076 er.
73 4047 94 4084 lt,
109 4013 321 4086 Christianos,
347 4011 482 4074 dicendo
509 4027 516 4072 :
542 4009 614 4073 llaeo
643 4017 691 4072 est
714 4009 860 4072 voluntas
916 4011 1058 4075 Christus
1073 4012 1106 4074 in
1122 4012 1293 4093 Evangelio
1310 4033 1317 4076 :
1334 4012 1451 4075 Luceat
1464 4014 1660 4095 (inquit)lux
1688 4033 1807 4082 aurea,

110 4113 179 4187 Dei,
203 4119 239 4174 ut
263 4110 498 4174 benefacientes
523 4108 743 4172 obmutescere
767 4108 861 4171 lecia-
915 4117 1020 4172 vestra
1040 4128 1147 4174 coram
1167 4111 1363 4186 hominibus,
1380 4119 1416 4173 ut
1429 4113 1559 4174 videant
1578 4112 1661 4175 bona
1676 4099 1709 4140 ¹⁶·

108 4213 150 4274 tis
171 4209 429 4293 imprudentium
450 4207 618 4271 hominum
639 4207 858 4287 ignorantiam.
916 4207 998 4270 lacta
1013 4216 1127 4283 vestra,
1139 4217 1171 4270 et
1185 4208 1367 4288 glorificent
1381 4209 1504 4271 Patrem
1519 4217 1660 4274 vestrum

5 4329 35 4370 r.
74 4363 79 4373 .
107 4305 860 4392 ltemque:Conversationem(inquit)vestram
916 4305 971 4387 qui
997 4307 1029 4368 in
1055 4306 1144 4369 coelis
1169 4314 1225 4368 est.
1253 4307 1298 4368 Ex
1322 4306 1439 4388 quibus
1465 4315 1552 4388 patet
1574 4327 1662 4372 error

107 4412 195 4473 inter
225 4415 338 4488 gentes
367 4405 482 4468 bonam
512 4404 676 4477 habentes,
703 4405 794 4466 utin
824 4422 862 4467 eo
916 4423 1027 4466 eorum
1057 4405 1111 4487 qui
1143 4421 1201 4486 pro
1229 4405 1337 4486 aliquo
1367 4404 1465 4468 verbo
1493 4414 1548 4468 aut
1578 4407 1662 4470 fecto

106 4509 196 4592 quod
218 4507 397 4570 detrectant
410 4504 449 4566 de
463 4503 554 4566 vobis
570 4510 721 4585 tanquam
738 4503 777 4565 de
796 4522 861 4564 ma·
916 4503 1147 4565 scandalizante
1172 4502 1321 4584 correpti,
1343 4521 1380 4566 eo
1402 4503 1487 4585 quod
1512 4505 1566 4567 alii
1589 4524 1663 4570 con·

106 4604 331 4677 lelaetoribus,
347 4623 386 4666 ex
403 4602 486 4665 bona
502 4601 742 4664 couversatione
757 4609 861 4664 vestra
917 4608 1090 4683 querantur
1106 4601 1144 4662 dc
1161 4601 1250 4682 ipsis,
1268 4601 1461 4683 respondent
1475 4621 1509 4666 se
1525 4621 1589 4666 non
1609 4623 1662 4667 ou-

104 4727 163 4772 vos
195 4704 447 4776 considerantes,
473 4701 655 4784 glorificent
684 4702 795 4763 Deum.
826 4701 859 4763 Si
917 4719 986 4762 rare
1015 4700 1170 4782 quidquid
1196 4699 1339 4780 deipsis
1368 4700 1514 4764 homines
1542 4704 1659 4780 dicant,

105 4825 183 4887 ergo
201 4803 245 4867 ad
262 4820 373 4867 omnes
389 4800 455 4864 hac
474 4799 636 4883 pertinent
651 4799 856 4874 Christianos,
876 4799 1089 4865 Ddummodo
1118 4816 1224 4861 eoram
1253 4800 1317 4861 Deo
1346 4799 1427 4862 bene
1456 4819 1490 4864 se
1514 4801 1659 4878 habeant,

104 5001 264 5066 omnibus
284 4999 353 5062 istis
372 4996 545 5061 virtutibus
565 5004 597 5058 et
611 4995 772 5059 exercitiis
791 5015 859 5057 san·
916 4995 976 5057 mis
996 4995 1181 5057 scandalum
1200 5002 1255 5057 aut
1269 4995 1394 5058 obicem
1414 5014 1543 5078 ponere,
1560 5019 1660 5081 quum

106 5103 168 5164 otis
185 5098 352 5162 abundare
367 5103 503 5179 oportet,
520 5102 614 5178 prout
628 5112 739 5158 eorum
755 5094 860 5175 requi·
914 5103 1021 5156 tamen
1038 5093 1280 5156 Ecclesiasticus
1299 5093 1428 5176 scripsit
1446 5096 1492 5158 sic
1509 5114 1516 5158 :
1534 5097 1661 5161 Unicui·
1675 5117 1808 5169 uersus,

107 5202 149 5264 rit
172 5197 360 5282 professiot
916 5213 978 5274 quo
1005 5193 1167 5255 mandavit
1191 5194 1273 5255 Deus
1298 5193 1337 5254 de
1362 5194 1507 5276 proximo
1532 5214 1598 5259 suo.
1625 5198 1662 5259 Et
1678 5184 1710 5224 ¹²·

153 5300 266 5372 Porro,
296 5295 381 5378 quod
409 5295 476 5360 heac
509 5294 551 5357 ita
583 5313 617 5356 se
645 5292 791 5368 habeant,
822 5311 860 5355 ex
916 5292 1057 5356 Salvator
1073 5291 1105 5352 in
1120 5291 1292 5372 Evangelio
1309 5307 1315 5352 :
1332 5292 1384 5356 l'ae
1397 5290 1530 5374 (inquit)
1540 5294 1660 5359 homini
1676 5253 1790 5368 mmm
