4164 6258
417 495 475 560 tet
756 514 905 562 ooumrca
925 515 959 562 111
980 515 1053 562 rosr
1073 513 1267 561 rnmrrrrnu.
1288 531 1328 544 -
1349 513 1448 562 suavo
1468 513 1621 563 succubus

416 686 535 769 quibus
550 687 634 749 lleus
654 686 871 760 inhonoratur,
887 684 1041 764 diminui3
1061 692 1161 759 sexto,
1176 684 1202 748 Α
1217 683 1356 758 deviare,
1378 684 1484 748 statim
1506 685 1547 748 ad
1569 685 1640 766 ejus
1663 685 1899 749 conversionem
1919 695 1945 750 ct
2055 709 2056 714 ¹

417 786 493 868 quia
508 785 541 848 in
556 785 617 848 hoc
632 787 743 849 vident
756 785 827 848 aliis
842 784 963 847 bonum
977 784 1161 866 exemplum
1218 783 1474 846 emendationem
1493 784 1612 847 debent
1630 783 1753 847 viribus
1772 783 1845 847 totis
1866 802 1944 847 oona·

418 882 571 966 praeberi3
601 885 747 965 septimo,
779 884 855 966 quia
882 883 1024 945 divinam
1053 883 1164 946 vident
1216 881 1254 943 ri.
1276 883 1447 957 Postremo,
1469 883 1645 945 secundum
1668 883 1796 956 Bedam,
1813 899 1900 946 ovem
1920 891 1946 945 et

417 981 729 1064 predestinationem
759 981 907 1065 impleri;
936 989 1057 1054 octavo,
1088 981 1164 1063 quia
1216 980 1400 1042 drachmam
1413 981 1565 1062 perditam
1577 980 1720 1044 Christus
1732 980 1947 1062 invenitquau·

418 1081 580 1144 rationalis
610 1089 761 1144 creaturae
790 1100 887 1162 quam
916 1081 1064 1162 diligunt,
1090 1098 1164 1142 con·
1217 1079 1258 1141 do
1279 1079 1443 1141 hominem
1466 1079 1665 1154 restauravit,
1682 1080 1713 1141 id
1735 1086 1794 1150 est,
1811 1098 1867 1142 sua
1888 1099 1945 1161 pas
2056 1101 2057 1104 ¹

416 1181 557 1261 gaudent
575 1180 801 1253 emendationi,
819 1179 976 1262 profectui
997 1197 1034 1242 ac
1056 1179 1160 1241 saluti.
1216 1177 1305 1240 sione
1335 1176 1484 1257 salvavit;
1514 1185 1546 1240 et
1574 1197 1672 1260 super
1698 1196 1770 1240 eam
1800 1177 1946 1242 inventam

456 1279 565 1359 ltaque
580 1277 723 1342 Christus
736 1286 853 1341 aeterna
866 1296 903 1340 ac
917 1277 1024 1358 genite
1038 1277 1163 1360 sapien·
1217 1277 1323 1357 majus
1345 1276 1496 1356 gaudium
1517 1284 1566 1338 est
1586 1276 1620 1338 in
1642 1276 1724 1340 coelo
1744 1295 1843 1359 quam
1865 1297 1948 1360 super

417 1377 462 1438 tia
476 1377 586 1450 Patris,
602 1376 716 1439 babuit
730 1397 747 1436 a
763 1375 930 1439 drachmas
949 1376 1060 1438 decem
1076 1398 1105 1450 a,
1119 1376 1164 1439 vi·
1216 1375 1388 1456 nonaginta
1406 1392 1522 1437 novem
1540 1373 1636 1455 justis
1652 1393 1708 1437 seu
1722 1375 1846 1455 angelis
1861 1375 1948 1457 poeni·
2057 1431 2058 1434 ,

417 1475 534 1539 delicet
548 1493 662 1538 novem
680 1475 793 1537 choros
808 1475 1049 1556 augelorum,et
1063 1493 1163 1556 genus
1216 1473 1315 1535 tentia
1337 1490 1401 1535 uon
1426 1471 1656 1553 indigentibus,
1680 1471 1833 1552 quoniam
1862 1473 1950 1552 major

418 1573 606 1647 humanum,
628 1574 713 1655 quod
735 1581 886 1655 tanquam
908 1572 1033 1635 decima
1053 1572 1163 1635 dracb-
1216 1571 1332 1635 divinae
1348 1571 1450 1633 laudis
1471 1570 1602 1633 materia
1616 1577 1665 1632 est
1680 1570 1713 1631 in
1733 1570 1949 1632 restauratione

417 1690 546 1754 ma‚per
559 1670 746 1752 originalem
762 1670 899 1753 perierat
914 1671 1164 1753 culpamiluem·
1216 1669 1395 1742 hominum,
1421 1687 1518 1751 quam
1548 1669 1581 1730 in
1605 1669 1765 1732 creatione
1787 1670 1950 1732 autetiam

416 1770 588 1833 admodum
609 1769 716 1852 itaque
731 1769 874 1832 Christus
893 1787 986 1832 ovem
1006 1777 1039 1831 et
1054 1769 1163 1831 drach·
1216 1767 1453 1831 beatificatione
1468 1766 1663 1848 angelorum.
1674 1767 1861 1830 llirabiliter
1874 1768 1952 1850 quip

417 1886 502 1930 mam
517 1868 667 1930 amissam
682 1867 839 1948 quesivit,
852 1866 898 1929 sic
913 1867 984 1948 ejus
998 1868 1120 1942 vicarii,
1132 1869 1159 1930 si
1176 1870 1200 1932 B
1217 1887 1257 1951 pe
1272 1868 1401 1948 angelos
1415 1867 1498 1928 lleus
1514 1865 1641 1938 creavit,
1654 1866 1710 1928 sed
1725 1866 1889 1930 bominem
1903 1868 1951 1928 mi·
2058 1857 2059 1860 '

415 1967 556 2048 aliquem
575 1984 614 2028 ex
633 1983 727 2046 grege
749 1964 811 2028 sibi
833 1965 1005 2028 commisso
1025 1967 1162 2029 viderint
1216 1967 1349 2030 rabilius
1372 1965 1568 2028 instauravit.

928 2398 1120 2484 saruc
1158 2397 1454 2485 succubus

655 2663 804 2720 odalman
825 2663 959 2709 floardus
981 2664 1039 2709 DEO
1061 2664 1162 2709 lelllS
1183 2663 1276 2709 rioms
1297 2663 1437 2710 DEBEANT
1458 2662 1721 2719 APPROPINQUARE.
2060 2613 2061 2648 1

483 2944 776 3011 PPROPINQUA
783 2944 841 3003 ΤΕ
850 2945 928 3012 Deo,
943 2952 973 3002 et
989 2942 1162 3018 appropiar-
1216 2941 1280 3004 Deo
1295 2941 1423 3016 distare,
1441 2942 1516 3024 quia
1530 2943 1634 3005 adbuc
1650 2950 1699 3005 est
1714 2941 1746 3004 in
1762 2941 1817 3004 via
1832 2950 1864 3005 et
1878 2961 1956 3024 pere·

500 3044 614 3122 quobit
633 3043 732 3101 vobis.
748 3038 854 3102 Jacob.
874 3058 914 3114 rv,
930 3038 959 3101 8.
1176 3038 1203 3102 C'
1215 3038 1405 3119 grinatione,
1426 3040 1569 3102 nondum
1589 3041 1622 3102 in
1641 3040 1780 3103 termino
1798 3048 1834 3103 et
1852 3039 1955 3122 patria,
2061 3087 2062 3092 η

454 3136 1163 3204 variismodisereaturaedicuntursuoure-
1217 3156 1272 3199 seu
1303 3137 1452 3199 beatifica
1480 3137 1613 3201 visione.
1645 3138 1776 3220 Propter
1806 3138 1893 3220 quod
1920 3137 1957 3202 ait

414 3239 493 3302 atori
524 3257 559 3300 ac
589 3239 654 3300 Deo
684 3235 954 3318 appropinquare,
985 3235 1161 3297 secundum
1216 3235 1384 3318 Apostolus
1407 3253 1414 3297 :
1435 3236 1517 3297 llum
1543 3255 1654 3300 sumus
1679 3237 1711 3299 in
1736 3237 1797 3300 boc
1822 3255 2042 3320 corporalem

415 3337 500 3419 quod
520 3335 616 3398 variis
638 3334 742 3397 modis
762 3332 802 3394 ab
823 3333 893 3415 ipso
913 3333 1040 3395 distant.
1058 3334 1161 3407 Quum
1216 3333 1459 3415 peregrinamur
1476 3354 1494 3396 a
1511 3334 1663 3415 llomin03
1680 3353 1737 3418 per
1756 3335 1860 3399 fidem
1879 3335 1956 3398 enim
1968 3323 1982 3360 ⁷·

415 3434 502 3496 enim
519 3431 768 3495 Deus'sublimis
789 3431 1028 3505 etadorandus,
1048 3431 1089 3493 sit
1109 3450 1161 3511 pe·
1216 3430 1428 3505 ambulamus,
1455 3451 1519 3495 non
1549 3452 1607 3515 per
1636 3433 1787 3516 speciem.
1818 3435 1905 3498 Unde
1931 3442 1957 3495 et
2062 3431 2063 3476 t

416 3532 502 3594 nitus
522 3530 657 3593 infinite
678 3528 884 3610 perfectionis
903 3537 934 3591 et
954 3529 1160 3602 excellentie,
1215 3529 1301 3591 idem
1317 3529 1486 3610 Apostolus
1504 3548 1510 3593 :
1528 3531 1640 3614 Cupio,
1656 3531 1772 3614 inquit,
1784 3531 1918 3595 dissolvi
1931 3539 1957 3593 et
1977 3545 2048 3596 raru-

415 3629 521 3692 omnis
540 3635 646 3691 autem
665 3635 809 3690 creatura
830 3627 1034 3708 perfectionis
1050 3627 1160 3701 finitae,
1215 3645 1285 3690 esse
1305 3646 1378 3689 oum
1395 3627 1528 3692 Christo.
1546 3629 1693 3692 Nondum
1715 3647 1790 3710 ergo
1808 3629 1873 3694 fuit
1892 3649 1956 3693 cum
1969 3609 1993 3648 ²³·

417 3733 541 3787 certum
556 3724 703 3805 estquod
721 3722 898 3784 secundum
916 3741 1016 3784 unum
1032 3723 1162 3785 modum
1216 3726 1413 3808 Christo,qui
1429 3727 1578 3808 cupiebat
1592 3727 1723 3790 dissolvi
1741 3736 1775 3789 ut
1790 3735 1879 3792 esset
1892 3749 1957 3792 curu

416 3821 580 3904 loquendi,
597 3821 702 3884 omnis
723 3828 876 3894 ereatura,
893 3820 998 3882 omnis
1019 3821 1161 3900 angelus,
1216 3822 1349 3885 Christo.
1366 3823 1605 3898 Nihilominus,
1621 3825 1799 3888 secundum
1815 3828 1957 3890 eumdem

416 3920 523 3982 omnis
546 3920 643 3982 bomo
666 3917 904 4001 quantumlibet
926 3917 1029 3981 bouus
1050 3927 1082 3981 et
1102 3921 1163 3982 vir·
1215 3920 1344 3984 beatum
1359 3922 1709 4004 Apostolumilbristus
1725 3943 1784 4006 per
1797 3925 1898 3988 fidem
1913 3925 1958 3987 ba·
1976 3943 2049 3998 sevi.-

416 4026 539 4092 tuosus,
555 4018 651 4080 distet
671 4017 703 4079 in
725 4016 889 4079 infinitum
909 4037 927 4080 a
943 4018 1017 4092 Deo,
1035 4037 1163 4100 praser-
1216 4019 1295 4082 bitat
1310 4021 1343 4082 iu
1359 4021 1509 4083 cordibus
1524 4021 1695 4096 nostriset
1709 4039 1846 4106 corpora
1860 4032 1960 4087 nostra
1970 4009 2051 4111 'fffl

416 4118 475 4180 tim
491 4136 588 4199 quum
606 4116 691 4179 finiti
707 4124 738 4179 et
753 4116 872 4178 infiniti
888 4115 975 4178 nulla
987 4117 1029 4179 sit
1043 4135 1163 4200 eompa-
1216 4126 1291 4180 sunt
1313 4119 1433 4200 templa
1457 4119 1593 4202 Spiritus
1617 4119 1734 4186 Sancti.
1760 4121 1845 4203 Ergo
1869 4122 1957 4185 etiam
1971 4129 2044 4180 rent

281 4215 603 4286 12.xa,as.rati0.llinc
624 4215 868 4297 scriptumest:
886 4214 942 4276 Cui
962 4216 1162 4280 assimilastis
1176 4213 1202 4275 l)
1217 4215 1249 4276 in
1272 4215 1332 4278 bac
1354 4216 1418 4278 vita
1439 4235 1550 4278 sumus
1573 4234 1647 4279 cum
1670 4217 1806 4293 Christo,
1824 4227 1858 4281 et
1878 4219 1958 4283 Chri-

416 4334 478 4390 me,
495 4315 574 4378 dicit
593 4314 737 4386 Sanctus,
755 4319 864 4395 utpote
884 4314 990 4376 Deust
1006 4321 1036 4376 et
1053 4333 1161 4377 rursus
1216 4321 1284 4376 stus
1299 4313 1467 4376 uobiscum
1483 4314 1672 4378 est.ldoireo
1687 4315 1958 4400 dicendum,quod

281 4427 340 4474 rora.
355 4434 387 4475 ra.
415 4411 561 4474 ibidem:
580 4411 638 4474 Cui
661 4410 799 4472 similem
826 4409 948 4472 fecistis
970 4411 1083 4484 Deum,
1108 4421 1163 4474 aut
1217 4410 1292 4472 boni
1313 4410 1425 4472 fideles
1446 4417 1520 4473 sunt
1535 4429 1609 4472 eum
1626 4411 1752 4475 Christo
1771 4413 1805 4475 in
1826 4414 1886 4476 bac
1902 4414 1960 4476 vita

415 4529 511 4591 quam
542 4509 713 4589 imaginem
743 4508 869 4591 ponetis
892 4509 949 4570 eil
974 4509 1081 4590 ltaque
1106 4529 1163 4592 per
1217 4508 1415 4591 imperfecte,
1441 4517 1473 4571 et
1496 4527 1554 4591 per
1578 4509 1708 4572 modum
1739 4518 1847 4575 motus
1870 4521 1959 4594 atque

415 4608 577 4670 defectum
603 4606 808 4688 perfectionis
832 4607 929 4669 distat
952 4627 970 4670 a
992 4608 1055 4670 Deo
1080 4628 1163 4689 quaa-
1216 4609 1397 4682 tendentia,
1414 4608 1489 4690 quia
1509 4627 1566 4690 per
1585 4607 1684 4671 fidem
1704 4617 1737 4673 et
1753 4611 1918 4674 caritatem
1932 4611 1958 4673 ei

415 4705 495 4768 libet
518 4713 663 4768 creatura
685 4705 717 4766 in
743 4704 925 4783 infinitum;
950 4712 982 4767 et
1005 4714 1160 4787 quantum
1215 4708 1322 4788 aliquo
1346 4707 1440 4770 modo
1462 4705 1543 4768 uuiti
1566 4714 1656 4786 sunt3
1677 4725 1740 4771 non
1765 4717 1875 4773 autem
1898 4729 1960 4792 per-

415 4803 487 4885 plus
518 4801 646 4884 proiicit
675 4803 708 4863 in
738 4801 943 4883 perfectione,
972 4810 1059 4866 tauto
1087 4804 1160 4886 plus
1215 4804 1308 4880 fecte,
1332 4805 1483 4886 quoniam
1508 4805 1649 4866 nondum
1673 4805 1712 4867 ad
1737 4805 1809 4887 ejus
1833 4807 1958 4880 claram,

413 4900 651 4982 appropinquat
670 4899 800 4982 proprio
816 4901 955 4963 Creatori
973 4918 979 4962 :
996 4920 1159 4983 nunquam
1214 4903 1383 4984 gloriosam
1414 4901 1661 4984 beatificamque
1687 4905 1891 4986 presentiam
1914 4907 1959 4968 de-

413 5005 521 5060 tameu
536 5015 611 5060 eum
625 4996 752 5077 attingit
766 5015 823 5078 per
836 4997 1160 5079 adaequationem,sed
1215 5007 1380 5062 venerunt.
1413 5001 1543 5081 Propter
1572 5001 1656 5082 quod
1686 5001 1892 5082 gemebunde
1920 5003 1958 5065 ait

414 5113 541 5177 semper
567 5101 673 5156 manet
697 5093 825 5157 infinite
849 5094 980 5168 distans,
1006 5095 1159 5159 deficiens
1214 5098 1475 5161 Psalmistazlleu
1494 5098 1592 5160 mibil
1610 5098 1686 5180 quia
1700 5099 1859 5164 incolatus
1875 5105 2053 5163 mausum*-

413 5201 446 5256 et
466 5192 662 5257 occumbens
682 5193 722 5255 ab
744 5210 792 5256 eo.
1213 5197 1417 5278 prolongatus
1442 5203 1508 5274 est3
1533 5201 1565 5258 ct
1590 5194 1665 5258 item
1691 5214 1698 5260 :
1724 5196 1833 5260 Sitivit
1856 5199 1958 5261 anima
1980 5205 2051 5253 rtur

453 5292 610 5367 Secundo,
637 5300 781 5355 ereatura
809 5291 972 5354 rationalis
1001 5292 1118 5354 dicitur
1141 5313 1160 5356 a
1213 5313 1284 5357 mea
1298 5294 1337 5357 ad
1358 5295 1457 5356 ileum
1477 5293 1605 5369 fortem,
1621 5295 1750 5376 vivum;
1767 5299 1899 5378 quando
1912 5315 1958 5360 re-
