4206 6258
444 479 504 545 634
786 501 934 550 nonnum
955 503 1028 548 xrrv
1049 502 1122 550 ross
1142 501 1336 550 ranurarna.
1356 520 1396 532 —
1417 502 1517 551 sunno
1536 503 1661 552 rannus

445 688 535 735 mero
558 692 669 737 rursus
694 673 870 738 vivificare.
892 675 981 738 Unde
1001 681 1033 738 et
1050 674 1193 738 Christus
1208 673 1235 738 Δ
1249 692 1313 739 non
1338 676 1426 739 enim
1448 676 1549 741 voluit
1573 677 1713 742 Christus
1737 695 1876 751 asserere,
1891 679 1954 760 qnod

445 770 546 834 Deum
576 791 610 834 se
635 791 704 836 esse
733 774 966 848 demonstrans,
990 774 1094 837 filiam
1117 773 1194 837 lairi
1248 774 1355 856 puella
1384 793 1448 838 non
1472 782 1556 840 esset
1581 784 1704 840 mortua
1732 783 1829 839 morte
1853 785 1954 852 natura,

444 871 686 954 archisynagogi
701 871 895 948 defunctam,
912 890 976 935 non
992 873 1121 946 orando,
1138 873 1194 934 sed
1248 873 1304 935 sed
1326 874 1411 954 quod
1437 875 1541 956 quoad
1565 894 1599 938 se
1623 892 1687 937 non
1706 881 1788 938 essct
1806 891 1883 938 mora
1900 874 1956 937 alie

446 967 643 1050 imperando,
657 976 788 1051 repente
808 970 848 1033 ad
867 969 995 1033 lihitum
1015 971 1141 1034 reduxit
1154 971 1193 1032 ad
1248 988 1320 1032 rum
1344 969 1506 1045 defuncta,
1533 973 1588 1036 sed
1618 972 1724 1054 potius
1747 971 1892 1034 dormiens
1916 991 1956 1034 sen

445 1067 555 1142 vitam,
572 1087 646 1132 vere
668 1069 861 1133 resuscitans
883 1089 963 1134 eam.
985 1071 1073 1144 Quod
1095 1069 1195 1152 quali·
1248 1068 1364 1131 similis
1379 1070 1561 1144 dormienti,
1578 1055 1688 1153 utpote
1703 1071 1841 1153 protinus
1854 1070 1956 1134 resusci·

444 1174 494 1229 ter
509 1165 629 1230 facturn
649 1167 702 1244 sit,
719 1167 752 1230 in
772 1169 938 1250 evangelio
957 1168 1111 1232 hodierno
1129 1186 1194 1231 non
1247 1168 1343 1230 tanda
1362 1168 1402 1231 ab
1421 1169 1500 1251 ipso.

446 1263 580 1346 legitur;
606 1267 661 1329 sed
686 1266 853 1331 inchoatur
874 1267 907 1328 in
930 1285 969 1330 eo
989 1267 1121 1330 historia
1145 1285 1194 1328 re·
1289 1287 1305 1324 «
1322 1265 1360 1328 Et
1377 1286 1477 1349 quum
1498 1267 1600 1349 ejecta
1621 1274 1706 1330 esset
1726 1267 1845 1330 turben
1862 1267 1908 1330 illa
1921 1275 1956 1329 tn·
1971 1287 2038 1332 vani

446 1363 662 1427 suscitationis
687 1365 791 1440 istius,
814 1373 909 1447 atque
934 1366 965 1428 in
991 1366 1097 1428 verbis
1122 1373 1194 1447 post
1248 1364 1459 1439 multuansid
1474 1373 1522 1428 est
1536 1367 1576 1429 de
1590 1368 1686 1429 domo
1701 1353 1987 1447 expulsaquoniun2²

445 1462 647 1543 evangelium
669 1463 754 1526 istud
777 1463 960 1527 immediate
985 1463 1193 1545 sequentihus
1247 1464 1288 1525 ob
1304 1483 1394 1526 suam
1415 1465 1672 1528 incredulitatem
1686 1472 1719 1528 et
1734 1463 1845 1528 Christi
1858 1464 1958 1528 derisio

446 1569 621 1636 enarratur,
637 1570 670 1624 et
687 1581 773 1624 nunc
793 1561 933 1625 breviter
952 1569 1089 1644 tangam.
1247 1580 1333 1635 nem,
1351 1561 1481 1644 indigna
1499 1561 1562 1625 fuit
1582 1563 1738 1626 interesse
1757 1569 1837 1624 tanto
1855 1563 1957 1624 miracu·

486 1660 605 1742 ltaque,
622 1680 723 1742 quum
745 1660 888 1725 Christus
909 1662 1036 1724 mulieri
1060 1681 1156 1744 quam
1175 1681 1193 1724 a
1249 1660 1289 1734 lo,
1308 1660 1492 1723 «intravit»
1509 1661 1709 1735 cubiculum,
1726 1669 1758 1724 et
1772 1677 1830 1723 non
1845 1660 1958 1742 permisit
1967 1677 2041 1726 neas.

306 1769 432 1820 Mateta.
447 1759 611 1839 sanguinis
639 1757 731 1821 fluxu
756 1760 891 1835 curavit,
917 1761 1059 1834 dixisset,
1088 1760 1194 1824 Confi·
1249 1758 1326 1821 illuc
1351 1759 1468 1822 intrare
1493 1779 1603 1822 secum
1627 1778 1832 1842 quemquam,
1850 1759 1902 1820 nisi
1919 1759 1958 1820 Pe·

299 1834 334 1874 ²²'
448 1857 497 1931 de,
515 1856 595 1932 filia,
612 1857 694 1920 fides
710 1865 763 1920 tua
779 1865 809 1922 te
825 1859 943 1922 salvam
961 1859 1047 1932 lecit,
1065 1867 1097 1922 et
1111 1866 1194 1922 esset
1208 1860 1231 1922 B
1248 1864 1333 1918 trum
1348 1865 1380 1918 et
1393 1857 1546 1920 loannem
1562 1864 1593 1919 et
1606 1857 1762 1920 Jacoburn
1776 1855 1890 1919 fratrem
1902 1857 1958 1936 ejus

298 1966 431 2017 Marc-vot
447 1955 480 2017 in
501 1957 552 2018 via
573 1957 612 2020 ad
630 1956 761 2019 domum
780 1956 855 2020 Jairi
874 1957 1125 2040 archisynagogi,
1142 1977 1194 2019 ve·
1249 1962 1343 2036 atque
1372 1963 1518 2037 parentes
1548 1956 1672 2038 puellae.
1699 1955 1742 2018 Hi
1770 1964 1828 2018 tres
1849 1953 1959 2035 Apostoli

297 2029 431 2078 ΝΜ·
447 2062 565 2117 nerunt
579 2055 682 2116 nuntii
698 2055 737 2117 ad
752 2055 884 2128 Jairnm,
900 2055 1043 2118 dicentes
1055 2073 1062 2118 :
1074 2056 1195 2118 llortna
1249 2053 1380 2116 fuerunt
1395 2072 1460 2135 prae
1475 2054 1589 2116 ceteris
1605 2053 1734 2117 Christo
1748 2052 1958 2116 familiariores:

447 2159 495 2215 est
509 2152 579 2215 filia
593 2160 663 2232 tua;
680 2153 757 2234 quid
778 2152 862 2215 ultra
876 2171 972 2216 veras
987 2154 1194 2234 Magistrumt
1250 2151 1335 2214 unde
1350 2159 1382 2214 et
1396 2150 1543 2234 passione
1559 2151 1697 2214 instante
1715 2169 1770 2214 eos
1785 2168 1909 2214 seorsum
1921 2150 1960 2210 du·
1986 2175 2035 2218 m,

447 2250 640 2314 Putavernnt
654 2251 758 2314 nuntii
780 2251 832 2312 isti
848 2251 933 2332 quod
949 2250 1091 2314 Christus
1112 2269 1194 2315 mor·
1249 2250 1306 2324 xit,
1327 2257 1359 2313 et
1380 2268 1485 2313 coram
1510 2251 1589 2332 ipsis
1614 2251 1714 2333 coepit
1739 2248 1908 2322 contristari,
1923 2241 2028 2329 pomi·

447 2356 535 2412 tuam
562 2350 715 2412 suscitare
739 2367 802 2411 non
832 2357 948 2431 posset.
973 2350 1064 2412 Jcsus
1087 2358 1193 2412 autern
1249 2366 1324 2410 vere
1352 2367 1389 2410 ac
1417 2349 1543 2411 taedere.
1574 2349 1612 2411 Et
1640 2356 1757 2411 tenens
1784 2365 1899 2410 manum
1920 2365 2043 2427 pu-ress

300 2466 432 2520 uaesana
447 2447 555 2510 audito
570 2447 630 2510 hoc
645 2447 753 2521 verbo,
770 2447 850 2509 dixit
868 2447 950 2529 patri
969 2447 1093 2529 puellae,
1110 2447 1195 2511 vide·
1250 2447 1330 2521 ellae,
1352 2446 1508 2510 clamabat
1531 2447 1641 2511 dicens
1663 2467 1669 2512 :
1693 2446 1813 2520 Puella,
1833 2464 1920 2526 surge.
1936 2437 1993 2505 llll·

297 2528 432 2582 L“⁶·'¹¹¹‘⁵⁰·
448 2545 524 2607 licet
544 2545 638 2619 lairo,
660 2545 716 2627 qui
741 2544 773 2607 in
797 2544 929 2607 Hebraeo
954 2551 1085 2607 vocatur
1105 2545 1192 2610 Jair:
1249 2564 1396 2608 reversus
1419 2553 1467 2608 est
1490 2547 1622 2628 spiritus
1646 2546 1732 2627 ejus,
1757 2546 1788 2608 id
1813 2552 1866 2617 est,
1883 2542 1963 2604 anima

446 2642 518 2706 Noli
533 2643 664 2720 timere;
680 2643 773 2704 crede
789 2650 923 2715 tantum,
934 2650 966 2704 et
981 2641 1068 2705 salva
1082 2643 1152 2718 erit,
1162 2643 1193 2705 id
1250 2645 1320 2725 ejus
1340 2663 1358 2706 a
1380 2644 1450 2706 loco
1472 2662 1536 2726 quo
1557 2663 1628 2708 earn
1650 2645 1763 2708 divina
1780 2643 1893 2725 justitia
1910 2659 1963 2703 con-

446 2749 505 2815 est,
526 2760 545 2802 a
569 2749 670 2803 morte
695 2740 812 2803 redibit
834 2741 873 2802 ad
897 2741 995 2803 vitam
1019 2759 1056 2803 ac
1080 2741 1195 2804 sanita-
1250 2743 1396 2804 stituerat
1425 2743 1529 2817 rediit,
1563 2751 1595 2805 et
1625 2743 1756 2825 corpori
1785 2741 1898 2804 rennita
1921 2747 1963 2801 est

308 2855 433 2908 nactam,
448 2847 522 2904 tem.
542 2862 558 2899 c
575 2840 613 2902 Et
628 2858 728 2922 quum
744 2840 884 2903 venisset
903 2839 936 2900 in
957 2840 1088 2902 domum
1104 2861 1120 2900 a
1135 2841 1194 2903 Jai·
1251 2863 1267 2900 c
1284 2840 1322 2902 Et
1341 2841 1480 2902 surrexit
1500 2841 1637 2922 puella»
1658 2841 1823 2914 continuo,
1837 2847 1865 2902 et
1880 2838 1964 2900 ambu-
1979 2861 2044 2904 rav,

300 2919 334 2960 ²³¹
447 2939 486 3013 ri,
503 2945 562 3001 «et
577 2937 709 3000 vidisset
724 2937 913 3010 tibicines»,
931 2937 962 3000 id
977 2945 1025 3000 est
1039 2938 1192 3020 quosdam
1249 2938 1345 3018 lavit;
1371 2945 1403 3001 et
1422 2939 1520 3019 jussit
1540 2938 1588 3002 illi
1612 2939 1687 3002 dare
1711 2939 1901 3001 manducare.
1918 2929 2044 3030 Slf·³l„,„·

448 3039 480 3101 in
499 3039 594 3101 domo
613 3038 759 3101 sedentes
783 3045 816 3100 et
836 3037 970 3119 lugubre
994 3056 1123 3100 carmen
1145 3057 1194 3100 ca·
1211 3039 1233 3103 C
1250 3056 1312 3118 que
1327 3056 1385 3118 per
1402 3037 1652 3101 ambulationem
1670 3045 1702 3100 et
1721 3036 1964 3100 manducationem
1974 3052 2042 3093 rue»

447 3145 570 3211 nentes,
586 3138 625 3199 ad
641 3137 878 3218 provocandum
894 3137 1146 3218 compassionem
1163 3144 1194 3199 et
1250 3135 1352 3216 patuit
1382 3153 1452 3198 eam
1481 3153 1550 3198 esse
1582 3136 1742 3198 veraciter
1770 3133 1965 3196 resuscitatam.

447 3235 562 3299 fletum
583 3236 615 3298 in
634 3234 848 3297 audientibus.
867 3234 956 3297 Tales
972 3242 1116 3297 cantores
1137 3254 1193 3298 seu
1250 3232 1288 3294 Et
1311 3233 1546 3314 obstupuerunt
1568 3241 1719 3315 parentes
1745 3231 1864 3315 puella,
1884 3239 1968 3310 stupe
1986 3247 2037 3288 aaa

447 3333 635 3397 cantatrices
651 3331 889 3394 adducebantur
904 3331 993 3406 olim,
1011 3332 1075 3395 imo
1090 3333 1193 3395 adhue
1249 3348 1283 3393 re
1306 3330 1456 3405 maximo,
1477 3349 1542 3412 pra
1566 3331 1780 3394 admiratione
1803 3328 1875 3392 tanti
1897 3327 1968 3389 mira·

446 3433 480 3495 in
506 3430 698 3514 quibusdam
722 3429 815 3492 terris
843 3429 1044 3492 adducuntur
1068 3430 1101 3492 in
1132 3449 1194 3492 ma·
1250 3428 1315 3490 culi
1334 3436 1399 3490 tam
1420 3435 1550 3510 repente
1571 3428 1845 3510 imperialiterque
1860 3425 1967 3508 peracti;

445 3549 579 3613 gnarum
599 3527 712 3591 funere
733 3545 951 3610 personarum,
970 3536 1004 3589 ut
1023 3546 1080 3590 sno
1099 3537 1194 3590 cantu
1250 3526 1368 3608 quibus
1392 3527 1545 3608 praecepit
1567 3545 1607 3588 ne
1632 3526 1732 3589 alicui
1754 3526 1889 3589 dicerent
1905 3520 1969 3604 quod

446 3635 620 3712 provocent
634 3627 799 3690 audientes
814 3627 853 3688 ad
869 3626 1024 3690 lacrimas.
1033 3627 1111 3690 Nam
1124 3627 1195 3707 jux·
1249 3624 1369 3687 facturn
1394 3631 1471 3698 erat,
1495 3624 1528 3685 id
1552 3631 1610 3698 est,
1632 3643 1673 3687 ne
1695 3623 1785 3687 istud
1809 3621 1968 3686 miraculum

447 3736 478 3790 ta
494 3727 709 3789 diversitatem
729 3725 927 3807 symphonias
942 3743 998 3787 seu
1014 3733 1106 3798 notae,
1124 3745 1195 3788 can·
1250 3723 1346 3785 alicui
1366 3722 1579 3786 notificarent.
1596 3723 1662 3785 lloc
1677 3722 1834 3805 praecepit
1846 3719 1969 3788 Salvator,

447 3834 499 3889 tus
519 3825 586 3887 sive
607 3842 768 3897 sonorum,
787 3824 921 3887 diversa
941 3831 1132 3904 generantur
1151 3824 1195 3886 al·
1250 3839 1314 3884 non
1335 3821 1412 3903 qnia
1436 3820 1559 3903 putavit
1581 3828 1705 3883 tanturn
1734 3819 1913 3883 miraculum
1931 3816 1969 3876 de

446 3923 600 3987 lectiones
625 3922 657 3983 in
682 3921 879 3984 audientium
910 3921 1059 3984 cordibus
1086 3941 1092 3986 :
1118 3921 1194 3984 hinc
1251 3919 1326 3982 here
1346 3919 1452 3994 celari,
1469 3919 1525 3982 sed
1548 3927 1583 3981 ut
1601 3937 1660 3982 nos
1679 3919 1891 3982 humilitatem
1906 3933 1969 3978 aran·

446 4022 561 4104 aliqua
586 4019 731 4084 melodiae
759 4027 932 4101 provocant
955 4021 993 4082 ad
1017 4019 1192 4095 audaciam,
1250 4037 1294 4091 rc,
1312 4017 1483 4081 vanitatem
1500 4034 1575 4081 vero
1590 4025 1622 4080 et
1636 4017 1880 4080 ostentationem
1894 4014 1969 4075 vitare

448 4122 532 4186 sicut
553 4121 586 4184 in
610 4119 720 4198 bellis;
740 4119 855 4200 aliqua
876 4119 917 4180 ad
940 4119 1093 4193 laetitiam,
1111 4118 1194 4180 sicut
1250 4117 1386 4179 doceret.
1408 4115 1540 4189 ldcirco,
1562 4115 1680 4179 Christi
1701 4114 1851 4197 exemplo
1870 4111 1969 4174 landen

447 4221 479 4283 in
496 4219 633 4302 nuptiis3
649 4219 795 4301 quaedam
810 4218 848 4279 ad
865 4217 1194 4298 devotionem,quem·
1209 4220 1234 4281 D
1249 4216 1423 4277 humanam
1441 4213 1692 4297 jactantiamque
1711 4231 1903 4296 spernamus.
1919 4207 2049 4300 altram

446 4319 618 4383 admodum
635 4319 667 4380 in
682 4315 816 4394 divinis3
833 4315 977 4396 quaedam
995 4315 1035 4377 ad
1050 4333 1193 4397 compes·
1249 4311 1327 4376 exiit
1345 4311 1432 4374 fama
1451 4311 1518 4375 haec
1533 4334 1563 4387 a,
1580 4313 1612 4375 id
1629 4319 1678 4374 est
1698 4330 1811 4376 rumor
1828 4311 1915 4391 hujus
1931 4299 2002 4368 mia

446 4419 568 4482 sionem
585 4424 618 4479 et
632 4416 807 4498 planctum,
825 4415 907 4476 utin
926 4413 1104 4476 funeribus.
1123 4414 1195 4476 «Et
1249 4411 1360 4486 munli,
1378 4433 1395 4469 ι(
1411 4411 1443 4472 in
1468 4411 1652 4474 universam
1673 4419 1794 4474 terram
1820 4410 1901 4472 illam
1913 4429 1936 4478 n,
1950 4403 1972 4464 id

444 4515 572 4578 turbam
594 4512 844 4577 tumultuantem
862 4536 889 4586 a,
910 4513 985 4593 quia
1006 4512 1099 4574 turba
1124 4532 1193 4594 quaa
1249 4518 1298 4573 est
1322 4528 1380 4592 per
1403 4517 1501 4572 totam
1526 4509 1699 4585 Galilaeam,
1723 4511 1760 4572 in
1786 4529 1848 4592 qua
1868 4503 1974 4583 contigit

446 4614 509 4676 fuit
525 4613 557 4674 in
578 4613 672 4675 domo
686 4611 773 4685 Jairi,
790 4610 867 4673 fecit
886 4628 1001 4673 sonum
1022 4610 1192 4673 confusum
1250 4609 1345 4672 istud.
1368 4608 1518 4681 Quamvis
1543 4609 1694 4690 equidem
1719 4609 1864 4672 Christus
1885 4619 1975 4687 prace-

446 4721 479 4775 et
510 4711 678 4793 strepitum
712 4728 874 4791 magnum,
906 4709 1119 4783 lamentando,
1151 4710 1193 4772 lo·
1250 4707 1298 4789 pit
1317 4706 1503 4789 parentibus
1526 4707 1642 4789 puella
1664 4715 1763 4789 atque
1783 4701 1976 4789 Apostolisis-

447 4810 586 4893 quando,
603 4817 634 4872 et
648 4808 753 4870 funeri
770 4808 948 4870 necessaria
968 4809 1192 4890 praeparando;
1249 4807 1305 4868 tud
1321 4823 1385 4869 non
1401 4805 1703 4888 revelare,protinns
1717 4814 1828 4869 tamen
1844 4803 1977 4883 vulgatum

447 4909 637 4971 «dicebat»
658 4908 696 4968 ad
717 4924 771 4968 eos
788 4924 795 4967 :
814 4905 1025 4968 «Recedite»
1045 4915 1077 4968 et
1095 4907 1194 4969 nolite
1250 4913 1299 4967 est
1319 4923 1338 4966 a
1359 4904 1453 4966 turba
1475 4904 1530 4967 illa
1555 4924 1625 4986 quae
1648 4905 1815 4968 Christum
1834 4901 1942 4972 derisit,
1955 4905 1978 4957 et

449 5006 544 5086 flore3
562 5028 578 5065 c
595 5022 659 5068 non
683 5010 732 5066 est
755 5003 862 5085 puella
886 5011 1022 5077 mortua,
1044 5005 1099 5066 sed
1126 5005 1195 5066 dor·
1252 5003 1391 5086 puellam
1414 5001 1514 5066 fuisse
1535 5003 1718 5066 defunctam
1743 5001 1898 5085 cognovit

449 5105 517 5167 mit.
535 5104 574 5166 Et
593 5101 781 5165 deridebant
804 5120 878 5164 eum
894 5123 923 5175 u,
947 5102 1084 5165 scientes
1110 5103 1194 5184 quod
1284 5104 1346 5165 Ista
1360 5109 1408 5164 est
1422 5101 1555 5166 historia
1569 5102 1789 5165 suscitationis
1805 5101 1897 5182 hujus
1910 5093 1979 5180 puel·

448 5212 572 5267 mortua
598 5208 691 5265 esset.
718 5201 791 5262 ldco
819 5199 997 5262 deriserunt
1022 5201 1193 5275 Christum,
1251 5201 1300 5274 lm,
1317 5219 1356 5262 ex
1376 5200 1481 5263 tribus
1503 5200 1725 5281 Evangelistis,
1748 5209 1829 5283 puta
1849 5196 1979 5262 llatthao

450 5300 602 5383 quoniam
626 5297 724 5371 verba
748 5297 818 5378 ejus
843 5314 906 5360 non
936 5297 1162 5362 intellexerunt
1186 5317 1192 5362 :
1251 5299 1336 5362 Luca
1355 5300 1514 5376 etldarco,
1531 5307 1670 5382 accepta.
1688 5300 1847 5382 Superius
1864 5311 1979 5380 quoque,
