4154 6258
421 483 481 548 468
760 504 908 552 novimen
928 505 980 552 xvi
1002 506 1075 552 rosr
1094 504 1288 552 miunnmu.
1308 523 1347 534 -
1368 505 1466 553 smus
1487 503 1639 552 sccunuus

422 679 471 735 θεῖ
491 688 588 748 mors,
605 679 715 756 utpote
738 692 825 739 mors
839 681 970 751 naturae,
992 695 1062 759 qua
1082 675 1213 740 voce-h
1266 677 1324 740 Per
1338 676 1423 759 quod
1438 677 1543 760 primo
1562 673 1772 759 spiritualiter
1790 671 1958 754 designatur

424 777 476 833 tur
496 789 581 834 mors
602 773 775 856 corporalis
789 775 842 856 (de
862 793 925 857 qua
942 775 987 836 ait
1006 774 1171 838 Salvator:
1228 776 1313 858 qnod
1332 783 1476 839 mortuus
1495 776 1527 837 in
1546 775 1653 838 anima
1673 793 1731 857 per
1751 770 1882 835 mortale
1900 790 1957 852 pec

289 877 411 932 tonan-¹1,
424 869 558 933 Lazarus
588 872 711 934 amicus
740 880 848 936 noster
876 881 1020 936 mortuus
1045 874 1116 955 est),
1141 879 1173 935 et
1229 881 1346 948 catum,
1363 873 1538 957 promereri
1558 891 1621 936 non
1638 879 1743 956 potest
1761 873 1801 934 de
1816 870 1956 951 condigno

278 947 410 1064 ¹222„
425 986 511 1032 mors
527 971 629 1053 culpa
642 971 696 1050 (de
711 990 774 1054 qua
788 971 944 1054 scripturn
959 971 1072 1036 est:0s
1088 971 1172 1054 quod
1227 973 1360 1053 gratiam
1376 972 1626 1036 resuscitationis
1641 979 1673 1034 et
1688 969 1957 1034 conversionisle

425 1068 590 1143 mentitur,
607 1070 725 1132 occidit
748 1071 908 1150 animam3
926 1072 965 1133 de
990 1091 1052 1153 qua
1076 1071 1173 1134 etiarn
1228 1078 1407 1133 rumtamen
1428 1071 1544 1134 mereri
1558 1071 1641 1134 hanc
1659 1077 1764 1153 potest
1782 1067 1888 1150 aliquo
1903 1085 1956 1130 mo

284 1183 409 1239 traaas.
424 1167 468 1228 ait
482 1166 652 1249 Apostolus
669 1186 676 1230 :
693 1169 795 1231 Vidua
809 1187 880 1251 quae
895 1169 929 1231 in
945 1169 1069 1232 deliciis
1084 1169 1171 1243 vivit,
1228 1168 1269 1231 do
1288 1170 1328 1232 de
1349 1187 1499 1250 congrue,
1521 1169 1667 1232 iaciendo
1689 1168 1775 1250 quod
1799 1167 1830 1229 in
1855 1185 1887 1229 se
1907 1174 1954 1238 est,

424 1266 537 1329 vivens
552 1274 677 1329 mortua
692 1267 768 1348 est);
784 1268 830 1330 sic
845 1267 963 1350 duplex
979 1275 1027 1330 θεῖ
1041 1268 1172 1330 suscita·
1228 1273 1336 1348 utpote
1352 1266 1551 1348 disponendo
1566 1285 1599 1329 se
1618 1267 1657 1328 ad
1676 1263 1811 1347 gratiam
1830 1281 1885 1346 per
1897 1281 1956 1326 con·

425 1363 469 1427 tio
485 1371 684 1428 mortuorum
701 1383 708 1427 :
725 1385 789 1428 una
808 1366 994 1448 spiritualis,
1011 1367 1172 1449 qualleus
1227 1363 1451 1427 siderationem
1483 1372 1515 1427 et
1546 1364 1789 1427 detestationem
1821 1361 1953 1424 vitiomn

424 1480 482 1543 per
496 1463 645 1544 pietatem
659 1470 692 1526 et
704 1465 837 1546 gratiam
852 1483 942 1527 suam
958 1466 1088 1527 suscitat
1103 1483 1173 1546 pec·
1227 1479 1369 1537 suornm,
1388 1482 1445 1546 per
1467 1463 1701 1526 invocationem
1725 1461 1826 1525 divini
1846 1459 1952 1534 auxilii,

424 1566 563 1622 catorem
583 1579 601 1622 a
621 1569 721 1625 morte
742 1562 864 1644 peccati
883 1563 923 1624 ad
942 1563 1040 1625 vitam
1064 1563 1172 1644 gratias
1227 1579 1283 1642 per
1304 1561 1554 1624 subtractionem
1579 1561 1629 1624 sui
1652 1560 1693 1623 ah
1717 1559 1841 1622 actibus
1863 1558 1954 1641 pravis

423 1675 460 1718 ac
481 1657 647 1720 virtutum.
670 1660 715 1722 De
741 1678 805 1742 qua
830 1660 1035 1723 suscitatione
1057 1659 1172 1724 Paulus
1227 1665 1259 1721 et
1276 1658 1316 1721 ab
1335 1659 1557 1722 occasionibus
1577 1659 1764 1722 eorumdem
1788 1675 1951 1741 proposse,

288 1767 374 1824 nptias.
388 1781 409 1820 v.
424 1753 568 1818 hortatur
584 1775 591 1819 :
609 1757 719 1838 Surge,
736 1758 792 1840 qui
807 1758 938 1834 dormis,
955 1766 987 1820 et
1001 1776 1135 1839 exsurge
1154 1777 1173 1820 a
1227 1774 1285 1838 per
1311 1775 1478 1820 accessum
1505 1758 1545 1820 ad
1575 1757 1821 1828 confessionem,
1847 1755 1877 1817 in
1902 1773 1953 1837 qua

256 1842 259 1847 ’
278 1834 312 1876 “·
425 1854 568 1916 mortuis.
584 1854 654 1918 Alia
668 1863 717 1918 est
731 1857 896 1919 suscitatio
912 1857 1097 1940 corporalis,
1108 1875 1171 1938 qua
1189 1857 1310 1934 Rsaepe
1334 1855 1452 1918 virtute
1477 1854 1667 1917 sacramenti
1691 1853 1731 1916 de
1751 1852 1903 1915 attritione
1923 1851 1953 1912 lit

422 1953 604 2015 naturaliter
618 1962 760 2017 mortuus
774 1955 813 2016 ad
828 1955 925 2018 vitam
939 1956 1098 2018 reducitur
1112 1955 1173 2038 pri·
1226 1951 1374 2015 contritio
1382 1970 1390 2032 ;
1404 1971 1462 2035 per
1475 1971 1572 2034 opera
1587 1951 1825 2025 misericordia,
1841 1968 1892 2032 per
1904 1949 1953 2011 lra-

275 2051 539 2115 cue.v11,n‚stinam
557 2068 564 2112 ε
581 2052 620 2114 de
639 2071 703 2135 qua
723 2052 756 2114 in
776 2054 942 2134 evangelio
959 2053 1112 2118 hodierno
1133 2053 1173 2116 lit
1225 2056 1377 2131 quantem
1393 2049 1589 2113 auditionem
1604 2049 1707 2114 hlissae
1726 2067 1764 2111 ac
1780 2048 1875 2111 divini
1888 2046 1952 2110 Oili-

277 2129 309 2170 ¹⁵‘
423 2149 552 2212 mentio.
573 2148 745 2232 Loquendo
764 2168 839 2231 ergo
858 2152 897 2214 de
916 2153 975 2215 hac
995 2153 1171 2216 suscitatio·
1226 2147 1278 2220 cii,
1309 2166 1367 2229 pel·
1393 2147 1589 2235 audientiam
1619 2146 1884 2229 praedictttifflllm,
1905 2163 1952 2226 ptr

423 2266 473 2322 ne,
490 2265 554 2310 non
572 2247 688 2328 legitur
703 2249 845 2311 Christus
866 2250 928 2311 nisi
947 2258 1011 2312 tres
1029 2258 1170 2314 mortuos
1226 2245 1447 2309 meditationes
1468 2247 1507 2308 de
1528 2246 1633 2328 poenis
1658 2245 1789 2319 iulerni,
1809 2245 1845 2306 de
1863 2241 1951 2304 distri·

274 2371 409 2423 umas.
423 2345 604 2419 suscitasse,
619 2345 768 2408 videlicet
783 2345 884 2408 liliam
899 2347 975 2410 lairi
990 2349 1170 2432 archisyna-
1225 2345 1329 2406 ctione
1358 2344 1460 2408 divini
1482 2344 1608 2426 judicii,
1634 2346 1674 2407 de
1697 2343 1821 2426 gaudiis
1848 2341 1949 2404 civium

273 2438 308 2479 ⁴²·
420 2442 493 2524 gogi
508 2442 762 2518 duodennem,et
776 2444 883 2507 lilium
898 2446 1002 2509 vidua
1017 2447 1170 2528 hujus,ao
1225 2460 1448 2525 supernorum,
1469 2444 1507 2506 de
1531 2443 1688 2506 brevitate
1709 2443 1783 2506 vitae
1806 2439 1950 2524 presentis
2062 2441 2064 2516 l

285 2561 406 2613 amam,
420 2540 568 2603 Lazarum
582 2540 710 2603 fratrem
724 2542 828 2605 llariae
842 2562 878 2605 ac
893 2544 1080 2607 hlarthaahn
1096 2564 1170 2609 vero
1225 2548 1371 2623 respectu
1387 2541 1460 2604 vitae
1479 2541 1642 2622 sequentis
1661 2541 1820 2603 duraturae
1836 2539 1865 2600 in
1883 2556 1950 2600 sem-
2062 2535 2063 2620 J

274 2627 343 2668 ³⁸⁴⁶·
420 2638 529 2721 plures
544 2640 746 2702 suscitaverit
761 2648 913 2716 mortuos,
931 2649 979 2704 est
993 2643 1167 2706 incertum:
1224 2639 1397 2720 piternum,
1431 2658 1489 2721 per
1519 2639 1741 2714 abstinentias,
1773 2636 1947 2719 disciplinas,

420 2754 483 2799 non
498 2736 585 2799 enim
600 2738 709 2801 omnia
724 2738 840 2801 Christi
857 2740 1011 2803 miracula
1027 2748 1101 2804 sunt
1116 2742 1168 2804 de·
1223 2738 1503 2820 peregrinationes,
1514 2738 1646 2819 jejunia,
1656 2757 1693 2800 ac
1708 2735 1880 2800 consimilia
1891 2751 1949 2816 opc

419 2836 548 2917 scripta,
566 2836 786 2899 imononuisi
803 2838 958 2918 paneade
974 2839 1094 2901 multis.
1111 2840 1169 2902 Un-
1223 2854 1267 2911 ra,
1293 2857 1364 2919 qnae
1393 2845 1549 2920 quantum
1577 2838 1617 2899 ad
1644 2837 1851 2899 substantiam
1875 2831 1946 2903 lacti,

271 2957 405 3008 osanna
420 2933 458 2994 de
474 2933 668 3016 evangelista
681 2936 816 2997 loannes
830 2935 874 2997 ait
891 2953 898 2997 :
915 2936 994 2998 Sunt
1009 2945 1115 2999 autem
1135 2947 1167 3000 et
1221 2932 1295 2996 lieri
1316 2944 1451 3018 possunt
1470 2936 1511 2998 ah
1533 2935 1763 2998 exsistentibus
1786 2935 1819 2996 in
1839 2939 1946 3015 peccato

419 3030 482 3093 alia
503 3032 604 3094 multa
625 3051 697 3114 quae
721 3031 798 3095 lecit
820 3034 928 3114 lesus3
944 3054 1015 3116 qnae
1038 3037 1065 3097 si
1091 3035 1203 3102 scri-G
1222 3034 1357 3096 mortali.
1369 3034 1491 3097 idcirco
1506 3053 1564 3117 per
1579 3035 1649 3108 ista,
1662 3033 1876 3116 unusquisque
1889 3048 1945 3113 pec-

419 3128 536 3194 bantur
562 3149 619 3212 per
647 3130 783 3213 singula,
808 3151 867 3194 nec
895 3132 1002 3214 ipsum
1029 3134 1166 3198 arbitror
1221 3139 1308 3194 cator
1323 3132 1356 3194 in
1369 3140 1527 3215 quantum
1546 3132 1643 3195 statui
1662 3149 1721 3195 suo
1741 3130 1884 3214 possibile
1897 3135 1942 3200 est,

419 3230 575 3291 mundum
599 3247 713 3310 capere
735 3247 827 3312 posse
848 3248 901 3294 eos
924 3231 979 3313 qni
1004 3231 1165 3295 scribendi
1220 3231 1258 3292 ad
1279 3231 1412 3311 gratiam
1437 3251 1471 3294 εθ
1493 3232 1650 3314 disponat.
1668 3230 1757 3295 Unde
1778 3230 1857 3313 apud
1876 3229 1942 3292 lere·

418 3333 493 3386 sunt
513 3325 620 3388 libros.
1221 3329 1318 3391 miam
1348 3330 1489 3412 loquitur
1511 3331 1596 3393 lleus
1622 3348 1629 3392 τ
1656 3329 1732 3404 Quis
1756 3336 1804 3393 est
1826 3329 1877 3391 iste
1897 3325 2033 3406 quinae.

457 3423 610 3487 Praeterea
624 3425 732 3487 omnia
747 3425 863 3489 Christi
878 3445 975 3509 opera
991 3435 1086 3510 atque
1105 3429 1164 3490 mi·
1219 3427 1359 3509 applicet
1373 3445 1428 3490 cor
1447 3447 1541 3490 suurn
1557 3435 1591 3490 ut
1611 3428 1846 3510 appropinquet
1858 3423 1939 3487 mihil

417 3520 535 3596 racula,
560 3522 727 3604 mysticam
753 3542 808 3586 seu
834 3525 1033 3606 spiritualem
1058 3535 1089 3589 et
1113 3545 1164 3590 oc·
1219 3532 1371 3607 tanquam
1392 3526 1478 3588 dicat
1499 3543 1506 3588 :
1528 3525 1587 3600 Qui
1612 3525 1673 3588 hoo
1698 3525 1808 3607 egerit,
1824 3523 1939 3586 inveniet

418 3617 537 3680 cultam
567 3619 685 3682 habent
717 3621 995 3701 significationem,
1027 3631 1164 3708 suntque
1220 3641 1271 3685 me
1300 3632 1446 3705 paratum
1476 3624 1515 3686 ad
1543 3623 1777 3705 indulgendum
1804 3619 1938 3706 atquead

419 3714 514 3796 plena
543 3716 705 3779 doctrinis.
738 3718 922 3800 Spiritualia
951 3740 1078 3804 quoque
1107 3742 1165 3806 per
1219 3721 1454 3784 infundendum
1476 3722 1719 3803 gratiam.Hinc
1741 3719 1936 3786 lacobusait:

419 3813 595 3895 corporalia
613 3813 829 3895 designantur.
846 3817 926 3879 lliuc
946 3838 1004 3901 per
1021 3837 1165 3902 corpora·
1218 3819 1480 3902 Appropinquate
1496 3821 1572 3896 lieo,
1583 3828 1615 3883 et
1629 3819 1886 3904 appropinquabit
1897 3833 2032 3879 voraces

344 3979 353 3992 q
419 3908 483 3971 lem
504 3909 591 3971 illam
613 3910 711 3972 trium
733 3919 930 3976 mortuorum
951 3915 1079 3979 illorum
1099 3937 1166 3981 sns-
1219 3917 1278 3980 bis.
1295 3918 1353 3980 Per
1377 3919 1559 3982 Zachariam
1586 3936 1716 4001 quoque
1741 3919 1880 3982 Dominus
1898 3933 1936 3976 er-

420 4008 603 4070 citatiouem
624 4009 788 4090 designata
806 4018 855 4073 est
868 4012 984 4095 triplex
1002 4017 1165 4080 suscitatio
1219 4015 1363 4079 hortatur
1388 4034 1395 4079 :
1421 4017 1654 4081 Convertimini
1678 4018 1718 4080 ad
1749 4037 1809 4094 me,
1832 4024 1860 4078 et
1881 4023 2030 4076 con-tate·

420 4107 596 4189 spiritualis
627 4115 842 4190 peccatorum,
874 4129 952 4192 quos
982 4113 1165 4195 frequenter
1219 4121 1325 4176 vertar
1345 4116 1384 4177 ad
1406 4133 1483 4194 vos;
1505 4116 1658 4198 itemque,
1676 4113 1890 4180 Convertimini
1907 4111 1936 4172 de
1955 4121 2011 4166 cm¹

420 4205 586 4267 suscitavit
608 4213 703 4289 atque
732 4207 874 4288 quotidie
899 4210 1030 4273 suscitat
1058 4212 1164 4275 Domi·
1180 4213 1205 4275 D
1219 4213 1281 4274 viis
1304 4213 1351 4293 (id
1375 4221 1424 4276 est
1447 4213 1614 4296 operibus)
1638 4215 1753 4278 vestris
1777 4212 1869 4287 malis,
1885 4219 1935 4273 eta

420 4321 488 4364 nus.
499 4303 672 4384 Diligenter
687 4322 762 4387 ergo
777 4306 997 4369 considerandi
1013 4317 1166 4374 suntme
1221 4310 1466 4391 cogitationibus
1486 4312 1602 4374 vestris
1624 4313 1783 4395 pessimis.

421 4399 480 4460 dns
496 4407 527 4462 et
542 4402 619 4463 ordo
639 4402 756 4484 quibus
773 4402 915 4466 Christus
935 4413 997 4467 tres
1014 4405 1084 4470 illos
1100 4427 1167 4469 sus·
1255 4409 1474 4492 Secundo,per
1489 4410 1575 4472 istud
1590 4411 1806 4492 significatum
1818 4417 1860 4474 est
1872 4403 1934 4490 qnod

423 4497 532 4559 citavit
547 4497 722 4561 defunctos.
741 4500 778 4561 Et
793 4501 898 4582 primo
912 4502 945 4563 in
964 4505 1103 4583 generali
1118 4512 1168 4566 est
1220 4507 1303 4569 Deus
1325 4526 1364 4569 ex
1383 4507 1512 4570 infinita
1533 4508 1677 4572 bonitate
1699 4519 1731 4572 et
1754 4502 1935 4572 misericordia

423 4593 624 4669 intuendum,
649 4597 732 4677 qnod
762 4599 841 4660 dnos
870 4599 997 4662 illorum
1024 4602 1166 4665 Christus
1220 4624 1287 4678 sua,
1304 4623 1388 4687 saepe
1410 4606 1573 4670 nonnullis
1595 4609 1732 4689 gratiam
1753 4601 1933 4672 conversionis

278 4711 408 4764 normas,
424 4691 588 4754 suscitavit
612 4701 736 4773 rogatus
759 4695 799 4757 ab
823 4696 905 4771 aliis,
926 4705 1002 4780 puta
1025 4700 1165 4780 puellam
1221 4701 1353 4782 largitur
1372 4703 1523 4784 precihus
1542 4723 1579 4767 ac
1601 4707 1726 4770 meritis
1740 4707 1873 4769 aliorum.
1886 4703 1933 4764 huo

277 4777 668 4889 ²3⁴0ann.11,³di¹¹⁸t⁸¹¹²i²¹¹¹
693 4793 790 4872 patris
814 4793 884 4874 ejus
910 4797 1055 4872 carnalis,
1074 4797 1165 4860 Laza-
1220 4799 1381 4862 interdum
1410 4802 1677 4884 superpiissimus
1706 4801 1933 4878 [lausonnam

278 4902 382 4952 antea.
423 4905 495 4948 rum
510 4904 586 4950 vero
600 4887 641 4951 ob
656 4896 799 4970 rogatum
814 4908 958 4953 sororum
974 4893 1093 4976 ipsius;
1110 4898 1165 4960 sed
1220 4898 1364 4960 cordium
1393 4900 1549 4980 cognitor,
1573 4901 1687 4964 videns
1718 4903 1860 4985 quosdam
1880 4911 1934 4960 vcra

276 4985 647 5060 aaa.v11‚1³‚liliumvidnae
665 5005 705 5048 ex
722 4990 858 5070 propria
877 4990 1003 5071 pietatis
1023 5010 1166 5076 compas·
1219 4997 1349 5059 devotos
1364 5005 1396 5060 et
1415 4999 1598 5062 caritativus
1617 5001 1657 5063 de
1677 5001 1811 5064 aliorum
1826 4993 1934 5083 peccatis

423 5084 523 5160 sione,
548 5085 594 5146 sio
617 5092 723 5148 tamen
747 5089 831 5168 qnod
859 5089 949 5152 dolor
972 5099 1004 5152 et
1026 5091 1165 5157 lacrimat
1219 5094 1399 5158 cordialiter
1412 5097 1594 5160 contristari
1609 5117 1648 5161 ac
1663 5098 1935 5180 lacrimari,proplcr

423 5184 532 5245 matris
548 5183 783 5248 inclinavemnt
801 5204 875 5248 eum
895 5189 933 5250 ed
953 5188 1014 5251 lilii
1032 5191 1081 5252 sui
1098 5211 1166 5256 sus·
1219 5208 1330 5255 eorum
1345 5202 1491 5257 sanctum
1508 5195 1653 5259 dolorem
1668 5213 1893 5278 amorosumque
1905 5191 1935 5253 lu·

416 5281 614 5387 ¹citationem.
1220 5300 1319 5367 ctum,
1335 5293 1470 5374 gratiam
1490 5294 1690 5377 poenitentiae
1705 5305 1738 5361 et
1752 5291 1934 5362 conversionis
