4206 6258
330 479 479 530 nonnum
499 481 577 528 mu
598 481 671 528 rosr
691 480 886 528 ramulam.
907 499 947 512 ·-
968 481 1010 528 nn
1030 481 1226 547 scarensem
1248 483 1347 531 sunno
1368 484 1505 541 ouanrus
1630 461 1690 530 etl

141 671 203 735 per
217 651 380 716 fornacem
401 651 518 715 cubitis
539 652 747 735 quadraginta
763 669 890 727 novem,
905 650 932 715 A
946 651 993 714 illi
1014 653 1054 714 de
1077 651 1217 728 fornace,
1234 661 1267 716 et
1287 660 1353 717 tam
1377 673 1432 718 rex
1454 672 1550 737 quam
1574 653 1691 736 princi·

143 749 386 834 combussitque
410 768 519 814 servos
543 751 626 832 regis
649 750 703 833 qui
729 750 891 814 fornacem
945 770 1002 834 pes
1018 751 1088 832 ejus
1102 751 1381 816 vehementissime
1395 752 1593 816 mirabantur
1608 753 1691 834 quod

144 850 386 913 succenderant.
402 849 542 931 Angelus
562 865 690 932 quoque
705 849 760 912 Dei
781 849 814 911 iu
828 849 892 913 for·
947 850 1029 932 ignis
1043 850 1090 914 nil
1105 851 1232 914 virtutis
1246 851 1410 915 habuisset
1425 851 1457 915 in
1473 869 1537 915 eos.
1554 852 1642 916 Unde
1661 860 1693 915 et

143 966 256 1010 necem
279 949 488 1022 descendeus,
504 947 582 1010 fecit
602 967 672 1011 eam
695 955 760 1012 tam
785 949 892 1013 mode-
946 957 1023 1012 tunc
1038 968 1093 1013 rex
1110 949 1164 1013 ille
1183 949 1347 1014 idololatra
1366 969 1403 1013 ac
1417 950 1546 1032 gentilis
1563 951 1693 1033 agnovit

142 1052 244 1108 ratam
265 1065 302 1109 ac
322 1047 574 1128 refrigerativam
594 1054 630 1109 ut
647 1054 761 1110 ventus
781 1055 830 1110 est
843 1065 893 1110 ro-
946 1067 983 1111 ac
1004 1048 1164 1112 fatebatur
1183 1047 1281 1112 Deum
1300 1049 1480 1114 Israeliticae
1499 1049 1603 1132 plebis
1622 1068 1692 1113 esse

142 1143 197 1206 ris.
216 1143 336 1208 Deinde
351 1163 424 1227 rege
442 1144 588 1226 jubente,
602 1146 721 1228 egressi
742 1154 817 1209 sunt
831 1145 893 1209 viri
946 1147 1052 1210 solum
1072 1165 1184 1210 verum
1206 1147 1523 1230 omnipotentemque
1544 1149 1654 1212 Deum.

590 1505 704 1588 AD
752 1502 1252 1586 RELIGIOSOS

688 1927 863 2014 SERMO
898 1925 1141 2028 QUARTUS

511 2167 551 2214 DE
578 2165 774 2213 invinatione
799 2165 944 2212 arestosi
970 2165 1012 2212 Ab
1038 2165 1086 2212 sul
1114 2165 1325 2212 terrariorum.

142 2429 437 2594 IMITATORES
452 2428 517 2488 mei
531 2422 890 2508 estote.Pbilipp.ru,l7.
906 2423 930 2488 B
946 2423 986 2486 de
1008 2423 1186 2505 protulerit,
1203 2429 1235 2485 et
1258 2424 1297 2486 ad
1321 2431 1484 2506 perpetuae
1509 2423 1554 2486 rei
1577 2441 1697 2487 memo

222 2526 357 2589 Sanctus
377 2524 548 2607 Apostolus
569 2542 608 2587 ex
630 2523 824 2586 revelatione
843 2523 891 2584 di·
946 2522 1026 2584 riam
1047 2522 1103 2584 toti
1125 2522 1244 2585 mundo
1264 2521 1297 2584 in
1317 2522 1384 2585 suis
1404 2522 1547 2604 epistolis
1568 2521 1599 2585 id
1619 2522 1696 2584 insi·

141 2626 218 2689 vina
239 2625 344 2687 sciens
364 2643 398 2687 se
417 2642 487 2686 esse
506 2641 570 2686 nou
590 2621 693 2684 solum
710 2622 743 2684 in
763 2620 892 2684 caritate
945 2620 1487 2702 nuaverit:Venit(inquiens)Jesus
1503 2621 1646 2685 Christus
1661 2620 1695 2685 in
1710 2647 1841 2700 trimma.

142 2731 174 2787 et
190 2723 303 2804 gratia,
319 2723 373 2785 scd
389 2721 486 2785 etiam
502 2721 534 2783 in
551 2721 681 2782 caritate
701 2719 842 2802 perfecta
861 2725 893 2781 et
945 2719 1031 2781 bunc
1056 2719 1212 2782 mundum
1239 2727 1422 2800 peccatores
1448 2718 1553 2782 salvos
1576 2718 1692 2796 facere,

143 2822 246 2903 gratia
270 2821 442 2895 eminente,
463 2827 539 2902 puta
564 2819 597 2882 in
621 2825 716 2894 statu,
732 2818 830 2899 gradu
855 2835 892 2879 ac
945 2835 1082 2899 quorum
1098 2817 1233 2900 primus,
1243 2817 1274 2880 id
1289 2825 1338 2880 est
1353 2817 1589 2899 maximus,ego
1604 2836 1692 2898 sum;

143 2937 281 2984 numero
295 2917 511 3002 perfectorum
526 2917 718 2999 (secundum
736 2916 820 2998 quod
835 2916 891 2978 ali·
946 2916 1094 2999 itemque,
1116 2915 1180 2999 llgo
1198 2917 1270 2999 (ait)
1289 2936 1362 2980 sum
1386 2917 1539 2980 minimus
1564 2918 1694 3000 Aposto
1708 2941 1841 2991 reeens,

68 3062 129 3101 „„,‚
144 3017 178 3080 bi
205 3017 376 3100 loquitur:
400 3017 463 3080 Nos
488 3016 549 3098 ipsi
573 3015 733 3098 primitias
755 3015 892 3097 Spiritus
946 3015 1061 3090 lorum,
1085 3016 1141 3098 qui
1166 3033 1230 3079 non
1254 3034 1325 3078 sum
1352 3015 1467 3097 dignus
1490 3017 1594 3079 vocari
1621 3034 1694 3099 apo

27 3143 32 3154 ·
144 3115 324 3196 babentes),
341 3115 373 3177 in
389 3115 541 3178 bodiema
560 3113 695 3196 epistola
713 3131 770 3176 uos
790 3113 892 3175 horta·
947 3114 1056 3177 stolus.
1077 3113 1164 3178 Hanc
1187 3114 1288 3176 divini
1312 3113 1454 3196 Apostoli
1478 3114 1693 3178 bumilitatem

143 3223 199 3276 tur
227 3233 338 3278 secure
366 3221 402 3276 ut
430 3214 532 3296 ipsius
560 3221 720 3276 sectemur
748 3209 891 3291 vestigia.
946 3212 1230 3292 profundissimam
1253 3220 1285 3274 et
1304 3213 1495 3294 completam
1518 3231 1645 3295 semper
1664 3220 1696 3276 ct

144 3312 273 3376 Sciebat
287 3313 407 3394 quippe
422 3329 456 3375 se
470 3313 587 3374 ducere
602 3310 700 3373 vitam
715 3309 892 3372 auctoritati
947 3309 1123 3373 efficaciter
1143 3311 1316 3374 imitemur.
1334 3311 1374 3373 Et
1394 3317 1513 3393 quanto
1535 3311 1608 3394 quis
1629 3330 1695 3374 ma·
1725 3336 1797 3381 saort.
1812 3349 1841 3386 ιι,

143 3411 328 3494 apostolice
352 3417 590 3490 congruentem.
617 3408 716 3482 Unde,
742 3408 893 3490 quemad·
945 3409 996 3490 jor
1011 3416 1068 3484 est,
1079 3416 1168 3472 tento
1183 3409 1255 3492 plus
1271 3409 1420 3472 humiliet
1434 3429 1467 3473 se
1484 3409 1517 3472 in
1532 3409 1694 3486 omnibus,
1710 3403 1743 3444 ²⁰·

17 3507 361 3595 p,„„‚1,modumalio
382 3507 426 3570 ait
446 3508 526 3581 loco,
544 3507 721 3569 lmitatores
739 3506 794 3568 Dei
814 3513 895 3569 esto
948 3507 1178 3570 considerando
1199 3508 1282 3570 mala
1301 3507 1410 3571 omnia
1428 3526 1498 3590 quae
1522 3508 1694 3584 commisit,

142 3615 187 3682 te,
204 3607 248 3669 ita
262 3625 348 3669 nuuc
362 3605 522 3680 admonet,
540 3604 748 3667 «lmitatores
766 3603 829 3666 mei
846 3622 893 3666 es·
909 3605 930 3669 G
948 3603 1031 3667 bona
1050 3623 1120 3686 quae
1140 3605 1258 3678 omisit,
1275 3614 1308 3668 et
1326 3605 1410 3687 quod
1430 3624 1468 3668 cx
1488 3625 1522 3668 se
1542 3605 1612 3688 ipso
1631 3623 1695 3669 uon

141 3713 318 3780 tote»,non
334 3703 482 3785 ignorans
498 3721 532 3766 se
547 3721 616 3766 csse
631 3703 823 3765 imitatorem
837 3702 892 3772 Dei
947 3701 1063 3766 babeat
1091 3703 1153 3767 nisi
1178 3703 1316 3768 deficere
1342 3711 1373 3767 et
1398 3723 1541 3786 peccare,
1568 3705 1633 3768 imo
1656 3705 1695 3767 ad

143 3802 325 3889 perfectum
348 3809 381 3865 et
404 3801 583 3865 imitatione
607 3791 814 3882 condignum
829 3801 893 3864 Nec
947 3819 1043 3864 omne
1064 3801 1178 3865 vitium
1201 3821 1270 3866 esse
1291 3802 1484 3885 proclivem3
1508 3804 1593 3885 quod
1619 3804 1695 3866 item

143 3902 249 3966 solum
274 3901 440 3964 admonuit
464 3899 560 3975 istud,
580 3901 636 3963 scd
661 3900 757 3962 etiam
781 3907 817 3961 ut
839 3917 893 3962 eos
948 3919 987 3964 ex
1002 3900 1104 3964 nihilo
1119 3901 1161 3963 sit
1175 3902 1350 3982 productus
1365 3909 1397 3965 et
1412 3902 1467 3965 Dei
1482 3902 1695 3966 conservatio-

141 4000 363 4075 observemus,
381 4001 413 4063 id
437 4005 496 4074 est,
512 3999 550 4061 ad
576 3998 767 4061 imitandum
793 3999 894 4062 consi·
947 4018 989 4063 ne
1013 4000 1209 4063 incessanter
1233 4000 1425 4082 indigens,a
1448 4020 1513 4084 quo
1535 4001 1597 4064 nisi
1623 4019 1696 4065 con·

143 4099 306 4173 deremus,
323 4098 379 4181 qui
397 4097 489 4178 juxta
507 4096 681 4178 apostolica
702 4097 894 4159 documenta
947 4106 1128 4164 servaretur
1147 4107 1178 4161 et
1198 4099 1412 4180 adjuvaretur,
1433 4100 1466 4162 in
1486 4118 1580 4164 omne
1600 4101 1697 4182 proti-

141 4217 181 4260 ac
202 4197 291 4277 jussa
311 4196 480 4260 sinceriter
501 4203 739 4259 conversantur.
947 4217 1004 4260 nus
1019 4198 1135 4260 malum
1150 4196 1357 4261 delaberetur.
1366 4199 1446 4262 Eece
1457 4199 1530 4261 talis
1544 4216 1582 4260 ac
1593 4205 1695 4260 tantus

185 4294 352 4358 Imitemur
373 4313 448 4376 ergo
469 4294 598 4358 beatum
617 4293 816 4378 Apostolum,
837 4294 893 4377 qui
947 4295 1127 4378 Apostolus,
1149 4295 1232 4359 bona
1253 4316 1323 4378 quae
1343 4297 1418 4378 egit,
1437 4297 1520 4360 dona
1544 4297 1599 4361 Dei
1624 4316 1695 4380 que

23 4424 127 4472 mg
143 4413 247 4477 quum
266 4393 363 4457 sciret
382 4413 415 4456 se
434 4393 517 4456 nibil
538 4395 645 4456 minus
664 4393 767 4475 egisse
786 4393 826 4456 ab
843 4395 893 4457 bis
947 4395 1099 4477 suscepit,
1115 4412 1244 4458 omnem
1264 4394 1485 4458 excellentiam
1505 4413 1568 4477 qua
1582 4395 1695 4476 predi-

17 4522 127 4572 ιιι,,,,,ι,
143 4493 202 4576 qui
227 4500 318 4556 eraut
340 4511 437 4574 supra
461 4493 592 4556 medum
615 4492 769 4574 Apostoli,
793 4500 825 4555 et
849 4511 894 4555 ra·
948 4502 999 4556 tus
1015 4493 1086 4568 fuit,
1103 4494 1194 4577 quasi
1209 4493 1414 4556 dissimulans
1429 4511 1466 4556 ac
1481 4494 1545 4556 Deo
1562 4501 1650 4575 grata
1664 4501 1697 4558 et

27 4622 77 4666 επ,
90 4637 128 4674 ῃ,
143 4599 239 4676 ptum
255 4590 354 4654 fuisse
369 4591 407 4654 ad
422 4591 553 4654 tertium
570 4591 698 4666 coelum,
712 4597 806 4674 atque
821 4592 894 4674 plus
948 4591 1129 4654 humillima
1148 4599 1256 4655 mente
1274 4590 1463 4668 attribuens,
1479 4593 1591 4675 culpas
1610 4611 1694 4668 suas,

17 4689 57 4792 'W
78 4763 97 4792 u
116 4689 299 4792 2omnibus
318 4689 488 4764 laborasse,
504 4707 563 4752 nce
584 4689 683 4752 instar
697 4691 832 4753 aliorum
848 4691 894 4753 vi·
949 4690 1095 4773 quamvis
1119 4689 1182 4752 sibi
1207 4707 1337 4772 prorsus
1360 4691 1519 4768 dimissas,
1535 4692 1698 4756 revocavit

25 4780 214 4866 eq'.;1'v.ctui
239 4789 417 4852 necessaria
443 4787 605 4870 accepisse
629 4788 669 4852 ab
698 4789 749 4852 bis
777 4789 895 4872 quibus
910 4792 934 4854 D
949 4789 987 4852 ad
1006 4788 1128 4852 'mentis
1152 4807 1218 4852 susa
1247 4788 1411 4863 intuitum,
1436 4809 1489 4854 eas
1513 4791 1547 4854 in
1571 4798 1695 4854 tantum

17 4873 128 4984 {2⁶:⁴¹¹
144 4887 388 4968 evangelizavit,
405 4887 459 4950 sed
484 4887 524 4950 de
547 4886 686 4969 propriis
710 4887 828 4950 vixisse
852 4887 895 4949 la·
949 4888 1139 4971 ponderans,
1155 4905 1347 4969 exaggerans
1362 4896 1394 4950 et
1409 4889 1593 4962 exhorrens,
1610 4890 1694 4972 quod

144 4984 292 5059 boribus,
309 5003 487 5068 manusque
507 5004 580 5048 suas
595 4985 647 5048 die
666 5004 701 5048 ac
717 4994 809 5048 nocte
827 4993 893 5048 tam
949 5005 988 5050 ex
1010 4985 1263 5049 consideratione
1282 5004 1392 5048 aarum
1413 4987 1494 5050 dixit
1514 4995 1545 5050 ct
1567 4988 1696 5069 scripsit

142 5085 208 5149 sibi
235 5103 331 5167 quam
356 5083 582 5147 exsistentibus
606 5103 714 5148 secum
741 5102 799 5167 pro
822 5084 894 5148 vitae
949 5104 982 5147 se
998 5103 1066 5148 esse
1081 5084 1222 5166 primum
1238 5092 1270 5147 et
1285 5084 1459 5148 maximum
1478 5092 1691 5168 peccatorum.

140 5183 335 5247 necessariis
363 5183 533 5258 laborasse,
563 5182 665 5246 nihilo
693 5184 800 5246 minus
828 5190 893 5246 tam
948 5184 999 5247 Sic
1022 5201 1096 5264 ergo
1120 5183 1275 5246 faciamus
1297 5191 1329 5246 et
1352 5202 1421 5258 nos,
1438 5183 1592 5266 quidquid
1618 5182 1694 5246 boni

141 5281 406 5368 profundissimae
420 5281 482 5346 fuit
500 5281 703 5358 humilitatis,
720 5291 756 5345 ut
774 5301 812 5344 ex
828 5300 894 5346 cer·
948 5283 981 5346 in
996 5281 1090 5346 nobis
1104 5290 1164 5358 est,
1182 5283 1245 5346 Deo
1266 5282 1444 5346 cumomni
1462 5281 1643 5347 humilitate
1663 5289 1695 5346 et
