4164 6258
407 497 555 548 noumica
576 499 595 546 v
616 499 690 548 rosr
709 497 904 546 mmmmm.
924 515 964 526 -
984 495 1159 546 summme
1180 499 1212 546 nv
1233 497 1400 548 arissam
1620 478 1679 546 227

133 667 291 749 possidete
308 675 453 750 paratum
468 668 560 732 vobis
580 687 713 751 regnum
729 687 747 732 a
761 667 877 733 consti·
892 667 916 732 A
932 685 969 730 ea
994 668 1169 731 detestetur
1193 687 1229 730 ac
1253 667 1357 747 odiat;
1373 677 1403 728 ct
1421 669 1524 744 sociat
1550 669 1680 738 bonum,

131 765 253 828 tutione
275 767 397 829 mundi.
933 765 992 828 boc
1013 773 1072 840 est,
1089 783 1187 848 opera
1202 766 1356 828 virtutum
1373 764 1509 828 viriliter
1522 762 1683 845 aggredia-

170 861 327 945 Deinceps
342 863 513 928 confirmat
526 882 564 927 ea
578 884 649 948 qun
664 863 754 936 dixit,
771 873 877 926 aucto·
933 873 993 926 tur.
1007 865 1060 928 llae
1075 865 1162 926 enim
1179 871 1253 925 sunt
1267 863 1338 926 duae
1353 870 1459 944 partes
1472 860 1613 942 justitiae.
1626 862 1681 921 In-

131 960 222 1022 ritate
241 960 423 1025 Psalmistae.
442 964 608 1031 Quleofm
626 966 695 1022 uult
711 963 812 1022 vitam
827 963 877 1020 df·
932 965 1183 1042 qairotpacom,
1199 961 1231 1023 id
1253 967 1312 1034 est,
1328 966 1483 1042 quantum
1506 965 1609 1041 potest
1631 974 1682 1020 co
1799 987 1803 992 ·

12 1049 44 1086 ¹⁶
93 1077 97 1088 ·
131 1061 243 1135 lipere,
259 1059 291 1121 id
311 1068 360 1121 est
378 1059 476 1122 vitam
497 1059 622 1122 beatam
643 1077 717 1122 vere
735 1058 877 1122 efficaci·
933 1066 1026 1122 netur
1041 1078 1153 1142 pacem
1174 1057 1292 1120 babere
1309 1076 1382 1120 cum
1403 1057 1569 1140 proximis,
1585 1056 1681 1119 etiam

130 1163 240 1238 terque
269 1165 430 1240 appetere,
455 1167 485 1218 et
515 1161 638 1228 nidere,
663 1175 721 1240 per
748 1157 876 1220 felicem
933 1159 1085 1233 inimicis,
1101 1157 1298 1221 occurrendo
1314 1158 1361 1220 eis
1381 1157 1517 1220 inomni
1538 1156 1679 1230 caritate,

130 1255 371 1338 experientiam,
387 1258 458 1316 dies
479 1258 586 1326 bonos,
604 1255 635 1318 id
657 1263 706 1318 est
724 1255 793 1317 dies
811 1255 876 1335 glo
934 1257 1113 1321 humilitate
1128 1263 1160 1320 et
1175 1255 1338 1338 patientia,
1354 1255 1438 1318 sicut
1451 1255 1495 1318 ait
1509 1254 1679 1338 Propheta:

130 1353 184 1416 ria
208 1353 358 1428 coelestis,
376 1355 408 1418 in
434 1373 495 1438 qua
521 1353 646 1417 nullum
669 1360 719 1416 est
744 1353 874 1416 malum.
934 1355 1012 1418 Cum
1028 1354 1079 1417 his
1099 1354 1154 1436 qui
1174 1355 1311 1417 oderunt
1330 1371 1442 1436 pacem
1462 1371 1549 1416 eram
1569 1351 1681 1436 pacifi·
1694 1376 1827 1427 radun.

131 1452 203 1514 Dies
218 1461 325 1515 autem
341 1453 415 1516 vitae
435 1453 600 1536 praesentis
620 1451 708 1535 pleni
725 1460 800 1514 sunt
815 1469 878 1512 ma·
933 1471 1000 1516 cus.
1021 1453 1107 1516 Unde
1131 1453 1170 1516 ad
1193 1453 1351 1516 Romanos
1375 1450 1512 1515 habetur
1528 1468 1535 1513 :
1552 1451 1583 1514 Si
1608 1449 1681 1514 fieri
1712 1473 1776 1517 aem.
1790 1487 1827 1526 m,

131 1551 170 1612 lis
185 1569 289 1633 poeuae
304 1559 336 1614 et
354 1552 468 1634 eulpae,
485 1551 517 1614 id
536 1557 585 1614 est
605 1549 876 1624 tribulationibus,
932 1550 1138 1634 potest,quod
1153 1569 1192 1614 ex
1208 1549 1299 1613 vobis
1314 1557 1452 1624 estcum
1466 1548 1617 1614 omnibus
1631 1550 1683 1613 lio
1697 1537 1730 1581 ¹⁸·

132 1649 271 1712 miseriis
286 1658 318 1713 et
332 1650 482 1733 peccatis.
492 1650 622 1732 Propter
637 1649 721 1730 quod
737 1649 879 1731 loquitur
933 1649 1077 1714 minibus
1092 1667 1203 1732 pacem
1224 1648 1347 1712 habete.
1365 1649 1437 1713 llaec
1458 1655 1506 1712 est
1526 1667 1586 1730 pax
1603 1656 1681 1712 tern-

131 1747 276 1812 Cbristus
296 1749 329 1810 in
344 1749 489 1812 Matthaeo
506 1765 513 1810 :
530 1747 660 1811 Sufficit
677 1747 740 1810 diei
757 1746 879 1810 malitia
934 1747 1063 1832 poralis,
1079 1767 1175 1830 quam
1200 1748 1227 1810 si
1250 1767 1324 1810 cum
1346 1746 1501 1830 proximis
1522 1747 1682 1830 perversis

11 1835 116 1950 2„ss
131 1865 197 1910 sua.
215 1847 254 1908 Et
267 1847 382 1910 Paulus
398 1847 542 1910 hortatur
558 1863 565 1908 :
581 1845 784 1910 ltedimentes
799 1853 877 1908 tem·
893 1848 917 1911 B
936 1847 1052 1910 babere
1077 1863 1140 1910 non
1163 1864 1344 1928 possumus,
1361 1853 1469 1909 tamen
1491 1863 1603 1928 pacem
1628 1863 1682 1928 pe·

11 1961 28 2000 ⁶.
131 1965 204 2028 pus,
220 1945 373 2028 quoniam
388 1946 457 2008 dies
473 1944 548 2008 mali
563 1943 810 2018 sunt.0uamvis
824 1962 879 2006 au·
935 1945 1031 2010 eloris
1055 1945 1229 2009 habeamus
1251 1945 1290 2008 ad
1314 1962 1380 2020 eos,
1404 1952 1438 2008 ut
1461 1963 1551 2008 mens
1576 1953 1683 2008 nostra

129 2052 195 2108 tem
221 2044 254 2106 in
278 2045 359 2108 ooelo
381 2061 445 2106 nou
466 2043 531 2107 sint
550 2043 618 2108 dies
639 2042 733 2106 multi
751 2061 809 2125 per
827 2059 881 2106 no
934 2053 1043 2108 contra
1067 2062 1121 2106 eos
1145 2061 1208 2108 non
1234 2042 1450 2126 perturbetur,
1476 2044 1532 2108 sed
1556 2061 1684 2126 semper

131 2144 233 2206 otium
254 2142 432 2218 intervalla,
448 2143 504 2205 sed
524 2161 608 2205 unus
626 2141 694 2204 dies
709 2141 880 2204 continuus
935 2142 1108 2226 tranquilla
1123 2142 1175 2216 sit,
1191 2141 1368 2204 secundum
1389 2142 1475 2224 quod
1493 2141 1564 2205 fieri
1580 2148 1684 2224 potest

11 2261 32 2306 o.
45 2275 74 2312 u,
85 2263 115 2304 o.
130 2261 167 2304 ao
188 2249 328 2306 aetemus
342 2241 446 2322 (juxta
466 2240 545 2303 illud
563 2257 570 2302 ε
586 2239 654 2304 Nou
674 2239 735 2303 erit
752 2239 812 2302 tihi
833 2239 879 2303 sol
936 2249 968 2306 et
982 2240 1255 2322 decet.Siquidem
1273 2240 1311 2302 de
1327 2241 1535 2323 perversitate
1550 2249 1581 2303 et
1595 2239 1683 2303 vitiis

130 2339 272 2422 amplius
287 2339 327 2402 ad
343 2339 514 2402 lucendum
532 2357 589 2422 per
603 2339 764 2412 diem,neo
780 2337 883 2420 splen·
937 2340 1110 2422 impiorum
1132 2338 1224 2401 valde
1247 2338 1337 2422 pium
1359 2347 1407 2402 est
1431 2338 1622 2402 contristari.
1639 2341 1683 2400 Et

130 2439 189 2502 dor
210 2439 294 2502 lune
315 2437 511 2501 illuminabit
529 2445 570 2512 te,
588 2438 642 2500 sed
664 2437 726 2500 erit
743 2436 803 2499 tibi
822 2436 881 2500 llo
932 2447 1152 2518 persequatur
1167 2457 1250 2507 eam,
1266 2437 1327 2500 boc
1346 2443 1405 2512 est,
1421 2436 1563 2520 perfecte
1577 2445 1610 2500 et
1624 2444 1684 2500 sta-

132 2537 242 2600 minus
265 2537 297 2599 in
320 2536 424 2599 lucem
445 2535 692 2619 sempitemam3
708 2535 741 2598 in
763 2534 881 2618 Apoca-
937 2534 1046 2599 biliter
1060 2554 1131 2598 eam
1147 2541 1309 2616 sequatur,
1323 2551 1381 2618 pro
1397 2553 1433 2598 ea
1448 2542 1630 2599 constanter
1645 2534 1688 2597 la·

65 2674 116 2712 mi,
131 2635 217 2719 lypsi
233 2653 360 2719 quoque
373 2636 509 2699 loannes
523 2635 568 2697 ait
578 2653 586 2697 :
598 2635 716 2698 Civitas
731 2651 795 2698 non
810 2640 881 2715 eget
937 2633 1089 2710 borando,
1105 2641 1200 2716 atque
1221 2634 1369 2716 adeptam
1392 2634 1610 2698 indesinenter
1631 2652 1685 2696 cu·

11 2727 25 2766 ’·
130 2734 199 2798 sole
221 2752 325 2816 neque
346 2733 433 2808 luna,
449 2752 524 2795 nam
544 2732 671 2796 claritas
690 2731 746 2795 Dei
762 2730 881 2794 illumi·
937 2731 1115 2795 stodiendo.

132 2833 225 2897 nabit
246 2850 335 2911 eam;
352 2832 436 2896 unde
461 2839 493 2895 et
514 2831 547 2895 in
569 2831 718 2895 &charia
740 2829 879 2912 legitur:
978 2833 1062 2900 Quia
1077 2833 1165 2892 ocuti
1177 2831 1314 2893 Domini
1332 2832 1557 2908 auperjoatos,
1574 2829 1606 2893 id
1625 2837 1684 2906 est,

10 2945 20 2988 t
63 2958 117 2998 ao.
132 2931 201 2994 Erit
225 2931 293 2994 dies
315 2949 470 3012 unaque
491 2939 566 2994 nota
586 2937 635 2993 est
656 2929 801 3004 Domino,
818 2947 882 2993 non
937 2946 991 2992 eos
1006 2928 1062 3012 qui
1078 2928 1229 3010 predicta
1247 2935 1489 3010 perseveranter
1503 2928 1685 3004 observant,

10 3043 13 3054 ’
131 3029 202 3092 dies
219 3046 323 3112 neque
339 3029 426 3108 nox),
437 3036 545 3092 tamen
560 3028 628 3091 dies
642 3027 702 3092 iste
718 3027 883 3110 pluraliter
897 3033 919 3098 G
937 3028 1020 3091 Deus
1036 3025 1287 3089 misericorditer
1300 3025 1447 3108 adspicit,
1458 3025 1597 3090 fideliter
1612 3045 1685 3110 pro-

131 3128 330 3209 designatur,
346 3125 498 3209 quoniam
515 3145 572 3189 sua
588 3126 801 3210 perpetuitate
816 3143 883 3189 om·
936 3127 1026 3208 tegit,
1058 3134 1091 3188 et
1122 3132 1248 3188 aeternae
1281 3123 1444 3187 felicitatis
1477 3124 1687 3188 retributione

132 3245 173 3289 ne
195 3233 325 3308 tempus
349 3225 494 3287 includit.
511 3224 641 3307 Propter
662 3225 748 3306 quod
770 3225 803 3286 in
828 3223 882 3286 ldi-
938 3231 1129 3288 remunerat,
1157 3223 1204 3286 Ad
1234 3222 1266 3285 id
1295 3221 1416 3305 quippe
1444 3221 1557 3286 oculus
1586 3223 1687 3305 magis

10 3341 117 3394 roasa.
131 3325 223 3389 cbaea
246 3325 285 3387 de
310 3323 435 3387 Christo
458 3323 593 3386 babetur
610 3339 618 3385 ε
637 3323 788 3404 Egressus
811 3323 881 3403 ejus
937 3322 1096 3404 dirigitur,
1113 3320 1198 3403 quod
1225 3320 1325 3401 magis
1350 3320 1505 3401 diligitur.
1521 3323 1565 3382 et
1590 3341 1688 3382 aures

130 3423 171 3486 ab
189 3423 316 3496 initio,a
330 3420 883 3486 diebusaternitatisCoeroeatlio·
938 3423 1009 3498 ejus
1036 3423 1072 3480 in
1098 3437 1210 3497 preces
1238 3439 1349 3480 eorum
1381 3419 1511 3482 intente
1539 3427 1625 3494 sunt,
1655 3418 1688 3481 id

126 3542 234 3600 quom
249 3541 340 3581 suom
358 3540 378 3580 a
393 3523 491 3590 molo,
508 3519 540 3582 id
558 3527 618 3594 est,
633 3538 652 3582 a
667 3518 774 3582 verbis
789 3519 882 3582 illici·
937 3528 996 3594 est,
1021 3527 1149 3602 paratus
1173 3525 1222 3580 est
1245 3535 1299 3582 eos
1323 3517 1486 3591 exaudire,
1509 3516 1688 3580 secundum

129 3620 183 3694 tis,
197 3617 435 3692 maledictoriis,
447 3616 883 3698 murmuratoriis,injuriosis
937 3617 1022 3701 quod
1042 3617 1075 3680 in
1095 3615 1274 3680 Proverbiis
1293 3615 1419 3678 fertur:
1437 3615 1542 3697 Longe
1562 3623 1612 3679 ost
1630 3615 1689 3678 Do·
1717 3645 1783 3688 pm.
1797 3657 1833 3696 xv,

130 3737 205 3780 eam
232 3715 382 3790 refrenet,
408 3715 493 3778 sieut
514 3723 546 3777 et
567 3715 683 3778 Paulus
706 3715 881 3778 bortatur:
939 3715 1046 3777 minus
1074 3713 1114 3776 ab
1144 3713 1264 3796 impiis,
1285 3721 1317 3776 et
1344 3713 1502 3776 orationes
1528 3713 1688 3796 justorum
1702 3711 1737 3752 ²⁹·

10 3831 116 3888 ephran,
130 3815 247 3880 Omnis
277 3833 382 3878 sermo
406 3815 509 3878 malus
538 3833 577 3878 ex
606 3832 661 3878 ore
685 3821 790 3877 vestro
818 3831 881 3878 non
937 3812 1094 3875 exaudiet.
1110 3810 1194 3875 Alibi
1210 3828 1338 3894 quoque
1352 3811 1397 3874 ait
1412 3811 1575 3894 Scriptura
1592 3830 1599 3874 :
1617 3811 1688 3876 Ora·
1728 3843 1801 3888 Μ,

10 3899 114 4010 ζώω,
131 3914 296 3998 procedat.
324 3913 411 3976 Unde
437 3920 469 3976 et
491 3911 627 3976 lacobus
650 3912 696 3975 ait
720 3929 728 3974 :
754 3912 786 3975 Si
810 3912 882 3996 quis
938 3911 982 3972 tio
1008 3909 1087 3991 justi
1116 3916 1262 3992 penetrat
1290 3907 1397 3972 coelos.
1428 3909 1546 3972 Verum
1576 3917 1611 3972 ut
1642 3909 1809 3973 ait¹¹¹'·²¹·

130 4021 229 4097 putat
242 4031 275 4075 se
291 4011 476 4094 religiosum
496 4030 578 4085 esse,
594 4011 655 4074 boo
669 4017 717 4074 est
731 4012 882 4074 devotum
937 4009 1090 4082 Salvator,
1107 4015 1231 4090 oportet
1250 4025 1377 4090 semper
1391 4025 1491 4081 orare,
1509 4015 1540 4070 et
1555 4026 1618 4072 non
1633 4009 1686 4072 de·
1699 4041 1834 4094 ΜΝ,

128 4121 162 4177 et
179 4113 245 4193 legi
260 4129 317 4174 seu
332 4111 477 4192 religioni
493 4109 881 4191 christiauaesubjectum,
937 4109 1035 4171 ficere
1062 4125 1069 4170 :
1096 4107 1171 4189 quia
1197 4106 1281 4168 Deus
1310 4123 1374 4170 non
1404 4125 1531 4188 semper
1558 4108 1688 4170 exaudit

130 4229 198 4274 non
222 4209 386 4272 refrenans
405 4208 546 4289 linguam
566 4227 668 4282 suam,
685 4207 783 4288 hujus
802 4226 883 4272 vana
897 4211 922 4276 l)
937 4225 1027 4289 aeque
1047 4205 1204 4278 celeriter,
1218 4205 1272 4267 sed
1293 4223 1378 4267 nuuc
1399 4203 1505 4280 citius,
1519 4223 1605 4268 nunc
1625 4214 1686 4269 tar·

128 4316 180 4372 est
197 4307 323 4388 religio,
339 4306 435 4368 idest
455 4305 533 4368 falsa
548 4313 580 4369 et
594 4304 670 4369 fiola
685 4306 822 4370 devotio.
838 4309 882 4369 Et
937 4306 1020 4380 dius,
1041 4303 1217 4367 secundum
1246 4303 1390 4365 ordinem
1420 4303 1584 4384 sapientiae
1608 4323 1684 4368 suae.

128 4409 226 4468 todia
239 4408 311 4485 ejus
327 4426 367 4466 oo
382 4410 562 4484 loquantur
576 4407 700 4476 dolum,
716 4404 747 4466 id
766 4412 825 4480 est,
842 4405 883 4468 la·
938 4405 1067 4487 Propter
1087 4401 1172 4486 quod
1189 4399 1325 4464 lacobus
1345 4401 1508 4484 apostolus
1525 4401 1571 4464 ait
1587 4419 1593 4464 :
1610 4402 1687 4466 ttul-
1700 4427 1832 4480 calama

128 4506 186 4570 bia
202 4524 263 4568 sua
277 4505 394 4579 domet,
411 4522 452 4567 ne
468 4503 564 4566 verba
578 4501 742 4586 proferant
756 4503 883 4567 fraudu·
939 4511 1007 4566 tum
1031 4502 1115 4565 valet
1135 4499 1318 4583 deprecatio
1338 4499 1416 4580 justi
1438 4500 1574 4563 assidua.
1593 4501 1686 4564 Dein·

128 4606 233 4678 lenta,
258 4603 365 4667 verbis
393 4603 578 4666 adulatoriis
608 4603 810 4666 maledicenti
839 4605 882 4666 lo·
938 4621 1026 4686 ceps,
1041 4601 1126 4666 oculi
1142 4609 1174 4662 et
1194 4618 1286 4662 aures
1302 4599 1335 4662 iu
1356 4599 1687 4683 incircumscriptibili

127 4703 265 4786 quendo
280 4703 370 4786 quasi
390 4703 420 4766 ei
436 4720 500 4766 uon
519 4701 712 4784 indignetur,
729 4709 884 4766 ettamen
938 4722 974 4765 ao
996 4699 1238 4784 simplicissimo
1260 4699 1323 4762 Deo
1342 4699 1552 4783 spiritualiter
1573 4698 1688 4763 intelli·

127 4801 261 4866 occults
290 4801 470 4865 insidiando
498 4801 614 4865 eidem.
640 4801 770 4885 Pmpter
798 4801 884 4883 quod
938 4801 1048 4884 gendo
1068 4807 1153 4874 sunt,
1168 4807 1264 4881 atque
1284 4799 1412 4862 realiter
1431 4799 1517 4861 idem
1537 4807 1623 4874 sunt,
1639 4807 1687 4862 nt-

127 4903 287 4966 admonet
309 4899 505 4981 Augustinus
529 4917 537 4962 :
562 4899 631 4964 Nou
657 4900 745 4963 aliud
772 4908 884 4982 pectus
939 4909 1011 4983 pote
1034 4899 1226 4972 intellectus,
1244 4905 1276 4960 et
1300 4898 1500 4979 cognitione
1525 4899 1688 4963 miseratio

128 5008 230 5084 tegat,
247 5008 281 5063 et
299 4999 386 5063 aliud
408 4999 517 5080 lingua
538 4998 688 5082 proferat.
938 4999 1032 5080 ejus;
1057 5007 1089 5061 et
1113 4997 1279 5080 pluraliter
1302 4997 1528 5079 exprimuntur
1557 5005 1687 5080 propter

171 5100 325 5163 Declinet
344 5107 454 5158 autem
469 5117 489 5156 o
504 5100 589 5158 molo
608 5097 710 5179 culpae
725 5097 830 5178 (juxta
849 5095 885 5158 il·
938 5097 1156 5161 diversitatem
1176 5114 1307 5158 suorum
1327 5093 1515 5169 effectuum,
1531 5103 1562 5158 et
1580 5097 1687 5177 cogni·

10 5215 114 5270 :oum
129 5199 190 5262 lud
217 5196 432 5262 Ecclesiastici
459 5214 466 5258 :
492 5195 585 5270 Quasi
610 5215 628 5258 a
652 5195 734 5260 facie
760 5195 885 5260 colubri
938 5203 1044 5258 torum
1059 5195 1301 5258 acauditorum.
1330 5197 1564 5256 Vultcaoatem
1578 5197 1687 5257 Domi-

129 5297 214 5382 fuge
229 5295 382 5380 peccatm,
398 5293 430 5358 id
445 5301 504 5370 est,
519 5312 539 5357 a
553 5293 640 5358 vitiis
654 5311 688 5358 se
705 5302 836 5370 avertat,
853 5301 886 5358 et
941 5296 989 5366 ni,
1018 5295 1052 5356 id
1079 5302 1128 5356 est
1156 5293 1325 5377 adspectus
1353 5292 1455 5356 divini
1483 5293 1608 5375 rigoris,
1638 5300 1687 5356 est
