4214 6254
442 501 591 550 nounum
613 502 623 548 ι
643 500 718 548 rosr
736 497 932 548 mmrrarnu.
952 515 993 528 -
1012 497 1187 546 maanaim
1207 497 1240 545 m
1260 497 1455 546 seinamma
1665 476 1724 543 {38

170 671 322 754 quoniam
339 673 407 756 ipse
422 675 604 758 specialiter
618 681 709 756 pater
723 673 920 736 credentium
933 671 959 736 Α
975 672 1247 746 Quemadmodum
1260 679 1365 735 autem
1380 673 1590 755 parochianus
1605 672 1658 736 Dei
1673 691 1724 738 vo

170 770 410 856 multarumque
433 773 576 855 gentium
600 772 790 855 appellatur,
807 789 920 834 secun·
975 779 1075 844 catur,
1093 771 1148 853 qui
1164 771 1234 851 ejus
1251 771 1413 854 baptismo
1432 771 1586 834 intinctus
1605 778 1665 846 θεῖ,
1681 773 1729 842 ei-¹

7 885 153 938 :anchusa
169 869 248 932 dum
264 869 344 932 illud
360 871 399 934 ad
414 871 539 944 Galatas
556 889 563 933 ε
580 871 638 944 eui
653 889 692 933 ex
707 870 774 933 lide
788 877 873 941 sunt,
885 869 918 931 bi
975 887 1037 950 que
1067 868 1225 950 primitias
1254 869 1350 932 solvit
1371 888 1408 933 ao
1433 869 1584 945 decimas,
1610 877 1642 933 et
1664 870 1723 934 llo·

168 975 246 1029 sunt
262 968 324 1030 tilii
343 969 486 1033 Abrahae.
504 970 663 1032 Laudatur
683 969 802 1032 etenim
822 966 918 1030 Abra·
974 985 1024 1028 ras
1044 967 1115 1048 ejus
1134 986 1171 1030 ac
1191 969 1300 1030 Missas
1320 969 1409 1030 audit
1424 968 1571 1042 libenter,
1591 975 1722 1052 propter

167 1064 244 1127 ham
260 1065 442 1148 specialiter
457 1068 497 1131 de
513 1067 732 1149 magnitudine
748 1066 825 1128 lidei
841 1085 915 1129 suae.
974 1065 1058 1148 quod
1079 1066 1218 1128 moriens
1239 1066 1354 1148 dignus
1373 1067 1468 1129 estin
1488 1067 1590 1149 ipsius
1605 1086 1720 1130 coeme-

7 1180 151 1232 romans.
166 1163 299 1246 Propter
314 1165 398 1247 quod
419 1165 498 1228 dicit
511 1165 691 1248 Apostolus,
709 1166 794 1248 quod
809 1170 918 1228 contra
974 1165 1054 1227 tario
1070 1165 1211 1247 sepeliri,
1228 1165 1378 1228 videlicet
1397 1166 1429 1227 in
1451 1173 1534 1228 terra
1556 1183 1720 1229 consecra-

10 1245 84 1292 ⁹¹³¹·
167 1281 259 1344 spem
284 1263 316 1326 in
338 1283 429 1346 spem
454 1264 600 1338 credidit,
617 1274 648 1326 et
672 1263 757 1346 quod
781 1281 844 1325 non
870 1271 918 1325 est
972 1270 1015 1336 ta,
1046 1271 1201 1344 quantum
1231 1264 1270 1325 ad
1299 1281 1426 1346 corpus,
1452 1271 1547 1346 atquc
1577 1263 1609 1326 in
1638 1265 1719 1328 coelo

166 1360 352 1424 infirmatus
377 1362 411 1424 in
434 1362 511 1436 lide,
528 1363 583 1425 sed
606 1361 794 1444 plenissime
818 1361 917 1424 oredi-
972 1362 1122 1424 constitui
1145 1370 1299 1444 quantum
1324 1363 1362 1424 ad
1387 1361 1545 1441 animam3
1560 1361 1607 1424 sie
1631 1381 1720 1444 paro

164 1458 224 1520 dit.
241 1459 322 1522 ilinc
345 1461 388 1522 ait
409 1460 605 1543 Augustinus
622 1479 630 1522 z
647 1461 759 1524 Sinum
783 1459 916 1522 Abrahae
972 1459 1105 1522 chianus
1122 1458 1223 1522 iertur
1237 1459 1366 1534 diaboli,
1382 1460 1437 1542 qui
1456 1461 1548 1542 aquis
1568 1461 1718 1542 eoncupi-

165 1556 311 1640 intelligo
327 1567 480 1622 remotam
497 1559 604 1622 sedem
621 1559 738 1642 quietis
757 1565 853 1640 atque
868 1577 915 1620 se·
971 1558 1165 1620 scentiarum
1182 1558 1360 1639 intingitur,
1377 1557 1580 1640 etprimitias
1596 1577 1652 1621 seu
1668 1577 1719 1620 ex-

163 1663 298 1731 cretam,
316 1657 369 1718 ubi
386 1658 507 1720 exstitit
522 1657 679 1720 Abrabam
698 1675 705 1719 :
722 1677 793 1740 quae
813 1656 914 1740 ipsius
970 1657 1059 1720 ordia
1073 1675 1207 1739 operum
1223 1676 1353 1720 suorum
1370 1657 1466 1720 ollert
1480 1656 1718 1738 diabolo,agens

164 1753 252 1817 dicta
272 1763 330 1828 est,
348 1773 410 1818 non
434 1757 517 1838 quod
540 1756 641 1838 ipsius
661 1756 702 1817 sit
722 1755 837 1829 solum,
857 1755 913 1818 sed
970 1775 1042 1837 quae
1066 1755 1094 1817 ei
1119 1763 1194 1817 sunt
1218 1755 1344 1837 placita,
1362 1755 1507 1836 bonaque
1531 1754 1719 1838 temporalia

163 1853 318 1933 quoniam
339 1853 407 1935 ipse
428 1854 472 1916 ibi
491 1855 663 1916 multarum
689 1855 832 1936 gentium
859 1873 912 1937 pa·
932 1849 1084 1917 Bvitiose
1107 1854 1277 1926 consumit,
1294 1860 1326 1916 et
1347 1853 1514 1916 cantilenis
1534 1853 1716 1928 mundanis,

162 1959 213 2012 ter
232 1958 281 2014 est
300 1952 434 2033 positus,
451 1952 569 2033 quibus
589 1960 637 2015 est
661 1952 699 2014 ad
722 1952 909 2014 imitandum
969 1951 1077 2014 verbis
1102 1951 1303 2025 scurrilibus,
1321 1949 1519 2013 detractoriis
1541 1959 1574 2012 θῖ
1597 1949 1716 2031 iniquia

162 2047 242 2112 lidei
272 2050 489 2132 principatum
522 2051 720 2132 prepositus.
752 2050 912 2112 Verumta-
968 2049 1059 2132 quasi
1075 2049 1193 2112 diaboli
1210 2049 1300 2112 Horis
1316 2049 1561 2112 intendit:ideo
1577 2049 1715 2111 moriens

163 2167 251 2222 man,
268 2150 443 2212 secundum
457 2148 581 2212 Petrum
598 2150 849 2220 havennensem,
865 2149 912 2210 di·
967 2147 1122 2229 sepelitur
1137 2147 1170 2209 in
1191 2147 1374 2211 eoemeterio
1395 2147 1556 2221 infernali,
1573 2147 1713 2229 sepultu·
1727 2167 1862 2221 reunia.

162 2247 249 2308 citur
269 2247 358 2309 sinus
377 2247 521 2320 Abrahae,
539 2254 669 2329 propter
688 2246 911 2328 hospitalitatis
967 2263 1001 2306 ra
1020 2245 1113 2320 asini,
1131 2246 1191 2308 hoe
1211 2253 1259 2308 est
1278 2245 1348 2308 sine
1367 2245 1495 2309 honore.
1513 2245 1623 2308 Merito
1640 2263 1715 2326 ergo

161 2345 325 2418 officium,
342 2345 375 2406 in
395 2364 459 2427 quo
478 2345 636 2407 Abraham
657 2344 719 2406 luit
739 2345 909 2420 excellens,
966 2344 1011 2406 ait
1025 2343 1191 2406 Psalmista
1208 2362 1214 2406 :
1231 2343 1312 2407 Mors
1333 2351 1536 2426 peccatorum
1555 2345 1713 2427 pessima;
1740 2368 1861 2421 aarum,

162 2445 207 2506 ita
234 2445 318 2526 quod
345 2451 377 2506 et
401 2463 486 2506 nune
516 2463 549 2506 se
578 2444 706 2506 beatum
732 2444 821 2524 quasi
847 2460 910 2506 non
966 2450 996 2504 et
1022 2442 1137 2504 iterum
1165 2460 1171 2503 :
1199 2443 1287 2505 Sicut
1309 2459 1385 2505 oves
1411 2441 1443 2504 in
1468 2441 1594 2506 interno
1619 2442 1713 2525 positi
1727 2431 1780 2535 ξ’,
1792 2505 1862 2546 ΜΗ,

161 2543 319 2616 crederet,
344 2541 371 2604 si
395 2563 413 2605 a
442 2561 500 2605 suo
525 2550 662 2605 cessaret
686 2541 910 2624 hospitalitatis
966 2547 1051 2614 sunt,
1076 2557 1160 2603 mors
1181 2541 1332 2624 depascet
1351 2559 1416 2604 eos.
1729 2555 1761 2596 ¹⁵.

160 2641 284 2703 ollicio.
299 2642 461 2714 Preterea,
474 2641 626 2724 quoniam
645 2640 803 2703 Abrabam
824 2658 910 2702 nunc
1006 2639 1101 2702 Porro
1117 2638 1261 2701 internus
1278 2647 1413 2721 quatuor
1428 2639 1531 2702 modis
1545 2638 1712 2720 accipitur,

160 2739 201 2800 de
218 2738 318 2801 limbo
337 2739 455 2802 interni
470 2738 508 2800 ad
529 2737 658 2802 coeleste
678 2737 847 2800 translatus
863 2745 912 2799 est
966 2736 1144 2800 secundum
1164 2737 1248 2819 quod
1268 2744 1405 2819 quatuor
1424 2744 1515 2800 erant
1534 2736 1603 2800 loca
1618 2735 1714 2799 infer-

161 2855 310 2918 regnum,
336 2855 420 2900 nunc
446 2855 503 2920 per
522 2837 629 2899 sinum
654 2836 787 2898 Abrabae
813 2836 909 2917 signi·
966 2837 1010 2896 ni.
1028 2835 1143 2908 Primo,
1165 2853 1223 2918 pro
1244 2836 1314 2899 loco
1337 2836 1569 2910 damnatorum,
1589 2835 1644 2918 qui
1666 2841 1715 2898 est

160 2935 281 2997 licatur
305 2936 396 3018 quies
419 2935 605 2998 Sanctorum
632 2933 664 2996 in
691 2935 800 3016 patria.
823 2935 910 2996 Unde
967 2933 1100 2995 iniimus
1122 2934 1209 2996 locus
1230 2933 1404 2996 interorum
1423 2951 1430 2996 :
1447 2935 1487 2996 de
1507 2950 1569 3015 quo
1584 2933 1628 2994 ait
1642 2934 1714 2996 Pro-

7 3054 143 3110 ·apieoo.
161 3035 193 3098 S.
211 3033 364 3096 Martinus
384 3034 465 3097 dixit
482 3051 489 3094 ε
506 3031 639 3095 Abrahae
659 3051 711 3094 me
732 3033 821 3094 sinus
843 3051 911 3094 sus-
927 3037 949 3100 C
967 3032 1073 3113 pheta,
1090 3032 1123 3092 ln
1144 3032 1270 3093 inferno
1289 3038 1395 3093 autem
1414 3032 1486 3113 quis
1507 3031 1714 3095 confitebitur
1740 3051 1848 3104 rana

160 3133 270 3214 cipiet.
298 3131 378 3194 Ecce
400 3149 495 3213 quam
519 3129 646 3193 salubre
670 3137 718 3192 est
741 3131 772 3192 in
795 3129 911 3192 saeculo
966 3129 1048 3192 tibil
1064 3130 1221 3204 Secundo,
1238 3147 1296 3212 pro
1311 3129 1381 3192 loeo
1398 3130 1713 3212 purgatorii:sicque

160 3234 225 3295 isto
240 3249 344 3313 egere,
362 3231 529 3304 infirmari,
547 3230 720 3304 contemni,
737 3231 910 3293 dummodo
966 3237 1034 3290 orat
1050 3228 1202 3301 Ecclesia,
1219 3228 1352 3292 Domine
1368 3229 1441 3290 lesu
1463 3227 1596 3302 Christe,
1613 3227 1714 3291 libera

7 3359 141 3410 cumr,
159 3339 293 3414 propter
307 3331 408 3392 Deum
425 3329 582 3411 patienter
596 3329 668 3410 quis
684 3327 772 3391 leret.
790 3328 910 3390 Patien-
965 3325 1089 3387 animas
1112 3325 1259 3387 fidelium
1289 3325 1514 3388 detunctorum
1540 3325 1579 3387 de
1609 3325 1713 3408 poenis

158 3427 205 3490 tia
220 3428 371 3509 equidem
386 3445 466 3509 opus
481 3427 660 3509 perlectum
676 3423 779 3488 habet.
798 3425 835 3486 Et
851 3425 910 3486 uti·
967 3423 1094 3485 inlerni.
1121 3423 1237 3498 Tertio,
1263 3441 1320 3505 pro
1346 3421 1446 3486 limbo
1471 3441 1654 3505 puerorum,
1681 3422 1713 3484 id

158 3545 224 3608 que
239 3527 278 3588 ad
294 3526 545 3609 deportationem
567 3523 682 3586 anime
701 3523 807 3586 Lazari
826 3543 908 3584 unus
966 3531 1014 3586 est
1043 3523 1214 3585 infantium
1244 3521 1284 3585 ab
1313 3523 1460 3602 originali
1490 3530 1622 3604 peccato
1649 3539 1714 3585 non

157 3624 335 3688 suffecerat
356 3624 498 3704 angelus,
521 3623 575 3684 sed
601 3628 635 3683 ut
659 3622 704 3684 ait
726 3621 909 3704 Chrysosto-
966 3623 1201 3684 mundatorum.
1218 3621 1346 3695 Quarto,
1367 3637 1425 3702 pro
1449 3619 1549 3683 limbo
1573 3628 1711 3702 patrum,

158 3741 244 3798 mus,
263 3723 355 3785 multi
375 3720 478 3802 angeli
499 3721 704 3794 advenerunt,
720 3727 757 3781 ut
775 3719 907 3781 chorum
966 3721 1021 3801 qui
1042 3719 1103 3780 luit
1123 3719 1269 3800 superior
1288 3718 1376 3780 locus
1396 3717 1512 3780 interni
1531 3719 1594 3780 :ad
1616 3737 1712 3800 quem

156 3821 277 3884 laetitiae
291 3819 480 3892 facerent,at
496 3817 646 3900 pauperis
660 3817 796 3879 animam
811 3817 909 3880 abun·
964 3814 1099 3879 limbum
1115 3816 1256 3879 Christus
1271 3815 1496 3894 descendit3ad
1511 3833 1602 3896 quem
1618 3816 1712 3876 etiam

157 3920 287 3982 dantins
310 3916 551 3980 consolarentur
573 3935 609 3978 ae
630 3915 831 3979 honorarent.
848 3916 908 3978 lde-
964 3913 1099 3975 limbum
1115 3913 1345 3976 descenderant
1358 3913 1471 3976 anime
1486 3929 1656 3994 puerorum
1671 3912 1711 3974 ab

155 4020 220 4080 rito
244 4017 364 4099 quippe
388 4015 464 4078 huic
488 4032 588 4096 egeno
612 4015 755 4096 angelica
778 4013 907 4076 exhibe·
963 4011 1110 4093 originali
1126 4019 1257 4093 peccato
1273 4011 1619 4094 purgatorum3animae
1634 4031 1711 4094 qno·

155 4117 273 4180 bantur
286 4115 449 4196 obsequia,
463 4114 512 4176 eui
529 4121 639 4194 negata
655 4120 745 4175 erant
759 4113 904 4174 bumana.
963 4129 1025 4192 que
1047 4109 1123 4172 satis
1149 4110 1270 4192 punitae
1292 4110 1552 4191 ingrediebantur
1573 4110 1709 4173 limbum

197 4217 352 4276 Mortuus
370 4223 416 4272 eat
436 4221 544 4272 eutem
564 4221 594 4270 et
613 4213 716 4280 dives,
732 4219 832 4272 morte
853 4230 906 4273 na·
923 4217 947 4280 D
963 4209 1054 4272 illum
1080 4228 1181 4291 usque
1206 4209 1244 4270 ad
1269 4216 1397 4292 tempus
1418 4209 1587 4274 dominicae
1605 4228 1709 4272 resur-

156 4321 245 4384 turae,
267 4329 330 4392 qua
353 4310 459 4373 anima
483 4317 690 4391 separatura
714 4327 856 4391 corpore,
875 4317 906 4372 et
962 4309 1121 4372 rectionis.

154 4418 259 4474 morte
284 4409 397 4491 culpae,
423 4426 486 4490 qua
515 4414 680 4489 separatur
705 4427 724 4469 a
747 4408 903 4484 Creatore,
1003 4413 1143 4471 Eteonos
1170 4419 1277 4470 autem
1302 4414 1408 4469 oculos
1432 4431 1504 4470 suos
1529 4410 1707 4487 interiores,

155 4517 258 4573 morte
279 4525 406 4590 quoque
425 4505 591 4568 infernalis
611 4507 759 4580 miseriae,
776 4526 838 4589 qua
857 4527 904 4570 se·
962 4509 993 4570 id
1013 4515 1072 4580 est,
1088 4506 1199 4569 altiora
1222 4507 1426 4570 considerans
1444 4524 1585 4590 :nempe
1607 4529 1707 4591 quum

153 4615 287 4691 paratur
304 4605 411 4667 anima
431 4623 605 4686 asupema
625 4604 793 4684 felicitate3
810 4615 840 4664 et
859 4627 904 4666 se·
961 4607 1026 4669 sola
1055 4606 1163 4670 divitis
1187 4605 1294 4667 anima
1319 4605 1416 4668 luerit
1444 4607 1501 4682 ibi,
1528 4610 1707 4691 corporales

149 4711 269 4785 paullus
283 4714 329 4764 est
350 4705 384 4764 in
406 4705 540 4781 inferno
555 4724 566 4762 .·
582 4703 613 4764 id
634 4711 692 4776 ost,
709 4703 815 4765 anima
833 4704 903 4784 ejus
960 4705 1069 4766 oculos
1085 4722 1144 4766 nee
1160 4703 1271 4765 habuit
1287 4721 1345 4766 nec
1363 4703 1495 4785 levavit3
1512 4727 1612 4785 quum
1628 4719 1706 4770 esset

154 4807 187 4868 in
204 4802 365 4887 prolundo
380 4800 586 4864 infernalium
606 4800 757 4864 collocata
777 4809 825 4864 est
841 4809 902 4863 tor·
962 4806 996 4863 in
1012 4806 1181 4863 tormentis
1195 4803 1302 4866 damni
1319 4810 1350 4864 et
1369 4822 1492 4878 sensus,
1508 4805 1657 4869 videlicet
1672 4808 1705 4870 in

153 4910 349 4976 mentorum,
365 4907 397 4962 et
412 4900 494 4963 inira
509 4905 626 4961 terram
642 4899 731 4980 quasi
748 4899 779 4961 in
800 4906 904 4962 tumn·
960 4901 1100 4964 carentia
1124 4900 1281 4964 beatificae
1306 4901 1439 4964 visionis
1465 4904 1532 4975 Dei,
1554 4913 1649 4986 atque
1671 4908 1703 4970 in

20 5021 116 5064 ama
154 5004 185 5066 lo
206 5002 326 5074 clausa,
342 4999 427 5062 sicut
447 4999 479 5060 in
501 4998 664 5060 Ezechiele
684 4999 840 5080 propheta
857 5018 905 5061 se·
958 4998 1166 5062 sensibilibus
1182 4999 1350 5081 suppliciis
1365 5001 1483 5062 tartari.
1501 5001 1555 5063 Est
1569 5005 1654 5067 enim
1673 5007 1704 5068 in

7 5099 59 5202 3¹¹
74 5089 137 5128 '⁸²‘
153 5100 268 5185 pulcra
283 5117 394 5179 regum
410 5096 534 5178 AEgypti
554 5103 585 5157 et
599 5097 697 5158 Assur
711 5116 747 5158 ae
766 5097 902 5160 aliorum
959 5098 1023 5159 illis
1039 5098 1230 5160 aeternaliter
1250 5099 1469 5160 condemnatis
1489 5101 1581 5164 raldo
1601 5105 1705 5166 multi-

154 5201 310 5262 dicuntur
325 5197 357 5258 in
374 5194 499 5258 interno
520 5194 693 5256 consistere
714 5195 744 5257 in
761 5213 838 5277 gyro
853 5215 904 5258 co·
958 5197 1032 5278 plex
1048 5195 1147 5270 dolor,
1158 5214 1197 5258 ex
1213 5195 1359 5260 horribili
1375 5197 1555 5261 daemonum
1571 5201 1704 5275 visione,

154 5319 239 5362 rum.
266 5295 313 5360 lbi
338 5292 539 5376 sepeliuntur
563 5293 746 5374 parochiani
773 5294 902 5358 diaboli.
960 5315 998 5357 ex
1015 5302 1101 5357 certa
1114 5295 1269 5375 gravioris
1289 5313 1391 5378 poene
1411 5295 1525 5360 luturae
1544 5306 1705 5381 exspecta-
