4164 6258
440 458 501 523 210
791 482 940 531 nouimus
961 484 991 530 iv
1013 483 1087 530 rosr
1106 482 1302 530 animamur.
1321 499 1360 510 —
1382 482 1480 529 sunno
1501 478 1653 528 succubus

441 646 586 728 quotidie
606 650 721 716 divites
741 654 916 737 perimunt,
932 661 1010 738 quot
1030 654 1195 718 morienti*
1208 652 1235 717 A
1249 653 1338 717 licias
1359 653 1457 716 facitl
1472 652 1582 735 Neque
1603 650 1689 714 enim
1712 643 1846 710 minoris
1867 646 1912 704 cst
1927 639 1977 704 cri·

443 763 499 808 um
523 766 702 832 pauperum
727 753 872 816 subsidia
896 753 981 835 apud
1006 772 1040 815 se
1061 754 1193 816 abscon·
1248 753 1354 827 minis,
1376 752 1506 814 habenti
1526 750 1649 822 tollere,
1671 764 1769 830 quam
1793 759 1893 825 quum
1916 740 1978 800 dare

442 844 531 908 dunt.
549 847 628 910 Nam
649 850 725 914 dum
742 851 894 933 quaelibet
914 853 1092 915 necessaria
1113 852 1194 914 indi·
1249 852 1351 933 possis
1370 858 1401 913 et
1415 850 1569 922 abundas,
1586 843 1805 927 indigentibus
1827 840 1976 919 denegare.

442 937 593 1024 gentihus
612 948 843 1024 ministramus,
861 969 917 1012 sua
933 950 997 1012 illis
1019 951 1192 1025 reddimus,
1249 949 1465 1011 Esurientium
1490 947 1582 1030 panis
1606 951 1654 1007 est
1675 959 1773 1026 quem
1794 947 1829 1002 tu
1854 936 1978 1013 detines;

443 1061 508 1106 non
536 1053 644 1109 nostro
673 1047 836 1129 largimur.
864 1050 909 1112 Ex
935 1049 985 1112 his
1011 1049 1193 1124 innotescit,
1249 1049 1408 1109 nudorum
1423 1046 1649 1108 vestimentum
1667 1037 1819 1121 estquod
1839 1033 1978 1110 recludis3

444 1160 540 1223 quam
557 1144 775 1226 periculosum
791 1147 833 1210 sit
844 1146 1043 1222 investibus,
1052 1148 1194 1229 pecuniis
1250 1145 1439 1207 miserorum
1465 1141 1653 1224 redemptio,
1679 1136 1819 1222 pecunia
1843 1151 1932 1215 quam
1952 1132 1979 1192 in

444 1257 481 1301 ae
496 1241 643 1304 ciborum
655 1244 828 1325 generibus
842 1245 1195 1327 abundarepraesertim
1249 1252 1332 1306 terra
1354 1243 1477 1306 defodis
1501 1241 1608 1304 autin
1628 1237 1746 1302 scrinio
1766 1231 1897 1297 claudis.
1917 1230 1981 1292 Tan-

444 1357 544 1420 quum
565 1340 771 1406 beatissimus
785 1344 921 1406 loannes
939 1343 1080 1425 Baptista
1100 1344 1195 1405 docu-
1250 1349 1355 1405 torum
1371 1359 1445 1422 ergo
1459 1349 1491 1403 te
1507 1340 1588 1403 scias
1604 1338 1687 1401 bona
1701 1327 1981 1412 invadere,quantis

300 1437 505 1502 meminerit
522 1457 529 1501 ε
546 1437 605 1512 Qui
624 1439 721 1502 habet
742 1441 820 1502 duas
835 1440 972 1516 tunicas,
989 1440 1043 1502 det
1058 1458 1121 1504 non
1141 1441 1195 1502 ba·
1251 1439 1352 1522 possis
1376 1440 1461 1502 dare.
1486 1475 1526 1484 —
1550 1439 1594 1501 lle
1620 1437 1680 1499 hac
1707 1435 1841 1496 demum
1868 1425 1981 1490 materia

445 1534 552 1616 benti3
577 1545 609 1599 et
638 1537 694 1620 qui
724 1537 820 1599 habet
848 1556 948 1612 escas,
973 1538 1123 1600 similiter
1150 1538 1195 1600 fa·
1251 1538 1350 1601 multa
1370 1538 1473 1600 adhue
1493 1543 1599 1599 essent
1614 1532 1770 1596 dicenda:
1787 1546 1859 1611 quae
1874 1525 1983 1588 utvite·

444 1633 516 1695 ciat.
534 1634 694 1717 Quidquid
718 1635 816 1716 igitur
838 1635 1018 1699 Christiano
1039 1637 1079 1699 de
1101 1635 1193 1710 cibis,
1250 1643 1302 1698 tur
1317 1635 1492 1718 prolixitas,
1508 1633 1600 1696 alteri
1623 1635 1829 1694 reserventur
1849 1621 1981 1686 sermoni.

445 1730 581 1811 poculis,
606 1733 818 1808 vestimentis,
843 1753 880 1796 ac
908 1733 1070 1796 similibus
1100 1733 1194 1796 rebus
1296 1736 1468 1808 Postremo,
1498 1737 1655 1815 quantum
1685 1725 1906 1808 complaceant
1932 1721 1984 1781 Deo

445 1829 627 1910 superfluit,
645 1830 864 1911 indigentibus
884 1830 1122 1895 communicare
1140 1832 1195 1892 de·
1212 1830 1236 1892 B
1250 1850 1347 1915 opera
1361 1831 1593 1902 misericordiae,
1601 1834 1687 1911 patet
1700 1845 1739 1888 ex
1755 1821 1902 1903 exemplo
1916 1813 1984 1900 quod

445 1923 500 1988 bet
520 1945 557 1988 ac
578 1927 662 1990 dare.
1250 1939 1355 1993 narrat
1383 1930 1563 2011 Gregorius,
1593 1927 1704 1989 dicens
1732 1941 1739 1986 :
1767 1921 1841 1984 Fuit
1870 1917 1983 2001 quidam

487 2024 525 2085 Et
546 2043 585 2087 ne
608 2025 668 2088 ista
687 2026 784 2089 alicui
807 2027 1010 2089 incredibilia
1034 2027 1195 2110 nimisque
1251 2046 1368 2102 comes,
1398 2026 1622 2110 Theophanius
1655 2022 1799 2094 nomine,
1833 2019 1867 2080 in
1894 2015 1983 2096 dispo-

447 2120 527 2184 dura
545 2141 581 2185 ac
602 2123 703 2204 rigida
720 2124 900 2198 videantur,
917 2125 1083 2186 audiamus
1098 2125 1196 2187 verba
1250 2126 1364 2188 nendis
1388 2127 1437 2188 sui
1463 2125 1632 2187 comitatus
1654 2119 1792 2202 negotiis
1817 2124 1849 2179 et
1874 2111 1985 2177 secula·

446 2219 683 2301 praecipuorum
706 2222 875 2284 Doctorum
901 2229 933 2284 et
957 2223 1082 2285 Petrum
1104 2222 1196 2284 valde
1251 2223 1340 2285 ribus
1361 2224 1457 2285 rebus
1479 2221 1622 2305 quotidie
1644 2226 1834 2300 occupatus
1852 2221 1883 2277 et
1900 2209 1985 2273 nihilo

448 2323 642 2379 sanctorum.
660 2319 712 2380 Ait
732 2319 881 2401 equidem
908 2338 1041 2401 magnus
1065 2320 1119 2382 ille
1140 2321 1196 2382 Ba·
1251 2322 1358 2384 minus
1382 2321 1533 2403 operibus
1559 2317 1799 2390 misericordie,
1827 2308 1986 2396 presertim

447 2412 564 2474 silius:
582 2414 689 2476 sitibi
709 2415 817 2477 fateris
838 2417 991 2479 divinitus
1012 2418 1196 2500 provenisse
1252 2418 1470 2501 hospitalitati,
1492 2418 1584 2480 valde
1610 2417 1763 2478 intentus.
1791 2411 1853 2485 Qui
1877 2408 1986 2471 tandem

447 2512 639 2593 temporalia
653 2512 746 2588 bona,
764 2532 804 2575 an
821 2514 959 2595 injustus
976 2523 1023 2578 est
1038 2516 1131 2588 Deus,
1149 2516 1196 2577 in·
1252 2535 1365 2598 magna
1380 2517 1568 2579 infirmitate
1583 2522 1697 2586 tactus,
1715 2520 1747 2575 et
1762 2510 1933 2593 podagram
1945 2505 1988 2564 ha-

448 2609 614 2691 aequaliter
638 2630 688 2673 res
712 2611 805 2674 nobis
829 2612 1052 2676 distribuensf
1076 2615 1138 2677 Cur
1160 2621 1196 2674 tu
1252 2615 1342 2689 bens,
1365 2615 1397 2676 in
1418 2622 1541 2677 tantum
1562 2613 1647 2696 quod
1667 2611 1767 2694 pedes
1789 2607 1863 2689 ejus
1881 2613 1988 2667 tumore

448 2707 603 2783 abundas,
629 2709 684 2771 ille
708 2727 784 2772 vero
813 2711 984 2786 mendicat,
1010 2712 1072 2774 nisi
1103 2720 1137 2773 ut
1164 2719 1196 2772 tu
1252 2733 1288 2776 ac
1310 2714 1397 2776 sanie
1416 2713 1657 2796 torquebantur,
1674 2711 1713 2772 ad
1734 2709 1811 2771 vite
1833 2704 1988 2768 terminum

450 2806 541 2870 bonae
565 2808 812 2890 dispensationis
842 2810 956 2872 merita
980 2811 1195 2893 consequaris,
1253 2812 1349 2874 venit.
1373 2812 1410 2873 Et
1432 2819 1500 2874 erat
1523 2819 1600 2872 tunc
1626 2805 1907 2870 turbulentissima
1927 2817 1989 2862 aura

449 2905 504 2966 ille
528 2914 633 2968 autem
666 2907 827 2989 patientiae
855 2908 975 2970 braviis
1003 2909 1197 2971 decoretur?
1253 2918 1284 2972 et
1299 2918 1471 2992 tempestas
1486 2906 1821 2991 gravissimaPropter
1835 2901 1914 2985 quod
1928 2914 1990 2959 uxor

450 3003 601 3066 Famelici
620 3005 713 3086 panis
733 3013 781 3068 est
800 3024 896 3087 quem
914 3014 949 3067 tu
964 3007 1103 3085 detines;
1119 3007 1197 3070 nudi
1215 3003 1236 3066 (l
1253 3008 1323 3087 ejus
1344 3007 1628 3070 vehementissime
1649 3005 1754 3077 flevit,
1771 3003 1885 3064 dicens
1902 3019 1908 3062 :
1924 2993 1990 3070 Quid

450 3101 560 3163 tunica
588 3122 685 3184 quam
711 3110 745 3166 tu
776 3104 808 3164 in
838 3103 982 3166 conclavi
1012 3122 1197 3184 conservas3
1253 3105 1395 3168 laciaml
1420 3105 1560 3180 Qualiter
1584 3105 1623 3166 ad
1647 3102 1853 3185 sepulturam
1877 3105 1906 3160 te
1928 3092 1990 3157 elfe-

451 3197 634 3261 discalceati
665 3202 791 3263 calceus
821 3203 876 3282 qui
907 3202 991 3282 apud
1019 3210 1051 3263 te
1079 3221 1198 3265 merce·
1253 3223 1332 3278 ram,
1354 3211 1572 3286 quapropter
1590 3207 1818 3284 tempestatem
1839 3198 1929 3267 banc,
1949 3193 1991 3252 do

451 3295 530 3374 scit;
556 3297 726 3378 indigentis
753 3305 920 3380 argentum
945 3300 1030 3381 quod
1055 3301 1198 3381 possides
1254 3321 1343 3363 mum
1367 3302 1473 3382 egredi
1499 3303 1650 3382 nequeof
1674 3298 1733 3362 Cui
1755 3293 1921 3378 respondit
1942 3307 1992 3351 ma·

452 3393 655 3455 inhumatum
674 3402 729 3457 aut
747 3397 901 3458 clausum.
920 3397 1072 3470 Quocirca
1090 3405 1136 3460 tot
1154 3398 1200 3459 in·
1253 3401 1334 3462 ritus
1357 3419 1363 3463 :
1386 3399 1466 3471 Noli,
1491 3399 1618 3472 mulier,
1640 3397 1734 3470 flere,
1756 3394 1909 3478 quoniam
1933 3405 1991 3450 mcx

453 3490 636 3571 digentibus
660 3493 835 3571 injuriaris,
860 3502 938 3574 quot
960 3495 1034 3557 dare
1059 3494 1197 3557 valebas.
1254 3504 1289 3557 ut
1308 3497 1477 3559 defunctus
1497 3495 1600 3569 fuero,
1618 3494 1774 3558 serenitas
1795 3491 1925 3555 orietur.
1940 3487 1992 3559 Quo

453 3586 588 3668 Insuper
608 3588 657 3649 his
679 3589 811 3651 omnino
831 3591 1000 3653 concordat
1019 3593 1104 3673 quod
1128 3591 1201 3653 hea-
1254 3595 1349 3668 dieto,
1371 3595 1517 3677 protinus
1541 3593 1633 3668 obiit,
1655 3591 1835 3672 statimque
1859 3585 1992 3651 serenitas

454 3684 599 3746 tissimus
614 3685 658 3746 ait
672 3685 878 3750 Ambrosius:
895 3687 1055 3769 Numquid
1071 3689 1200 3770 iniquus
1255 3699 1302 3754 est
1318 3699 1434 3754 secuta.
1452 3693 1567 3766 Quarto
1588 3699 1697 3753 autem
1717 3690 1770 3752 die
1787 3709 1856 3752 suae
1871 3683 1992 3768 sepultu-

454 3788 504 3842 est
520 3781 656 3854 Deus,ut
670 3782 762 3845 nobis
777 3801 840 3846 uon
856 3784 1017 3864 aequaliter
1032 3785 1201 3848 distribuat
1255 3809 1308 3864 rae,
1325 3791 1442 3871 conjux
1465 3791 1567 3873 ipsius
1587 3790 1700 3853 volens
1722 3788 1867 3870 lapidem
1886 3779 1993 3864 corpori

455 3878 530 3940 vitae
546 3879 699 3955 subsidia,
716 3888 751 3942 ut
766 3888 800 3942 tu
815 3881 946 3962 quidem
962 3901 1046 3944 esses
1061 3883 1200 3946 affluens
1256 3887 1316 3949 viri
1331 3888 1570 3970 superpositum
1586 3888 1749 3969 deponere
1765 3904 1803 3946 ac
1822 3890 1949 3952 mutare,
1959 3877 1994 3939 fe-

456 3984 489 4038 et
503 3975 678 4052 abundans,
694 3979 748 4041 alii
764 3998 840 4042 vero
854 3984 1003 4062 egerent?
1019 3983 1066 4043 An
1082 3982 1200 4045 idcirco
1256 3985 1299 4046 cit
1312 3986 1429 4067 aperiri
1445 3985 1641 4068 sepulcrum.
1659 3985 1728 4058 Quo
1744 3983 1845 4056 facto,
1857 3998 1927 4043 mox
1940 3995 1995 4040 sua-

458 4074 560 4154 magis
580 4076 626 4136 sic
644 4076 770 4149 accidit,
788 4078 863 4158 quia
882 4086 913 4139 et
928 4078 987 4140 tibi
1003 4079 1103 4140 voluit
1118 4080 1200 4142 Deus
1255 4083 1406 4144 vissimus
1427 4085 1505 4145 odor
1526 4083 1636 4154 exivit,
1653 4101 1690 4144 ac
1712 4083 1741 4144 si
1763 4099 1827 4164 pro
1850 4075 1994 4142 vermibus

458 4170 663 4252 benignitatis
683 4190 747 4234 snae
764 4173 982 4254 experimenta
999 4175 1153 4249 conferre,
1170 4184 1201 4238 et
1214 4178 1240 4241 1)
1255 4188 1394 4242 aromata
1418 4181 1457 4243 de
1482 4198 1615 4263 corpore
1645 4179 1793 4242 defuncti
1826 4178 1994 4243 fluxissent;

456 4268 556 4330 alium
581 4286 638 4350 per
662 4269 813 4331 virtutem
840 4270 1001 4351 patientiae
1025 4278 1200 4335 coronaret
1256 4279 1352 4359 pedes
1376 4297 1504 4360 quoque
1529 4280 1632 4361 ipsius
1662 4278 1732 4340 sani
1758 4285 1792 4340 ct
1821 4274 1931 4356 integri
1957 4271 1994 4332 lu·

458 4365 505 4427 TU
526 4383 611 4446 0ng
632 4366 789 4449 susceptis
811 4366 867 4429 Dei
892 4367 1091 4442 muneribus,
1113 4377 1145 4431 et
1168 4371 1200 4431 in
1256 4383 1349 4436 erunt
1375 4376 1506 4438 inventi.
1535 4377 1623 4438 Unde
1653 4383 1780 4438 constat
1804 4370 1994 4458 quodetiam

458 4464 565 4525 sinum
586 4470 677 4525 tuum
697 4464 844 4538 redactis,
860 4465 942 4527 nihil
964 4473 1090 4546 reputas
1109 4485 1201 4546 agere
1256 4472 1402 4535 homines
1426 4473 1606 4548 seculares,
1628 4481 1660 4536 et
1682 4473 1812 4536 nobiles
1838 4491 1874 4534 ec
1897 4464 1995 4552 princi·

459 4568 491 4621 ῑθ
517 4559 675 4640 iniquum,
701 4561 727 4621 Si
753 4561 925 4624 mull0r11m
950 4561 1092 4624 subsidia
1116 4565 1201 4626 solus
1256 4588 1323 4650 pes,
1341 4589 1404 4634 non
1425 4572 1628 4635 obstantibus
1650 4570 1920 4654 occupationibus
1941 4563 1993 4628 suis

461 4654 628 4717 Oblissfflsl
652 4657 726 4728 Quis
753 4657 839 4719 essim
868 4666 933 4721 tam
963 4658 1112 4738 injustus,
1137 4668 1201 4723 tam
1257 4666 1289 4727 in
1311 4670 1534 4744 exterioribus,
1556 4678 1692 4752 possunt
1713 4669 1846 4732 actibus
1868 4666 1993 4730 insistere

460 4770 585 4826 avarus,
601 4771 698 4831 quam
713 4753 767 4835 qui
788 4755 959 4816 multorum
975 4756 1135 4831 alimenta,
1151 4779 1203 4821 su·
1256 4765 1417 4840 virtuosis,
1433 4776 1465 4829 et
1486 4767 1716 4831 misericordiae
1737 4767 1891 4830 insudare
1909 4761 1993 4845 operi·

462 4867 517 4912 um
532 4866 596 4912 non
611 4868 716 4925 usum,
733 4851 787 4913 sed
802 4851 1027 4915 abundantiam
1042 4862 1136 4937 atque
1151 4857 1202 4920 de·
1256 4862 1328 4939 bus,
1344 4864 1617 4949 hospitalitatique
1639 4885 1773 4949 operam
1797 4867 1883 4930 dare.
