4164 6258
435 471 495 538 266
655 489 805 538 consutos
825 491 857 537 Vl
877 491 951 539 POST
971 488 1167 538 TlllNl'l'A'l‘llll.
1189 508 1229 520 ·-·
1250 489 1292 537 Al)
1312 490 1509 553 astrolosos;
1532 490 1631 538 emo
1650 490 1780 548 QUINTUS

436 663 570 748 (inquit)
585 663 666 727 iram
682 662 715 726 in
730 662 849 747 quibus
864 663 1004 746 expedit,
1015 681 1056 726 ne
1070 663 1109 725 ad
1125 661 1185 724 illi·
1200 662 1226 726 Α
1243 669 1327 726 recte
1342 660 1470 738 dicitur,
1482 681 1669 746 perversum
1685 663 1829 744 videtur3
1843 669 1872 727 et
1885 681 1961 730 omne

438 765 501 827 cita
526 763 715 846 inutiliaque
739 768 936 845 prorumpat.
962 762 1066 825 Nolite
1093 762 1185 824 irasci
1241 761 1279 824 ad
1302 761 1386 844 quod
1412 762 1458 824 ira
1483 761 1623 843 instigat,
1643 761 1831 826 rationabile
1851 763 1960 844 judicat.

437 861 487 925 bis
503 862 557 945 qui
573 861 666 925 vobis
680 860 862 924 transitoria
876 859 1097 942 aulerunt,qui
1114 878 1187 923 con·
1240 861 1383 942 itemque
1400 878 1406 922 :
1424 861 1482 923 Pcr
1500 860 1592 936 iram,
1610 861 1726 943 inquit,
1743 861 1892 943 sapientia
1907 882 1962 946 per·

436 961 515 1024 vitia
529 958 682 1033 inierunt,
698 959 755 1040 qui
770 957 930 1042 supplicia
950 958 1107 1040 ingerunt.
1124 959 1186 1020 lra-
1241 955 1337 1035 ditur,
1354 965 1389 1021 ut
1410 958 1487 1040 quid
1508 976 1612 1042 quove
1630 959 1742 1022 ordine
1762 960 1908 1042 agendum
1920 962 1961 1034 sit,

436 1058 564 1121 scimini
580 1058 609 1121 ei
624 1076 696 1140 quas
712 1057 779 1122 sola
793 1063 898 1140 potest
912 1057 1186 1141 nocere,propriae
1241 1057 1411 1119 nesciatur.
1438 1056 1518 1120 llinc
1547 1057 1666 1120 Seneca
1690 1057 1773 1121 dixit
1798 1075 1805 1119 :
1830 1057 1894 1121 'libi
1917 1059 1962 1123 ira-

436 1157 560 1222 scilicct
579 1155 751 1239 iniquitati.
768 1155 862 1219 Nulla
882 1155 968 1218 enim
989 1155 1119 1219 nocebit
1132 1156 1185 1218 ad·
1242 1155 1343 1218 scenti
1368 1155 1449 1218 nibil
1472 1155 1546 1219 volo
1570 1155 1677 1232 licere,
1696 1156 1848 1238 quoniam
1870 1163 1897 1220 te
1917 1159 1961 1220 ira-

435 1255 580 1328 rersitas,
597 1255 624 1317 si
640 1253 729 1317 nulla
748 1253 931 1318 dominetur
948 1253 1109 1335 iniquitas.
1126 1254 1184 1327 Oui
1243 1260 1361 1326 scente,
1377 1254 1485 1318 omnia
1499 1261 1592 1336 putas
1607 1254 1666 1316 tibi
1681 1254 1770 1318 licita
1789 1272 1865 1318 esse.

436 1354 503 1416 suis
518 1352 658 1436 peccatis
674 1351 815 1435 perlecto
830 1352 1105 1426 irascitur,ceteris
1121 1369 1184 1414 non
1282 1351 1397 1425 Tertio,
1414 1351 1565 1435 quoniam
1586 1352 1632 1416 ira
1651 1352 1685 1415 in
1707 1372 1741 1416 sc
1763 1352 1833 1435 ipsa
1852 1354 1963 1436 penalis

436 1450 800 1525 movetur.—Sed,hout
813 1449 888 1532 quia
902 1450 940 1512 ad
957 1449 1089 1512 minima
1104 1469 1186 1532 quaa·
1242 1457 1300 1522 est,
1322 1457 1354 1512 ct
1376 1450 1521 1532 quaedam
1546 1449 1683 1513 aillictio
1706 1451 1822 1514 cordis.
1841 1451 1912 1514 Sunt
1930 1459 1963 1514 ct-

435 1569 499 1634 que
519 1568 656 1632 quorum
676 1548 768 1612 nobis
789 1566 959 1611 concessus
979 1556 1028 1612 est
1046 1568 1123 1611 usus
1139 1549 1185 1610 in·
1241 1549 1328 1612 enim
1344 1550 1488 1632 quaedam
1504 1549 1582 1611 vitia
1596 1549 1631 1611 in
1645 1569 1680 1612 se
1694 1549 1901 1624 delectabilia,
1914 1571 1963 1612 ma-

434 1649 579 1711 ordinate
594 1647 769 1722 allicimur,
781 1647 808 1710 si
822 1647 944 1729 aliquid
960 1647 1074 1710 horum
1091 1647 1183 1709 nobis
1241 1647 1326 1711 xime
1341 1667 1411 1729 quaa
1426 1649 1465 1710 ad
1481 1655 1600 1710 tactum
1614 1656 1807 1732 gustumque
1822 1649 1963 1732 pertinent.

434 1746 650 1820 subtrahatur,
667 1753 722 1808 ant
741 1745 781 1808 ab
800 1763 839 1808 eo
861 1745 912 1808 cui
935 1763 1085 1808 concessa
1109 1745 1181 1818 luit,
1240 1747 1309 1808 Alia
1325 1746 1357 1808 in
1373 1766 1406 1809 se
1422 1745 1501 1829 ipsis
1516 1755 1591 1808 sunt
1605 1747 1845 1829 poenalia,sicut
1858 1747 1963 1818 invidia,

435 1862 485 1906 res
501 1844 584 1907 male
605 1851 768 1917 tractetur,
784 1851 839 1905 aut
857 1861 920 1905 non
941 1843 1017 1905 satis
1034 1843 1097 1905 cito
1118 1843 1183 1905 lue·
1201 1844 1225 1906 B
1241 1845 1298 1919 ira,
1315 1845 1501 1926 indignatio,
1518 1845 1706 1919 amaritudo,
1718 1845 1920 1928 impatientia,
1929 1846 1966 1908 in-

435 1942 476 2004 rit
492 1943 648 2016 restituta,
664 1941 763 2004 instar
777 1941 945 2003 brutorum
963 1941 1140 2014 irascimur,
1152 1949 1182 2004 et
1239 1943 1403 2005 ordinatus
1437 1943 1534 2005 timor
1563 1962 1599 2006 ac
1631 1962 1758 2007 moeror.
1790 1943 1906 2007 idcirco
1932 1945 1965 2005 ait

435 2059 492 2124 per
507 2041 603 2103 verba
617 2059 653 2102 ac
669 2040 759 2121 signa
774 2039 957 2102 interiorem
974 2047 1184 2102 monstramus
1238 2041 1449 2123 Hieronymus
1468 2059 1474 2102 :
1492 2041 1572 2115 Quid
1595 2041 1747 2105 iracundo
1766 2060 1846 2104 suus
1865 2043 1965 2105 conlrrt

435 2139 602 2202 insaniam.
629 2138 789 2220 Fugienda
815 2137 912 2218 igitur
935 2137 1027 2199 nobis
1053 2145 1101 2199 est
1125 2138 1181 2212 ira,
1238 2137 1338 2213 furor,
1360 2157 1456 2221 quem
1477 2140 1661 2203 saevissimis
1680 2139 1820 2222 exagitat
1839 2140 1964 2214 stimulis,

435 2237 588 2320 quoniam
614 2237 751 2299 maxime
781 2236 871 2298 dccet
899 2253 1027 2298 omnam
1058 2235 1183 2317 religio·
1239 2244 1270 2300 et
1294 2238 1336 2299 ita
1357 2238 1397 2299 ab
1418 2237 1505 2299 omni
1529 2237 1606 2299 lacit
1625 2237 1760 2302 consilio
1783 2238 1965 2311 alienum,ut

436 2355 508 2398 sum
531 2336 750 2398 mansuetudo.
1239 2335 1315 2396 dum
1339 2335 1496 2410 irascitur,
1516 2335 1657 2398 insanire
1676 2337 1847 2398 credaturl
1861 2337 1925 2398 ldeo
1941 2337 1964 2396 in

470 2435 518 2496 lra
533 2451 608 2497 vero
624 2434 781 2516 praecipue
797 2433 825 2495 ei
842 2431 954 2494 illicita
970 2431 1182 2514 indeceusque
1239 2433 1461 2496 Ecclesiastico
1483 2434 1599 2515 legitur
1617 2451 1624 2496 :
1640 2434 1708 2497 Non
1729 2443 1776 2497 est
1800 2453 1907 2498 sensus
1923 2434 1965 2496 ubi
1982 2459 2036 2500 rm.

436 2531 590 2596 consistit.
614 2531 729 2605 Primo,
755 2521 906 2614 quoniam
933 2548 1039 2592 coram
1064 2531 1128 2593 lleo
1152 2537 1183 2592 ct
1237 2530 1378 2593 abundat
1392 2531 1588 2611 amaritud0;
1604 2539 1636 2594 et
1651 2531 1778 2606 iterum,
1796 2532 1852 2594 Vir
1866 2525 2029 2624 ἰηοιιιι-ζζΜ

434 2631 556 2712 angelis
579 2630 696 2694 sanctis
718 2628 796 2692 lacit
817 2629 978 2691 hominem
1000 2627 1183 2711 aspernabi-
1238 2629 1297 2691 dus
1328 2629 1470 2691 incendit
1498 2629 1597 2691 litem.
1624 2629 1740 2711 Sicque
1770 2629 1818 2692 ira
1846 2629 1999 2692 estaliisu.
2062 2705 2063 2708 Ἴ

435 2726 1031 2804 lem,inordinatumdelormem,latuo
1046 2727 1182 2790 similem
1238 2745 1365 2809 quoque
1387 2727 1478 2789 valde
1500 2727 1622 2790 nociva.
2062 2709 2063 2724 ¹

435 2835 466 2890 ct
491 2828 585 2890 bruto
610 2827 819 2900 conformem,
843 2826 993 2909 quoniam
1015 2826 1184 2889 vehemen-
1277 2826 1403 2900 Quarto,
1420 2826 1570 2907 quoniam
1587 2826 1634 2888 ira
1649 2827 1687 2888 de
1703 2826 1886 2892 habitaculo
1899 2845 1968 2888 men-

435 2934 483 2990 ter
504 2933 652 3000 excaecat,
671 2925 837 3008 perturbat
857 2932 889 2987 ct
910 2925 1005 3006 agitat
1030 2932 1180 2986 mentem.
1238 2925 1279 2987 tis
1296 2925 1449 3007 Spiritum
1467 2925 1616 2988 Sanctum
1633 2924 1776 3008 expellit,
1795 2934 1828 2990 et
1842 2943 1968 3006 suegre-

435 3025 509 3088 ldeo
532 3024 577 3087 ait
597 3025 761 3107 Scriptura
779 3024 912 3086 :Virum
934 3022 1068 3085 stultum
1089 3023 1183 3085 inter·
1199 3025 1221 3088 C
1238 3023 1419 3086 tiosissimae
1448 3023 1689 3085 inhabitationis
1712 3041 1749 3085 ac
1774 3023 1968 3106 susceptionis

335 3156 346 3185 c
370 3156 397 3184 ,γ
435 3123 506 3184 licit
530 3122 704 3185 iracundia.
722 3123 760 3184 Et
784 3120 931 3185 Salomon
957 3121 1097 3202 loquitur
1114 3139 1121 3182 :
1137 3121 1182 3183 Ne
1239 3121 1413 3183 inhabilem
1438 3129 1469 3184 et
1491 3121 1675 3204 incapacem
1700 3123 1813 3184 statuit
1836 3123 1966 3184 animam.

316 3235 321 3246 ·
435 3221 478 3284 sis
494 3221 585 3284 velox
605 3221 644 3283 ad
666 3220 879 3292 irascendum,
896 3219 971 3301 quia
992 3219 1037 3280 ira
1057 3219 1089 3280 in
1109 3219 1182 3280 sinu
1238 3220 1392 3282 Dominus
1406 3221 1504 3294 enim,
1520 3221 1611 3301 juxta
1625 3221 1791 3302 antiquam
1809 3219 1967 3283 translatio
2061 3237 2062 3250 ¹

434 3319 522 3382 stulti
547 3317 693 3402 quiescit.
712 3318 766 3380 Est
787 3317 907 3380 etenim
930 3318 975 3378 ira
997 3317 1104 3379 lcrvor
1124 3317 1182 3378 ini·
1237 3337 1322 3392 nem,
1341 3337 1397 3400 per
1411 3318 1524 3380 lsaiam
1540 3326 1732 3400 protestatur
1750 3336 1756 3380 :
1774 3319 1878 3402 Super
1891 3333 2018 3400 quemue
2027 3346 2038 3372 ÷·.

433 3437 517 3500 quus
540 3417 691 3480 interiora
713 3417 892 3489 devastans,
910 3423 943 3477 et
963 3415 1095 3477 flamma
1113 3434 1182 3495 gra·
1238 3417 1416 3498 requiescet
1431 3417 1563 3500 spiritus
1579 3435 1681 3492 meus,
1699 3417 1762 3480 nisi
1782 3436 1881 3499 super
1895 3417 1967 3498 quic·
1979 3403 2009 3442 '³'

433 3516 509 3577 tiam
527 3515 582 3577 Dei
599 3531 799 3576 consumens.
810 3513 940 3595 Propter
954 3513 1039 3594 quod
1054 3513 1097 3574 ait
1112 3513 1183 3574 Ber·
1237 3523 1304 3577 tum
1329 3523 1361 3578 et
1378 3515 1557 3578 humileml
1572 3516 1621 3577 lra
1639 3515 1790 3597 equidem
1812 3515 1911 3578 elficit
1927 3515 1969 3576 ho

434 3613 553 3674 nardus
574 3629 581 3674 ε
603 3612 755 3674 lmmauis
779 3612 881 3675 bestia
905 3611 1000 3673 draco
1025 3618 1083 3682 est,
1103 3611 1180 3673 llatu
1238 3613 1357 3675 minem
1378 3612 1605 3686 inordinatum,
1622 3614 1806 3690 contusum,
1824 3615 1969 3678 turbulen-

435 3710 529 3791 igueo
551 3709 707 3791 quidquid
731 3709 868 3791 attigerit
892 3727 1020 3782 necans,
1047 3727 1110 3771 non
1135 3727 1182 3771 so·
1237 3719 1317 3784 tum,
1342 3711 1522 3792 inquietum
1546 3719 1578 3773 ct
1600 3712 1804 3777 animositate
1827 3714 1967 3777 inflatum.

434 3811 501 3873 lum
527 3807 644 3870 bestias
668 3815 770 3883 terrae,
792 3808 846 3870 sed
871 3815 902 3870 et
926 3807 1072 3870 volucres
1096 3807 1178 3870 coeli.
1236 3809 1315 3871 llinc
1344 3809 1389 3870 ait
1418 3809 1587 3890 Gregorius
1612 3810 1699 3873 :Per
1729 3811 1824 3888 iram,
1850 3812 1969 3895 Spiritus
2060 3837 2061 3900 q

433 3909 524 3970 Hunc
540 3924 598 3987 ego
619 3905 789 3970 iracundian
804 3907 953 3989 spiritum
969 3925 1049 3968 reor.
1066 3906 1180 3979 Quanti
1236 3907 1342 3971 Sancti
1359 3907 1510 3990 splendor
1524 3908 1696 3984 excutitur,
1713 3910 1769 3992 qui
1785 3930 1883 3993 super
1896 3909 1969 3992 quie
1990 3939 2003 3980 Ι,
2017 3952 2026 3964 1.
2060 3907 2061 3918 ’

432 4007 530 4069 ctiam
559 4003 707 4067 sublimis
732 4005 815 4078 vita,
841 4011 877 4065 ut
898 4005 1076 4079 videbatur,
1101 4003 1180 4067 llatu
1236 4013 1352 4068 tumet
1371 4005 1525 4068 humilem
1543 4006 1745 4088 requiescere
1764 4009 1893 4078 dicitur,
1909 4007 1970 4089 quia

433 4104 521 4167 illius
536 4103 683 4167 draconis
699 4103 815 4166 misere
830 4103 907 4166 satis
929 4104 959 4165 in
976 4121 1010 4165 os
1025 4103 1096 4184 ejus
1111 4122 1181 4164 rue·
1236 4106 1312 4167 dum
1338 4106 1385 4167 ira
1409 4105 1508 4167 menti
1532 4105 1675 4187 quietem
1700 4105 1872 4180 subtrahit,
1893 4124 1969 4169 suam

433 4211 518 4278 runt,
534 4203 589 4286 qui
611 4203 727 4266 melius
742 4202 805 4263 sibi
826 4201 904 4284 ipsis
925 4201 1017 4264 irasci
1035 4210 1180 4284 poterant
1196 4207 1220 4268 D
1236 4204 1368 4287 Spiritui
1385 4204 1499 4267 Sancto
1519 4203 1748 4267 habitationem
1766 4205 1895 4268 claudit.
1911 4204 1969 4266 ldoo

433 4321 473 4366 ne
495 4310 674 4386 peccarent.
1236 4311 1363 4366 sanctus
1387 4303 1518 4387 quidam
1541 4303 1677 4366 asseruit
1704 4305 1839 4368 eremita
1865 4323 1871 4366 :
1896 4303 1970 4366 Sicut

472 4402 629 4474 Secundo,
646 4401 797 4483 quoniam
815 4399 861 4461 ira
881 4417 939 4482 per
954 4400 1110 4462 exteriora
1124 4419 1180 4462 sua
1235 4403 1344 4465 lumus
1365 4403 1524 4485 hospitem
1544 4402 1677 4485 expellit
1695 4403 1735 4466 de
1754 4403 1862 4478 domo,
1878 4403 1920 4465 sic
1933 4402 1969 4462 in
2059 4457 2060 4466 ,

432 4499 550 4562 indicia
574 4507 623 4562 est
643 4499 779 4562 aliorum
804 4498 940 4560 multum
966 4498 1181 4561 scandalizati·
1235 4501 1390 4582 Spiritum
1418 4502 1568 4563 Sanctum
1592 4500 1632 4562 ab
1656 4501 1785 4581 anim03
1811 4509 1845 4565 et
1868 4502 1969 4564 denuo.

430 4618 480 4672 va,
498 4597 638 4679 facitque
653 4598 815 4661 hominem
836 4596 1022 4659 hominibus
1042 4604 1181 4659 contem·
1234 4600 1408 4662 iracundus
1423 4599 1520 4662 bomo
1534 4599 1661 4662 etiamsi
1681 4607 1825 4663 manuos
1841 4600 1968 4666 susciter.

430 4695 579 4779 ptibilem
594 4703 626 4758 et
641 4696 800 4758 insensato
815 4695 1081 4758 consimilemlra
1094 4715 1181 4758 nam·
1234 4698 1298 4761 Deo
1320 4715 1383 4761 non
1406 4699 1518 4781 placet.

432 4813 494 4877 que
517 4813 574 4876 per
598 4811 672 4857 suos
694 4794 830 4857 allectus
852 4794 1017 4856 evidenter
1039 4795 1180 4877 erumpit
1273 4796 1399 4870 Quinto,
1412 4796 1562 4878 quoniam
1580 4797 1626 4860 ira
1641 4797 1717 4860 lacit
1732 4797 1896 4862 hominem
1910 4795 1969 4860 aliis

431 4901 463 4956 et
483 4893 588 4975 prodit
609 4911 643 4956 se
665 4894 779 4976 ipsam,
796 4901 891 4974 atquc
915 4892 947 4955 in
969 4899 1092 4955 tantum
1119 4894 1178 4955 ira·
1233 4912 1416 4968 onerosum,
1433 4902 1465 4957 ct
1483 4895 1522 4958 ad
1540 4896 1691 4959 socialem
1705 4896 1804 4959 vitam
1825 4897 1967 4978 ineptum.

432 5000 574 5055 scentem
598 4994 770 5067 dementat,
794 4999 829 5054 ut
852 4991 1008 5074 quidquid
1033 4992 1095 5056 sibi
1121 5011 1178 5075 pro
1234 4994 1363 5075 Propter
1387 4993 1472 5075 quod
1501 4993 1650 5056 Salomon
1680 5002 1877 5058 contestatur
1900 5011 1908 5056 :
1929 4993 2008 5054 lrar‘:
2023 5011 2053 5038 u·-

431 5099 507 5154 tuno
522 5091 659 5166 ridetur,
671 5091 828 5174 quidquid
844 5090 985 5171 suggerit
1000 5091 1116 5173 passio,
1131 5092 1180 5173 ju·
1234 5109 1297 5154 non
1322 5091 1418 5154 habet
1443 5092 1706 5166 misericordiam,
1724 5112 1784 5156 nec
1809 5075 1991 5174 erumpens*

431 5196 516 5252 stum
541 5209 578 5252 ao
603 5190 728 5252 licitum
753 5188 933 5251 arbitretur.
955 5189 1078 5252 ldcirco
1101 5189 1180 5252 dicit
1233 5189 1338 5270 turor3
1355 5197 1387 5252 et
1403 5190 1559 5273 impetum
1580 5191 1728 5254 concitati
1749 5191 1882 5274 spiritus
1896 5190 1966 5251 lerrc
1985 5237 2031 5279 ,w

432 5286 620 5369 Gregorius:
633 5287 729 5351 llcnti
744 5287 852 5350 lurore
870 5285 967 5350 ebria
983 5304 1078 5350 omne
1094 5288 1178 5370 quod
1233 5288 1306 5370 quis
1332 5287 1471 5371 poteritt
1496 5290 1679 5372 Rursusque
1706 5308 1712 5353 :
1740 5289 1896 5373 Spiritum
1916 5287 2000 5368 (in-u
