4140 6258
470 457 532 522 ³72
689 472 838 522 nonnum
858 473 891 520 xu
911 473 985 522 rosr
1004 471 1197 521 murmurari.
1217 489 1258 502 -
1277 471 1320 518 an
1339 471 1533 536 neurorosos;
1555 471 1654 520 suano
1674 471 1801 529 oumuus

472 643 613 728 praetulit
633 644 705 708 aliis
727 644 760 707 in
782 642 949 708 sanctitate
976 649 1008 706 et
1029 642 1138 724 gratia.
1161 641 1220 705 Sed
1234 640 1260 704 A
1275 641 1387 717 Deum,
1404 642 1436 705 id
1456 650 1505 705 est
1525 641 1720 724 adjutorium
1743 639 1850 723 gratia
1866 640 1973 716 Deinm

472 751 505 808 et
526 744 626 807 David
655 743 761 827 primo
788 742 1051 826 Paralipomenon
1081 740 1222 822 loquitur
1275 750 1431 823 suggeret.
1448 741 1520 804 Vidi
1542 759 1596 804 ora
1617 741 1791 823 gratiarum
1812 740 1930 804 actiones
1944 760 1975 804 re

472 842 537 906 Deo
548 863 555 906 ε
568 842 682 932 Fecisti
699 860 750 904 me
765 840 973 924 spectabilem
989 859 1054 922 prae
1069 838 1220 903 omnihus
1274 839 1437 913 ferentem,
1445 846 1477 902 ct
1489 857 1527 902 ex
1543 839 1671 922 propria
1686 837 1852 921 prudentia
1863 856 1891 900 se
1904 838 1974 920 ipsun

353 958 359 969 ’
472 940 668 1004 hominibus.
686 940 830 1022 Denique
850 946 998 1021 peccator
1015 938 1047 1000 in
1064 946 1219 1020 quantum
1275 938 1480 1001 extollentem
1510 956 1547 1000 ae
1576 935 1847 1024 magnificantem.
1872 937 1977 1000 laetatur

472 1038 669 1120 hujusmodi,
691 1037 945 1120 contemptibilis
966 1043 1024 1111 est,
1044 1042 1076 1098 et
1096 1035 1181 1117 juste
1201 1053 1221 1097 a
1275 1036 1334 1098 hoc
1349 1036 1525 1100 Pharisaeus
1541 1035 1595 1098 ille
1611 1035 1732 1098 ironice
1747 1033 1975 1110 dicenstobcus,

470 1134 558 1215 justo
576 1134 804 1208 contemnitur,
819 1133 910 1213 juxta
925 1132 1006 1194 illud
1019 1131 1218 1195 Psalmistae:
1274 1134 1390 1216 gratias
1411 1152 1469 1215 ago
1490 1133 1560 1196 tibi.
1578 1133 1650 1196 llaec
1671 1132 1841 1196 Climaeus

335 1250 375 1296 1³2.
384 1264 427 1304 nv,
436 1254 456 1296 u.
471 1233 518 1296 Ad
533 1233 672 1296 nihilum
688 1232 840 1296 deductus
855 1239 904 1294 cst
919 1232 951 1294 in
967 1238 1137 1313 conspeetu
1152 1230 1220 1311 ejus
1321 1232 1484 1306 Preterca,
1511 1238 1546 1294 ut
1569 1231 1604 1293 in
1628 1230 1763 1294 homilia
1791 1230 1915 1312 loquitur
1935 1232 1976 1294 lu·

473 1332 642 1413 malignus.
826 1383 831 1391 .
1274 1330 1432 1412 gustinus,
1459 1329 1583 1412 species
1607 1328 1705 1410 hujus
1734 1327 1886 1410 superbia
1904 1337 1977 1410 potest

512 1431 551 1492 Et
571 1429 841 1512 respondendum,
857 1429 943 1511 quod
963 1427 1138 1491 Pharisaeus
1159 1427 1219 1489 iste
1274 1430 1371 1492 etiam
1393 1429 1567 1511 subrepere
1581 1437 1614 1490 et
1628 1427 1774 1490 accidere
1793 1427 1901 1490 homini
1916 1428 1977 1509 justo

473 1528 695 1611 multipliciter
714 1527 777 1589 fuit
799 1526 970 1608 culpabilis
989 1545 1025 1589 ac
1048 1525 1216 1607 superbus.
1274 1535 1306 1590 et
1333 1527 1423 1591 bonae
1453 1527 1522 1609 spei
1551 1527 1630 1589 uiro.
1661 1525 1816 1599 Quocirca
1841 1525 1977 1600 sciendum,
2047 1533 2048 1540 ’

471 1626 588 1700 Primo,
604 1627 680 1708 quia
700 1626 739 1688 de
762 1644 796 1688 se
818 1625 887 1707 ipso
906 1624 1062 1705 judicavit
1080 1625 1216 1686 incaute.
1274 1627 1359 1708 quod
1385 1645 1484 1708 quum
1516 1624 1667 1707 superbia
1695 1624 1736 1687 sit
1760 1624 1882 1706 quidam
1902 1631 1978 1686 tumor

470 1724 549 1788 Nam
574 1725 647 1787 dato
670 1724 755 1806 quod
779 1728 852 1786 ante
875 1722 990 1784 fuisset
1012 1721 1128 1802 justus,
1153 1738 1217 1784 non
1274 1733 1368 1806 atque
1386 1724 1481 1787 elatio
1497 1723 1610 1798 animi,
1626 1741 1660 1785 se
1680 1723 1787 1805 ipsum
1810 1723 1884 1784 ultra
1902 1723 1980 1784 tenui·

469 1829 578 1886 mmen
594 1821 862 1887 certitudinaliter
878 1820 971 1883 scivit
987 1837 1020 1882 se
1035 1819 1152 1881 habere
1167 1837 1217 1880 ca·
1235 1820 1259 1883 B
1274 1841 1352 1885 num
1373 1823 1435 1885 sibi
1455 1820 1625 1904 praefixum
1646 1819 1813 1884 efferentis
1827 1829 1856 1884 et
1868 1821 1979 1902 magnifi-

469 1923 597 1986 ritatem
624 1929 655 1984 et
678 1921 813 2004 gratiam
839 1940 846 1984 :
874 1919 995 1982 idcirco
1019 1936 1082 1981 non
1107 1919 1219 1981 debuit
1274 1921 1385 1996 cantis,
1407 1927 1530 1983 constat
1552 1920 1637 2002 quod
1662 1919 1816 2002 superbia
1837 1919 1936 1983 oriatur
1953 1938 1979 1982 er

471 2039 545 2082 cum
559 2027 646 2088 tanta
664 2019 839 2083 assertione
853 2018 976 2099 justum
992 2024 1024 2078 et
1037 2017 1217 2080 virtuosum
1273 2018 1526 2082 consideratione
1541 2037 1598 2080 scu
1614 2018 1865 2101 apprehensione
1877 2017 1980 2098 alicujus

470 2137 504 2182 se
519 2126 676 2202 reputare.
689 2118 778 2193 Quod
792 2124 898 2179 tamen
915 2113 1133 2196 agendo,fecit
1147 2133 1218 2179 con·
1272 2117 1348 2180 honi
1367 2137 1425 2180 seu
1444 2117 1627 2180 eminentiae
1645 2116 1708 2179 sihi
1728 2116 1927 2179 inexsistentis
1942 2123 1980 2177 rut

470 2224 518 2279 tre
534 2217 565 2279 id
581 2217 666 2299 quod
682 2216 716 2278 in
732 2214 955 2278 Ecclesiastico
971 2214 1127 2296 scriptum
1143 2221 1191 2276 est
1207 2233 1215 2278 ι
1272 2216 1492 2281 convenientis
1507 2235 1581 2278 vere
1596 2223 1649 2279 aut
1663 2215 1922 2280 estimativaldeo
1932 2231 1981 2297 pro

324 2334 454 2388 aetuans.
469 2315 538 2378 Non
554 2323 585 2377 te
599 2314 760 2396 justifices
775 2320 848 2376 ante
863 2312 1217 2394 Deum.Secund0,quia
1272 2325 1307 2379 ut
1327 2317 1452 2380 diversa
1475 2323 1549 2379 sunt
1570 2315 1711 2380 hominis
1735 2314 1830 2390 bona,
1850 2314 1980 2395 multiplex

469 2414 509 2476 dc
534 2413 682 2497 proximo
705 2430 774 2487 suo,
794 2411 945 2474 uidelicet
968 2410 1151 2493 publicano,
1174 2418 1217 2472 te·
1272 2415 1436 2478 invenitur
1459 2413 1619 2497 superbia.
1637 2414 1717 2477 Sunt
1738 2414 1827 2476 enim
1849 2411 1920 2474 bona
1937 2409 1980 2472 fur·

470 2511 605 2574 merarie
627 2510 794 2592 judicavit.
818 2510 921 2583 Quum
946 2509 1033 2572 enim
1058 2509 1217 2590 ignoraret
1270 2521 1367 2586 tunae,
1384 2521 1459 2575 sunt
1480 2512 1563 2575 bona
1584 2512 1746 2587 Ecclesia,
1762 2519 1838 2574 sunt
1856 2510 1925 2572 hona
1943 2527 1980 2570 na·

468 2610 546 2692 quid
569 2611 653 2672 Deus
676 2608 708 2670 in
731 2607 936 2670 interioribus
957 2607 1120 2689 publicani
1142 2625 1216 2689 ope·
1271 2619 1361 2685 turae,
1379 2618 1453 2674 sunt
1474 2618 1506 2674 ct
1529 2610 1613 2674 bona
1637 2610 1756 2690 gratiae.
1773 2609 1858 2672 Bona
1878 2607 1981 2672 fortuna

467 2717 601 2784 raretur,
616 2708 773 2790 judicavit
787 2725 861 2769 eum
881 2706 984 2769 adhuc
1005 2707 1037 2768 in
1053 2706 1215 2769 veteribus
1272 2717 1346 2772 sunt
1375 2707 1593 2793 possessiones
1623 2716 1775 2787 terrenae3
1800 2707 1878 2770 bona
1901 2713 1980 2769 auten

466 2807 555 2870 vitiis
577 2807 816 2890 perdurantem,
834 2806 888 2888 qui
911 2823 986 2868 vere
1007 2813 1040 2868 et
1057 2805 1149 2868 valde
1171 2813 1215 2867 ta-
1271 2806 1422 2870 Ecclesiae
1441 2806 1504 2868 dici
1525 2811 1656 2888 possunt
1673 2805 1726 2867 vel
1745 2803 1937 2868 ecclesiastici
1951 2819 1983 2863 re

467 2914 548 2980 ctus,
565 2912 788 2989 compunctus,
805 2903 1026 2967 inflammatus
1047 2911 1079 2966 et
1099 2904 1216 2967 illumi·
1271 2904 1368 2978 ditus,
1394 2903 1446 2967 ucl
1470 2902 1693 2966 ecclesiasticae
1723 2903 1902 2984 dignitates3
1922 2901 1981 2962 bona

466 3011 559 3067 natus
579 3003 642 3066 fuit
656 3023 674 3066 a
689 3003 764 3077 Deo,
782 3003 838 3085 qui
857 3009 961 3085 potest
979 3002 1039 3065 hoc
1059 3008 1161 3064 totum
1182 3003 1214 3063 in
1230 3004 1253 3069 tl
1271 3019 1347 3065 vero
1369 3009 1490 3065 nature
1512 3008 1587 3064 sunt
1607 3001 1766 3064 naturalia
1786 3001 1876 3075 dona,
1889 3007 1919 3061 ut
1933 2997 1983 3080 pul·

411 3169 415 3182 ,
466 3101 612 3184 quolibet
641 3109 807 3183 peccatore
837 3099 1074 3183 quantumlibet
1101 3099 1213 3182 impio,
1271 3100 1428 3176 chritudo,
1445 3099 1638 3182 eloquentia,
1660 3098 1873 3180 ingeniositas,
1888 3097 1981 3160 bonitas

467 3219 568 3282 quum
584 3199 647 3262 sibi
664 3199 831 3282 placuerit,
850 3198 984 3281 operari.
1007 3197 1215 3280 fortiaque
1271 3198 1503 3281 complexionis
1525 3204 1621 3280 atque
1645 3197 1795 3278 ingenitae
1818 3195 1930 3260 indolis.
1942 3195 1983 3256 lta·

467 3299 553 3361 niam
573 3299 612 3360 de
633 3298 702 3380 ipsa
722 3316 779 3359 sua
798 3297 971 3378 gratiarum
990 3295 1115 3359 actione
1132 3295 1214 3358 intu-
1270 3315 1333 3379 quc
1349 3296 1496 3359 debonis
1514 3295 1660 3369 fortunae,
1676 3295 1737 3358 hoc
1752 3303 1801 3358 cst
1816 3294 1932 3366 divitiis,
1943 3300 1981 3352 aut

469 3396 560 3470 muit,
572 3404 604 3459 et
619 3395 746 3459 laudem
762 3395 909 3478 quesivit
924 3395 1108 3456 humanam.
1118 3395 1214 3468 Quar-
1270 3394 1496 3459 ecclesiasticis
1512 3393 1677 3468 reditibus
1694 3393 1868 3477 superbire,
1880 3401 1921 3455 est
1932 3409 1983 3472 qua·

466 3503 510 3569 to,
527 3495 680 3577 quoniam
699 3494 872 3576 gratiarum
892 3493 975 3556 actio
993 3512 1051 3555 sua
1069 3510 1133 3556 non
1152 3493 1215 3555 fuit
1271 3494 1297 3556 si
1322 3493 1456 3556 carnalis
1481 3499 1513 3555 et
1535 3509 1645 3574 grossa
1667 3491 1829 3574 superbia,
1849 3489 1981 3554 saculares

465 3611 542 3655 vera
571 3591 743 3672 gratiarum
772 3592 865 3667 actio,
889 3599 999 3674 utpote
1028 3611 1067 3654 ex
1096 3591 1213 3654 virtute
1270 3599 1302 3654 et
1321 3591 1463 3655 novellos
1482 3608 1519 3653 ac
1538 3589 1674 3672 pusillos
1693 3597 1819 3652 tentans
1840 3588 1981 3670 religiosos.

467 3691 567 3753 latria
589 3689 749 3772 prodiens,
766 3690 821 3753 sed
841 3690 947 3773 potius
965 3709 1047 3752 vana
1068 3689 1117 3752 sui
1138 3690 1214 3772 ipsi·
1270 3689 1328 3764 Qui
1343 3691 1438 3752 etiam
1455 3690 1493 3752 de
1509 3688 1684 3752 eminentia
1702 3687 1892 3752 naturalium
1906 3685 1982 3746 solent

467 3809 506 3851 us
521 3787 659 3871 proditio
674 3787 741 3851 sive
755 3787 894 3868 jactatio,
911 3806 949 3850 ex
966 3786 1146 3849 detestabili
1164 3787 1213 3849 sui
1270 3787 1437 3870 superbire
1459 3787 1616 3850 donorum
1638 3804 1646 3848 ε
1668 3805 1742 3849 nam
1764 3793 1796 3848 et
1815 3784 1932 3868 quidam
1951 3800 1984 3842 re·

467 3887 699 3970 complacentia
720 3905 863 3949 nascens.
885 3886 1011 3960 Quinto,
1032 3886 1107 3968 quia
1128 3887 1213 3968 quod
1270 3885 1374 3966 ligiosi
1395 3885 1604 3948 inveniuntur
1625 3891 1689 3946 tam
1713 3883 1899 3967 imperfecti,
1914 3888 1942 3942 ut
1955 3879 1984 3940 de

466 3986 538 4049 aliis
553 4005 586 4048 se
602 3985 754 4068 praetulit,
765 4002 829 4047 non
845 4003 884 4047 ex
898 4003 974 4047 uera
989 3984 1146 4066 sapientia
1158 3990 1214 4046 aut
1269 3985 1358 4048 vocis
1378 3984 1560 4058 sonoritate,
1577 3984 1616 4046 de
1636 3982 1886 4066 promptitudine
1905 3980 1986 4059 legen

466 4084 709 4168 prudentia,sed
725 4103 764 4146 ex
780 4082 1068 4145 inconsideratione
1083 4090 1115 4145 et
1129 4083 1214 4164 igno·
1269 4083 1312 4158 di,
1336 4081 1496 4156 cantandi,
1522 4080 1685 4164 loquendi,
1711 4079 1893 4164 superbiant
1911 4085 1984 4158 atque

467 4183 570 4246 rantia
597 4182 697 4245 uenit.
723 4182 792 4245 Non
821 4181 908 4244 enim
937 4181 1150 4244 consideravit
1179 4199 1213 4244 se
1228 4182 1253 4247 l)
1269 4182 1405 4244 inaniter
1427 4179 1613 4262 glorientur,
1639 4185 1671 4242 et
1694 4179 1816 4241 Fratres
1840 4179 1872 4240 in
1893 4174 1986 4238 talibus

466 4284 574 4366 ipsum
594 4300 653 4344 nec
668 4281 747 4344 alios
767 4281 830 4342 nisi
850 4280 1026 4342 secundum
1046 4299 1147 4342 unum
1168 4300 1214 4342 re·
1268 4281 1469 4344 defectuosae
1484 4277 1812 4362 despiciant.0uidam
1827 4277 1945 4340 demum
1957 4271 1984 4334 de

465 4389 624 4464 spectum,
649 4379 801 4442 videlicet
825 4397 859 4440 se
883 4385 1037 4460 quantum
1066 4379 1105 4441 ad
1129 4378 1213 4441 bona
1267 4378 1424 4461 acquisita
1443 4396 1499 4440 sua
1520 4376 1739 4440 intumescunt
1763 4375 1892 4438 scientia
1906 4392 1913 4434 :
1927 4389 1986 4454 que

466 4499 537 4561 quae
552 4479 627 4560 egit,
639 4485 671 4540 et
685 4477 764 4540 alios
780 4477 885 4560 quoad
903 4477 986 4538 mala
1000 4496 1071 4559 quae
1087 4477 1213 4540 fuerant
1268 4496 1339 4539 rum
1364 4475 1530 4558 puerilitas
1552 4482 1584 4538 et
1605 4472 1806 4557 imperfectio
1832 4490 1935 4554 magna
1950 4475 1985 4530 est

465 4577 598 4660 operati.
620 4575 738 4639 Debuit
761 4582 867 4638 autern
893 4593 926 4637 se
951 4575 1151 4638 considerare
1175 4594 1212 4637 ac
1267 4575 1369 4639 ualde.
1387 4575 1481 4637 Porro
1502 4572 1565 4636 alia
1586 4581 1635 4636 est
1656 4571 1829 4655 spiritualis
1851 4568 1987 4634 subtilior·

465 4676 544 4739 alios
568 4675 664 4738 ctiam
694 4673 871 4737 secundum
896 4672 975 4735 alios
998 4673 1140 4737 diversos
1164 4693 1213 4736 re·
1267 4692 1331 4755 quc
1350 4671 1592 4755 superbiaque
1610 4671 1683 4753 quis
1703 4671 1743 4733 de
1763 4667 1929 4733 eminentia
1946 4664 1987 4726 ho

465 4781 603 4857 spectus,
620 4779 654 4834 ut
674 4771 759 4834 infra
777 4776 934 4851 tangetur.
951 4769 1031 4832 Hinc
1053 4770 1212 4834 Climacus
1268 4789 1382 4834 norum
1407 4770 1526 4853 gratiae,
1548 4776 1659 4852 utpote
1682 4769 1837 4831 virtutum
1861 4775 1891 4829 ct
1912 4761 1987 4827 meri·

466 4872 608 4954 loquitur
629 4889 636 4934 ε
658 4870 703 4931 En
723 4870 896 4950 gratiarum
917 4869 1042 4931 actione
1063 4867 1212 4952 frequen·
1266 4876 1384 4944 torum,
1401 4867 1545 4942 inflatur,
1562 4867 1612 4930 uel
1628 4867 1719 4948 quasi
1734 4885 1752 4928 a
1765 4885 1798 4929 se
1815 4865 1884 4949 ipso
1897 4861 1988 4926 haheat

465 4971 530 5032 tius
550 4969 617 5032 heac
637 4968 753 5050 passio,
771 4975 847 5049 puta
866 4966 1026 5049 superbia,
1043 4967 1211 5049 paululum
1267 4988 1314 5043 ea,
1331 4967 1381 5031 vel
1397 4967 1549 5049 quoniam
1565 4973 1654 5049 putat
1668 4984 1705 5028 ea
1720 4964 1777 5026 sibi
1792 4964 1896 5026 inesse
1909 4975 1987 5042 quum

465 5067 611 5150 accipere
625 5065 740 5147 diligit,
757 5065 861 5140 idest,
878 5065 998 5147 aliquid
1014 5065 1211 5129 incitamenti
1265 5067 1358 5129 aliter
1372 5065 1423 5139 sit,
1440 5065 1491 5128 uel
1507 5065 1643 5128 estimat
1658 5082 1695 5126 ea
1714 5062 1772 5125 sibi
1794 5062 1828 5124 in
1848 5059 1987 5124 abundan-

465 5165 574 5231 sumit,
595 5167 809 5229 lrreverenter
831 5163 919 5226 enim
943 5163 1012 5226 sine
1036 5163 1152 5227 rubore
1172 5185 1210 5228 ex
1265 5166 1310 5228 tia
1337 5163 1487 5246 ampliori
1516 5163 1621 5226 inesse
1650 5181 1745 5245 quam
1771 5160 1882 5234 insint,
1905 5156 1986 5220 etsie

465 5265 641 5354 prooemiis,
673 5264 733 5326 hoo
767 5270 816 5326 est
845 5281 864 5325 a
895 5261 1065 5344 principio,
1095 5281 1210 5344 negare
1265 5263 1432 5328 temerarie
1453 5261 1581 5347 praefert
1599 5281 1633 5325 se
1652 5261 1882 5336 aliis,autnon
1900 5277 1935 5322 ex
1950 5271 1987 5320 so
