4154 6258
436 503 497 570 428
788 524 936 572 noumma
955 525 1009 571 xrv
1029 525 1103 571 rosr
1122 523 1316 571 ramrrnrnrr.
1337 541 1377 554 -
1397 522 1496 572 smus
1516 523 1641 571 rmum

438 694 589 778 princeps
605 695 728 762 militiae
744 696 827 779 regis
843 697 950 782 Syriae.
962 697 1097 780 luitque
1111 696 1186 762 Naa-
1200 695 1225 761 t
1241 696 1274 759 in
1292 697 1427 761 Iordane
1442 697 1561 780 septies
1576 715 1610 760 so
1624 697 1764 761 lavaret:
1782 697 1952 780 quodquam

438 812 513 857 man
535 793 601 871 ille,
617 795 668 857 vir
688 803 812 879 potens,
833 796 934 873 dives,
956 796 1047 859 fortis
1069 803 1101 859 et
1119 795 1185 877 regi
1239 795 1379 870 fecisset,
1395 814 1414 858 a
1433 795 1521 878 lepra
1540 815 1597 859 sua
1616 803 1768 878 purgatus
1787 803 1843 870 est,
1856 795 1886 857 iu
1902 803 1953 858 taa-

437 912 474 956 ac
490 893 606 976 populo
620 893 690 976 ojus
706 913 798 958 carus
813 913 850 958 ac
864 895 1187 969 honorabilistluum-
1239 902 1308 956 tum
1334 895 1419 977 quod
1443 894 1589 957 restituta
1618 901 1666 957 est
1694 911 1767 957 caro
1792 893 1859 974 ejus
1883 895 1953 976 quasi

438 1011 501 1074 quc
515 991 655 1055 Naaman
671 993 869 1076 percepisset
884 993 917 1055 in
933 993 1023 1076 Syria
1039 994 1078 1056 dc
1094 993 1186 1056 mira·
1240 1010 1313 1056 caro
1327 993 1454 1075 parvuli
1474 992 1575 1076 pueri.
1593 991 1737 1056 Christus
1751 1009 1825 1056 vero
1838 993 1868 1055 in
1881 1011 1953 1056 eran·

437 1090 519 1152 culis
534 1090 643 1166 Elisei,
660 1091 749 1153 venit
767 1091 807 1154 ad
827 1111 902 1154 eum
920 1111 993 1154 cum
1008 1092 1120 1173 grandi
1137 1110 1186 1155 co·
1239 1092 1323 1174 gelio
1338 1091 1398 1154 istc
1415 1091 1529 1173 legitur
1548 1091 1645 1154 simul
1664 1109 1792 1153 curasse
1809 1092 1907 1154 decem
1922 1093 1953 1156 lc·
1971 1111 2041 1159 aare

438 1189 551 1252 ruitatu
570 1196 667 1271 atque
686 1189 807 1272 divitiis
827 1190 949 1265 multis,
968 1198 1003 1252 ut
1022 1197 1186 1254 curaretur
1239 1207 1370 1272 prosos3
1387 1188 1480 1252 multi
1501 1207 1629 1272 quoque
1649 1189 1834 1253 Sanctorum
1847 1176 2028 1272 euangeffl'l·

436 1286 477 1350 ab
499 1304 547 1351 eo.
569 1287 626 1351 Cui
648 1287 773 1352 Eliseus
793 1288 873 1352 dixit
893 1307 951 1371 per
972 1288 1133 1364 nuntium,
1150 1296 1185 1352 ut
1239 1288 1309 1354 licae
1330 1288 1408 1370 legis
1429 1294 1622 1352 curaverunt
1642 1287 1793 1371 leprosos.

970 1685 1162 1806 sunno
1201 1717 1450 1805 rnnrrus

649 1987 688 2033 DE
710 1986 879 2032 SPIRITUAL!
901 1983 1145 2032 srururlcarlottu
1165 1983 1373 2040 turnosouuu,
1393 1984 1452 2030 PER
1472 1984 1548 2040 Quos
1570 1985 1608 2030 ET
1629 1985 1774 2032 uutvxusr

990 2083 1204 2130 nuslunartrutt
1225 2082 1425 2129 PRGGATORES.

484 2367 576 2428 ΕΒΗ
587 2373 781 2441 preceptor,
802 2365 955 2424 miserere
974 2365 1088 2425 nostri.
1106 2362 1180 2425 Luc.
1200 2362 1223 2424 Β
1238 2381 1311 2424 rans
1327 2362 1394 2424 vias
1413 2369 1504 2425 tuost
1523 2362 1656 2444 Sapiens
1674 2379 1805 2444 quoque
1822 2361 1863 2423 ait
1876 2378 1883 2422 :
1896 2359 2037 2430 tldiosoor.

492 2481 573 2542 xvir,
591 2461 639 2525 13.
1238 2467 1313 2522 sunt
1327 2460 1391 2523 Deo
1407 2459 1526 2542 impius
1542 2467 1573 2522 et
1589 2459 1740 2542 impietas
1757 2459 1835 2540 ejus.
1850 2460 1956 2521 llursns·

476 2561 512 2623 lu
533 2561 689 2624 hodierno
708 2561 873 2641 evangelio
898 2560 1012 2641 legitur
1032 2561 1183 2641 quemad·
1238 2577 1300 2640 que
1316 2558 1469 2620 scribitur
1485 2576 1492 2620 :
1510 2558 1569 2622 Gor
1584 2558 1689 2641 iniqui
1704 2558 1789 2621 cinis
1804 2565 1858 2632 cst,
1872 2564 1898 2620 et
1910 2564 2037 2618 ter-nnn.

437 2659 569 2722 modum
585 2657 770 2739 unigenitus
784 2658 883 2720 Filius
899 2659 965 2733 llei,
978 2659 1114 2722 salvator
1129 2677 1183 2721 no·
1238 2676 1273 2719 ra
1296 2675 1493 2739 supervacua
1522 2676 1595 2740 spes
1620 2656 1720 2732 illius,
1749 2665 1781 2720 et
1804 2657 1865 2720 luto
1884 2641 1986 2718 vilior¹'·

435 2766 511 2832 ster,
522 2757 634 2820 decem
651 2757 792 2838 leprosos
812 2757 944 2819 curavit.
961 2758 995 2819 ln
1012 2757 1183 2838 scripturis
1238 2757 1303 2819 vita
1319 2756 1417 2832 illius,
1429 2757 1581 2838 quoniam
1599 2756 1761 2838 ignoravit
1776 2756 1861 2819 illum
1875 2755 1955 2838 quise

436 2864 543 2919 autem
564 2875 621 2938 per
640 2855 808 2918 denarium
832 2855 1022 2918 universitas
1041 2855 1184 2937 aliquan·
1238 2854 1334 2917 finxit
1353 2861 1384 2918 et
1403 2855 1531 2918 creavit.
1548 2855 1637 2928 Quod
1657 2856 1685 2917 si
1704 2855 1811 2938 iniqui
1826 2855 1917 2917 dicant
1931 2871 1955 2914 se

437 2955 478 3017 do
493 2955 687 3035 designatur.
704 2953 762 3016 Per
780 2953 837 3016 hos
856 2971 932 3034 ergo
950 2954 1062 3016 decem
1082 2953 1184 3035 lepro-
1238 2973 1331 3015 suurn
1353 2971 1523 3034 agnoscere
1544 2953 1739 3028 Creatorem,
1760 2953 1881 3016 audiant
1897 2950 1953 3033 quil
2056 3021 2057 3024 Ἴ

437 3070 500 3126 sos,
524 3051 666 3114 universi
692 3059 874 3134 peccatores
899 3051 954 3132 qui
979 3070 998 3113 a
1021 3051 1145 3114 Christo
1165 3071 1183 3113 a
1237 3051 1275 3113 ad
1301 3051 1407 3113 Titum
1432 3051 1517 3112 dicat
1538 3050 1709 3133 Apostolus
1735 3069 1743 3112 :
1768 3049 1954 3131 (loinquinatis
1974 3063 2024 3138 ¹rar

437 3151 503 3213 suis
530 3157 683 3212 curantur
707 3149 895 3212 mortalibus
920 3149 1035 3231 culpis,
1057 3149 1115 3212 rite
1138 3149 1184 3212 in·
1238 3149 1370 3230 (inquit)
1385 3149 1466 3212 nihil
1485 3157 1533 3212 est
1553 3149 1722 3223 mundum,
1741 3150 1796 3212 sed
1814 3133 1984 3230 inquinata*

437 3248 635 3329 telliguntur.
671 3248 730 3310 Per
763 3249 884 3330 lepram
918 3267 1056 3329 namque
1089 3265 1183 3310 omne
1238 3254 1313 3308 sunt
1335 3265 1445 3310 corum
1472 3265 1562 3310 mens
1586 3254 1618 3308 et
1636 3247 1852 3326 conscientia;
1870 3245 1954 3307 dicmt

439 3347 572 3410 mortale
588 3355 754 3429 peccatum
771 3353 874 3429 potest
890 3347 1034 3428 intelligi.
1056 3346 1101 3407 Ex
1121 3365 1184 3428 quo
1239 3365 1273 3408 se
1288 3363 1381 3408 nosse
1396 3345 1610 3420 Deum,factis
1625 3351 1736 3408 autern
1752 3351 1871 3426 negant,
1881 3359 1955 3425 quun

438 3446 584 3527 protinus
608 3445 789 3519 innotescit,
815 3463 910 3526 quam
934 3445 1026 3519 viles,
1052 3444 1128 3508 foedi
1153 3451 1185 3506 et
1240 3445 1304 3507 sint
1323 3444 1498 3507 abominati
1520 3451 1552 3506 et
1573 3443 1713 3526 reprobi.

437 3542 671 3606 abominabiles
695 3543 760 3605 sint
784 3560 890 3605 coram
913 3543 977 3606 Deo
1001 3543 1105 3624 iniqui
1128 3537 1221 3624 quit}
1278 3543 1387 3624 ltaque
1403 3561 1459 3624 per
1475 3542 1596 3625 lepram
1616 3549 1722 3624 potest
1739 3540 1869 3622 intelligi
1885 3555 1956 3604 omna

439 3641 549 3704 multis
566 3641 753 3703 mortalibus
770 3649 845 3704 sunt
859 3641 1017 3724 inquinati
1035 3643 1182 3723 peccatis.
1241 3641 1373 3704 mortale
1394 3649 1570 3724 peccatum.
1592 3640 1709 3715 Primo,
1733 3640 1878 3723 quoniam
1896 3638 1956 3698 sicat

439 3738 472 3801 Si
493 3738 580 3799 enirn
600 3756 658 3818 per
675 3736 796 3818 lepram
817 3755 911 3801 omne
930 3739 1063 3802 mortale
1081 3739 1184 3822 accipi
1241 3741 1328 3822 lepra
1343 3739 1447 3802 eflicit
1461 3739 1625 3802 bominem
1642 3739 1685 3802 ita
1700 3739 1866 3812 iniectum,
1879 3741 1957 3799 conu-

439 3843 544 3919 potest
569 3843 746 3916 peccatum,
775 3843 898 3898 certum
926 3845 975 3899 est
999 3838 1115 3919 impios
1139 3844 1185 3900 tot
1239 3839 1365 3920 giosum
1387 3845 1419 3900 et
1443 3837 1576 3912 loedum,
1596 3838 1681 3920 quod
1705 3857 1725 3899 a
1752 3835 1900 3901 communi
1919 3832 1958 3894 bo

439 3932 622 4016 spirituales
639 3932 742 4014 lepras
758 3933 885 4008 habere,
903 3942 980 4016 quot
998 3935 1185 3998 mortalibus
1240 3937 1365 3999 minum
1386 3936 1626 3999 conversatione
1647 3936 1815 4011 dividitur,
1831 3943 1911 4016 atque
1928 3949 1960 3992 se

438 4049 492 4095 cus
507 4031 663 4112 contingit
678 4031 764 4094 vitiis
779 4032 954 4114 subjacere.
971 4035 1035 4097 Nec
1049 4034 1185 4098 dubium
1240 4054 1348 4099 orsum
1380 4034 1524 4098 habitare
1555 4035 1764 4117 compellitur
1780 4053 1789 4114 ;
1818 4034 1860 4097 sic
1887 4047 1957 4095 ornae

438 4129 517 4211 quin
541 4147 637 4192 omne
662 4137 828 4212 peccatum
859 4132 990 4195 mortale
1018 4140 1185 4215 quantum·
1241 4133 1374 4197 mortale
1398 4140 1564 4216 peccatum
1587 4132 1693 4215 privat
1713 4133 1872 4198 hominem
1893 4147 1957 4192 con·

438 4246 577 4310 cumque
600 4228 761 4291 modicum
785 4227 929 4292 videatur
953 4230 1185 4314 incomparabi-
1241 4233 1393 4296 munione
1422 4231 1580 4306 fidelium,
1605 4231 1748 4313 facitque
1778 4250 1849 4295 eum
1875 4243 1956 4291 caran

439 4327 512 4390 liter
540 4327 677 4409 turpius,
708 4326 873 4409 magisque
901 4327 1048 4391 ioetidum
1078 4349 1185 4393 coram
1240 4335 1304 4396 Deo
1319 4325 1643 4406 excommunicatum,
1660 4331 1705 4393 ita
1719 4331 1837 4413 quoda
1853 4326 1957 4411 mystico

438 4425 502 4488 Deo
531 4426 672 4500 exsistat,
704 4445 800 4508 quam
835 4426 922 4508 lepra
950 4427 1187 4509 quantumlibet
1241 4431 1356 4495 Christi
1379 4435 1542 4512 separatus
1565 4437 1613 4492 est
1635 4446 1781 4512 corpore,
1798 4447 1853 4491 nec
1872 4425 1956 4488 virum

440 4541 554 4603 magna
576 4541 683 4586 curam
705 4524 900 4587 hominibus.
922 4525 1025 4598 Quum
1049 4544 1124 4607 ergo
1143 4527 1185 4590 le·
1241 4528 1411 4592 Salvatoris
1437 4535 1485 4591 est
1509 4527 1703 4601 membrum,
1727 4528 1785 4591 sed
1807 4527 1844 4589 ad
1865 4521 1958 4587 diaboli

439 4638 553 4702 prosus
578 4640 636 4704 per
661 4641 758 4684 unarn
784 4623 905 4704 lepram
930 4630 993 4685 tam
1019 4624 1122 4706 turpis
1149 4644 1185 4688 ac
1240 4627 1380 4710 pertinet
1399 4644 1525 4709 corpus,
1542 4633 1574 4688 et
1594 4625 1779 4689 membrum
1798 4632 1844 4688 cst
1856 4619 1957 4686 diaboli.
2057 4654 2058 4665 ,

439 4718 544 4781 imdus
567 4726 664 4801 atque
688 4720 836 4783 vitandus
866 4739 972 4784 coram
999 4721 1185 4786 bominibus
1201 4723 1225 4785 ll
1240 4727 1335 4790 Recte
1357 4743 1432 4807 ergo
1452 4725 1569 4787 dicitur
1590 4725 1959 4803 excommunicatusque
2057 4746 2058 4763 ÷

439 4816 491 4890 sit,
508 4817 581 4899 quis
598 4817 766 4899 concipere
782 4826 878 4900 queat
892 4825 946 4881 aut
962 4819 1069 4902 eloqui
1089 4841 1185 4904 quam
1241 4825 1327 4887 niem
1343 4842 1449 4887 coram
1465 4819 1958 4906 Deoprivatusestcommunione

439 4915 554 4997 turpis,
572 4915 1103 5000 loedusabominabilisquecoram
1123 4921 1186 4984 [leo
1241 4922 1398 4986 bonorum
1414 4919 1574 4995 fidelium,
1588 4921 1631 4983 ita
1650 4922 1737 5004 quod
1753 4939 1817 4985 non
1831 4927 1875 4984 ost
1887 4915 1958 5001 parti-
2051 4910 2056 4921 '

440 5013 581 5088 exsistat,
608 5013 663 5096 qui
693 5015 802 5077 multis
831 5017 1019 5080 mortalibus
1043 5019 1188 5101 subJ'acet
1241 5039 1317 5103 ceps
1332 5038 1465 5103 operum
1482 5019 1698 5082 virtuosorum
1714 5039 1819 5102 quana
1836 5015 1959 5081 fidelibus

440 5112 556 5195 culpiS,
574 5113 751 5195 praesertim
767 5113 823 5196 qui
840 5133 936 5196 prava
956 5119 1187 5182 cousuetudine
1241 5119 1334 5182 fiunt.
1357 5119 1460 5193 Quum
1481 5117 1601 5180 etenim
1617 5118 1694 5182 boni
1709 5127 1741 5181 et
1756 5116 1883 5182 virtuosi
1896 5112 1960 5177 Chri·

441 5211 620 5295 premituri
635 5212 715 5275 Hinc
735 5212 767 5275 in
786 5213 922 5277 Jeremia
941 5214 1059 5278 dicitur
1072 5217 1187 5282 animae
1241 5216 1335 5280 sticni
1351 5216 1415 5280 sint
1431 5235 1530 5279 unum
1547 5215 1717 5300 mysticum
1731 5235 1846 5299 corpus
1860 5207 1957 5279 Christi.

306 5317 424 5373 ronna
441 5311 612 5394 peccatrici
628 5329 635 5374 :
652 5312 751 5386 Quam
767 5312 841 5376 vilis
857 5311 940 5376 lacta
955 5331 989 5377 cs
1005 5314 1112 5392 nimis,
1129 5315 1186 5380 ite·
1241 5335 1298 5400 per
1310 5316 1473 5380 caritatem
1488 5315 1631 5388 connexi,
1639 5314 1788 5380 meritum
1800 5315 1887 5378 unius
1897 5325 1959 5374 con·
