<?xml version="1.0" encoding="UTF-8"?>
<!DOCTYPE html PUBLIC "-//W3C//DTD XHTML 1.0 Transitional//EN"
    "http://www.w3.org/TR/xhtml1/DTD/xhtml1-transitional.dtd">
<html xmlns="http://www.w3.org/1999/xhtml" xml:lang="en" lang="en">
 <head>
  <title>
</title>
<meta http-equiv="Content-Type" content="text/html;charset=utf-8" />
  <meta name='ocr-system' content='tesseract 3.04.00' />
  <meta name='ocr-capabilities' content='ocr_page ocr_carea ocr_par ocr_line ocrx_word'/>
</head>
<body>
  <div class='ocr_page' id='page_1' title='image "./doctorisecstati01unkngoog/doctorisecstati01unkngoog_0381.png"; bbox 0 0 4140 6258; ppageno 0'>
   <div class='ocr_carea' id='block_1_1' title="bbox 452 455 1778 534">
    <p class='ocr_par' dir='ltr' id='par_1_1' title="bbox 452 455 1778 534">
     <span class='ocr_line' id='line_1_1' title="bbox 452 455 1778 534; baseline 0 -14"><span class='ocrx_word' id='word_1_1' title='bbox 452 455 513 520; x_wconf 69' lang='lat'><strong>350</strong></span> <span class='ocrx_word' id='word_1_2' title='bbox 674 471 822 520; x_wconf 69' lang='lat' dir='ltr'><strong>boatum</strong></span> <span class='ocrx_word' id='word_1_3' title='bbox 843 473 864 518; x_wconf 78' lang='grc' dir='ltr'><strong>Χ</strong></span> <span class='ocrx_word' id='word_1_4' title='bbox 884 471 958 519; x_wconf 78' lang='lat' dir='ltr'>POST</span> <span class='ocrx_word' id='word_1_5' title='bbox 978 469 1171 518; x_wconf 74' lang='lat' dir='ltr'><strong>munnam.</strong></span> <span class='ocrx_word' id='word_1_6' title='bbox 1192 487 1231 499; x_wconf 90' lang='lat'><em>-</em></span> <span class='ocrx_word' id='word_1_7' title='bbox 1252 470 1295 516; x_wconf 80' lang='lat' dir='ltr'><strong>AD</strong></span> <span class='ocrx_word' id='word_1_8' title='bbox 1315 469 1511 534; x_wconf 80' lang='lat' dir='ltr'><strong>nantorosos3</strong></span> <span class='ocrx_word' id='word_1_9' title='bbox 1534 469 1631 518; x_wconf 78' lang='lat' dir='ltr'><strong>sunum</strong></span> <span class='ocrx_word' id='word_1_10' title='bbox 1650 469 1778 527; x_wconf 76' lang='lat' dir='ltr'><strong>ouonms</strong></span> 
     </span>
    </p>
   </div>
   <div class='ocr_carea' id='block_1_2' title="bbox 335 642 2030 5162">
    <p class='ocr_par' dir='ltr' id='par_1_2' title="bbox 335 642 2030 5162">
     <span class='ocr_line' id='line_1_2' title="bbox 451 642 1937 727; baseline 0.003 -20"><span class='ocrx_word' id='word_1_11' title='bbox 451 645 491 708; x_wconf 87' lang='lat' dir='ltr'><strong>ad</strong></span> <span class='ocrx_word' id='word_1_12' title='bbox 507 645 608 708; x_wconf 87' lang='lat' dir='ltr'><strong>Deum</strong></span> <span class='ocrx_word' id='word_1_13' title='bbox 625 643 809 727; x_wconf 86' lang='lat' dir='ltr'><strong>confugere,</strong></span> <span class='ocrx_word' id='word_1_14' title='bbox 819 644 851 706; x_wconf 90' lang='lat' dir='ltr'><strong>in</strong></span> <span class='ocrx_word' id='word_1_15' title='bbox 868 643 938 727; x_wconf 91' lang='lat' dir='ltr'><strong>ipso</strong></span> <span class='ocrx_word' id='word_1_16' title='bbox 953 643 1020 706; x_wconf 91' lang='lat' dir='ltr'><strong>solo</strong></span> <span class='ocrx_word' id='word_1_17' title='bbox 1034 650 1100 706; x_wconf 89' lang='lat' dir='ltr'><strong>tota</strong></span> <span class='ocrx_word' id='word_1_18' title='bbox 1116 662 1204 706; x_wconf 93' lang='lat' dir='ltr'><strong>men·</strong></span> <span class='ocrx_word' id='word_1_19' title='bbox 1218 642 1243 705; x_wconf 81' lang='lat' dir='ltr'>A</span> <span class='ocrx_word' id='word_1_20' title='bbox 1259 642 1341 724; x_wconf 86' lang='lat' dir='ltr'><strong>vagi,</strong></span> <span class='ocrx_word' id='word_1_21' title='bbox 1372 642 1473 706; x_wconf 89' lang='lat' dir='ltr'><strong>oculis</strong></span> <span class='ocrx_word' id='word_1_22' title='bbox 1503 642 1639 718; x_wconf 88' lang='lat' dir='ltr'><strong>attoniti,</strong></span> <span class='ocrx_word' id='word_1_23' title='bbox 1668 643 1800 707; x_wconf 85' lang='lat' dir='ltr'><strong>moribus</strong></span> <span class='ocrx_word' id='word_1_24' title='bbox 1825 643 1937 724; x_wconf 71' lang='lat' dir='ltr'><strong>dissoluti,</strong></span> 
     </span>
     <span class='ocr_line' id='line_1_3' title="bbox 453 740 1940 825; baseline 0.003 -20"><span class='ocrx_word' id='word_1_25' title='bbox 453 749 485 805; x_wconf 89' lang='lat' dir='ltr'><strong>te</strong></span> <span class='ocrx_word' id='word_1_26' title='bbox 500 741 674 817; x_wconf 85' lang='lat' dir='ltr'><strong>confidere,</strong></span> <span class='ocrx_word' id='word_1_27' title='bbox 687 760 815 825; x_wconf 88' lang='lat' dir='ltr'><strong>semper</strong></span> <span class='ocrx_word' id='word_1_28' title='bbox 829 741 995 805; x_wconf 89' lang='lat' dir='ltr'><strong>humiliter</strong></span> <span class='ocrx_word' id='word_1_29' title='bbox 1011 740 1204 824; x_wconf 90' lang='lat' dir='ltr'><strong>loqui,nun-</strong></span> <span class='ocrx_word' id='word_1_30' title='bbox 1257 740 1353 824; x_wconf 91' lang='lat' dir='ltr'><strong>plana</strong></span> <span class='ocrx_word' id='word_1_31' title='bbox 1381 742 1539 824; x_wconf 76' lang='lat' dir='ltr'>parietum</span> <span class='ocrx_word' id='word_1_32' title='bbox 1569 741 1784 824; x_wconf 85' lang='lat' dir='ltr'><strong>inspicientes3</strong></span> <span class='ocrx_word' id='word_1_33' title='bbox 1804 743 1873 806; x_wconf 86' lang='lat' dir='ltr'><strong>aliud</strong></span> <span class='ocrx_word' id='word_1_34' title='bbox 1892 765 1940 808; x_wconf 85' lang='lat' dir='ltr'><strong>ean</strong></span> 
     </span>
     <span class='ocr_line' id='line_1_4' title="bbox 454 839 1939 924; baseline 0.001 -21"><span class='ocrx_word' id='word_1_35' title='bbox 454 859 551 924; x_wconf 91' lang='lat' dir='ltr'><strong>quam</strong></span> <span class='ocrx_word' id='word_1_36' title='bbox 571 859 775 923; x_wconf 72' lang='lat' dir='ltr'><strong>praesumere,</strong></span> <span class='ocrx_word' id='word_1_37' title='bbox 792 859 957 922; x_wconf 88' lang='lat' dir='ltr'><strong>nunquam</strong></span> <span class='ocrx_word' id='word_1_38' title='bbox 978 857 1036 902; x_wconf 91' lang='lat' dir='ltr'><strong>nos</strong></span> <span class='ocrx_word' id='word_1_39' title='bbox 1057 839 1143 922; x_wconf 90' lang='lat' dir='ltr'><strong>ipsos</strong></span> <span class='ocrx_word' id='word_1_40' title='bbox 1157 839 1204 921; x_wconf 91' lang='lat' dir='ltr'><strong>ja·</strong></span> <span class='ocrx_word' id='word_1_41' title='bbox 1258 839 1432 913; x_wconf 74' lang='lat' dir='ltr'><strong>tantaliud</strong></span> <span class='ocrx_word' id='word_1_42' title='bbox 1448 839 1603 922; x_wconf 81' lang='lat' dir='ltr'><strong>cogitant3</strong></span> <span class='ocrx_word' id='word_1_43' title='bbox 1614 857 1741 922; x_wconf 87' lang='lat' dir='ltr'><strong>corpore</strong></span> <span class='ocrx_word' id='word_1_44' title='bbox 1754 849 1819 903; x_wconf 89' lang='lat' dir='ltr'><strong>sunt</strong></span> <span class='ocrx_word' id='word_1_45' title='bbox 1831 841 1939 922; x_wconf 80' lang='lat' dir='ltr'><strong>inchorq</strong></span> 
     </span>
     <span class='ocr_line' id='line_1_5' title="bbox 454 936 1941 1021; baseline 0.001 -19"><span class='ocrx_word' id='word_1_46' title='bbox 454 945 547 1014; x_wconf 91' lang='lat' dir='ltr'><strong>ctare,</strong></span> <span class='ocrx_word' id='word_1_47' title='bbox 555 957 614 1002; x_wconf 87' lang='lat' dir='ltr'><strong>nec</strong></span> <span class='ocrx_word' id='word_1_48' title='bbox 628 939 705 1002; x_wconf 90' lang='lat' dir='ltr'><strong>alios</strong></span> <span class='ocrx_word' id='word_1_49' title='bbox 720 938 908 1021; x_wconf 78' lang='lat' dir='ltr'><strong>insipienter</strong></span> <span class='ocrx_word' id='word_1_50' title='bbox 923 937 1096 1021; x_wconf 87' lang='lat' dir='ltr'><strong>despicere,</strong></span> <span class='ocrx_word' id='word_1_51' title='bbox 1104 956 1203 1019; x_wconf 87' lang='lat' dir='ltr'><strong>neque</strong></span> <span class='ocrx_word' id='word_1_52' title='bbox 1259 945 1364 1000; x_wconf 86' lang='lat' dir='ltr'><strong>mente</strong></span> <span class='ocrx_word' id='word_1_53' title='bbox 1381 939 1414 1000; x_wconf 90' lang='lat' dir='ltr'><strong>in</strong></span> <span class='ocrx_word' id='word_1_54' title='bbox 1429 936 1514 1017; x_wconf 91' lang='lat' dir='ltr'><strong>foro;</strong></span> <span class='ocrx_word' id='word_1_55' title='bbox 1530 957 1616 1000; x_wconf 91' lang='lat' dir='ltr'><strong>nunc</strong></span> <span class='ocrx_word' id='word_1_56' title='bbox 1632 939 1725 1012; x_wconf 91' lang='lat' dir='ltr'><strong>intus,</strong></span> <span class='ocrx_word' id='word_1_57' title='bbox 1740 958 1816 1002; x_wconf 90' lang='lat' dir='ltr'><strong>nunc</strong></span> <span class='ocrx_word' id='word_1_58' title='bbox 1832 939 1891 1003; x_wconf 90' lang='lat' dir='ltr'><strong>foris</strong></span> <span class='ocrx_word' id='word_1_59' title='bbox 1902 942 1941 1004; x_wconf 81' lang='lat' dir='ltr'><strong>dis</strong></span> 
     </span>
     <span class='ocr_line' id='line_1_6' title="bbox 453 1036 1941 1120; baseline 0.002 -21"><span class='ocrx_word' id='word_1_60' title='bbox 453 1055 511 1100; x_wconf 91' lang='lat' dir='ltr'><strong>nos</strong></span> <span class='ocrx_word' id='word_1_61' title='bbox 531 1037 596 1099; x_wconf 87' lang='lat' dir='ltr'><strong>illis</strong></span> <span class='ocrx_word' id='word_1_62' title='bbox 615 1037 742 1100; x_wconf 87' lang='lat' dir='ltr'><strong>incaute</strong></span> <span class='ocrx_word' id='word_1_63' title='bbox 758 1036 919 1120; x_wconf 73' lang='lat' dir='ltr'><strong>praeferre,</strong></span> <span class='ocrx_word' id='word_1_64' title='bbox 937 1036 992 1099; x_wconf 83' lang='lat' dir='ltr'><strong>Dei</strong></span> <span class='ocrx_word' id='word_1_65' title='bbox 1008 1054 1136 1119; x_wconf 89' lang='lat' dir='ltr'><strong>quoque</strong></span> <span class='ocrx_word' id='word_1_66' title='bbox 1151 1055 1204 1098; x_wconf 89' lang='lat' dir='ltr'><strong>au·</strong></span> <span class='ocrx_word' id='word_1_67' title='bbox 1258 1043 1410 1116; x_wconf 90' lang='lat' dir='ltr'><strong>currunt;</strong></span> <span class='ocrx_word' id='word_1_68' title='bbox 1427 1036 1612 1118; x_wconf 75' lang='lat' dir='ltr'><strong>psalmodia</strong></span> <span class='ocrx_word' id='word_1_69' title='bbox 1631 1036 1725 1099; x_wconf 90' lang='lat' dir='ltr'><strong>verba</strong></span> <span class='ocrx_word' id='word_1_70' title='bbox 1747 1037 1893 1120; x_wconf 89' lang='lat' dir='ltr'><strong>profemnt,</strong></span> <span class='ocrx_word' id='word_1_71' title='bbox 1906 1041 1941 1102; x_wconf 78' lang='lat' dir='ltr'><strong>sed</strong></span> 
     </span>
     <span class='ocr_line' id='line_1_7' title="bbox 453 1134 1941 1217; baseline 0.002 -20"><span class='ocrx_word' id='word_1_72' title='bbox 453 1134 568 1198; x_wconf 76' lang='lat' dir='ltr'><strong>uilium</strong></span> <span class='ocrx_word' id='word_1_73' title='bbox 591 1135 710 1217; x_wconf 88' lang='lat' dir='ltr'><strong>jugiter</strong></span> <span class='ocrx_word' id='word_1_74' title='bbox 735 1135 917 1217; x_wconf 88' lang='lat' dir='ltr'><strong>implorare,</strong></span> <span class='ocrx_word' id='word_1_75' title='bbox 941 1135 1083 1196; x_wconf 90' lang='lat' dir='ltr'><strong>dicentes</strong></span> <span class='ocrx_word' id='word_1_76' title='bbox 1106 1134 1204 1197; x_wconf 83' lang='lat' dir='ltr'><strong>:Cito</strong></span> <span class='ocrx_word' id='word_1_77' title='bbox 1258 1153 1388 1196; x_wconf 89' lang='lat' dir='ltr'><strong>sensnm</strong></span> <span class='ocrx_word' id='word_1_78' title='bbox 1409 1151 1473 1196; x_wconf 92' lang='lat' dir='ltr'><strong>non</strong></span> <span class='ocrx_word' id='word_1_79' title='bbox 1497 1134 1676 1197; x_wconf 89' lang='lat' dir='ltr'><strong>advertunt.</strong></span> <span class='ocrx_word' id='word_1_80' title='bbox 1697 1135 1773 1198; x_wconf 85' lang='lat' dir='ltr'><strong>Sunt</strong></span> <span class='ocrx_word' id='word_1_81' title='bbox 1790 1142 1819 1198; x_wconf 88' lang='lat' dir='ltr'><strong>ct</strong></span> <span class='ocrx_word' id='word_1_82' title='bbox 1835 1136 1877 1198; x_wconf 90' lang='lat' dir='ltr'><strong>alii</strong></span> <span class='ocrx_word' id='word_1_83' title='bbox 1892 1156 1941 1200; x_wconf 82' lang='lat' dir='ltr'><strong>uoce</strong></span> 
     </span>
     <span class='ocr_line' id='line_1_8' title="bbox 353 1230 2028 1316; baseline 0.001 -20"><span class='ocrx_word' id='word_1_84' title='bbox 353 1246 359 1259; x_wconf 89' lang='lat'><strong>·</strong></span> <span class='ocrx_word' id='word_1_85' title='bbox 453 1233 631 1316; x_wconf 89' lang='lat' dir='ltr'><strong>anticipent</strong></span> <span class='ocrx_word' id='word_1_86' title='bbox 645 1250 703 1296; x_wconf 91' lang='lat' dir='ltr'><strong>nos</strong></span> <span class='ocrx_word' id='word_1_87' title='bbox 720 1231 945 1295; x_wconf 74' lang='lat' dir='ltr'><strong>misericordie</strong></span> <span class='ocrx_word' id='word_1_88' title='bbox 961 1232 1117 1314; x_wconf 85' lang='lat' dir='ltr'><strong>tuae,quia</strong></span> <span class='ocrx_word' id='word_1_89' title='bbox 1131 1249 1205 1314; x_wconf 94' lang='lat' dir='ltr'><strong>pau·</strong></span> <span class='ocrx_word' id='word_1_90' title='bbox 1259 1231 1380 1305; x_wconf 91' lang='lat' dir='ltr'><strong>inanes,</strong></span> <span class='ocrx_word' id='word_1_91' title='bbox 1397 1233 1453 1315; x_wconf 91' lang='lat' dir='ltr'><strong>qui</strong></span> <span class='ocrx_word' id='word_1_92' title='bbox 1473 1231 1560 1295; x_wconf 91' lang='lat' dir='ltr'><strong>vocis</strong></span> <span class='ocrx_word' id='word_1_93' title='bbox 1583 1230 1789 1295; x_wconf 79' lang='lat' dir='ltr'><strong>modulatione</strong></span> <span class='ocrx_word' id='word_1_94' title='bbox 1805 1233 1941 1314; x_wconf 87' lang='lat' dir='ltr'><strong>gloriantur,</strong></span> <span class='ocrx_word' id='word_1_95' title='bbox 2027 1251 2028 1296; x_wconf 80' lang='lat'>3</span> 
     </span>
     <span class='ocr_line' id='line_1_9' title="bbox 454 1327 1942 1413; baseline 0.001 -20"><span class='ocrx_word' id='word_1_96' title='bbox 454 1349 546 1413; x_wconf 91' lang='lat' dir='ltr'><strong>peres</strong></span> <span class='ocrx_word' id='word_1_97' title='bbox 561 1331 637 1394; x_wconf 90' lang='lat' dir='ltr'><strong>facti</strong></span> <span class='ocrx_word' id='word_1_98' title='bbox 653 1350 764 1394; x_wconf 91' lang='lat' dir='ltr'><strong>sumus</strong></span> <span class='ocrx_word' id='word_1_99' title='bbox 780 1330 893 1408; x_wconf 83' lang='lat' dir='ltr'><strong>nimis3</strong></span> <span class='ocrx_word' id='word_1_100' title='bbox 909 1329 1026 1412; x_wconf 89' lang='lat' dir='ltr'><strong>adjuva</strong></span> <span class='ocrx_word' id='word_1_101' title='bbox 1041 1347 1108 1402; x_wconf 91' lang='lat' dir='ltr'><strong>nos,</strong></span> <span class='ocrx_word' id='word_1_102' title='bbox 1120 1327 1203 1391; x_wconf 88' lang='lat' dir='ltr'><strong>Deus</strong></span> <span class='ocrx_word' id='word_1_103' title='bbox 1258 1336 1289 1391; x_wconf 92' lang='lat' dir='ltr'><strong>et</strong></span> <span class='ocrx_word' id='word_1_104' title='bbox 1308 1329 1388 1392; x_wconf 90' lang='lat' dir='ltr'><strong>alios</strong></span> <span class='ocrx_word' id='word_1_105' title='bbox 1408 1337 1636 1412; x_wconf 89' lang='lat' dir='ltr'><strong>aspernantur;</strong></span> <span class='ocrx_word' id='word_1_106' title='bbox 1652 1329 1706 1412; x_wconf 93' lang='lat' dir='ltr'><strong>qui</strong></span> <span class='ocrx_word' id='word_1_107' title='bbox 1725 1328 1844 1394; x_wconf 86' lang='lat' dir='ltr'><strong>elatione</strong></span> <span class='ocrx_word' id='word_1_108' title='bbox 1858 1338 1942 1394; x_wconf 84' lang='lat' dir='ltr'><strong>tuneo</strong></span> 
     </span>
     <span class='ocr_line' id='line_1_10' title="bbox 454 1426 1943 1510; baseline 0 -18"><span class='ocrx_word' id='word_1_109' title='bbox 454 1430 601 1493; x_wconf 89' lang='lat' dir='ltr'><strong>salutaris</strong></span> <span class='ocrx_word' id='word_1_110' title='bbox 618 1437 735 1505; x_wconf 91' lang='lat' dir='ltr'><strong>noster,</strong></span> <span class='ocrx_word' id='word_1_111' title='bbox 753 1438 812 1492; x_wconf 91' lang='lat' dir='ltr'><strong>etc.</strong></span> <span class='ocrx_word' id='word_1_112' title='bbox 831 1429 912 1492; x_wconf 84' lang='lat' dir='ltr'><strong>Ecce</strong></span> <span class='ocrx_word' id='word_1_113' title='bbox 929 1429 961 1506; x_wconf 86' lang='lat' dir='ltr'><strong>in</strong></span> <span class='ocrx_word' id='word_1_114' title='bbox 982 1429 1032 1491; x_wconf 89' lang='lat' dir='ltr'><strong>his</strong></span> <span class='ocrx_word' id='word_1_115' title='bbox 1047 1427 1143 1490; x_wconf 89' lang='lat' dir='ltr'><strong>debet</strong></span> <span class='ocrx_word' id='word_1_116' title='bbox 1159 1429 1204 1490; x_wconf 95' lang='lat' dir='ltr'><strong>in·</strong></span> <span class='ocrx_word' id='word_1_117' title='bbox 1258 1435 1315 1502; x_wconf 92' lang='lat' dir='ltr'><strong>tes,</strong></span> <span class='ocrx_word' id='word_1_118' title='bbox 1332 1426 1418 1490; x_wconf 88' lang='lat' dir='ltr'><strong>aliud</strong></span> <span class='ocrx_word' id='word_1_119' title='bbox 1441 1435 1570 1490; x_wconf 86' lang='lat' dir='ltr'><strong>cantant</strong></span> <span class='ocrx_word' id='word_1_120' title='bbox 1589 1446 1686 1510; x_wconf 92' lang='lat' dir='ltr'><strong>quam</strong></span> <span class='ocrx_word' id='word_1_121' title='bbox 1707 1427 1776 1490; x_wconf 89' lang='lat' dir='ltr'><strong>libri</strong></span> <span class='ocrx_word' id='word_1_122' title='bbox 1793 1427 1908 1492; x_wconf 88' lang='lat' dir='ltr'><strong>habeant.</strong></span> <span class='ocrx_word' id='word_1_123' title='bbox 1919 1429 1943 1492; x_wconf 84' lang='lat' dir='ltr'><strong>u</strong></span> 
     </span>
     <span class='ocr_line' id='line_1_11' title="bbox 453 1527 1943 1610; baseline 0 -20"><span class='ocrx_word' id='word_1_124' title='bbox 453 1528 637 1592; x_wconf 85' lang='lat' dir='ltr'><strong>desinenter</strong></span> <span class='ocrx_word' id='word_1_125' title='bbox 666 1547 735 1591; x_wconf 91' lang='lat' dir='ltr'><strong>esse</strong></span> <span class='ocrx_word' id='word_1_126' title='bbox 765 1528 932 1610; x_wconf 88' lang='lat' dir='ltr'><strong>occupatio</strong></span> <span class='ocrx_word' id='word_1_127' title='bbox 957 1533 1076 1602; x_wconf 90' lang='lat' dir='ltr'><strong>nostra,</strong></span> <span class='ocrx_word' id='word_1_128' title='bbox 1101 1527 1202 1590; x_wconf 88' lang='lat' dir='ltr'><strong>Deum</strong></span> <span class='ocrx_word' id='word_1_129' title='bbox 1258 1534 1375 1608; x_wconf 85' lang='lat' dir='ltr'><strong>quanta</strong></span> <span class='ocrx_word' id='word_1_130' title='bbox 1401 1534 1449 1589; x_wconf 90' lang='lat' dir='ltr'><strong>est</strong></span> <span class='ocrx_word' id='word_1_131' title='bbox 1474 1527 1586 1590; x_wconf 87' lang='lat' dir='ltr'><strong>levitas</strong></span> <span class='ocrx_word' id='word_1_132' title='bbox 1610 1527 1708 1602; x_wconf 88' lang='lat' dir='ltr'><strong>vocis,</strong></span> <span class='ocrx_word' id='word_1_133' title='bbox 1730 1534 1808 1590; x_wconf 72' lang='lat' dir='ltr'><strong>muta</strong></span> <span class='ocrx_word' id='word_1_134' title='bbox 1827 1527 1907 1590; x_wconf 87' lang='lat' dir='ltr'><strong>forsan</strong></span> <span class='ocrx_word' id='word_1_135' title='bbox 1923 1537 1943 1590; x_wconf 80' lang='lat' dir='ltr'><strong>et</strong></span> 
     </span>
     <span class='ocr_line' id='line_1_12' title="bbox 454 1624 1944 1708; baseline 0 -20"><span class='ocrx_word' id='word_1_136' title='bbox 454 1627 593 1703; x_wconf 88' lang='lat' dir='ltr'><strong>laudare,</strong></span> <span class='ocrx_word' id='word_1_137' title='bbox 606 1627 768 1703; x_wconf 85' lang='lat' dir='ltr'><strong>extollere,</strong></span> <span class='ocrx_word' id='word_1_138' title='bbox 785 1627 947 1701; x_wconf 89' lang='lat' dir='ltr'><strong>admirari,</strong></span> <span class='ocrx_word' id='word_1_139' title='bbox 964 1626 1108 1707; x_wconf 88' lang='lat' dir='ltr'><strong>diligere,</strong></span> <span class='ocrx_word' id='word_1_140' title='bbox 1121 1627 1203 1690; x_wconf 92' lang='lat' dir='ltr'><strong>dona</strong></span> <span class='ocrx_word' id='word_1_141' title='bbox 1258 1624 1449 1689; x_wconf 79' lang='lat' dir='ltr'><strong>instabilitas</strong></span> <span class='ocrx_word' id='word_1_142' title='bbox 1472 1625 1598 1688; x_wconf 92' lang='lat' dir='ltr'><strong>mentis.</strong></span> <span class='ocrx_word' id='word_1_143' title='bbox 1622 1625 1752 1689; x_wconf 73' lang='lat' dir='ltr'><strong>Canmnt</strong></span> <span class='ocrx_word' id='word_1_144' title='bbox 1770 1625 1860 1689; x_wconf 81' lang='lat' dir='ltr'><strong>forsan</strong></span> <span class='ocrx_word' id='word_1_145' title='bbox 1877 1627 1944 1708; x_wconf 81' lang='lat' dir='ltr'><strong>nugis</strong></span> 
     </span>
     <span class='ocr_line' id='line_1_13' title="bbox 453 1723 1945 1808; baseline -0.001 -20"><span class='ocrx_word' id='word_1_146' title='bbox 453 1725 524 1807; x_wconf 88' lang='lat' dir='ltr'><strong>ejus</strong></span> <span class='ocrx_word' id='word_1_147' title='bbox 548 1745 694 1808; x_wconf 90' lang='lat' dir='ltr'><strong>pensare,</strong></span> <span class='ocrx_word' id='word_1_148' title='bbox 715 1733 747 1788; x_wconf 89' lang='lat' dir='ltr'><strong>et</strong></span> <span class='ocrx_word' id='word_1_149' title='bbox 768 1726 912 1789; x_wconf 92' lang='lat' dir='ltr'><strong>omnium</strong></span> <span class='ocrx_word' id='word_1_150' title='bbox 937 1723 1016 1787; x_wconf 93' lang='lat' dir='ltr'><strong>fonti</strong></span> <span class='ocrx_word' id='word_1_151' title='bbox 1044 1724 1199 1788; x_wconf 92' lang='lat' dir='ltr'><strong>bonorum</strong></span> <span class='ocrx_word' id='word_1_152' title='bbox 1258 1730 1293 1785; x_wconf 94' lang='lat' dir='ltr'><strong>ut</strong></span> <span class='ocrx_word' id='word_1_153' title='bbox 1308 1724 1453 1805; x_wconf 83' lang='lat' dir='ltr'><strong>placeant</strong></span> <span class='ocrx_word' id='word_1_154' title='bbox 1468 1724 1707 1807; x_wconf 86' lang='lat' dir='ltr'><strong>populo‚quam</strong></span> <span class='ocrx_word' id='word_1_155' title='bbox 1723 1724 1945 1806; x_wconf 64' lang='lat' dir='ltr'><strong>Deohccequon·</strong></span> 
     </span>
     <span class='ocr_line' id='line_1_14' title="bbox 452 1823 1945 1907; baseline -0.003 -19"><span class='ocrx_word' id='word_1_156' title='bbox 452 1825 527 1888; x_wconf 92' lang='lat' dir='ltr'><strong>totis</strong></span> <span class='ocrx_word' id='word_1_157' title='bbox 551 1825 734 1907; x_wconf 75' lang='lat' dir='ltr'><strong>precordiis</strong></span> <span class='ocrx_word' id='word_1_158' title='bbox 757 1823 932 1906; x_wconf 89' lang='lat' dir='ltr'><strong>regratiari,</strong></span> <span class='ocrx_word' id='word_1_159' title='bbox 956 1841 1013 1886; x_wconf 92' lang='lat' dir='ltr'><strong>nos</strong></span> <span class='ocrx_word' id='word_1_160' title='bbox 1039 1823 1124 1905; x_wconf 92' lang='lat' dir='ltr'><strong>ipsos</strong></span> <span class='ocrx_word' id='word_1_161' title='bbox 1150 1824 1201 1886; x_wconf 91' lang='lat' dir='ltr'><strong>de·</strong></span> <span class='ocrx_word' id='word_1_162' title='bbox 1219 1823 1242 1888; x_wconf 89' lang='lat' dir='ltr'>B</span> <span class='ocrx_word' id='word_1_163' title='bbox 1257 1829 1288 1884; x_wconf 93' lang='lat' dir='ltr'><strong>ta</strong></span> <span class='ocrx_word' id='word_1_164' title='bbox 1309 1829 1357 1884; x_wconf 93' lang='lat' dir='ltr'><strong>est</strong></span> <span class='ocrx_word' id='word_1_165' title='bbox 1381 1823 1464 1886; x_wconf 85' lang='lat' dir='ltr'><strong>inter</strong></span> <span class='ocrx_word' id='word_1_166' title='bbox 1488 1841 1600 1886; x_wconf 83' lang='lat' dir='ltr'><strong>verum</strong></span> <span class='ocrx_word' id='word_1_167' title='bbox 1626 1830 1658 1886; x_wconf 90' lang='lat' dir='ltr'><strong>et</strong></span> <span class='ocrx_word' id='word_1_168' title='bbox 1678 1841 1790 1886; x_wconf 86' lang='lat' dir='ltr'><strong>vanum</strong></span> <span class='ocrx_word' id='word_1_169' title='bbox 1811 1823 1945 1904; x_wconf 89' lang='lat' dir='ltr'><strong>religiosun</strong></span> 
     </span>
     <span class='ocr_line' id='line_1_15' title="bbox 453 1920 1416 2006; baseline -0.001 -21"><span class='ocrx_word' id='word_1_170' title='bbox 453 1923 588 2006; x_wconf 91' lang='lat' dir='ltr'><strong>spicere,</strong></span> <span class='ocrx_word' id='word_1_171' title='bbox 598 1923 949 1998; x_wconf 87' lang='lat' dir='ltr'><strong>humiliare,aocusare,</strong></span> <span class='ocrx_word' id='word_1_172' title='bbox 960 1921 1126 2003; x_wconf 90' lang='lat' dir='ltr'><strong>corrigere,</strong></span> <span class='ocrx_word' id='word_1_173' title='bbox 1136 1922 1201 1985; x_wconf 85' lang='lat' dir='ltr'><strong>[leo</strong></span> <span class='ocrx_word' id='word_1_174' title='bbox 1257 1920 1416 1984; x_wconf 88' lang='lat' dir='ltr'><strong>distantia.</strong></span> 
     </span>
     <span class='ocr_line' id='line_1_16' title="bbox 454 2019 2029 2104; baseline 0 -22"><span class='ocrx_word' id='word_1_175' title='bbox 454 2021 618 2095; x_wconf 72' lang='lat' dir='ltr'><strong>inherere,</strong></span> <span class='ocrx_word' id='word_1_176' title='bbox 639 2022 679 2085; x_wconf 90' lang='lat' dir='ltr'><strong>ad</strong></span> <span class='ocrx_word' id='word_1_177' title='bbox 704 2021 970 2104; x_wconf 86' lang='lat' dir='ltr'><strong>complacendum</strong></span> <span class='ocrx_word' id='word_1_178' title='bbox 991 2020 1019 2082; x_wconf 90' lang='lat' dir='ltr'><strong>ei</strong></span> <span class='ocrx_word' id='word_1_179' title='bbox 1042 2019 1200 2083; x_wconf 90' lang='lat' dir='ltr'><strong>indefesse</strong></span> <span class='ocrx_word' id='word_1_180' title='bbox 1296 2021 1451 2102; x_wconf 78' lang='lat' dir='ltr'><strong>Deinceps</strong></span> <span class='ocrx_word' id='word_1_181' title='bbox 1466 2020 1500 2082; x_wconf 91' lang='lat' dir='ltr'><strong>in</strong></span> <span class='ocrx_word' id='word_1_182' title='bbox 1515 2021 1665 2103; x_wconf 71' lang='lat' dir='ltr'><strong>praesenti</strong></span> <span class='ocrx_word' id='word_1_183' title='bbox 1680 2019 1948 2103; x_wconf 82' lang='lat' dir='ltr'><strong>epistoladooetlpo</strong></span> <span class='ocrx_word' id='word_1_184' title='bbox 2028 2039 2029 2102; x_wconf 62' lang='lat' dir='ltr'><strong>t</strong></span> 
     </span>
     <span class='ocr_line' id='line_1_17' title="bbox 453 2119 1945 2202; baseline -0.001 -20"><span class='ocrx_word' id='word_1_185' title='bbox 453 2119 591 2195; x_wconf 90' lang='lat' dir='ltr'><strong>studere,</strong></span> <span class='ocrx_word' id='word_1_186' title='bbox 609 2127 643 2182; x_wconf 94' lang='lat' dir='ltr'><strong>ut</strong></span> <span class='ocrx_word' id='word_1_187' title='bbox 661 2120 708 2183; x_wconf 89' lang='lat' dir='ltr'><strong>sic</strong></span> <span class='ocrx_word' id='word_1_188' title='bbox 727 2126 793 2183; x_wconf 88' lang='lat' dir='ltr'><strong>tota</strong></span> <span class='ocrx_word' id='word_1_189' title='bbox 815 2119 1014 2182; x_wconf 88' lang='lat' dir='ltr'><strong>conversatio</strong></span> <span class='ocrx_word' id='word_1_190' title='bbox 1033 2126 1140 2182; x_wconf 86' lang='lat' dir='ltr'><strong>nostra</strong></span> <span class='ocrx_word' id='word_1_191' title='bbox 1160 2119 1201 2181; x_wconf 92' lang='lat' dir='ltr'><strong>sit</strong></span> <span class='ocrx_word' id='word_1_192' title='bbox 1256 2119 1366 2194; x_wconf 89' lang='lat' dir='ltr'><strong>stolus,</strong></span> <span class='ocrx_word' id='word_1_193' title='bbox 1383 2139 1480 2202; x_wconf 89' lang='lat' dir='ltr'><strong>quam</strong></span> <span class='ocrx_word' id='word_1_194' title='bbox 1501 2120 1636 2202; x_wconf 90' lang='lat' dir='ltr'><strong>pulchre</strong></span> <span class='ocrx_word' id='word_1_195' title='bbox 1651 2127 1685 2182; x_wconf 88' lang='lat' dir='ltr'><strong>et</strong></span> <span class='ocrx_word' id='word_1_196' title='bbox 1699 2120 1824 2201; x_wconf 76' lang='lat' dir='ltr'><strong>gratiose</strong></span> <span class='ocrx_word' id='word_1_197' title='bbox 1840 2119 1903 2182; x_wconf 86' lang='lat' dir='ltr'><strong>Deus</strong></span> <span class='ocrx_word' id='word_1_198' title='bbox 1916 2139 1945 2180; x_wconf 86' lang='lat' dir='ltr'><strong>sa·</strong></span> 
     </span>
     <span class='ocr_line' id='line_1_18' title="bbox 335 2217 1947 2301; baseline -0.001 -20"><span class='ocrx_word' id='word_1_199' title='bbox 335 2232 341 2245; x_wconf 89' lang='lat'><strong>·</strong></span> <span class='ocrx_word' id='word_1_200' title='bbox 454 2237 529 2281; x_wconf 87' lang='lat' dir='ltr'><strong>vere</strong></span> <span class='ocrx_word' id='word_1_201' title='bbox 554 2220 586 2282; x_wconf 91' lang='lat' dir='ltr'><strong>in</strong></span> <span class='ocrx_word' id='word_1_202' title='bbox 613 2218 713 2294; x_wconf 90' lang='lat' dir='ltr'><strong>coelis,</strong></span> <span class='ocrx_word' id='word_1_203' title='bbox 734 2237 809 2281; x_wconf 87' lang='lat' dir='ltr'><strong>vere</strong></span> <span class='ocrx_word' id='word_1_204' title='bbox 830 2217 1018 2299; x_wconf 88' lang='lat' dir='ltr'><strong>spiritualis,</strong></span> <span class='ocrx_word' id='word_1_205' title='bbox 1040 2217 1148 2280; x_wconf 88' lang='lat' dir='ltr'><strong>divina</strong></span> <span class='ocrx_word' id='word_1_206' title='bbox 1169 2225 1201 2280; x_wconf 92' lang='lat' dir='ltr'><strong>et</strong></span> <span class='ocrx_word' id='word_1_207' title='bbox 1256 2219 1454 2301; x_wconf 77' lang='lat' dir='ltr'><strong>prensatque</strong></span> <span class='ocrx_word' id='word_1_208' title='bbox 1467 2218 1668 2300; x_wconf 83' lang='lat' dir='ltr'><strong>omnipotens</strong></span> <span class='ocrx_word' id='word_1_209' title='bbox 1682 2217 1947 2281; x_wconf 83' lang='lat' dir='ltr'><strong>militantcmdcoon·</strong></span> 
     </span>
     <span class='ocr_line' id='line_1_19' title="bbox 455 2317 1947 2400; baseline -0.001 -21"><span class='ocrx_word' id='word_1_210' title='bbox 455 2317 628 2392; x_wconf 87' lang='lat' dir='ltr'><strong>fructuosa,</strong></span> <span class='ocrx_word' id='word_1_211' title='bbox 645 2323 741 2400; x_wconf 90' lang='lat' dir='ltr'><strong>atque</strong></span> <span class='ocrx_word' id='word_1_212' title='bbox 757 2335 814 2400; x_wconf 91' lang='lat' dir='ltr'><strong>per</strong></span> <span class='ocrx_word' id='word_1_213' title='bbox 828 2317 889 2380; x_wconf 92' lang='lat' dir='ltr'><strong>hoc</strong></span> <span class='ocrx_word' id='word_1_214' title='bbox 904 2317 974 2399; x_wconf 95' lang='lat' dir='ltr'><strong>ipso</strong></span> <span class='ocrx_word' id='word_1_215' title='bbox 988 2317 1119 2379; x_wconf 92' lang='lat' dir='ltr'><strong>nomine</strong></span> <span class='ocrx_word' id='word_1_216' title='bbox 1134 2334 1200 2378; x_wconf 95' lang='lat' dir='ltr'><strong>mo·</strong></span> <span class='ocrx_word' id='word_1_217' title='bbox 1256 2317 1302 2380; x_wconf 90' lang='lat' dir='ltr'><strong>vit</strong></span> <span class='ocrx_word' id='word_1_218' title='bbox 1321 2317 1495 2380; x_wconf 80' lang='lat' dir='ltr'><strong>Ecclesiam</strong></span> <span class='ocrx_word' id='word_1_219' title='bbox 1515 2317 1700 2380; x_wconf 87' lang='lat' dir='ltr'><strong>diversitate</strong></span> <span class='ocrx_word' id='word_1_220' title='bbox 1720 2317 1857 2380; x_wconf 90' lang='lat' dir='ltr'><strong>donorum</strong></span> <span class='ocrx_word' id='word_1_221' title='bbox 1872 2317 1947 2397; x_wconf 87' lang='lat' dir='ltr'><strong>gratia</strong></span> 
     </span>
     <span class='ocr_line' id='line_1_20' title="bbox 455 2414 1947 2499; baseline -0.001 -21"><span class='ocrx_word' id='word_1_222' title='bbox 455 2416 550 2478; x_wconf 90' lang='lat' dir='ltr'><strong>nachi</strong></span> <span class='ocrx_word' id='word_1_223' title='bbox 572 2415 673 2478; x_wconf 91' lang='lat' dir='ltr'><strong>simus</strong></span> <span class='ocrx_word' id='word_1_224' title='bbox 695 2416 844 2496; x_wconf 79' lang='lat' dir='ltr'><strong>condigni</strong></span> <span class='ocrx_word' id='word_1_225' title='bbox 861 2433 868 2477; x_wconf 92' lang='lat'>:</span> <span class='ocrx_word' id='word_1_226' title='bbox 885 2415 961 2499; x_wconf 88' lang='lat' dir='ltr'><strong>quia</strong></span> <span class='ocrx_word' id='word_1_227' title='bbox 982 2423 1018 2477; x_wconf 91' lang='lat' dir='ltr'><strong>ut</strong></span> <span class='ocrx_word' id='word_1_228' title='bbox 1041 2415 1200 2479; x_wconf 84' lang='lat' dir='ltr'><strong>Climacus</strong></span> <span class='ocrx_word' id='word_1_229' title='bbox 1255 2414 1352 2497; x_wconf 88' lang='lat' dir='ltr'><strong>gratis</strong></span> <span class='ocrx_word' id='word_1_230' title='bbox 1381 2416 1472 2491; x_wconf 73' lang='lat' dir='ltr'><strong>datae,</strong></span> <span class='ocrx_word' id='word_1_231' title='bbox 1503 2424 1535 2478; x_wconf 92' lang='lat' dir='ltr'><strong>et</strong></span> <span class='ocrx_word' id='word_1_232' title='bbox 1563 2414 1747 2480; x_wconf 87' lang='lat' dir='ltr'><strong>officiorum</strong></span> <span class='ocrx_word' id='word_1_233' title='bbox 1776 2435 1809 2478; x_wconf 90' lang='lat' dir='ltr'><strong>ao</strong></span> <span class='ocrx_word' id='word_1_234' title='bbox 1834 2415 1947 2498; x_wconf 86' lang='lat' dir='ltr'><strong>operatio·</strong></span> 
     </span>
     <span class='ocr_line' id='line_1_21' title="bbox 454 2512 1948 2598; baseline -0.001 -23"><span class='ocrx_word' id='word_1_235' title='bbox 454 2513 607 2596; x_wconf 90' lang='lat' dir='ltr'><strong>loquitur,</strong></span> <span class='ocrx_word' id='word_1_236' title='bbox 632 2512 804 2577; x_wconf 80' lang='lat' dir='ltr'><strong>Monachus</strong></span> <span class='ocrx_word' id='word_1_237' title='bbox 832 2513 958 2596; x_wconf 90' lang='lat' dir='ltr'><strong>estqui</strong></span> <span class='ocrx_word' id='word_1_238' title='bbox 987 2532 1119 2596; x_wconf 75' lang='lat' dir='ltr'><strong>eaquae</strong></span> <span class='ocrx_word' id='word_1_239' title='bbox 1144 2513 1199 2576; x_wconf 85' lang='lat' dir='ltr'><strong>Dei</strong></span> <span class='ocrx_word' id='word_1_240' title='bbox 1255 2533 1344 2577; x_wconf 89' lang='lat' dir='ltr'><strong>num.</strong></span> <span class='ocrx_word' id='word_1_241' title='bbox 1362 2514 1622 2597; x_wconf 87' lang='lat' dir='ltr'><strong>Contemplemur</strong></span> <span class='ocrx_word' id='word_1_242' title='bbox 1642 2514 1750 2598; x_wconf 87' lang='lat' dir='ltr'><strong>itaque</strong></span> <span class='ocrx_word' id='word_1_243' title='bbox 1764 2532 1847 2597; x_wconf 91' lang='lat' dir='ltr'><strong>quam</strong></span> <span class='ocrx_word' id='word_1_244' title='bbox 1859 2514 1948 2596; x_wconf 86' lang='lat' dir='ltr'><strong>copiosa</strong></span> 
     </span>
     <span class='ocr_line' id='line_1_22' title="bbox 453 2611 1949 2696; baseline -0.001 -22"><span class='ocrx_word' id='word_1_245' title='bbox 453 2619 528 2674; x_wconf 92' lang='lat' dir='ltr'><strong>sunt</strong></span> <span class='ocrx_word' id='word_1_246' title='bbox 556 2613 682 2694; x_wconf 78' lang='lat' dir='ltr'><strong>cogitat,</strong></span> <span class='ocrx_word' id='word_1_247' title='bbox 707 2612 858 2695; x_wconf 90' lang='lat' dir='ltr'><strong>loquitur,</strong></span> <span class='ocrx_word' id='word_1_248' title='bbox 888 2619 1049 2694; x_wconf 82' lang='lat' dir='ltr'><strong>operatur,</strong></span> <span class='ocrx_word' id='word_1_249' title='bbox 1075 2613 1200 2676; x_wconf 87' lang='lat' dir='ltr'><strong>Christo</strong></span> <span class='ocrx_word' id='word_1_250' title='bbox 1254 2611 1427 2694; x_wconf 89' lang='lat' dir='ltr'><strong>gratiarum</strong></span> <span class='ocrx_word' id='word_1_251' title='bbox 1451 2612 1654 2688; x_wconf 84' lang='lat' dir='ltr'><strong>charismata,</strong></span> <span class='ocrx_word' id='word_1_252' title='bbox 1682 2621 1822 2696; x_wconf 88' lang='lat' dir='ltr'><strong>quantam</strong></span> <span class='ocrx_word' id='word_1_253' title='bbox 1841 2612 1949 2694; x_wconf 86' lang='lat' dir='ltr'><strong>sapienti-</strong></span> 
     </span>
     <span class='ocr_line' id='line_1_23' title="bbox 453 2708 1950 2796; baseline -0.001 -24"><span class='ocrx_word' id='word_1_254' title='bbox 453 2711 562 2774; x_wconf 89' lang='lat' dir='ltr'><strong>unitus</strong></span> <span class='ocrx_word' id='word_1_255' title='bbox 582 2711 670 2775; x_wconf 92' lang='lat' dir='ltr'><strong>omni</strong></span> <span class='ocrx_word' id='word_1_256' title='bbox 692 2711 762 2774; x_wconf 92' lang='lat' dir='ltr'><strong>loco</strong></span> <span class='ocrx_word' id='word_1_257' title='bbox 781 2718 813 2774; x_wconf 95' lang='lat' dir='ltr'><strong>et</strong></span> <span class='ocrx_word' id='word_1_258' title='bbox 832 2718 985 2795; x_wconf 89' lang='lat' dir='ltr'><strong>tempore.</strong></span> <span class='ocrx_word' id='word_1_259' title='bbox 1003 2711 1061 2786; x_wconf 82' lang='lat' dir='ltr'><strong>Qui</strong></span> <span class='ocrx_word' id='word_1_260' title='bbox 1082 2712 1198 2774; x_wconf 88' lang='lat' dir='ltr'><strong>iterum</strong></span> <span class='ocrx_word' id='word_1_261' title='bbox 1254 2731 1317 2786; x_wconf 89' lang='lat' dir='ltr'><strong>am,</strong></span> <span class='ocrx_word' id='word_1_262' title='bbox 1334 2712 1513 2786; x_wconf 89' lang='lat' dir='ltr'><strong>scientiam,</strong></span> <span class='ocrx_word' id='word_1_263' title='bbox 1529 2712 1757 2796; x_wconf 86' lang='lat' dir='ltr'><strong>eloquentiam,</strong></span> <span class='ocrx_word' id='word_1_264' title='bbox 1772 2719 1896 2794; x_wconf 89' lang='lat' dir='ltr'><strong>quautam</strong></span> <span class='ocrx_word' id='word_1_265' title='bbox 1912 2708 1950 2770; x_wconf 93' lang='lat' dir='ltr'><strong>ni·</strong></span> 
     </span>
     <span class='ocr_line' id='line_1_24' title="bbox 451 2809 1950 2893; baseline -0.002 -22"><span class='ocrx_word' id='word_1_266' title='bbox 451 2809 683 2873; x_wconf 83' lang='lat' dir='ltr'><strong>sermocinatur</strong></span> <span class='ocrx_word' id='word_1_267' title='bbox 708 2827 716 2873; x_wconf 90' lang='lat'>:</span> <span class='ocrx_word' id='word_1_268' title='bbox 741 2810 913 2873; x_wconf 81' lang='lat' dir='ltr'><strong>Monachus</strong></span> <span class='ocrx_word' id='word_1_269' title='bbox 937 2817 985 2872; x_wconf 91' lang='lat' dir='ltr'><strong>est</strong></span> <span class='ocrx_word' id='word_1_270' title='bbox 1009 2809 1199 2874; x_wconf 87' lang='lat' dir='ltr'><strong>incessabile</strong></span> <span class='ocrx_word' id='word_1_271' title='bbox 1254 2810 1437 2874; x_wconf 89' lang='lat' dir='ltr'><strong>raculorum</strong></span> <span class='ocrx_word' id='word_1_272' title='bbox 1467 2811 1691 2886; x_wconf 87' lang='lat' dir='ltr'><strong>eminentiam,</strong></span> <span class='ocrx_word' id='word_1_273' title='bbox 1715 2818 1852 2893; x_wconf 86' lang='lat' dir='ltr'><strong>quautam</strong></span> <span class='ocrx_word' id='word_1_274' title='bbox 1874 2817 1950 2870; x_wconf 82' lang='lat' dir='ltr'><strong>conta</strong></span> 
     </span>
     <span class='ocr_line' id='line_1_25' title="bbox 451 2905 2030 2993; baseline -0.003 -23"><span class='ocrx_word' id='word_1_275' title='bbox 451 2908 559 2972; x_wconf 91' lang='lat' dir='ltr'><strong>lumen</strong></span> <span class='ocrx_word' id='word_1_276' title='bbox 576 2909 609 2971; x_wconf 90' lang='lat' dir='ltr'><strong>in</strong></span> <span class='ocrx_word' id='word_1_277' title='bbox 623 2909 718 2972; x_wconf 89' lang='lat' dir='ltr'><strong>oculo</strong></span> <span class='ocrx_word' id='word_1_278' title='bbox 732 2909 1034 2988; x_wconf 82' lang='lat' dir='ltr'><strong>cordis3monaehus</strong></span> <span class='ocrx_word' id='word_1_279' title='bbox 1050 2916 1098 2972; x_wconf 89' lang='lat' dir='ltr'><strong>est</strong></span> <span class='ocrx_word' id='word_1_280' title='bbox 1112 2908 1200 2992; x_wconf 80' lang='lat' dir='ltr'><strong>abys·</strong></span> <span class='ocrx_word' id='word_1_281' title='bbox 1253 2910 1449 2973; x_wconf 85' lang='lat' dir='ltr'><strong>adversarias</strong></span> <span class='ocrx_word' id='word_1_282' title='bbox 1464 2917 1635 2992; x_wconf 87' lang='lat' dir='ltr'><strong>potestates</strong></span> <span class='ocrx_word' id='word_1_283' title='bbox 1650 2909 1907 2993; x_wconf 81' lang='lat' dir='ltr'><strong>potentiamquun</strong></span> <span class='ocrx_word' id='word_1_284' title='bbox 1916 2905 1950 2966; x_wconf 85' lang='lat' dir='ltr'><strong>ad·</strong></span> <span class='ocrx_word' id='word_1_285' title='bbox 2029 2953 2030 2988; x_wconf 70' lang='lat'><strong>,</strong></span> 
     </span>
     <span class='ocr_line' id='line_1_26' title="bbox 451 3001 1950 3090; baseline -0.003 -22"><span class='ocrx_word' id='word_1_286' title='bbox 451 3025 504 3068; x_wconf 88' lang='lat' dir='ltr'><strong>sus</strong></span> <span class='ocrx_word' id='word_1_287' title='bbox 534 3006 736 3084; x_wconf 88' lang='lat' dir='ltr'><strong>humilitatis,</strong></span> <span class='ocrx_word' id='word_1_288' title='bbox 761 3024 890 3070; x_wconf 90' lang='lat' dir='ltr'><strong>omnem</strong></span> <span class='ocrx_word' id='word_1_289' title='bbox 920 3006 1068 3089; x_wconf 89' lang='lat' dir='ltr'><strong>spiritum</strong></span> <span class='ocrx_word' id='word_1_290' title='bbox 1096 3014 1198 3070; x_wconf 85' lang='lat' dir='ltr'><strong>extra·</strong></span> <span class='ocrx_word' id='word_1_291' title='bbox 1217 3008 1238 3073; x_wconf 85' lang='lat' dir='ltr'><strong>G</strong></span> <span class='ocrx_word' id='word_1_292' title='bbox 1255 3008 1431 3070; x_wconf 89' lang='lat' dir='ltr'><strong>mirandam</strong></span> <span class='ocrx_word' id='word_1_293' title='bbox 1447 3007 1680 3090; x_wconf 87' lang='lat' dir='ltr'><strong>perlectionem</strong></span> <span class='ocrx_word' id='word_1_294' title='bbox 1693 3001 1950 3080; x_wconf 71' lang='lat' dir='ltr'><strong>uirtutumsublini·</strong></span> 
     </span>
     <span class='ocr_line' id='line_1_27' title="bbox 451 3105 1950 3189; baseline -0.003 -22"><span class='ocrx_word' id='word_1_295' title='bbox 451 3123 547 3168; x_wconf 89' lang='lat' dir='ltr'><strong>neum</strong></span> <span class='ocrx_word' id='word_1_296' title='bbox 567 3113 599 3167; x_wconf 92' lang='lat' dir='ltr'><strong>et</strong></span> <span class='ocrx_word' id='word_1_297' title='bbox 613 3106 789 3189; x_wconf 89' lang='lat' dir='ltr'><strong>superbum</strong></span> <span class='ocrx_word' id='word_1_298' title='bbox 809 3124 848 3168; x_wconf 83' lang='lat' dir='ltr'><strong>ex</strong></span> <span class='ocrx_word' id='word_1_299' title='bbox 863 3113 929 3168; x_wconf 92' lang='lat' dir='ltr'><strong>toto</strong></span> <span class='ocrx_word' id='word_1_300' title='bbox 944 3105 1147 3188; x_wconf 78' lang='lat' dir='ltr'><strong>praecipitans</strong></span> <span class='ocrx_word' id='word_1_301' title='bbox 1168 3113 1199 3168; x_wconf 92' lang='lat' dir='ltr'><strong>et</strong></span> <span class='ocrx_word' id='word_1_302' title='bbox 1254 3113 1351 3170; x_wconf 88' lang='lat' dir='ltr'><strong>tatem</strong></span> <span class='ocrx_word' id='word_1_303' title='bbox 1367 3106 1690 3189; x_wconf 89' lang='lat' dir='ltr'><strong>contemplationum,</strong></span> <span class='ocrx_word' id='word_1_304' title='bbox 1706 3125 1796 3189; x_wconf 89' lang='lat' dir='ltr'><strong>quam</strong></span> <span class='ocrx_word' id='word_1_305' title='bbox 1812 3107 1950 3188; x_wconf 85' lang='lat' dir='ltr'><strong>supernato·</strong></span> 
     </span>
     <span class='ocr_line' id='line_1_28' title="bbox 449 3203 1949 3287; baseline -0.004 -21"><span class='ocrx_word' id='word_1_306' title='bbox 449 3203 628 3285; x_wconf 88' lang='lat' dir='ltr'><strong>sullocans;</strong></span> <span class='ocrx_word' id='word_1_307' title='bbox 645 3205 820 3269; x_wconf 89' lang='lat' dir='ltr'><strong>monachus</strong></span> <span class='ocrx_word' id='word_1_308' title='bbox 837 3203 966 3287; x_wconf 91' lang='lat' dir='ltr'><strong>proprie</strong></span> <span class='ocrx_word' id='word_1_309' title='bbox 986 3211 1117 3267; x_wconf 91' lang='lat' dir='ltr'><strong>estnon</strong></span> <span class='ocrx_word' id='word_1_310' title='bbox 1137 3204 1199 3267; x_wconf 89' lang='lat' dir='ltr'><strong>ela·</strong></span> <span class='ocrx_word' id='word_1_311' title='bbox 1253 3204 1352 3268; x_wconf 84' lang='lat' dir='ltr'><strong>ratem</strong></span> <span class='ocrx_word' id='word_1_312' title='bbox 1369 3205 1467 3268; x_wconf 90' lang='lat' dir='ltr'><strong>totius</strong></span> <span class='ocrx_word' id='word_1_313' title='bbox 1488 3204 1667 3268; x_wconf 90' lang='lat' dir='ltr'><strong>sanctitatis</strong></span> <span class='ocrx_word' id='word_1_314' title='bbox 1689 3203 1872 3276; x_wconf 90' lang='lat' dir='ltr'><strong>munditiam,</strong></span> <span class='ocrx_word' id='word_1_315' title='bbox 1883 3215 1949 3282; x_wconf 87' lang='lat' dir='ltr'><strong>quan</strong></span> 
     </span>
     <span class='ocr_line' id='line_1_29' title="bbox 450 3295 1950 3384; baseline -0.005 -21"><span class='ocrx_word' id='word_1_316' title='bbox 450 3309 501 3364; x_wconf 88' lang='lat' dir='ltr'><strong>tus</strong></span> <span class='ocrx_word' id='word_1_317' title='bbox 515 3303 639 3378; x_wconf 86' lang='lat' dir='ltr'><strong>oculus,</strong></span> <span class='ocrx_word' id='word_1_318' title='bbox 651 3302 784 3366; x_wconf 88' lang='lat' dir='ltr'><strong>humilis</strong></span> <span class='ocrx_word' id='word_1_319' title='bbox 799 3302 914 3365; x_wconf 75' lang='lat' dir='ltr'><strong>anime</strong></span> <span class='ocrx_word' id='word_1_320' title='bbox 930 3302 1076 3377; x_wconf 90' lang='lat' dir='ltr'><strong>intuitus,</strong></span> <span class='ocrx_word' id='word_1_321' title='bbox 1093 3309 1125 3366; x_wconf 91' lang='lat' dir='ltr'><strong>et</strong></span> <span class='ocrx_word' id='word_1_322' title='bbox 1139 3303 1198 3365; x_wconf 93' lang='lat' dir='ltr'><strong>im·</strong></span> <span class='ocrx_word' id='word_1_323' title='bbox 1254 3303 1416 3367; x_wconf 79' lang='lat' dir='ltr'><strong>coelestem</strong></span> <span class='ocrx_word' id='word_1_324' title='bbox 1445 3311 1477 3365; x_wconf 90' lang='lat' dir='ltr'><strong>et</strong></span> <span class='ocrx_word' id='word_1_325' title='bbox 1500 3304 1681 3384; x_wconf 86' lang='lat' dir='ltr'><strong>angelicam</strong></span> <span class='ocrx_word' id='word_1_326' title='bbox 1707 3304 1801 3366; x_wconf 85' lang='lat' dir='ltr'><strong>vitam</strong></span> <span class='ocrx_word' id='word_1_327' title='bbox 1825 3295 1950 3365; x_wconf 79' lang='lat' dir='ltr'><strong>contulerit</strong></span> 
     </span>
     <span class='ocr_line' id='line_1_30' title="bbox 450 3398 1951 3485; baseline -0.003 -22"><span class='ocrx_word' id='word_1_328' title='bbox 450 3410 554 3465; x_wconf 89' lang='lat' dir='ltr'><strong>motus</strong></span> <span class='ocrx_word' id='word_1_329' title='bbox 575 3402 717 3485; x_wconf 90' lang='lat' dir='ltr'><strong>eorporis</strong></span> <span class='ocrx_word' id='word_1_330' title='bbox 738 3419 869 3481; x_wconf 83' lang='lat' dir='ltr'><strong>sensus3</strong></span> <span class='ocrx_word' id='word_1_331' title='bbox 886 3402 1060 3464; x_wconf 86' lang='lat' dir='ltr'><strong>monachus</strong></span> <span class='ocrx_word' id='word_1_332' title='bbox 1079 3403 1198 3484; x_wconf 89' lang='lat' dir='ltr'><strong>estqui</strong></span> <span class='ocrx_word' id='word_1_333' title='bbox 1253 3401 1336 3464; x_wconf 87' lang='lat' dir='ltr'><strong>Deus</strong></span> <span class='ocrx_word' id='word_1_334' title='bbox 1360 3401 1509 3464; x_wconf 88' lang='lat' dir='ltr'><strong>sublimis</strong></span> <span class='ocrx_word' id='word_1_335' title='bbox 1533 3409 1565 3465; x_wconf 90' lang='lat' dir='ltr'><strong>et</strong></span> <span class='ocrx_word' id='word_1_336' title='bbox 1588 3401 1777 3465; x_wconf 89' lang='lat' dir='ltr'><strong>benedictus</strong></span> <span class='ocrx_word' id='word_1_337' title='bbox 1802 3398 1899 3462; x_wconf 85' lang='lat' dir='ltr'><strong>sanetis</strong></span> <span class='ocrx_word' id='word_1_338' title='bbox 1916 3413 1951 3476; x_wconf 83' lang='lat' dir='ltr'><strong>po·</strong></span> 
     </span>
     <span class='ocr_line' id='line_1_31' title="bbox 450 3499 1952 3584; baseline -0.001 -24"><span class='ocrx_word' id='word_1_339' title='bbox 450 3499 688 3582; x_wconf 89' lang='lat' dir='ltr'><strong>impugnatores</strong></span> <span class='ocrx_word' id='word_1_340' title='bbox 704 3517 761 3562; x_wconf 91' lang='lat' dir='ltr'><strong>scu</strong></span> <span class='ocrx_word' id='word_1_341' title='bbox 776 3506 948 3562; x_wconf 89' lang='lat' dir='ltr'><strong>tentatores</strong></span> <span class='ocrx_word' id='word_1_342' title='bbox 969 3499 1068 3561; x_wconf 88' lang='lat' dir='ltr'><strong>instar</strong></span> <span class='ocrx_word' id='word_1_343' title='bbox 1082 3500 1197 3563; x_wconf 89' lang='lat' dir='ltr'><strong>bestia·</strong></span> <span class='ocrx_word' id='word_1_344' title='bbox 1252 3500 1355 3563; x_wconf 88' lang='lat' dir='ltr'><strong>tribus</strong></span> <span class='ocrx_word' id='word_1_345' title='bbox 1376 3501 1493 3563; x_wconf 88' lang='lat' dir='ltr'><strong>nostris</strong></span> <span class='ocrx_word' id='word_1_346' title='bbox 1518 3499 1620 3564; x_wconf 89' lang='lat' dir='ltr'><strong>beatis</strong></span> <span class='ocrx_word' id='word_1_347' title='bbox 1644 3500 1802 3584; x_wconf 82' lang='lat' dir='ltr'><strong>Apostolis</strong></span> <span class='ocrx_word' id='word_1_348' title='bbox 1819 3506 1847 3561; x_wconf 89' lang='lat' dir='ltr'><strong>et</strong></span> <span class='ocrx_word' id='word_1_349' title='bbox 1864 3501 1952 3579; x_wconf 75' lang='lat' dir='ltr'><strong>apost</strong></span> 
     </span>
     <span class='ocr_line' id='line_1_32' title="bbox 450 3593 1951 3680; baseline -0.006 -21"><span class='ocrx_word' id='word_1_350' title='bbox 450 3615 522 3660; x_wconf 94' lang='lat' dir='ltr'><strong>rum</strong></span> <span class='ocrx_word' id='word_1_351' title='bbox 543 3599 687 3672; x_wconf 85' lang='lat' dir='ltr'><strong>advocat,</strong></span> <span class='ocrx_word' id='word_1_352' title='bbox 711 3605 743 3661; x_wconf 93' lang='lat' dir='ltr'><strong>et</strong></span> <span class='ocrx_word' id='word_1_353' title='bbox 766 3597 870 3660; x_wconf 88' lang='lat' dir='ltr'><strong>irritat</strong></span> <span class='ocrx_word' id='word_1_354' title='bbox 887 3617 988 3680; x_wconf 93' lang='lat' dir='ltr'><strong>quum</strong></span> <span class='ocrx_word' id='word_1_355' title='bbox 1009 3596 1138 3679; x_wconf 91' lang='lat' dir='ltr'><strong>lugiunt</strong></span> <span class='ocrx_word' id='word_1_356' title='bbox 1156 3599 1197 3662; x_wconf 89' lang='lat' dir='ltr'><strong>ab</strong></span> <span class='ocrx_word' id='word_1_357' title='bbox 1252 3599 1323 3662; x_wconf 88' lang='lat' dir='ltr'><strong>licis</strong></span> <span class='ocrx_word' id='word_1_358' title='bbox 1350 3599 1440 3674; x_wconf 87' lang='lat' dir='ltr'><strong>viris,</strong></span> <span class='ocrx_word' id='word_1_359' title='bbox 1471 3598 1715 3680; x_wconf 89' lang='lat' dir='ltr'><strong>gloriosissimis</strong></span> <span class='ocrx_word' id='word_1_360' title='bbox 1743 3593 1911 3662; x_wconf 85' lang='lat' dir='ltr'><strong>anachoretis</strong></span> <span class='ocrx_word' id='word_1_361' title='bbox 1931 3597 1951 3650; x_wconf 86' lang='lat' dir='ltr'><strong>et</strong></span> 
     </span>
     <span class='ocr_line' id='line_1_33' title="bbox 449 3693 1952 3778; baseline -0.005 -21"><span class='ocrx_word' id='word_1_362' title='bbox 449 3713 505 3772; x_wconf 92' lang='lat' dir='ltr'><strong>eo;</strong></span> <span class='ocrx_word' id='word_1_363' title='bbox 522 3697 696 3758; x_wconf 87' lang='lat' dir='ltr'><strong>monachus</strong></span> <span class='ocrx_word' id='word_1_364' title='bbox 716 3703 764 3758; x_wconf 87' lang='lat' dir='ltr'><strong>est</strong></span> <span class='ocrx_word' id='word_1_365' title='bbox 778 3695 978 3758; x_wconf 87' lang='lat' dir='ltr'><strong>incessabilis</strong></span> <span class='ocrx_word' id='word_1_366' title='bbox 997 3714 1146 3760; x_wconf 82' lang='lat' dir='ltr'><strong>excessus</strong></span> <span class='ocrx_word' id='word_1_367' title='bbox 1165 3706 1197 3760; x_wconf 93' lang='lat' dir='ltr'><strong>et</strong></span> <span class='ocrx_word' id='word_1_368' title='bbox 1252 3697 1405 3773; x_wconf 86' lang='lat' dir='ltr'><strong>eremitis,</strong></span> <span class='ocrx_word' id='word_1_369' title='bbox 1421 3715 1458 3761; x_wconf 85' lang='lat' dir='ltr'><strong>aa</strong></span> <span class='ocrx_word' id='word_1_370' title='bbox 1473 3697 1667 3778; x_wconf 89' lang='lat' dir='ltr'><strong>religionum</strong></span> <span class='ocrx_word' id='word_1_371' title='bbox 1683 3693 1886 3759; x_wconf 84' lang='lat' dir='ltr'><strong>fundatoribus</strong></span> <span class='ocrx_word' id='word_1_372' title='bbox 1898 3705 1952 3772; x_wconf 81' lang='lat' dir='ltr'><strong>pre</strong></span> 
     </span>
     <span class='ocr_line' id='line_1_34' title="bbox 448 3784 1952 3877; baseline -0.005 -23"><span class='ocrx_word' id='word_1_373' title='bbox 448 3793 578 3857; x_wconf 90' lang='lat' dir='ltr'><strong>tristitia</strong></span> <span class='ocrx_word' id='word_1_374' title='bbox 591 3795 683 3874; x_wconf 82' lang='lat' dir='ltr'><strong>vitae3</strong></span> <span class='ocrx_word' id='word_1_375' title='bbox 701 3796 875 3858; x_wconf 89' lang='lat' dir='ltr'><strong>monachus</strong></span> <span class='ocrx_word' id='word_1_376' title='bbox 894 3796 1012 3877; x_wconf 89' lang='lat' dir='ltr'><strong>estqui</strong></span> <span class='ocrx_word' id='word_1_377' title='bbox 1034 3796 1077 3859; x_wconf 88' lang='lat' dir='ltr'><strong>ita</strong></span> <span class='ocrx_word' id='word_1_378' title='bbox 1095 3795 1197 3859; x_wconf 85' lang='lat' dir='ltr'><strong>affici·</strong></span> <span class='ocrx_word' id='word_1_379' title='bbox 1251 3795 1361 3858; x_wconf 89' lang='lat' dir='ltr'><strong>electis</strong></span> <span class='ocrx_word' id='word_1_380' title='bbox 1379 3815 1386 3859; x_wconf 94' lang='lat'>:</span> <span class='ocrx_word' id='word_1_381' title='bbox 1403 3803 1498 3877; x_wconf 89' lang='lat' dir='ltr'><strong>atque</strong></span> <span class='ocrx_word' id='word_1_382' title='bbox 1513 3814 1552 3858; x_wconf 83' lang='lat' dir='ltr'><strong>ex</strong></span> <span class='ocrx_word' id='word_1_383' title='bbox 1567 3793 1618 3857; x_wconf 89' lang='lat' dir='ltr'><strong>his</strong></span> <span class='ocrx_word' id='word_1_384' title='bbox 1633 3794 1819 3857; x_wconf 90' lang='lat' dir='ltr'><strong>immensam</strong></span> <span class='ocrx_word' id='word_1_385' title='bbox 1833 3789 1878 3854; x_wconf 84' lang='lat' dir='ltr'><strong>liei</strong></span> <span class='ocrx_word' id='word_1_386' title='bbox 1890 3784 1952 3848; x_wconf 90' lang='lat' dir='ltr'><strong>boui·</strong></span> 
     </span>
     <span class='ocr_line' id='line_1_35' title="bbox 447 3881 1952 3976; baseline -0.005 -24"><span class='ocrx_word' id='word_1_387' title='bbox 447 3899 501 3954; x_wconf 92' lang='lat' dir='ltr'><strong>tur</strong></span> <span class='ocrx_word' id='word_1_388' title='bbox 525 3898 557 3954; x_wconf 90' lang='lat' dir='ltr'><strong>et</strong></span> <span class='ocrx_word' id='word_1_389' title='bbox 580 3891 783 3972; x_wconf 88' lang='lat' dir='ltr'><strong>qualificatur</strong></span> <span class='ocrx_word' id='word_1_390' title='bbox 807 3892 990 3968; x_wconf 84' lang='lat' dir='ltr'><strong>virtutibus,</strong></span> <span class='ocrx_word' id='word_1_391' title='bbox 1012 3894 1095 3955; x_wconf 89' lang='lat' dir='ltr'><strong>sieut</strong></span> <span class='ocrx_word' id='word_1_392' title='bbox 1114 3894 1196 3956; x_wconf 90' lang='lat' dir='ltr'><strong>alius</strong></span> <span class='ocrx_word' id='word_1_393' title='bbox 1250 3901 1359 3968; x_wconf 89' lang='lat' dir='ltr'><strong>tatem,</strong></span> <span class='ocrx_word' id='word_1_394' title='bbox 1383 3893 1584 3976; x_wconf 81' lang='lat' dir='ltr'><strong>sapientiam,</strong></span> <span class='ocrx_word' id='word_1_395' title='bbox 1610 3890 1863 3976; x_wconf 90' lang='lat' dir='ltr'><strong>omnipotentiam</strong></span> <span class='ocrx_word' id='word_1_396' title='bbox 1882 3881 1952 3948; x_wconf 89' lang='lat' dir='ltr'><strong>adni-</strong></span> 
     </span>
     <span class='ocr_line' id='line_1_36' title="bbox 449 3989 1952 4073; baseline -0.003 -21"><span class='ocrx_word' id='word_1_397' title='bbox 449 3990 718 4073; x_wconf 87' lang='lat' dir='ltr'><strong>concupiscentiis</strong></span> <span class='ocrx_word' id='word_1_398' title='bbox 733 3999 765 4054; x_wconf 85' lang='lat' dir='ltr'><strong>et</strong></span> <span class='ocrx_word' id='word_1_399' title='bbox 779 3992 1044 4055; x_wconf 87' lang='lat' dir='ltr'><strong>delectationibus</strong></span> <span class='ocrx_word' id='word_1_400' title='bbox 1060 3993 1193 4056; x_wconf 88' lang='lat' dir='ltr'><strong>vitiosis.</strong></span> <span class='ocrx_word' id='word_1_401' title='bbox 1251 4011 1369 4066; x_wconf 88' lang='lat' dir='ltr'><strong>remur,</strong></span> <span class='ocrx_word' id='word_1_402' title='bbox 1383 3990 1550 4054; x_wconf 85' lang='lat' dir='ltr'><strong>laudemus</strong></span> <span class='ocrx_word' id='word_1_403' title='bbox 1565 4009 1602 4054; x_wconf 86' lang='lat' dir='ltr'><strong>ac</strong></span> <span class='ocrx_word' id='word_1_404' title='bbox 1617 3991 1819 4063; x_wconf 90' lang='lat' dir='ltr'><strong>honoremus,</strong></span> <span class='ocrx_word' id='word_1_405' title='bbox 1830 3995 1857 4050; x_wconf 88' lang='lat' dir='ltr'><strong>et</strong></span> <span class='ocrx_word' id='word_1_406' title='bbox 1868 3989 1952 4067; x_wconf 80' lang='lat' dir='ltr'><strong>quauta</strong></span> 
     </span>
     <span class='ocr_line' id='line_1_37' title="bbox 489 4088 1952 4170; baseline -0.006 -20"><span class='ocrx_word' id='word_1_407' title='bbox 489 4089 570 4152; x_wconf 87' lang='lat' dir='ltr'><strong>Ecce</strong></span> <span class='ocrx_word' id='word_1_408' title='bbox 585 4088 637 4151; x_wconf 92' lang='lat' dir='ltr'><strong>cui</strong></span> <span class='ocrx_word' id='word_1_409' title='bbox 658 4089 717 4152; x_wconf 92' lang='lat' dir='ltr'><strong>ista</strong></span> <span class='ocrx_word' id='word_1_410' title='bbox 737 4091 943 4165; x_wconf 88' lang='lat' dir='ltr'><strong>conveniunt,</strong></span> <span class='ocrx_word' id='word_1_411' title='bbox 961 4091 1014 4152; x_wconf 91' lang='lat' dir='ltr'><strong>hie</strong></span> <span class='ocrx_word' id='word_1_412' title='bbox 1029 4109 1103 4154; x_wconf 91' lang='lat' dir='ltr'><strong>vere</strong></span> <span class='ocrx_word' id='word_1_413' title='bbox 1123 4093 1195 4154; x_wconf 91' lang='lat' dir='ltr'><strong>reli·</strong></span> <span class='ocrx_word' id='word_1_414' title='bbox 1251 4091 1292 4153; x_wconf 89' lang='lat' dir='ltr'><strong>sit</strong></span> <span class='ocrx_word' id='word_1_415' title='bbox 1316 4090 1497 4152; x_wconf 77' lang='lat' dir='ltr'><strong>christiane</strong></span> <span class='ocrx_word' id='word_1_416' title='bbox 1520 4089 1598 4152; x_wconf 91' lang='lat' dir='ltr'><strong>fidei</strong></span> <span class='ocrx_word' id='word_1_417' title='bbox 1625 4089 1784 4153; x_wconf 89' lang='lat' dir='ltr'><strong>certitudo</strong></span> <span class='ocrx_word' id='word_1_418' title='bbox 1804 4095 1952 4170; x_wconf 78' lang='lat' dir='ltr'><strong>ponsamos3</strong></span> 
     </span>
     <span class='ocr_line' id='line_1_38' title="bbox 447 4185 1952 4271; baseline -0.007 -22"><span class='ocrx_word' id='word_1_419' title='bbox 447 4187 566 4269; x_wconf 89' lang='lat' dir='ltr'><strong>giosus,</strong></span> <span class='ocrx_word' id='word_1_420' title='bbox 587 4187 640 4250; x_wconf 95' lang='lat' dir='ltr'><strong>hic</strong></span> <span class='ocrx_word' id='word_1_421' title='bbox 664 4188 805 4271; x_wconf 87' lang='lat' dir='ltr'><strong>perfecte</strong></span> <span class='ocrx_word' id='word_1_422' title='bbox 829 4196 877 4251; x_wconf 92' lang='lat' dir='ltr'><strong>est</strong></span> <span class='ocrx_word' id='word_1_423' title='bbox 902 4189 1085 4251; x_wconf 89' lang='lat' dir='ltr'><strong>monachus.</strong></span> <span class='ocrx_word' id='word_1_424' title='bbox 1108 4190 1145 4252; x_wconf 83' lang='lat' dir='ltr'><strong>Et</strong></span> <span class='ocrx_word' id='word_1_425' title='bbox 1167 4191 1194 4254; x_wconf 92' lang='lat' dir='ltr'><strong>si</strong></span> <span class='ocrx_word' id='word_1_426' title='bbox 1209 4192 1234 4254; x_wconf 87' lang='lat' dir='ltr'>D</span> <span class='ocrx_word' id='word_1_427' title='bbox 1251 4197 1498 4271; x_wconf 89' lang='lat' dir='ltr'><strong>sanctorumque</strong></span> <span class='ocrx_word' id='word_1_428' title='bbox 1523 4188 1650 4252; x_wconf 88' lang='lat' dir='ltr'><strong>Patrum</strong></span> <span class='ocrx_word' id='word_1_429' title='bbox 1682 4185 1895 4270; x_wconf 88' lang='lat' dir='ltr'><strong>comparatione</strong></span> <span class='ocrx_word' id='word_1_430' title='bbox 1914 4195 1952 4240; x_wconf 87' lang='lat' dir='ltr'><strong>uos</strong></span> 
     </span>
     <span class='ocr_line' id='line_1_39' title="bbox 447 4276 1954 4371; baseline -0.007 -23"><span class='ocrx_word' id='word_1_431' title='bbox 447 4288 589 4352; x_wconf 90' lang='lat' dir='ltr'><strong>nondum</strong></span> <span class='ocrx_word' id='word_1_432' title='bbox 605 4287 685 4350; x_wconf 91' lang='lat' dir='ltr'><strong>tales</strong></span> <span class='ocrx_word' id='word_1_433' title='bbox 702 4287 1005 4362; x_wconf 77' lang='lat' dir='ltr'><strong>consistimuS,tales</strong></span> <span class='ocrx_word' id='word_1_434' title='bbox 1020 4287 1092 4350; x_wconf 92' lang='lat' dir='ltr'><strong>fieri</strong></span> <span class='ocrx_word' id='word_1_435' title='bbox 1109 4289 1195 4350; x_wconf 91' lang='lat' dir='ltr'><strong>inde·</strong></span> <span class='ocrx_word' id='word_1_436' title='bbox 1250 4288 1336 4371; x_wconf 90' lang='lat' dir='ltr'><strong>ipsos</strong></span> <span class='ocrx_word' id='word_1_437' title='bbox 1352 4287 1602 4371; x_wconf 91' lang='lat' dir='ltr'><strong>profundissime</strong></span> <span class='ocrx_word' id='word_1_438' title='bbox 1618 4287 1831 4358; x_wconf 90' lang='lat' dir='ltr'><strong>humiliemus,</strong></span> <span class='ocrx_word' id='word_1_439' title='bbox 1843 4290 1870 4344; x_wconf 92' lang='lat' dir='ltr'><strong>et</strong></span> <span class='ocrx_word' id='word_1_440' title='bbox 1881 4276 1954 4342; x_wconf 90' lang='lat' dir='ltr'><strong>nihilo</strong></span> 
     </span>
     <span class='ocr_line' id='line_1_40' title="bbox 447 4380 1952 4468; baseline -0.006 -20"><span class='ocrx_word' id='word_1_441' title='bbox 447 4386 587 4448; x_wconf 90' lang='lat' dir='ltr'><strong>sinenter</strong></span> <span class='ocrx_word' id='word_1_442' title='bbox 611 4404 775 4461; x_wconf 91' lang='lat' dir='ltr'><strong>conemur,</strong></span> <span class='ocrx_word' id='word_1_443' title='bbox 803 4385 960 4468; x_wconf 88' lang='lat' dir='ltr'><strong>prolicere</strong></span> <span class='ocrx_word' id='word_1_444' title='bbox 985 4403 1048 4449; x_wconf 93' lang='lat' dir='ltr'><strong>non</strong></span> <span class='ocrx_word' id='word_1_445' title='bbox 1071 4393 1194 4450; x_wconf 82' lang='lat' dir='ltr'><strong>cassan·</strong></span> <span class='ocrx_word' id='word_1_446' title='bbox 1250 4387 1410 4450; x_wconf 91' lang='lat' dir='ltr'><strong>minusad</strong></span> <span class='ocrx_word' id='word_1_447' title='bbox 1427 4386 1638 4448; x_wconf 90' lang='lat' dir='ltr'><strong>imitationem</strong></span> <span class='ocrx_word' id='word_1_448' title='bbox 1654 4403 1765 4449; x_wconf 88' lang='lat' dir='ltr'><strong>eorum</strong></span> <span class='ocrx_word' id='word_1_449' title='bbox 1780 4380 1952 4446; x_wconf 78' lang='lat' dir='ltr'><strong>efficaciorem</strong></span> 
     </span>
     <span class='ocr_line' id='line_1_41' title="bbox 445 4473 1952 4566; baseline -0.007 -21"><span class='ocrx_word' id='word_1_450' title='bbox 445 4490 493 4547; x_wconf 91' lang='lat' dir='ltr'><strong>tes</strong></span> <span class='ocrx_word' id='word_1_451' title='bbox 510 4503 517 4548; x_wconf 92' lang='lat'>:</span> <span class='ocrx_word' id='word_1_452' title='bbox 534 4484 610 4566; x_wconf 86' lang='lat' dir='ltr'><strong>quia</strong></span> <span class='ocrx_word' id='word_1_453' title='bbox 631 4493 666 4547; x_wconf 91' lang='lat' dir='ltr'><strong>ut</strong></span> <span class='ocrx_word' id='word_1_454' title='bbox 685 4485 786 4548; x_wconf 90' lang='lat' dir='ltr'><strong>sancti</strong></span> <span class='ocrx_word' id='word_1_455' title='bbox 805 4485 910 4547; x_wconf 85' lang='lat' dir='ltr'><strong>Patres</strong></span> <span class='ocrx_word' id='word_1_456' title='bbox 931 4485 1082 4560; x_wconf 88' lang='lat' dir='ltr'><strong>fatentur,</strong></span> <span class='ocrx_word' id='word_1_457' title='bbox 1099 4505 1193 4548; x_wconf 89' lang='lat' dir='ltr'><strong>verus</strong></span> <span class='ocrx_word' id='word_1_458' title='bbox 1249 4486 1461 4550; x_wconf 88' lang='lat' dir='ltr'><strong>accendamur</strong></span> <span class='ocrx_word' id='word_1_459' title='bbox 1480 4504 1517 4548; x_wconf 89' lang='lat' dir='ltr'><strong>ac</strong></span> <span class='ocrx_word' id='word_1_460' title='bbox 1536 4484 1729 4548; x_wconf 89' lang='lat' dir='ltr'><strong>animemur.</strong></span> <span class='ocrx_word' id='word_1_461' title='bbox 1746 4483 1856 4564; x_wconf 88' lang='lat' dir='ltr'><strong>Nempe</strong></span> <span class='ocrx_word' id='word_1_462' title='bbox 1872 4473 1952 4558; x_wconf 83' lang='lat' dir='ltr'><strong>stipsi</strong></span> 
     </span>
     <span class='ocr_line' id='line_1_42' title="bbox 446 4579 2023 4664; baseline -0.009 -20"><span class='ocrx_word' id='word_1_463' title='bbox 446 4583 613 4663; x_wconf 90' lang='lat' dir='ltr'><strong>religiosus</strong></span> <span class='ocrx_word' id='word_1_464' title='bbox 633 4582 728 4646; x_wconf 91' lang='lat' dir='ltr'><strong>debet</strong></span> <span class='ocrx_word' id='word_1_465' title='bbox 741 4602 810 4646; x_wconf 90' lang='lat' dir='ltr'><strong>esse</strong></span> <span class='ocrx_word' id='word_1_466' title='bbox 829 4583 992 4664; x_wconf 90' lang='lat' dir='ltr'><strong>neglector</strong></span> <span class='ocrx_word' id='word_1_467' title='bbox 1007 4591 1038 4645; x_wconf 90' lang='lat' dir='ltr'><strong>et</strong></span> <span class='ocrx_word' id='word_1_468' title='bbox 1054 4592 1194 4647; x_wconf 91' lang='lat' dir='ltr'><strong>contem·</strong></span> <span class='ocrx_word' id='word_1_469' title='bbox 1248 4586 1393 4649; x_wconf 93' lang='lat' dir='ltr'><strong>homines</strong></span> <span class='ocrx_word' id='word_1_470' title='bbox 1409 4591 1499 4647; x_wconf 89' lang='lat' dir='ltr'><strong>erant</strong></span> <span class='ocrx_word' id='word_1_471' title='bbox 1513 4583 1636 4646; x_wconf 91' lang='lat' dir='ltr'><strong>similes</strong></span> <span class='ocrx_word' id='word_1_472' title='bbox 1650 4583 1744 4647; x_wconf 89' lang='lat' dir='ltr'><strong>uobis</strong></span> <span class='ocrx_word' id='word_1_473' title='bbox 1760 4579 1898 4649; x_wconf 88' lang='lat' dir='ltr'><strong>mortales,</strong></span> <span class='ocrx_word' id='word_1_474' title='bbox 1910 4587 1951 4635; x_wconf 87' lang='lat' dir='ltr'><strong>nec</strong></span> <span class='ocrx_word' id='word_1_475' title='bbox 1968 4582 2023 4630; x_wconf 67' lang='lat' dir='ltr'><strong>runt</strong></span> 
     </span>
     <span class='ocr_line' id='line_1_43' title="bbox 447 4681 1952 4765; baseline 0 -24"><span class='ocrx_word' id='word_1_476' title='bbox 447 4687 519 4765; x_wconf 91' lang='lat' dir='ltr'><strong>ptor</strong></span> <span class='ocrx_word' id='word_1_477' title='bbox 538 4682 672 4744; x_wconf 88' lang='lat' dir='ltr'><strong>carnalis</strong></span> <span class='ocrx_word' id='word_1_478' title='bbox 694 4681 811 4764; x_wconf 89' lang='lat' dir='ltr'><strong>quietis</strong></span> <span class='ocrx_word' id='word_1_479' title='bbox 832 4690 863 4745; x_wconf 93' lang='lat' dir='ltr'><strong>et</strong></span> <span class='ocrx_word' id='word_1_480' title='bbox 884 4683 1114 4765; x_wconf 89' lang='lat' dir='ltr'><strong>repausationis</strong></span> <span class='ocrx_word' id='word_1_481' title='bbox 1136 4703 1193 4748; x_wconf 91' lang='lat' dir='ltr'><strong>seu</strong></span> <span class='ocrx_word' id='word_1_482' title='bbox 1247 4684 1432 4747; x_wconf 87' lang='lat' dir='ltr'><strong>abbreviata</strong></span> <span class='ocrx_word' id='word_1_483' title='bbox 1455 4691 1504 4746; x_wconf 89' lang='lat' dir='ltr'><strong>est</strong></span> <span class='ocrx_word' id='word_1_484' title='bbox 1527 4683 1653 4746; x_wconf 87' lang='lat' dir='ltr'><strong>Domini</strong></span> <span class='ocrx_word' id='word_1_485' title='bbox 1679 4701 1800 4746; x_wconf 87' lang='lat' dir='ltr'><strong>manus.</strong></span> <span class='ocrx_word' id='word_1_486' title='bbox 1824 4681 1888 4750; x_wconf 83' lang='lat' dir='ltr'><strong>Inoo,</strong></span> <span class='ocrx_word' id='word_1_487' title='bbox 1908 4687 1952 4754; x_wconf 80' lang='lat'>(111⁰</span> 
     </span>
     <span class='ocr_line' id='line_1_44' title="bbox 446 4773 1953 4866; baseline -0.009 -23"><span class='ocrx_word' id='word_1_488' title='bbox 446 4779 625 4854; x_wconf 88' lang='lat' dir='ltr'><strong>otiositatis,</strong></span> <span class='ocrx_word' id='word_1_489' title='bbox 641 4782 800 4863; x_wconf 88' lang='lat' dir='ltr'><strong>appetitor</strong></span> <span class='ocrx_word' id='word_1_490' title='bbox 819 4780 946 4856; x_wconf 90' lang='lat' dir='ltr'><strong>laboris,</strong></span> <span class='ocrx_word' id='word_1_491' title='bbox 964 4782 1088 4864; x_wconf 89' lang='lat' dir='ltr'><strong>patiens</strong></span> <span class='ocrx_word' id='word_1_492' title='bbox 1106 4782 1192 4864; x_wconf 89' lang='lat' dir='ltr'><strong>abje·</strong></span> <span class='ocrx_word' id='word_1_493' title='bbox 1248 4803 1334 4847; x_wconf 91' lang='lat' dir='ltr'><strong>nunc</strong></span> <span class='ocrx_word' id='word_1_494' title='bbox 1357 4783 1507 4866; x_wconf 87' lang='lat' dir='ltr'><strong>pauciora</strong></span> <span class='ocrx_word' id='word_1_495' title='bbox 1528 4782 1620 4845; x_wconf 91' lang='lat' dir='ltr'><strong>nobis</strong></span> <span class='ocrx_word' id='word_1_496' title='bbox 1646 4781 1826 4865; x_wconf 73' lang='lat' dir='ltr'><strong>prebentur</strong></span> <span class='ocrx_word' id='word_1_497' title='bbox 1841 4796 1857 4839; x_wconf 90' lang='lat' dir='ltr'><strong>a</strong></span> <span class='ocrx_word' id='word_1_498' title='bbox 1872 4773 1953 4836; x_wconf 83' lang='lat' dir='ltr'><strong>viren-</strong></span> 
     </span>
     <span class='ocr_line' id='line_1_45' title="bbox 446 4874 1953 4964; baseline -0.006 -22"><span class='ocrx_word' id='word_1_499' title='bbox 446 4879 574 4954; x_wconf 89' lang='lat' dir='ltr'><strong>ctionis,</strong></span> <span class='ocrx_word' id='word_1_500' title='bbox 600 4880 729 4943; x_wconf 92' lang='lat' dir='ltr'><strong>honoris</strong></span> <span class='ocrx_word' id='word_1_501' title='bbox 759 4880 928 4963; x_wconf 89' lang='lat' dir='ltr'><strong>impatiens</strong></span> <span class='ocrx_word' id='word_1_502' title='bbox 957 4881 1192 4964; x_wconf 89' lang='lat' dir='ltr'><strong>voluptatisque</strong></span> <span class='ocrx_word' id='word_1_503' title='bbox 1247 4882 1335 4946; x_wconf 90' lang='lat' dir='ltr'><strong>tibus</strong></span> <span class='ocrx_word' id='word_1_504' title='bbox 1357 4882 1534 4945; x_wconf 88' lang='lat' dir='ltr'><strong>sanctitatis</strong></span> <span class='ocrx_word' id='word_1_505' title='bbox 1553 4881 1711 4964; x_wconf 83' lang='lat' dir='ltr'><strong>exempla,</strong></span> <span class='ocrx_word' id='word_1_506' title='bbox 1728 4897 1766 4943; x_wconf 89' lang='lat' dir='ltr'><strong>eo</strong></span> <span class='ocrx_word' id='word_1_507' title='bbox 1785 4878 1851 4961; x_wconf 92' lang='lat' dir='ltr'><strong>plus</strong></span> <span class='ocrx_word' id='word_1_508' title='bbox 1868 4874 1953 4935; x_wconf 76' lang='lat' dir='ltr'><strong>nnuc</strong></span> 
     </span>
     <span class='ocr_line' id='line_1_46' title="bbox 446 4975 1952 5063; baseline -0.009 -22"><span class='ocrx_word' id='word_1_509' title='bbox 446 4977 554 5060; x_wconf 85' lang='lat' dir='ltr'><strong>fugax,</strong></span> <span class='ocrx_word' id='word_1_510' title='bbox 575 4995 697 5060; x_wconf 88' lang='lat' dir='ltr'><strong>pauper</strong></span> <span class='ocrx_word' id='word_1_511' title='bbox 721 4978 754 5040; x_wconf 93' lang='lat' dir='ltr'><strong>in</strong></span> <span class='ocrx_word' id='word_1_512' title='bbox 779 4979 925 5060; x_wconf 89' lang='lat' dir='ltr'><strong>pecunia,</strong></span> <span class='ocrx_word' id='word_1_513' title='bbox 947 4979 1036 5042; x_wconf 90' lang='lat' dir='ltr'><strong>dives</strong></span> <span class='ocrx_word' id='word_1_514' title='bbox 1061 4980 1094 5042; x_wconf 95' lang='lat' dir='ltr'><strong>in</strong></span> <span class='ocrx_word' id='word_1_515' title='bbox 1119 4997 1193 5043; x_wconf 87' lang='lat' dir='ltr'><strong>oon·</strong></span> <span class='ocrx_word' id='word_1_516' title='bbox 1248 5001 1319 5044; x_wconf 91' lang='lat' dir='ltr'><strong>sum</strong></span> <span class='ocrx_word' id='word_1_517' title='bbox 1336 4981 1600 5063; x_wconf 88' lang='lat' dir='ltr'><strong>meritoriumque</strong></span> <span class='ocrx_word' id='word_1_518' title='bbox 1615 4977 1804 5052; x_wconf 89' lang='lat' dir='ltr'><strong>consistit,si</strong></span> <span class='ocrx_word' id='word_1_519' title='bbox 1819 4975 1879 5058; x_wconf 90' lang='lat' dir='ltr'><strong>quis</strong></span> <span class='ocrx_word' id='word_1_520' title='bbox 1891 4983 1952 5032; x_wconf 87' lang='lat' dir='ltr'><strong>nuno</strong></span> 
     </span>
     <span class='ocr_line' id='line_1_47' title="bbox 446 5075 1952 5162; baseline -0.005 -22"><span class='ocrx_word' id='word_1_521' title='bbox 446 5077 589 5152; x_wconf 88' lang='lat' dir='ltr'><strong>scicntia,</strong></span> <span class='ocrx_word' id='word_1_522' title='bbox 606 5085 730 5140; x_wconf 89' lang='lat' dir='ltr'><strong>erectus</strong></span> <span class='ocrx_word' id='word_1_523' title='bbox 749 5078 788 5140; x_wconf 93' lang='lat' dir='ltr'><strong>ad</strong></span> <span class='ocrx_word' id='word_1_524' title='bbox 808 5079 930 5152; x_wconf 87' lang='lat' dir='ltr'><strong>merita,</strong></span> <span class='ocrx_word' id='word_1_525' title='bbox 946 5078 1104 5161; x_wconf 89' lang='lat' dir='ltr'><strong>superbus</strong></span> <span class='ocrx_word' id='word_1_526' title='bbox 1120 5097 1194 5143; x_wconf 90' lang='lat' dir='ltr'><strong>con·</strong></span> <span class='ocrx_word' id='word_1_527' title='bbox 1248 5086 1355 5142; x_wconf 89' lang='lat' dir='ltr'><strong>sancte</strong></span> <span class='ocrx_word' id='word_1_528' title='bbox 1376 5087 1408 5142; x_wconf 91' lang='lat' dir='ltr'><strong>et</strong></span> <span class='ocrx_word' id='word_1_529' title='bbox 1430 5077 1755 5162; x_wconf 85' lang='lat' dir='ltr'><strong>irreprehensibiliter</strong></span> <span class='ocrx_word' id='word_1_530' title='bbox 1777 5075 1952 5139; x_wconf 76' lang='lat' dir='ltr'><strong>convencitur·</strong></span> 
     </span>
    </p>
   </div>
   <div class='ocr_carea' id='block_1_3' title="bbox 445 5163 1955 5362">
    <p class='ocr_par' dir='ltr' id='par_1_3' title="bbox 445 5163 1955 5362">
     <span class='ocr_line' id='line_1_48' title="bbox 445 5163 1953 5260; baseline -0.005 -20"><span class='ocrx_word' id='word_1_531' title='bbox 445 5185 495 5240; x_wconf 91' lang='lat' dir='ltr'><strong>tra</strong></span> <span class='ocrx_word' id='word_1_532' title='bbox 522 5184 661 5260; x_wconf 86' lang='lat' dir='ltr'><strong>peccata.</strong></span> <span class='ocrx_word' id='word_1_533' title='bbox 687 5177 816 5252; x_wconf 89' lang='lat' dir='ltr'><strong>Verum,</strong></span> <span class='ocrx_word' id='word_1_534' title='bbox 842 5185 877 5238; x_wconf 94' lang='lat' dir='ltr'><strong>ut</strong></span> <span class='ocrx_word' id='word_1_535' title='bbox 900 5178 1013 5240; x_wconf 90' lang='lat' dir='ltr'><strong>asserit</strong></span> <span class='ocrx_word' id='word_1_536' title='bbox 1035 5178 1125 5260; x_wconf 86' lang='lat' dir='ltr'><strong>Hugo</strong></span> <span class='ocrx_word' id='word_1_537' title='bbox 1153 5179 1194 5242; x_wconf 94' lang='lat' dir='ltr'><strong>de</strong></span> <span class='ocrx_word' id='word_1_538' title='bbox 1248 5179 1396 5259; x_wconf 85' lang='lat' dir='ltr'><strong>Magnum</strong></span> <span class='ocrx_word' id='word_1_539' title='bbox 1410 5178 1497 5241; x_wconf 92' lang='lat' dir='ltr'><strong>enim</strong></span> <span class='ocrx_word' id='word_1_540' title='bbox 1513 5184 1562 5241; x_wconf 89' lang='lat' dir='ltr'><strong>est</strong></span> <span class='ocrx_word' id='word_1_541' title='bbox 1576 5177 1668 5240; x_wconf 91' lang='lat' dir='ltr'><strong>valde</strong></span> <span class='ocrx_word' id='word_1_542' title='bbox 1682 5176 1767 5239; x_wconf 89' lang='lat' dir='ltr'><strong>inter</strong></span> <span class='ocrx_word' id='word_1_543' title='bbox 1785 5171 1909 5258; x_wconf 86' lang='lat' dir='ltr'><strong>pusillos,</strong></span> <span class='ocrx_word' id='word_1_544' title='bbox 1921 5163 1953 5225; x_wconf 91' lang='lat' dir='ltr'><strong>in·</strong></span> 
     </span>
     <span class='ocr_line' id='line_1_49' title="bbox 446 5263 1955 5362; baseline -0.008 -20"><span class='ocrx_word' id='word_1_545' title='bbox 446 5277 475 5342; x_wconf 88' lang='lat' dir='ltr'><strong>S.</strong></span> <span class='ocrx_word' id='word_1_546' title='bbox 501 5277 639 5354; x_wconf 89' lang='lat' dir='ltr'><strong>Victore,</strong></span> <span class='ocrx_word' id='word_1_547' title='bbox 662 5283 736 5340; x_wconf 94' lang='lat' dir='ltr'><strong>sunt</strong></span> <span class='ocrx_word' id='word_1_548' title='bbox 765 5275 895 5360; x_wconf 93' lang='lat' dir='ltr'><strong>quidam</strong></span> <span class='ocrx_word' id='word_1_549' title='bbox 920 5276 1060 5359; x_wconf 90' lang='lat' dir='ltr'><strong>religiosi</strong></span> <span class='ocrx_word' id='word_1_550' title='bbox 1085 5285 1192 5341; x_wconf 89' lang='lat' dir='ltr'><strong>mente</strong></span> <span class='ocrx_word' id='word_1_551' title='bbox 1247 5263 1955 5362; x_wconf 81' lang='lat' dir='ltr'><strong>firmos,remissos,perfeete,sanctoaeloruitlt</strong></span> 
     </span>
    </p>
   </div>
   <div class='ocr_carea' id='block_1_4' title="bbox 0 0 2074 6258">
    <p class='ocr_par' dir='ltr' id='par_1_4' title="bbox 0 0 2074 6258">
     <span class='ocr_line' id='line_1_50' title="bbox 0 0 2074 6258; baseline 0 2"><span class='ocrx_word' id='word_1_552' title='bbox 0 0 2074 6258; x_wconf 95' lang='lat' dir='ltr'><strong> </strong></span> 
     </span>
    </p>
   </div>
  </div>
 </body>
</html>
