4154 6258
451 449 512 514 432
653 469 800 517 boutch
821 471 874 516 xrv
895 470 968 519 rosr
988 468 1182 516 rmmrnruu.
1203 486 1244 498 -
1264 469 1306 516 An
1326 468 1520 532 nunrcrosos3
1543 469 1642 518 suauo
1661 468 1798 526 ouuarus

452 639 629 705 secundum
655 641 812 724 passionis
837 641 1005 725 impetum,
1031 643 1087 705 sed
1109 641 1201 723 juxta
1216 641 1241 704 A
1256 640 1428 705 libidinoso
1456 642 1617 724 adspectu,
1642 647 1738 716 tactu,
1762 638 1875 703 osculis
1899 647 1972 724 atque

452 744 546 802 rectae
566 740 696 803 rationis
718 759 886 803 censuram
907 740 982 804 talia
1000 740 1180 824 appetendo
1191 757 1200 819 ;
1255 739 1469 823 amplexibus,
1485 741 1523 802 ad
1539 739 1829 822 concupiscentiam
1844 746 1874 801 et
1886 739 1973 801 stimu-

453 855 512 898 ncc
543 836 677 900 delicata
703 846 799 920 atque
828 838 993 921 superflua
1022 839 1199 920 cupiamus,
1256 839 1407 901 lationem
1422 837 1671 920 provocantibus
1688 855 1696 900 ι
1713 836 1973 919 quaevaldevitan-

453 935 605 1016 qnoniam
621 935 676 998 illa
691 937 985 1020 concupiscentiam
1000 945 1203 1019 augentpas·
1256 937 1295 1000 da
1319 945 1404 1012 sunt,
1422 938 1498 1019 quia
1521 937 1698 1000 secundum
1723 936 1875 1008 doctores,
1893 935 1921 996 in
1940 936 1973 998 eis

452 1031 575 1095 sionem
599 1033 814 1110 inflammant,
838 1053 966 1098 carnem
990 1035 1149 1098 delectant
1170 1041 1202 1096 et
1256 1035 1402 1098 consistit
1424 1035 1519 1118 culpa
1541 1033 1710 1115 mortalis),
1727 1033 1906 1108 inimicitia,
1920 1051 1973 1096 eon·

451 1129 611 1206 loventot
626 1152 683 1215 per
698 1151 896 1215 consequens
912 1133 1061 1216 spiritum
1077 1140 1199 1208 necant,
1255 1133 1425 1208 tentiones,
1445 1133 1675 1206 aemulationes,
1693 1131 1759 1206 irae,
1779 1130 1863 1206 rixa,
1878 1131 1974 1194 disson

452 1230 629 1292 secundum
651 1230 848 1313 Gregorium.
1256 1231 1373 1304 sioncs,
1390 1230 1529 1306 invidiae,
1546 1229 1728 1303 ebrietates,
1746 1229 1972 1292 comessationes.

492 1328 647 1411 Denique,
673 1350 769 1413 quam
798 1333 977 1395 necessaria
1001 1332 1040 1394 ad
1066 1331 1201 1394 salutem
1257 1329 1294 1392 Et
1309 1330 1417 1392 omnia
1433 1330 1504 1404 ista,
1521 1328 1699 1392 secundum
1715 1327 1904 1410 Apostolum,
1918 1337 1974 1390 sunt

453 1426 495 1489 sit
509 1428 684 1491 carnalium
700 1429 930 1494 desideriorum
948 1431 1081 1504 coercio,
1092 1429 1203 1512 pandit
1257 1447 1295 1492 er
1311 1447 1369 1492 suo
1383 1446 1499 1510 genere
1515 1434 1645 1510 peccata
1664 1424 1822 1500 mortalia,
1838 1425 1905 1508 qnia
1919 1425 1974 1488 sub

307 1545 437 1598 causari.
453 1524 633 1608 Apostolus,
650 1527 760 1591 dicens
778 1546 785 1590 :
802 1528 880 1593 Caro
895 1529 982 1592 enim
1003 1526 1202 1611 concupiscit
1255 1527 1384 1609 jungit:
1402 1526 1460 1601 Oui
1480 1525 1556 1588 talia
1576 1533 1685 1607 agunt,
1706 1542 1839 1606 regnum
1861 1525 1910 1586 bei
1926 1542 1973 1587 non

452 1624 605 1687 adversus
627 1626 788 1708 spiritum,
808 1627 940 1710 spiritus
962 1634 1069 1690 autem
1092 1626 1202 1688 adver·
1257 1631 1502 1708 consequentur.
1519 1623 1618 1686 ldulto
1633 1623 1735 1705 magis
1749 1622 1975 1687 consuctndovi-

452 1742 506 1786 sus
529 1742 678 1806 camem;
699 1724 766 1790 haec
790 1726 877 1790 enim
902 1726 963 1789 sibi
988 1727 1126 1789 invicem
1148 1724 1201 1788 ad·
1255 1725 1374 1787 tiorum
1390 1723 1524 1786 istorum
1539 1722 1671 1786 omnino
1686 1722 1830 1786 mortalis
1845 1729 1888 1784 cst
1900 1729 1974 1804 atque

452 1830 630 1897 versantur,
648 1831 683 1885 ut
704 1842 766 1887 non
788 1843 1000 1908 quecumque
1021 1823 1129 1896 vultis,
1146 1823 1201 1886 illa
1218 1822 1457 1887 Bdemnabilis.
1475 1821 1528 1886 Vs
1551 1838 1626 1904 ergo
1650 1820 1808 1904 religiosis
1832 1818 1975 1883 eontentio

451 1918 584 1983 faciatis.
597 1921 676 1985 Caro
691 1923 821 1998 etenim,
832 1931 941 2006 utpote
956 1923 1117 2006 appetitus
1133 1941 1202 1984 sen·
1256 1922 1311 1996 sis,
1328 1920 1540 1996 discordibus,
1557 1919 1730 1996 iracundis,
1746 1920 1864 2002 gulosis
1881 1925 1908 1982 et
1924 1937 1975 1980 arn·

451 2017 576 2094 sitivus,
593 2021 715 2103 appetit
729 2021 930 2084 delectabilia
945 2021 1007 2084 sibi
1024 2021 1057 2082 in
1072 2039 1106 2083 se
1115 2038 1124 2100 ;
1139 2019 1202 2102 spi·
1256 2020 1435 2095 biliosis,ad
1450 2036 1530 2102 quos
1544 2018 1727 2102 specialiter
1740 2017 1890 2083 emulatio
1901 2015 1975 2101 perti·

451 2116 532 2180 ritus
547 2136 634 2194 vero,
644 2139 700 2182 scu
716 2119 795 2183 ratio
812 2128 972 2195 recta,aut
987 2119 1201 2183 intellectivus
1256 2127 1318 2182 net.
1326 2117 1494 2182 AEmulatio
1508 2117 1628 2202 quippe
1643 2117 1820 2181 invidentia
1833 2125 1878 2182 est
1889 2133 1974 2180 eoruur

450 2217 611 2298 appetitus
625 2217 716 2300 (puta
731 2219 892 2300 voluntas)
908 2219 1028 2282 ratione
1048 2219 1199 2291 directus,
1256 2217 1312 2301 qni
1334 2219 1419 2280 idem
1441 2217 1587 2280 obtinere
1606 2235 1663 2280 seu
1682 2224 1793 2280 tenere
1811 2215 1973 2288 desiderant,

450 2314 574 2397 appetit
592 2335 629 2379 ea
648 2336 718 2398 quaa
740 2317 873 2400 appetit,
891 2336 948 2400 per
967 2317 1200 2380 ordinationem
1256 2317 1310 2380 sed
1334 2335 1417 2379 unus
1437 2315 1612 2398 impeditur
1630 2323 1686 2378 aut
1707 2315 1857 2398 impediri
1872 2321 1974 2378 veretur

451 2418 482 2473 et
507 2421 688 2495 respectum
712 2415 753 2476 ad
777 2414 888 2490 Deum,
905 2422 1000 2498 prout
1025 2413 1201 2496 complacet
1256 2434 1313 2498 per
1332 2415 1431 2478 alium
1450 2432 1457 2478 :
1474 2414 1558 2478 siout
1577 2415 1653 2478 dum
1667 2415 1777 2497 plures
1791 2415 1830 2478 ad
1850 2413 1975 2498 prelatio

451 2509 481 2573 ei
496 2511 689 2594 expeditque
704 2513 808 2576 saluti.
819 2514 899 2576 lline
915 2522 946 2576 et
958 2514 1108 2596 princeps
1121 2512 1201 2595 Apo·
1256 2533 1330 2577 nem
1345 2514 1518 2597 adspirant.
1535 2513 1587 2578 Vae
1603 2513 1709 2597 itaque
1724 2514 1780 2596 qui
1796 2513 1891 2576 instar
1902 2529 1975 2575 secu

451 2609 605 2673 stolorum
626 2610 788 2675 :Obsecro
811 2612 945 2695 (inquit)
968 2629 1024 2676 vos
1048 2619 1199 2694 tanquam
1256 2613 1371 2676 larium
1395 2612 1563 2676 hominum
1588 2613 1821 2695 passionantur,
1847 2611 1972 2682 rixantur,

331 2716 336 2728 “
450 2707 589 2771 advenas
604 2716 635 2771 ct
651 2709 835 2792 peregrinos
854 2710 1014 2774 abstinere
1030 2728 1086 2774 vos
1100 2729 1119 2772 a
1134 2729 1199 2773 car·
1255 2711 1456 2787 dissentiunt,
1468 2710 1669 2786 emulantur,
1682 2711 1870 2786 irascuntur,
1880 2717 1908 2774 et
1919 2709 1974 2771 cibo

450 2805 576 2870 nalibus
598 2807 776 2884 desideriis,
793 2828 864 2892 quae
887 2809 1026 2873 militant
1047 2810 1199 2872 adversus
1255 2831 1291 2874 ac
1306 2818 1384 2894 potu
1400 2830 1434 2874 se
1449 2811 1585 2895 replent,
1601 2829 1638 2872 ac
1652 2809 1732 2874 alios
1747 2810 1787 2874 ad
1801 2809 1874 2873 talia
1885 2824 1973 2892 provo

448 2904 599 2967 animam.
613 2906 674 2970 Sed
689 2926 790 2990 quum
805 2926 878 2972 carc
894 2907 1063 2990 conjuncta
1079 2907 1121 2970 sit
1134 2906 1200 2970 ani·
1255 2917 1337 2973 cant.
1355 2910 1404 2985 Et,
1420 2908 1500 2992 prob
1516 2908 1623 2972 dolorl
1640 2909 1720 2972 tales
1736 2917 1809 2971 sunt
1823 2907 1918 2979 multi,
1931 2904 1972 2988 qui
2055 2949 2056 2974 i

449 3021 509 3066 mae
528 3023 547 3066 a
565 3003 651 3085 justo
670 3023 707 3067 ao
727 3005 965 3089 sapientissimo
985 3007 1061 3081 Deo,
1078 3014 1113 3068 ut
1132 3005 1199 3068 ani·
1215 3006 1236 3071 C
1255 3027 1369 3092 pacem
1388 3007 1520 3070 turbant
1538 3007 1789 3082 communitatis,
1804 3013 1836 3070 ct
1855 3002 1972 3070 scandala

450 3120 510 3166 mae
531 3103 659 3179 serviat,
675 3103 813 3181 obediat,
830 3112 1018 3188 cooperetur
1038 3112 1069 3169 et
1086 3104 1197 3188 prosit,
1253 3113 1350 3189 atque
1365 3105 1561 3170 offendicula
1576 3105 1706 3191 pariunt
1722 3123 1730 3168 ε
1747 3106 1812 3168 imo
1829 3105 1902 3168 tales
1917 3107 1972 3165 sant

449 3201 568 3264 mirum
584 3203 669 3284 quod
685 3221 758 3267 caro
773 3204 891 3267 dicitur
905 3204 1020 3268 animae
1037 3204 1197 3267 adversari
1254 3205 1397 3269 universi
1421 3205 1477 3289 qui
1501 3223 1567 3269 non
1595 3205 1724 3268 discunt
1748 3203 1929 3268 mortificare
1950 3207 1972 3263 el
2054 3267 2055 3270 ,

448 3307 484 3361 ut
508 3299 608 3364 bostis
633 3301 744 3384 ipsius.
763 3303 800 3365 Et
822 3303 1093 3386 respondendum,
1111 3303 1196 3385 quod
1252 3305 1399 3388 frangere
1413 3305 1613 3387 semetipsos,
1629 3303 1686 3387 qui
1702 3303 1736 3366 in
1752 3311 1857 3367 sancta
1870 3299 1972 3364 bumili-

448 3397 651 3464 contrariatio
676 3400 736 3464 ista
760 3418 823 3465 non
848 3408 897 3465 est
921 3421 960 3464 ex
985 3402 1060 3477 llec,
1080 3401 1135 3465 sed
1158 3420 1197 3464 ex
1252 3410 1327 3478 tate,
1353 3421 1429 3466 vera
1453 3401 1607 3486 patientia
1630 3409 1663 3465 et
1686 3401 1744 3465 [tei
1768 3402 1878 3464 timore
1902 3415 1971 3462 suan

448 3497 652 3580 corruptione
668 3499 939 3582 inclinationeque
955 3499 1112 3575 fomitis,a
1128 3519 1199 3582 pec·
1253 3500 1526 3565 conversationem
1542 3516 1605 3563 non
1619 3499 1767 3576 fundant,
1779 3500 1831 3582 qui
1847 3495 1971 3580 impiissi-

448 3602 517 3658 catc
533 3596 679 3678 originali
695 3616 857 3662 emanans.
876 3599 959 3662 Deus
974 3617 1050 3663 vero
1066 3599 1198 3680 coujun-
1253 3619 1341 3662 mum
1367 3599 1459 3662 illum
1482 3616 1623 3662 amorem
1649 3599 1808 3682 privatum
1831 3593 1971 3660 avisoen'·

447 3693 493 3754 xit
515 3711 630 3776 corpus
652 3695 781 3777 spiritui
801 3715 857 3759 seu
879 3715 1007 3760 carnem
1027 3697 1142 3761 animae
1164 3696 1196 3759 in
1252 3698 1313 3761 bus
1335 3697 1453 3762 animae
1474 3716 1539 3760 suae
1561 3697 1713 3760 radicitus
1737 3695 1902 3779 exstirpare
1921 3707 1968 3754 non

446 3789 568 3854 bonum
588 3791 714 3868 animae,
730 3793 853 3857 scilieet
866 3795 905 3857 ad
920 3795 991 3875 eius
1007 3794 1194 3877 proiectum.
1252 3802 1406 3878 satagunt.
1415 3795 1536 3869 Quibus
1551 3794 1628 3858 alibi
1643 3795 1689 3858 ait
1702 3792 1968 3878 Apostolustduun
1978 3803 2053 3851 roal

446 3888 484 3951 Et
501 3889 543 3952 ita
564 3889 604 3952 lit
622 3892 700 3955 dnm
720 3891 828 3954 anima
847 3911 904 3975 per
924 3893 1079 3956 rationem
1098 3892 1198 3974 subji·
1251 3894 1293 3956 sit
1309 3895 1462 3958 intervos
1477 3893 1563 3957 zelus
1579 3900 1611 3956 et
1625 3893 1967 3968 contentio,nonnccar·
2052 3925 2053 3960 r

446 3987 490 4050 cit
510 3988 572 4051 sibi
593 4005 709 4072 corpus
726 4007 733 4052 ε
751 3990 815 4054 imo
837 3999 913 4053 tunc
935 3990 1013 4054 unio
1031 3991 1146 4054 animas
1165 3998 1197 4054 et
1250 3994 1339 4055 nales
1359 3992 1456 4056 estisl
1470 3991 1606 4056 lacobus
1621 4009 1749 4074 quoque
1763 3991 1911 4075 apostolus
1924 4005 1931 4050 :
1943 3986 1967 4049 Si
1985 3965 2053 4065 seui

446 4087 588 4170 corporis
609 4095 657 4151 est
676 4089 709 4151 in
730 4089 849 4152 bonum
872 4088 1052 4164 amborum,
1069 4088 1143 4172 quia
1165 4096 1196 4151 et
1251 4091 1354 4154 zelum
1369 4090 1503 4173 (inquit)
1516 4109 1660 4153 amarum
1676 4089 1852 4165 habetis,et
1864 4069 2021 4152 contenti*

446 4203 519 4250 caro
535 4185 704 4250 serviendo
718 4205 754 4250 ac
775 4187 953 4251 obediendo
973 4187 1113 4270 spiritui,
1131 4192 1235 4255 me·D
1252 4190 1353 4254 tiones
1382 4196 1456 4252 sunt
1482 4189 1565 4252 inter
1587 4207 1657 4266 vos,
1683 4189 1781 4253 nolite
1807 4186 1922 4270 gloriari
1944 4193 1968 4246 et

445 4294 534 4348 retur
549 4285 739 4368 glorificari.
757 4287 865 4368 ltaque
886 4304 959 4349 caro
977 4285 1060 4349 bene
1081 4285 1195 4367 guber·
1250 4289 1420 4352 mendaces
1447 4306 1518 4352 esse
1546 4288 1699 4352 adversus
1722 4289 1897 4367 veritatem3
1918 4301 1967 4348 nou

445 4391 529 4460 nata,
544 4393 593 4448 est
612 4385 741 4448 salubre
761 4384 876 4450 animat
896 4385 1145 4449 instrumentum
1164 4393 1196 4449 et
1250 4395 1298 4451 est
1318 4386 1474 4471 sapientia
1493 4387 1554 4450 ista
1574 4404 1593 4450 a
1611 4387 1687 4462 Dec,
1703 4387 1760 4451 scd
1780 4395 1902 4460 terrena,
1915 4381 1966 4446 ani·

444 4482 547 4546 amica
571 4483 692 4565 ipsius;
714 4483 741 4547 si
763 4501 840 4548 vero
864 4500 928 4547 non
951 4491 1036 4548 reete
1056 4491 1193 4566 regatur,
1251 4485 1344 4549 malis
1359 4493 1391 4549 et
1405 4484 1562 4549 diabolica
1579 4503 1586 4548 :
1604 4483 1661 4547 ubi
1675 4485 1763 4548 enim
1777 4485 1857 4548 aelus
1869 4489 1897 4546 et
1910 4497 1966 4544 con·
2050 4525 2051 4556 ,

444 4581 590 4665 protinus
615 4581 789 4659 insolescit,
816 4582 965 4665 laeditquc
993 4583 1134 4646 animam
1163 4591 1196 4646 et
1249 4584 1360 4660 tentio,
1377 4583 1423 4646 ibi
1444 4583 1658 4648 inconstantia
1670 4592 1703 4648 et
1717 4601 1811 4649 omne
1826 4601 1898 4666 opus
1910 4597 1965 4663 pra·

443 4687 492 4742 est
505 4679 606 4742 bostis
621 4679 776 4762 ejusdem.
793 4681 915 4744 ldeirco
930 4680 1012 4744 benc
1027 4681 1108 4745 dixit
1122 4681 1195 4746 Gre·
1249 4702 1335 4747 vum.
1362 4684 1443 4746 Ecce
1471 4683 1549 4766 quid
1572 4684 1689 4760 acrius,
1714 4684 1793 4767 quid
1818 4678 1964 4746 terribilius

443 4777 552 4860 gorius
565 4795 571 4840 :
583 4777 615 4842 Si
630 4779 755 4862 corpori
771 4780 949 4844 necessaria
964 4779 1191 4853 subtrahimus,
1249 4790 1359 4847 contra
1374 4783 1442 4848 haec
1459 4783 1524 4846 diei
1545 4785 1672 4866 potestl
1688 4782 1732 4846 lla
1751 4784 1843 4867 igitur
1857 4793 1964 4865 prorsus
2049 4823 2050 4866 q

444 4877 549 4940 civem
572 4895 742 4959 necamus3
758 4878 785 4940 ai
808 4878 837 4940 ei
861 4878 1027 4962 superflua
1050 4878 1194 4961 indulge
1248 4883 1328 4945 etin
1343 4889 1498 4947 aeternum
1513 4883 1662 4947 vitemus.
1673 4884 1780 4960 Porro,
1791 4885 1817 4948 si
1831 4882 1893 4966 quis
1905 4895 1963 4942 con·

445 4994 527 5052 mus,
550 4976 674 5039 bostem
696 4976 866 5040 nutrimus.
1246 4988 1296 5044 tra
1313 4981 1445 5045 fratrem
1464 5000 1557 5045 suum
1577 4983 1771 5047 contendere
1790 4981 1911 5054 inchoet,
1924 4995 1963 5038 cc-

492 5075 627 5158 lnsuper
660 5083 827 5139 enumerat
860 5084 989 5140 sanctus
1023 5078 1193 5162 Apostolus
1248 5080 1301 5143 dat
1314 5080 1413 5144 lrater
1427 5080 1481 5144 ille
1496 5081 1758 5146 contentiosozet
1772 5081 1963 5146 tuncnonese

295 5196 431 5254 cammo-
444 5191 540 5258 opera
570 5174 685 5250 carnis,
711 5193 782 5258 quae
811 5182 896 5251 sunt,
926 5175 1105 5253 fornicatio,
1134 5179 1192 5241 im·
1248 5198 1282 5242 ae
1306 5178 1411 5254 babet,
1432 5187 1464 5244 et
1483 5179 1639 5244 veraciter
1660 5181 1773 5258 vincit,
1791 5178 1964 5265 quemadmo

444 5274 612 5352 munditia,
640 5273 842 5358 impudicitia
868 5273 954 5357 (quae
983 5275 1127 5340 consistit
1158 5277 1191 5340 in
1248 5278 1325 5341 dum
1341 5278 1374 5341 in
1389 5278 1567 5342 Proverbiis
1582 5281 1739 5364 scriptum
1754 5289 1811 5355 est,
1824 5277 2037 5344 Honoratum·
