<?xml version="1.0" encoding="UTF-8"?>
<!DOCTYPE html PUBLIC "-//W3C//DTD XHTML 1.0 Transitional//EN"
    "http://www.w3.org/TR/xhtml1/DTD/xhtml1-transitional.dtd">
<html xmlns="http://www.w3.org/1999/xhtml" xml:lang="en" lang="en">
 <head>
  <title>
</title>
<meta http-equiv="Content-Type" content="text/html;charset=utf-8" />
  <meta name='ocr-system' content='tesseract 3.04.00' />
  <meta name='ocr-capabilities' content='ocr_page ocr_carea ocr_par ocr_line ocrx_word'/>
</head>
<body>
  <div class='ocr_page' id='page_1' title='image "./doctorisecstati01unkngoog_0644.png"; bbox 0 0 4206 6258; ppageno 0'>
   <div class='ocr_carea' id='block_1_1' title="bbox 474 481 1688 548">
    <p class='ocr_par' dir='ltr' id='par_1_1' title="bbox 474 481 1688 548">
     <span class='ocr_line' id='line_1_1' title="bbox 474 481 1688 548; baseline -0.001 -1"><span class='ocrx_word' id='word_1_1' title='bbox 474 498 621 547; x_wconf 82' lang='lat' dir='ltr'>nonnum</span> <span class='ocrx_word' id='word_1_2' title='bbox 642 499 719 546; x_wconf 86' lang='lat' dir='ltr'>xxm</span> <span class='ocrx_word' id='word_1_3' title='bbox 740 499 813 546; x_wconf 87' lang='lat' dir='ltr'>rosr</span> <span class='ocrx_word' id='word_1_4' title='bbox 831 499 1025 546; x_wconf 81' lang='lat' dir='ltr'>rnrrvnxrsu.</span> <span class='ocrx_word' id='word_1_5' title='bbox 1046 517 1086 530; x_wconf 95' lang='lat'><em>-</em></span> <span class='ocrx_word' id='word_1_6' title='bbox 1107 499 1205 547; x_wconf 84' lang='lat' dir='ltr'>sunno</span> <span class='ocrx_word' id='word_1_7' title='bbox 1225 500 1350 547; x_wconf 84' lang='lat' dir='ltr'>ranrrus</span> <span class='ocrx_word' id='word_1_8' title='bbox 1628 481 1688 548; x_wconf 78' lang='grc'>613</span> 
     </span>
    </p>
   </div>
   <div class='ocr_carea' id='block_1_2' title="bbox 134 670 1696 3904">
    <p class='ocr_par' dir='ltr' id='par_1_2' title="bbox 134 670 1692 1248">
     <span class='ocr_line' id='line_1_2' title="bbox 134 670 1690 756; baseline 0 -21"><span class='ocrx_word' id='word_1_9' title='bbox 134 679 172 735; x_wconf 87' lang='lat' dir='ltr'>et</span> <span class='ocrx_word' id='word_1_10' title='bbox 200 672 274 736; x_wconf 90' lang='lat' dir='ltr'>vani</span> <span class='ocrx_word' id='word_1_11' title='bbox 304 671 433 735; x_wconf 94' lang='lat' dir='ltr'>honoris</span> <span class='ocrx_word' id='word_1_12' title='bbox 461 691 552 756; x_wconf 92' lang='lat' dir='ltr'>spem</span> <span class='ocrx_word' id='word_1_13' title='bbox 575 673 742 735; x_wconf 90' lang='lat' dir='ltr'>veritatem</span> <span class='ocrx_word' id='word_1_14' title='bbox 772 679 888 748; x_wconf 88' lang='lat' dir='ltr'>tacere,</span> <span class='ocrx_word' id='word_1_15' title='bbox 905 672 1011 746; x_wconf 80' lang='lat' dir='ltr'>AQuo</span> <span class='ocrx_word' id='word_1_16' title='bbox 1035 670 1129 746; x_wconf 90' lang='lat' dir='ltr'>facto,</span> <span class='ocrx_word' id='word_1_17' title='bbox 1146 679 1372 735; x_wconf 81' lang='lat' dir='ltr'><strong>concurrentes</strong></span> <span class='ocrx_word' id='word_1_18' title='bbox 1396 671 1562 735; x_wconf 80' lang='lat' dir='ltr'>domestici</span> <span class='ocrx_word' id='word_1_19' title='bbox 1584 670 1690 735; x_wconf 79' lang='lat' dir='ltr'>dolue</span> 
     </span>
     <span class='ocr_line' id='line_1_3' title="bbox 135 769 1688 853; baseline -0.001 -20"><span class='ocrx_word' id='word_1_20' title='bbox 135 770 371 852; x_wconf 78' lang='lat' dir='ltr'>melioremque</span> <span class='ocrx_word' id='word_1_21' title='bbox 384 770 489 834; x_wconf 88' lang='lat' dir='ltr'>facere</span> <span class='ocrx_word' id='word_1_22' title='bbox 501 771 635 853; x_wconf 86' lang='lat' dir='ltr'>gratiam</span> <span class='ocrx_word' id='word_1_23' title='bbox 649 770 740 852; x_wconf 89' lang='lat' dir='ltr'>panis</span> <span class='ocrx_word' id='word_1_24' title='bbox 754 778 785 833; x_wconf 89' lang='lat' dir='ltr'>et</span> <span class='ocrx_word' id='word_1_25' title='bbox 797 770 891 834; x_wconf 81' lang='lat' dir='ltr'>bono</span> <span class='ocrx_word' id='word_1_26' title='bbox 944 776 1029 844; x_wconf 89' lang='lat' dir='ltr'>runt,</span> <span class='ocrx_word' id='word_1_27' title='bbox 1046 777 1078 832; x_wconf 90' lang='lat' dir='ltr'>et</span> <span class='ocrx_word' id='word_1_28' title='bbox 1094 770 1223 833; x_wconf 90' lang='lat' dir='ltr'>crudele</span> <span class='ocrx_word' id='word_1_29' title='bbox 1237 769 1463 851; x_wconf 82' lang='lat' dir='ltr'>judicaverunt</span> <span class='ocrx_word' id='word_1_30' title='bbox 1482 771 1542 833; x_wconf 90' lang='lat' dir='ltr'>boe</span> <span class='ocrx_word' id='word_1_31' title='bbox 1557 769 1688 832; x_wconf 90' lang='lat' dir='ltr'>factum.</span> 
     </span>
     <span class='ocr_line' id='line_1_4' title="bbox 134 867 1692 954; baseline -0.002 -22"><span class='ocrx_word' id='word_1_32' title='bbox 134 871 300 954; x_wconf 90' lang='lat' dir='ltr'>ris,quam</span> <span class='ocrx_word' id='word_1_33' title='bbox 315 869 449 952; x_wconf 79' lang='lat' dir='ltr'>gloriam</span> <span class='ocrx_word' id='word_1_34' title='bbox 465 870 745 952; x_wconf 83' lang='lat' dir='ltr'>veritatisfltaque</span> <span class='ocrx_word' id='word_1_35' title='bbox 761 870 889 932; x_wconf 89' lang='lat' dir='ltr'>mentiri</span> <span class='ocrx_word' id='word_1_36' title='bbox 944 868 1016 930; x_wconf 92' lang='lat' dir='ltr'>Post</span> <span class='ocrx_word' id='word_1_37' title='bbox 1035 868 1195 931; x_wconf 90' lang='lat' dir='ltr'>modicum</span> <span class='ocrx_word' id='word_1_38' title='bbox 1216 876 1354 951; x_wconf 91' lang='lat' dir='ltr'>tempus,</span> <span class='ocrx_word' id='word_1_39' title='bbox 1371 868 1586 932; x_wconf 80' lang='lat' dir='ltr'>invalescente</span> <span class='ocrx_word' id='word_1_40' title='bbox 1605 867 1692 949; x_wconf 81' lang='lat' dir='ltr'>aegri-</span> 
     </span>
     <span class='ocr_line' id='line_1_5' title="bbox 135 966 1691 1050; baseline -0.001 -19"><span class='ocrx_word' id='word_1_41' title='bbox 135 977 171 1031; x_wconf 85' lang='lat' dir='ltr'>et</span> <span class='ocrx_word' id='word_1_42' title='bbox 185 969 292 1050; x_wconf 80' lang='lat' dir='ltr'>jurare</span> <span class='ocrx_word' id='word_1_43' title='bbox 313 967 495 1049; x_wconf 79' lang='lat' dir='ltr'>linguatus</span> <span class='ocrx_word' id='word_1_44' title='bbox 515 969 836 1050; x_wconf 86' lang='lat' dir='ltr'>ignoret,tantusque</span> <span class='ocrx_word' id='word_1_45' title='bbox 856 969 888 1031; x_wconf 93' lang='lat' dir='ltr'>in</span> <span class='ocrx_word' id='word_1_46' title='bbox 944 967 1055 1028; x_wconf 91' lang='lat' dir='ltr'>tudine</span> <span class='ocrx_word' id='word_1_47' title='bbox 1081 966 1210 1048; x_wconf 88' lang='lat' dir='ltr'>judicis,</span> <span class='ocrx_word' id='word_1_48' title='bbox 1236 966 1312 1029; x_wconf 87' lang='lat' dir='ltr'>fecit</span> <span class='ocrx_word' id='word_1_49' title='bbox 1341 967 1529 1050; x_wconf 81' lang='lat' dir='ltr'>episcopum</span> <span class='ocrx_word' id='word_1_50' title='bbox 1554 966 1691 1030; x_wconf 83' lang='lat' dir='ltr'>civitatis</span> 
     </span>
     <span class='ocr_line' id='line_1_6' title="bbox 134 1065 1691 1148; baseline -0.002 -17"><span class='ocrx_word' id='word_1_51' title='bbox 134 1076 171 1131; x_wconf 90' lang='lat' dir='ltr'>te</span> <span class='ocrx_word' id='word_1_52' title='bbox 187 1085 277 1131; x_wconf 85' lang='lat' dir='ltr'>amor</span> <span class='ocrx_word' id='word_1_53' title='bbox 296 1067 338 1130; x_wconf 88' lang='lat' dir='ltr'>sit</span> <span class='ocrx_word' id='word_1_54' title='bbox 352 1067 506 1141; x_wconf 89' lang='lat' dir='ltr'>veritatis,</span> <span class='ocrx_word' id='word_1_55' title='bbox 522 1073 629 1129; x_wconf 90' lang='lat' dir='ltr'>tantus</span> <span class='ocrx_word' id='word_1_56' title='bbox 643 1066 774 1148; x_wconf 82' lang='lat' dir='ltr'>justitiae</span> <span class='ocrx_word' id='word_1_57' title='bbox 790 1066 887 1141; x_wconf 90' lang='lat' dir='ltr'>zelus,</span> <span class='ocrx_word' id='word_1_58' title='bbox 943 1065 1053 1129; x_wconf 87' lang='lat' dir='ltr'>venire</span> <span class='ocrx_word' id='word_1_59' title='bbox 1069 1066 1107 1128; x_wconf 92' lang='lat' dir='ltr'>ad</span> <span class='ocrx_word' id='word_1_60' title='bbox 1123 1085 1165 1140; x_wconf 88' lang='lat' dir='ltr'>se,</span> <span class='ocrx_word' id='word_1_61' title='bbox 1174 1065 1451 1148; x_wconf 89' lang='lat' dir='ltr'>confitebaturque</span> <span class='ocrx_word' id='word_1_62' title='bbox 1466 1066 1502 1128; x_wconf 92' lang='lat' dir='ltr'>ei.</span> <span class='ocrx_word' id='word_1_63' title='bbox 1514 1066 1691 1148; x_wconf 85' lang='lat' dir='ltr'>Episcopus</span> 
     </span>
     <span class='ocr_line' id='line_1_7' title="bbox 134 1163 1691 1248; baseline -0.003 -20"><span class='ocrx_word' id='word_1_64' title='bbox 134 1175 176 1228; x_wconf 92' lang='lat' dir='ltr'>ut</span> <span class='ocrx_word' id='word_1_65' title='bbox 190 1166 347 1248; x_wconf 93' lang='lat' dir='ltr'>quidquid</span> <span class='ocrx_word' id='word_1_66' title='bbox 363 1165 492 1238; x_wconf 84' lang='lat' dir='ltr'>dixeris,</span> <span class='ocrx_word' id='word_1_67' title='bbox 507 1165 725 1246; x_wconf 89' lang='lat' dir='ltr'>juramentum</span> <span class='ocrx_word' id='word_1_68' title='bbox 747 1171 886 1248; x_wconf 89' lang='lat' dir='ltr'>putetur.</span> <span class='ocrx_word' id='word_1_69' title='bbox 944 1182 1020 1226; x_wconf 89' lang='lat' dir='ltr'>vero</span> <span class='ocrx_word' id='word_1_70' title='bbox 1039 1163 1215 1226; x_wconf 80' lang='lat' dir='ltr'>mirabatur</span> <span class='ocrx_word' id='word_1_71' title='bbox 1237 1165 1320 1245; x_wconf 91' lang='lat' dir='ltr'>qood</span> <span class='ocrx_word' id='word_1_72' title='bbox 1340 1181 1404 1226; x_wconf 91' lang='lat' dir='ltr'>non</span> <span class='ocrx_word' id='word_1_73' title='bbox 1424 1163 1638 1227; x_wconf 85' lang='lat' dir='ltr'>confitebetur</span> <span class='ocrx_word' id='word_1_74' title='bbox 1652 1163 1691 1225; x_wconf 92' lang='lat' dir='ltr'>de</span> 
     </span>
    </p>

    <p class='ocr_par' dir='ltr' id='par_1_3' title="bbox 135 1260 1695 2622">
     <span class='ocr_line' id='line_1_8' title="bbox 179 1260 1693 1346; baseline -0.003 -19"><span class='ocrx_word' id='word_1_75' title='bbox 179 1267 219 1328; x_wconf 80' lang='lat' dir='ltr'>At</span> <span class='ocrx_word' id='word_1_76' title='bbox 233 1283 310 1328; x_wconf 93' lang='lat' dir='ltr'>vero</span> <span class='ocrx_word' id='word_1_77' title='bbox 324 1282 425 1346; x_wconf 94' lang='lat' dir='ltr'>quum</span> <span class='ocrx_word' id='word_1_78' title='bbox 441 1264 618 1327; x_wconf 89' lang='lat' dir='ltr'>similitudo</span> <span class='ocrx_word' id='word_1_79' title='bbox 637 1264 679 1327; x_wconf 93' lang='lat' dir='ltr'>sit</span> <span class='ocrx_word' id='word_1_80' title='bbox 696 1283 790 1326; x_wconf 84' lang='lat' dir='ltr'>causo</span> <span class='ocrx_word' id='word_1_81' title='bbox 805 1281 890 1326; x_wconf 86' lang='lat' dir='ltr'>amo</span> <span class='ocrx_word' id='word_1_82' title='bbox 944 1261 1005 1326; x_wconf 86' lang='lat' dir='ltr'>boo</span> <span class='ocrx_word' id='word_1_83' title='bbox 1020 1263 1105 1344; x_wconf 92' lang='lat' dir='ltr'>quod</span> <span class='ocrx_word' id='word_1_84' title='bbox 1125 1262 1292 1344; x_wconf 91' lang='lat' dir='ltr'>proprium</span> <span class='ocrx_word' id='word_1_85' title='bbox 1312 1270 1461 1344; x_wconf 89' lang='lat' dir='ltr'>nepotem</span> <span class='ocrx_word' id='word_1_86' title='bbox 1476 1269 1542 1324; x_wconf 90' lang='lat' dir='ltr'>tam</span> <span class='ocrx_word' id='word_1_87' title='bbox 1556 1260 1693 1324; x_wconf 88' lang='lat' dir='ltr'>borribi-</span> 
     </span>
     <span class='ocr_line' id='line_1_9' title="bbox 135 1360 1692 1445; baseline -0.003 -19"><span class='ocrx_word' id='word_1_88' title='bbox 135 1364 195 1437; x_wconf 90' lang='lat' dir='ltr'>ris,</span> <span class='ocrx_word' id='word_1_89' title='bbox 205 1371 237 1426; x_wconf 89' lang='lat' dir='ltr'>et</span> <span class='ocrx_word' id='word_1_90' title='bbox 252 1363 321 1445; x_wconf 91' lang='lat' dir='ltr'>ipse</span> <span class='ocrx_word' id='word_1_91' title='bbox 336 1362 491 1426; x_wconf 86' lang='lat' dir='ltr'>Dominus</span> <span class='ocrx_word' id='word_1_92' title='bbox 507 1362 590 1425; x_wconf 88' lang='lat' dir='ltr'>Deos</span> <span class='ocrx_word' id='word_1_93' title='bbox 605 1369 713 1425; x_wconf 87' lang='lat' dir='ltr'>noster</span> <span class='ocrx_word' id='word_1_94' title='bbox 727 1363 769 1424; x_wconf 90' lang='lat' dir='ltr'>sit</span> <span class='ocrx_word' id='word_1_95' title='bbox 783 1381 889 1424; x_wconf 92' lang='lat' dir='ltr'>essen·</span> <span class='ocrx_word' id='word_1_96' title='bbox 944 1360 1016 1422; x_wconf 93' lang='lat' dir='ltr'>liter</span> <span class='ocrx_word' id='word_1_97' title='bbox 1045 1360 1216 1434; x_wconf 85' lang='lat' dir='ltr'>interfecit,</span> <span class='ocrx_word' id='word_1_98' title='bbox 1242 1369 1274 1424; x_wconf 90' lang='lat' dir='ltr'>et</span> <span class='ocrx_word' id='word_1_99' title='bbox 1296 1361 1463 1424; x_wconf 79' lang='lat' dir='ltr'>admonuit</span> <span class='ocrx_word' id='word_1_100' title='bbox 1489 1360 1631 1441; x_wconf 90' lang='lat' dir='ltr'>judicem</span> <span class='ocrx_word' id='word_1_101' title='bbox 1655 1367 1692 1422; x_wconf 89' lang='lat' dir='ltr'>ut</span> 
     </span>
     <span class='ocr_line' id='line_1_10' title="bbox 137 1458 1691 1542; baseline -0.003 -17"><span class='ocrx_word' id='word_1_102' title='bbox 137 1462 260 1525; x_wconf 89' lang='lat' dir='ltr'>tialiter</span> <span class='ocrx_word' id='word_1_103' title='bbox 284 1461 411 1534; x_wconf 90' lang='lat' dir='ltr'>veritas,</span> <span class='ocrx_word' id='word_1_104' title='bbox 437 1466 560 1522; x_wconf 88' lang='lat' dir='ltr'>constat</span> <span class='ocrx_word' id='word_1_105' title='bbox 585 1460 669 1542; x_wconf 94' lang='lat' dir='ltr'>quod</span> <span class='ocrx_word' id='word_1_106' title='bbox 695 1479 753 1542; x_wconf 92' lang='lat' dir='ltr'>per</span> <span class='ocrx_word' id='word_1_107' title='bbox 777 1459 889 1542; x_wconf 82' lang='lat' dir='ltr'>praefa-</span> <span class='ocrx_word' id='word_1_108' title='bbox 944 1461 1017 1523; x_wconf 91' lang='lat' dir='ltr'>inde</span> <span class='ocrx_word' id='word_1_109' title='bbox 1033 1458 1250 1522; x_wconf 85' lang='lat' dir='ltr'>confiteretur.</span> <span class='ocrx_word' id='word_1_110' title='bbox 1268 1459 1327 1533; x_wconf 84' lang='lat' dir='ltr'>Qui</span> <span class='ocrx_word' id='word_1_111' title='bbox 1347 1459 1428 1522; x_wconf 83' lang='lat' dir='ltr'>dixit</span> <span class='ocrx_word' id='word_1_112' title='bbox 1442 1478 1476 1522; x_wconf 93' lang='lat' dir='ltr'>se</span> <span class='ocrx_word' id='word_1_113' title='bbox 1491 1459 1531 1522; x_wconf 90' lang='lat' dir='ltr'>de</span> <span class='ocrx_word' id='word_1_114' title='bbox 1545 1459 1605 1522; x_wconf 91' lang='lat' dir='ltr'>boc</span> <span class='ocrx_word' id='word_1_115' title='bbox 1620 1458 1691 1520; x_wconf 93' lang='lat' dir='ltr'>nul-</span> 
     </span>
     <span class='ocr_line' id='line_1_11' title="bbox 137 1555 1692 1643; baseline -0.004 -18"><span class='ocrx_word' id='word_1_116' title='bbox 137 1569 206 1624; x_wconf 82' lang='lat' dir='ltr'>tum</span> <span class='ocrx_word' id='word_1_117' title='bbox 234 1560 395 1643; x_wconf 85' lang='lat' dir='ltr'>triplicem</span> <span class='ocrx_word' id='word_1_118' title='bbox 419 1559 586 1622; x_wconf 84' lang='lat' dir='ltr'>veritatem</span> <span class='ocrx_word' id='word_1_119' title='bbox 616 1557 799 1621; x_wconf 85' lang='lat' dir='ltr'>efficiamur</span> <span class='ocrx_word' id='word_1_120' title='bbox 824 1559 889 1621; x_wconf 90' lang='lat' dir='ltr'>Deo</span> <span class='ocrx_word' id='word_1_121' title='bbox 943 1559 1011 1620; x_wconf 94' lang='lat' dir='ltr'>lum</span> <span class='ocrx_word' id='word_1_122' title='bbox 1036 1558 1239 1621; x_wconf 81' lang='lat' dir='ltr'>conscientie</span> <span class='ocrx_word' id='word_1_123' title='bbox 1263 1556 1381 1620; x_wconf 90' lang='lat' dir='ltr'>habere</span> <span class='ocrx_word' id='word_1_124' title='bbox 1404 1574 1593 1620; x_wconf 91' lang='lat' dir='ltr'>remorsum.</span> <span class='ocrx_word' id='word_1_125' title='bbox 1620 1555 1692 1640; x_wconf 88' lang='lat' dir='ltr'>Epi-</span> 
     </span>
     <span class='ocr_line' id='line_1_12' title="bbox 136 1656 1691 1739; baseline -0.003 -17"><span class='ocrx_word' id='word_1_126' title='bbox 136 1660 233 1723; x_wconf 91' lang='lat' dir='ltr'>valde</span> <span class='ocrx_word' id='word_1_127' title='bbox 257 1658 410 1722; x_wconf 87' lang='lat' dir='ltr'>amabiles</span> <span class='ocrx_word' id='word_1_128' title='bbox 434 1663 467 1720; x_wconf 89' lang='lat' dir='ltr'>et</span> <span class='ocrx_word' id='word_1_129' title='bbox 490 1656 681 1720; x_wconf 86' lang='lat' dir='ltr'>conformes.</span> <span class='ocrx_word' id='word_1_130' title='bbox 708 1657 768 1720; x_wconf 88' lang='lat' dir='ltr'>Sed</span> <span class='ocrx_word' id='word_1_131' title='bbox 796 1656 888 1719; x_wconf 89' lang='lat' dir='ltr'>multi</span> <span class='ocrx_word' id='word_1_132' title='bbox 943 1675 1059 1739; x_wconf 91' lang='lat' dir='ltr'>scopus</span> <span class='ocrx_word' id='word_1_133' title='bbox 1073 1673 1149 1720; x_wconf 90' lang='lat' dir='ltr'>vcro</span> <span class='ocrx_word' id='word_1_134' title='bbox 1164 1657 1268 1720; x_wconf 90' lang='lat' dir='ltr'>noluit</span> <span class='ocrx_word' id='word_1_135' title='bbox 1281 1675 1355 1719; x_wconf 93' lang='lat' dir='ltr'>eum</span> <span class='ocrx_word' id='word_1_136' title='bbox 1375 1656 1540 1720; x_wconf 89' lang='lat' dir='ltr'>absolvere</span> <span class='ocrx_word' id='word_1_137' title='bbox 1559 1664 1591 1719; x_wconf 90' lang='lat' dir='ltr'>et</span> <span class='ocrx_word' id='word_1_138' title='bbox 1606 1673 1691 1719; x_wconf 91' lang='lat' dir='ltr'>com·</span> 
     </span>
     <span class='ocr_line' id='line_1_13' title="bbox 137 1753 1692 1837; baseline -0.003 -16"><span class='ocrx_word' id='word_1_139' title='bbox 137 1767 216 1822; x_wconf 94' lang='lat' dir='ltr'>sunt</span> <span class='ocrx_word' id='word_1_140' title='bbox 239 1758 336 1820; x_wconf 91' lang='lat' dir='ltr'>nimis</span> <span class='ocrx_word' id='word_1_141' title='bbox 362 1756 484 1837; x_wconf 87' lang='lat' dir='ltr'>injusti,</span> <span class='ocrx_word' id='word_1_142' title='bbox 506 1755 618 1818; x_wconf 91' lang='lat' dir='ltr'>molles</span> <span class='ocrx_word' id='word_1_143' title='bbox 636 1761 675 1818; x_wconf 82' lang='lat' dir='ltr'>&#39;et</span> <span class='ocrx_word' id='word_1_144' title='bbox 697 1755 816 1828; x_wconf 88' lang='lat' dir='ltr'>vitiosi,</span> <span class='ocrx_word' id='word_1_145' title='bbox 833 1755 889 1836; x_wconf 92' lang='lat' dir='ltr'>qui</span> <span class='ocrx_word' id='word_1_146' title='bbox 944 1754 1119 1828; x_wconf 88' lang='lat' dir='ltr'>municare,</span> <span class='ocrx_word' id='word_1_147' title='bbox 1135 1754 1199 1816; x_wconf 90' lang='lat' dir='ltr'>nisi</span> <span class='ocrx_word' id='word_1_148' title='bbox 1219 1754 1257 1816; x_wconf 90' lang='lat' dir='ltr'>de</span> <span class='ocrx_word' id='word_1_149' title='bbox 1277 1753 1337 1816; x_wconf 91' lang='lat' dir='ltr'>boc</span> <span class='ocrx_word' id='word_1_150' title='bbox 1357 1753 1575 1816; x_wconf 88' lang='lat' dir='ltr'>confiteretur.</span> <span class='ocrx_word' id='word_1_151' title='bbox 1591 1754 1692 1816; x_wconf 86' lang='lat' dir='ltr'>ludex</span> 
     </span>
     <span class='ocr_line' id='line_1_14' title="bbox 137 1851 1690 1940; baseline -0.004 -22"><span class='ocrx_word' id='word_1_152' title='bbox 137 1876 200 1940; x_wconf 85' lang='lat' dir='ltr'>pro</span> <span class='ocrx_word' id='word_1_153' title='bbox 225 1857 320 1920; x_wconf 89' lang='lat' dir='ltr'>rebus</span> <span class='ocrx_word' id='word_1_154' title='bbox 344 1854 520 1928; x_wconf 89' lang='lat' dir='ltr'>vilissimis,</span> <span class='ocrx_word' id='word_1_155' title='bbox 539 1872 597 1936; x_wconf 91' lang='lat' dir='ltr'>pro</span> <span class='ocrx_word' id='word_1_156' title='bbox 620 1853 753 1916; x_wconf 92' lang='lat' dir='ltr'>modicis</span> <span class='ocrx_word' id='word_1_157' title='bbox 778 1853 887 1928; x_wconf 88' lang='lat' dir='ltr'>lucris,</span> <span class='ocrx_word' id='word_1_158' title='bbox 907 1858 1020 1920; x_wconf 87' lang='lat' dir='ltr'>Bvero</span> <span class='ocrx_word' id='word_1_159' title='bbox 1042 1871 1243 1935; x_wconf 86' lang='lat' dir='ltr'>nequaquam</span> <span class='ocrx_word' id='word_1_160' title='bbox 1266 1853 1304 1914; x_wconf 90' lang='lat' dir='ltr'>de</span> <span class='ocrx_word' id='word_1_161' title='bbox 1326 1852 1387 1914; x_wconf 89' lang='lat' dir='ltr'>boc</span> <span class='ocrx_word' id='word_1_162' title='bbox 1408 1851 1510 1915; x_wconf 91' lang='lat' dir='ltr'>voluit</span> <span class='ocrx_word' id='word_1_163' title='bbox 1531 1851 1690 1926; x_wconf 82' lang='lat' dir='ltr'>confiteri,</span> 
     </span>
     <span class='ocr_line' id='line_1_15' title="bbox 137 1949 1692 2038; baseline -0.002 -22"><span class='ocrx_word' id='word_1_164' title='bbox 137 1973 199 2038; x_wconf 92' lang='lat' dir='ltr'>pro</span> <span class='ocrx_word' id='word_1_165' title='bbox 218 1952 368 2016; x_wconf 87' lang='lat' dir='ltr'>humanis</span> <span class='ocrx_word' id='word_1_166' title='bbox 387 1950 563 2024; x_wconf 89' lang='lat' dir='ltr'>favoribus,</span> <span class='ocrx_word' id='word_1_167' title='bbox 581 1950 721 2024; x_wconf 91' lang='lat' dir='ltr'>mentiri,</span> <span class='ocrx_word' id='word_1_168' title='bbox 738 1949 887 2025; x_wconf 86' lang='lat' dir='ltr'>blandiri,</span> <span class='ocrx_word' id='word_1_169' title='bbox 944 1952 1055 2014; x_wconf 91' lang='lat' dir='ltr'>dicens</span> <span class='ocrx_word' id='word_1_170' title='bbox 1071 1971 1103 2014; x_wconf 89' lang='lat' dir='ltr'>se</span> <span class='ocrx_word' id='word_1_171' title='bbox 1120 1951 1179 2014; x_wconf 90' lang='lat' dir='ltr'>boe</span> <span class='ocrx_word' id='word_1_172' title='bbox 1193 1951 1278 2032; x_wconf 87' lang='lat' dir='ltr'>juste</span> <span class='ocrx_word' id='word_1_173' title='bbox 1293 1951 1396 2032; x_wconf 85' lang='lat' dir='ltr'>egisse</span> <span class='ocrx_word' id='word_1_174' title='bbox 1411 1959 1443 2013; x_wconf 88' lang='lat' dir='ltr'>et</span> <span class='ocrx_word' id='word_1_175' title='bbox 1463 1970 1501 2013; x_wconf 86' lang='lat' dir='ltr'>ex</span> <span class='ocrx_word' id='word_1_176' title='bbox 1517 1949 1626 2013; x_wconf 91' lang='lat' dir='ltr'>debito</span> <span class='ocrx_word' id='word_1_177' title='bbox 1642 1951 1692 2013; x_wconf 94' lang='lat' dir='ltr'>sui</span> 
     </span>
     <span class='ocr_line' id='line_1_16' title="bbox 138 2049 1693 2137; baseline -0.003 -21"><span class='ocrx_word' id='word_1_178' title='bbox 138 2053 317 2137; x_wconf 83' lang='lat' dir='ltr'>perjurare,</span> <span class='ocrx_word' id='word_1_179' title='bbox 334 2050 482 2133; x_wconf 89' lang='lat' dir='ltr'>decipere</span> <span class='ocrx_word' id='word_1_180' title='bbox 502 2067 566 2112; x_wconf 93' lang='lat' dir='ltr'>non</span> <span class='ocrx_word' id='word_1_181' title='bbox 581 2055 742 2124; x_wconf 88' lang='lat' dir='ltr'>verentur,</span> <span class='ocrx_word' id='word_1_182' title='bbox 759 2067 818 2112; x_wconf 90' lang='lat' dir='ltr'>nec</span> <span class='ocrx_word' id='word_1_183' title='bbox 839 2067 889 2112; x_wconf 89' lang='lat' dir='ltr'>co·</span> <span class='ocrx_word' id='word_1_184' title='bbox 944 2050 1058 2124; x_wconf 87' lang='lat' dir='ltr'>efficii,</span> <span class='ocrx_word' id='word_1_185' title='bbox 1071 2049 1226 2132; x_wconf 89' lang='lat' dir='ltr'>petiitque</span> <span class='ocrx_word' id='word_1_186' title='bbox 1241 2049 1402 2112; x_wconf 85' lang='lat' dir='ltr'>ferventer</span> <span class='ocrx_word' id='word_1_187' title='bbox 1417 2049 1478 2112; x_wconf 94' lang='lat' dir='ltr'>sibi</span> <span class='ocrx_word' id='word_1_188' title='bbox 1495 2049 1562 2112; x_wconf 92' lang='lat' dir='ltr'>dari</span> <span class='ocrx_word' id='word_1_189' title='bbox 1578 2066 1693 2131; x_wconf 91' lang='lat' dir='ltr'>corpus</span> 
     </span>
     <span class='ocr_line' id='line_1_17' title="bbox 137 2146 1692 2229; baseline -0.004 -15"><span class='ocrx_word' id='word_1_190' title='bbox 137 2171 208 2214; x_wconf 82' lang='lat' dir='ltr'>rem</span> <span class='ocrx_word' id='word_1_191' title='bbox 228 2149 393 2213; x_wconf 80' lang='lat' dir='ltr'>Altissimo</span> <span class='ocrx_word' id='word_1_192' title='bbox 413 2147 608 2210; x_wconf 87' lang='lat' dir='ltr'>erubescunt</span> <span class='ocrx_word' id='word_1_193' title='bbox 624 2164 630 2209; x_wconf 96' lang='lat'><strong>:</strong></span> <span class='ocrx_word' id='word_1_194' title='bbox 649 2147 680 2208; x_wconf 91' lang='lat' dir='ltr'>in</span> <span class='ocrx_word' id='word_1_195' title='bbox 702 2147 819 2229; x_wconf 92' lang='lat' dir='ltr'>quibus</span> <span class='ocrx_word' id='word_1_196' title='bbox 842 2149 889 2210; x_wconf 93' lang='lat' dir='ltr'>ni·</span> <span class='ocrx_word' id='word_1_197' title='bbox 945 2148 1080 2226; x_wconf 85' lang='lat' dir='ltr'>Gbristi3</span> <span class='ocrx_word' id='word_1_198' title='bbox 1097 2149 1267 2229; x_wconf 89' lang='lat' dir='ltr'>episcopus</span> <span class='ocrx_word' id='word_1_199' title='bbox 1282 2163 1357 2210; x_wconf 89' lang='lat' dir='ltr'>vero</span> <span class='ocrx_word' id='word_1_200' title='bbox 1372 2147 1432 2210; x_wconf 89' lang='lat' dir='ltr'>boc</span> <span class='ocrx_word' id='word_1_201' title='bbox 1452 2146 1559 2209; x_wconf 88' lang='lat' dir='ltr'>renuit</span> <span class='ocrx_word' id='word_1_202' title='bbox 1576 2146 1692 2222; x_wconf 92' lang='lat' dir='ltr'>facere,</span> 
     </span>
     <span class='ocr_line' id='line_1_18' title="bbox 137 2245 1693 2328; baseline -0.004 -14"><span class='ocrx_word' id='word_1_203' title='bbox 137 2251 186 2314; x_wconf 94' lang='lat' dir='ltr'>bil</span> <span class='ocrx_word' id='word_1_204' title='bbox 202 2257 251 2314; x_wconf 88' lang='lat' dir='ltr'>est</span> <span class='ocrx_word' id='word_1_205' title='bbox 265 2249 366 2312; x_wconf 89' lang='lat' dir='ltr'>divini</span> <span class='ocrx_word' id='word_1_206' title='bbox 382 2247 511 2322; x_wconf 90' lang='lat' dir='ltr'>amoris,</span> <span class='ocrx_word' id='word_1_207' title='bbox 528 2247 574 2309; x_wconf 94' lang='lat' dir='ltr'>nil</span> <span class='ocrx_word' id='word_1_208' title='bbox 589 2266 671 2310; x_wconf 77' lang='lat' dir='ltr'>vere</span> <span class='ocrx_word' id='word_1_209' title='bbox 682 2247 889 2328; x_wconf 81' lang='lat' dir='ltr'>justitiae,sed</span> <span class='ocrx_word' id='word_1_210' title='bbox 945 2254 977 2309; x_wconf 89' lang='lat' dir='ltr'>et</span> <span class='ocrx_word' id='word_1_211' title='bbox 997 2246 1137 2308; x_wconf 92' lang='lat' dir='ltr'>recessit.</span> <span class='ocrx_word' id='word_1_212' title='bbox 1155 2246 1243 2308; x_wconf 87' lang='lat' dir='ltr'>&#39;lunc</span> <span class='ocrx_word' id='word_1_213' title='bbox 1260 2245 1359 2326; x_wconf 89' lang='lat' dir='ltr'>judex</span> <span class='ocrx_word' id='word_1_214' title='bbox 1379 2245 1539 2308; x_wconf 83' lang='lat' dir='ltr'>Christum</span> <span class='ocrx_word' id='word_1_215' title='bbox 1560 2246 1693 2326; x_wconf 84' lang='lat' dir='ltr'>rogavit,</span> 
     </span>
     <span class='ocr_line' id='line_1_19' title="bbox 137 2343 1695 2429; baseline -0.003 -16"><span class='ocrx_word' id='word_1_216' title='bbox 137 2367 231 2413; x_wconf 90' lang='lat' dir='ltr'>arnor</span> <span class='ocrx_word' id='word_1_217' title='bbox 259 2347 406 2420; x_wconf 88' lang='lat' dir='ltr'>carnalis,</span> <span class='ocrx_word' id='word_1_218' title='bbox 438 2345 592 2429; x_wconf 91' lang='lat' dir='ltr'>privatus,</span> <span class='ocrx_word' id='word_1_219' title='bbox 621 2343 770 2408; x_wconf 87' lang='lat' dir='ltr'>reflexus.</span> <span class='ocrx_word' id='word_1_220' title='bbox 800 2345 889 2408; x_wconf 88' lang='lat' dir='ltr'>&#39;lales</span> <span class='ocrx_word' id='word_1_221' title='bbox 944 2354 976 2409; x_wconf 87' lang='lat' dir='ltr'>et</span> <span class='ocrx_word' id='word_1_222' title='bbox 998 2363 1072 2408; x_wconf 89' lang='lat' dir='ltr'>ecce</span> <span class='ocrx_word' id='word_1_223' title='bbox 1093 2344 1235 2407; x_wconf 87' lang='lat' dir='ltr'>Christus</span> <span class='ocrx_word' id='word_1_224' title='bbox 1255 2362 1371 2425; x_wconf 89' lang='lat' dir='ltr'>corpus</span> <span class='ocrx_word' id='word_1_225' title='bbox 1390 2363 1484 2406; x_wconf 92' lang='lat' dir='ltr'>suum</span> <span class='ocrx_word' id='word_1_226' title='bbox 1504 2343 1695 2408; x_wconf 91' lang='lat' dir='ltr'>miraculose</span> 
     </span>
     <span class='ocr_line' id='line_1_20' title="bbox 137 2441 1694 2525; baseline -0.004 -15"><span class='ocrx_word' id='word_1_227' title='bbox 137 2454 217 2510; x_wconf 92' lang='lat' dir='ltr'>sunt</span> <span class='ocrx_word' id='word_1_228' title='bbox 231 2465 331 2509; x_wconf 89' lang='lat' dir='ltr'>vacua</span> <span class='ocrx_word' id='word_1_229' title='bbox 344 2463 430 2518; x_wconf 90' lang='lat' dir='ltr'>vasa,</span> <span class='ocrx_word' id='word_1_230' title='bbox 447 2444 628 2506; x_wconf 85' lang='lat' dir='ltr'>daemonum</span> <span class='ocrx_word' id='word_1_231' title='bbox 644 2459 770 2524; x_wconf 85' lang='lat' dir='ltr'>organa,</span> <span class='ocrx_word' id='word_1_232' title='bbox 782 2443 890 2506; x_wconf 92' lang='lat' dir='ltr'>adver·</span> <span class='ocrx_word' id='word_1_233' title='bbox 946 2444 1034 2507; x_wconf 85' lang='lat' dir='ltr'>misit</span> <span class='ocrx_word' id='word_1_234' title='bbox 1048 2462 1084 2506; x_wconf 90' lang='lat' dir='ltr'>ac</span> <span class='ocrx_word' id='word_1_235' title='bbox 1100 2442 1247 2525; x_wconf 90' lang='lat' dir='ltr'>praestitit</span> <span class='ocrx_word' id='word_1_236' title='bbox 1259 2441 1371 2522; x_wconf 90' lang='lat' dir='ltr'>judici.</span> <span class='ocrx_word' id='word_1_237' title='bbox 1389 2441 1446 2516; x_wconf 86' lang='lat' dir='ltr'>Qui</span> <span class='ocrx_word' id='word_1_238' title='bbox 1466 2441 1583 2522; x_wconf 89' lang='lat' dir='ltr'>gratias</span> <span class='ocrx_word' id='word_1_239' title='bbox 1598 2459 1694 2523; x_wconf 91' lang='lat' dir='ltr'>agens</span> 
     </span>
     <span class='ocr_line' id='line_1_21' title="bbox 139 2540 1695 2622; baseline -0.004 -13"><span class='ocrx_word' id='word_1_240' title='bbox 139 2545 217 2609; x_wconf 88' lang='lat' dir='ltr'>sarii</span> <span class='ocrx_word' id='word_1_241' title='bbox 240 2542 407 2616; x_wconf 77' lang='lat' dir='ltr'>creatoris,</span> <span class='ocrx_word' id='word_1_242' title='bbox 429 2541 492 2604; x_wconf 91' lang='lat' dir='ltr'>filii</span> <span class='ocrx_word' id='word_1_243' title='bbox 515 2541 712 2622; x_wconf 89' lang='lat' dir='ltr'>perditionis.</span> <span class='ocrx_word' id='word_1_244' title='bbox 945 2543 1020 2617; x_wconf 85' lang='lat' dir='ltr'>Deo,</span> <span class='ocrx_word' id='word_1_245' title='bbox 1039 2559 1148 2603; x_wconf 92' lang='lat' dir='ltr'>rursus</span> <span class='ocrx_word' id='word_1_246' title='bbox 1171 2540 1297 2603; x_wconf 89' lang='lat' dir='ltr'>vocavit</span> <span class='ocrx_word' id='word_1_247' title='bbox 1318 2540 1506 2622; x_wconf 90' lang='lat' dir='ltr'>episcopum</span> <span class='ocrx_word' id='word_1_248' title='bbox 1527 2540 1567 2602; x_wconf 88' lang='lat' dir='ltr'>ad</span> <span class='ocrx_word' id='word_1_249' title='bbox 1588 2558 1633 2615; x_wconf 88' lang='lat' dir='ltr'>se,</span> <span class='ocrx_word' id='word_1_250' title='bbox 1650 2541 1695 2603; x_wconf 91' lang='lat' dir='ltr'>di-</span> 
     </span>
    </p>

    <p class='ocr_par' dir='ltr' id='par_1_4' title="bbox 138 2637 1696 3904">
     <span class='ocr_line' id='line_1_22' title="bbox 183 2637 1694 2724; baseline -0.004 -18"><span class='ocrx_word' id='word_1_251' title='bbox 183 2644 254 2706; x_wconf 84' lang='lat' dir='ltr'>Fuit</span> <span class='ocrx_word' id='word_1_252' title='bbox 267 2641 365 2724; x_wconf 88' lang='lat' dir='ltr'>judex</span> <span class='ocrx_word' id='word_1_253' title='bbox 381 2640 511 2723; x_wconf 89' lang='lat' dir='ltr'>quidam</span> <span class='ocrx_word' id='word_1_254' title='bbox 527 2639 559 2700; x_wconf 89' lang='lat' dir='ltr'>in</span> <span class='ocrx_word' id='word_1_255' title='bbox 576 2639 714 2711; x_wconf 86' lang='lat' dir='ltr'>civitate,</span> <span class='ocrx_word' id='word_1_256' title='bbox 731 2638 781 2700; x_wconf 90' lang='lat' dir='ltr'>vir</span> <span class='ocrx_word' id='word_1_257' title='bbox 797 2638 889 2701; x_wconf 88' lang='lat' dir='ltr'>valde</span> <span class='ocrx_word' id='word_1_258' title='bbox 946 2641 1055 2722; x_wconf 90' lang='lat' dir='ltr'>xitque</span> <span class='ocrx_word' id='word_1_259' title='bbox 1069 2639 1099 2701; x_wconf 89' lang='lat' dir='ltr'>ei</span> <span class='ocrx_word' id='word_1_260' title='bbox 1113 2655 1119 2700; x_wconf 93' lang='lat'><strong>:</strong></span> <span class='ocrx_word' id='word_1_261' title='bbox 1132 2637 1281 2713; x_wconf 87' lang='lat' dir='ltr'>Quamvis</span> <span class='ocrx_word' id='word_1_262' title='bbox 1296 2645 1331 2699; x_wconf 96' lang='lat' dir='ltr'>tu</span> <span class='ocrx_word' id='word_1_263' title='bbox 1347 2655 1462 2720; x_wconf 90' lang='lat' dir='ltr'>corpus</span> <span class='ocrx_word' id='word_1_264' title='bbox 1479 2637 1593 2700; x_wconf 89' lang='lat' dir='ltr'>Christi</span> <span class='ocrx_word' id='word_1_265' title='bbox 1613 2638 1694 2700; x_wconf 90' lang='lat' dir='ltr'>mibi</span> 
     </span>
     <span class='ocr_line' id='line_1_23' title="bbox 138 2735 1694 2824; baseline -0.004 -20"><span class='ocrx_word' id='word_1_266' title='bbox 138 2744 249 2824; x_wconf 89' lang='lat' dir='ltr'>justus</span> <span class='ocrx_word' id='word_1_267' title='bbox 264 2746 296 2803; x_wconf 93' lang='lat' dir='ltr'>et</span> <span class='ocrx_word' id='word_1_268' title='bbox 309 2741 487 2811; x_wconf 88' lang='lat' dir='ltr'>timoratus,</span> <span class='ocrx_word' id='word_1_269' title='bbox 504 2736 585 2799; x_wconf 91' lang='lat' dir='ltr'>nulli</span> <span class='ocrx_word' id='word_1_270' title='bbox 606 2744 714 2799; x_wconf 90' lang='lat' dir='ltr'>contra</span> <span class='ocrx_word' id='word_1_271' title='bbox 732 2736 888 2817; x_wconf 84' lang='lat' dir='ltr'>justitiam</span> <span class='ocrx_word' id='word_1_272' title='bbox 945 2736 1231 2820; x_wconf 84' lang='lat' dir='ltr'>negasti,(lbristus</span> <span class='ocrx_word' id='word_1_273' title='bbox 1246 2744 1352 2797; x_wconf 90' lang='lat' dir='ltr'>tamen</span> <span class='ocrx_word' id='word_1_274' title='bbox 1368 2735 1447 2798; x_wconf 92' lang='lat' dir='ltr'>illud</span> <span class='ocrx_word' id='word_1_275' title='bbox 1464 2735 1544 2797; x_wconf 89' lang='lat' dir='ltr'>mibi</span> <span class='ocrx_word' id='word_1_276' title='bbox 1560 2753 1624 2798; x_wconf 91' lang='lat' dir='ltr'>non</span> <span class='ocrx_word' id='word_1_277' title='bbox 1640 2755 1694 2798; x_wconf 91' lang='lat' dir='ltr'>ne-</span> 
     </span>
     <span class='ocr_line' id='line_1_24' title="bbox 141 2833 1694 2924; baseline -0.005 -21"><span class='ocrx_word' id='word_1_278' title='bbox 141 2857 286 2924; x_wconf 88' lang='lat' dir='ltr'>parcens.</span> <span class='ocrx_word' id='word_1_279' title='bbox 296 2839 463 2918; x_wconf 82' lang='lat' dir='ltr'>Quumque</span> <span class='ocrx_word' id='word_1_280' title='bbox 479 2835 567 2896; x_wconf 92' lang='lat' dir='ltr'>filius</span> <span class='ocrx_word' id='word_1_281' title='bbox 583 2853 648 2897; x_wconf 70' lang='lat' dir='ltr'>suae</span> <span class='ocrx_word' id='word_1_282' title='bbox 664 2835 780 2897; x_wconf 90' lang='lat' dir='ltr'>sororis</span> <span class='ocrx_word' id='word_1_283' title='bbox 795 2853 890 2916; x_wconf 90' lang='lat' dir='ltr'>grave</span> <span class='ocrx_word' id='word_1_284' title='bbox 944 2836 1048 2919; x_wconf 92' lang='lat' dir='ltr'>gavit;</span> <span class='ocrx_word' id='word_1_285' title='bbox 1064 2842 1096 2897; x_wconf 89' lang='lat' dir='ltr'>ct</span> <span class='ocrx_word' id='word_1_286' title='bbox 1118 2841 1153 2896; x_wconf 93' lang='lat' dir='ltr'>ut</span> <span class='ocrx_word' id='word_1_287' title='bbox 1172 2834 1253 2896; x_wconf 87' lang='lat' dir='ltr'>scias</span> <span class='ocrx_word' id='word_1_288' title='bbox 1274 2851 1325 2895; x_wconf 91' lang='lat' dir='ltr'>me</span> <span class='ocrx_word' id='word_1_289' title='bbox 1344 2851 1456 2896; x_wconf 91' lang='lat' dir='ltr'>verum</span> <span class='ocrx_word' id='word_1_290' title='bbox 1480 2833 1597 2907; x_wconf 91' lang='lat' dir='ltr'>dicere,</span> <span class='ocrx_word' id='word_1_291' title='bbox 1615 2834 1694 2896; x_wconf 89' lang='lat' dir='ltr'>vade</span> 
     </span>
     <span class='ocr_line' id='line_1_25' title="bbox 139 2931 1694 3017; baseline -0.005 -15"><span class='ocrx_word' id='word_1_292' title='bbox 139 2939 265 3002; x_wconf 91' lang='lat' dir='ltr'>crimen</span> <span class='ocrx_word' id='word_1_293' title='bbox 290 2937 416 3017; x_wconf 90' lang='lat' dir='ltr'>egisset,</span> <span class='ocrx_word' id='word_1_294' title='bbox 439 2934 534 3016; x_wconf 90' lang='lat' dir='ltr'>jussit</span> <span class='ocrx_word' id='word_1_295' title='bbox 559 2952 634 2996; x_wconf 92' lang='lat' dir='ltr'>eum</span> <span class='ocrx_word' id='word_1_296' title='bbox 657 2933 760 2995; x_wconf 90' lang='lat' dir='ltr'>occidi</span> <span class='ocrx_word' id='word_1_297' title='bbox 788 2951 794 2995; x_wconf 93' lang='lat'><strong>:</strong></span> <span class='ocrx_word' id='word_1_298' title='bbox 822 2934 890 3016; x_wconf 90' lang='lat' dir='ltr'>ipse</span> <span class='ocrx_word' id='word_1_299' title='bbox 945 2942 977 2998; x_wconf 90' lang='lat' dir='ltr'>et</span> <span class='ocrx_word' id='word_1_300' title='bbox 998 2934 1071 2997; x_wconf 91' lang='lat' dir='ltr'>vide</span> <span class='ocrx_word' id='word_1_301' title='bbox 1099 2932 1249 3016; x_wconf 84' lang='lat' dir='ltr'>pyxidem</span> <span class='ocrx_word' id='word_1_302' title='bbox 1275 2939 1352 3013; x_wconf 92' lang='lat' dir='ltr'>quot</span> <span class='ocrx_word' id='word_1_303' title='bbox 1378 2931 1411 2993; x_wconf 95' lang='lat' dir='ltr'>in</span> <span class='ocrx_word' id='word_1_304' title='bbox 1435 2949 1472 2993; x_wconf 91' lang='lat' dir='ltr'>ea</span> <span class='ocrx_word' id='word_1_305' title='bbox 1496 2931 1560 2994; x_wconf 88' lang='lat' dir='ltr'>sint</span> <span class='ocrx_word' id='word_1_306' title='bbox 1583 2932 1694 2995; x_wconf 73' lang='lat' dir='ltr'>hostire</span> 
     </span>
     <span class='ocr_line' id='line_1_26' title="bbox 140 3029 1695 3117; baseline -0.007 -16"><span class='ocrx_word' id='word_1_307' title='bbox 140 3037 230 3101; x_wconf 88' lang='lat' dir='ltr'>enim</span> <span class='ocrx_word' id='word_1_308' title='bbox 246 3035 383 3117; x_wconf 90' lang='lat' dir='ltr'>graviter</span> <span class='ocrx_word' id='word_1_309' title='bbox 399 3032 631 3095; x_wconf 86' lang='lat' dir='ltr'>infirmabatur.</span> <span class='ocrx_word' id='word_1_310' title='bbox 642 3031 702 3094; x_wconf 91' lang='lat' dir='ltr'>Sed</span> <span class='ocrx_word' id='word_1_311' title='bbox 718 3031 801 3094; x_wconf 83' lang='lat' dir='ltr'>servi</span> <span class='ocrx_word' id='word_1_312' title='bbox 819 3032 892 3113; x_wconf 93' lang='lat' dir='ltr'>ipsi·</span> <span class='ocrx_word' id='word_1_313' title='bbox 908 3040 931 3104; x_wconf 86' lang='lat' dir='ltr'><strong>c</strong></span> <span class='ocrx_word' id='word_1_314' title='bbox 946 3030 1360 3110; x_wconf 62' lang='lat' dir='ltr'>consecrataednveniesque</span> <span class='ocrx_word' id='word_1_315' title='bbox 1376 3029 1409 3090; x_wconf 93' lang='lat' dir='ltr'>in</span> <span class='ocrx_word' id='word_1_316' title='bbox 1424 3047 1461 3092; x_wconf 85' lang='lat' dir='ltr'>ea</span> <span class='ocrx_word' id='word_1_317' title='bbox 1476 3048 1572 3092; x_wconf 85' lang='lat' dir='ltr'>unam</span> <span class='ocrx_word' id='word_1_318' title='bbox 1589 3029 1695 3091; x_wconf 91' lang='lat' dir='ltr'>minus</span> 
     </span>
     <span class='ocr_line' id='line_1_27' title="bbox 141 3128 1695 3215; baseline -0.005 -17"><span class='ocrx_word' id='word_1_319' title='bbox 141 3157 181 3198; x_wconf 93' lang='lat' dir='ltr'>us</span> <span class='ocrx_word' id='word_1_320' title='bbox 197 3153 261 3198; x_wconf 91' lang='lat' dir='ltr'>non</span> <span class='ocrx_word' id='word_1_321' title='bbox 277 3133 492 3215; x_wconf 88' lang='lat' dir='ltr'>impleverunt</span> <span class='ocrx_word' id='word_1_322' title='bbox 507 3131 577 3211; x_wconf 90' lang='lat' dir='ltr'>ejus</span> <span class='ocrx_word' id='word_1_323' title='bbox 596 3137 802 3213; x_wconf 74' lang='lat' dir='ltr'>preceptum.</span> <span class='ocrx_word' id='word_1_324' title='bbox 820 3130 892 3193; x_wconf 91' lang='lat' dir='ltr'>Post</span> <span class='ocrx_word' id='word_1_325' title='bbox 947 3150 1042 3214; x_wconf 90' lang='lat' dir='ltr'>quam</span> <span class='ocrx_word' id='word_1_326' title='bbox 1068 3131 1101 3192; x_wconf 94' lang='lat' dir='ltr'>in</span> <span class='ocrx_word' id='word_1_327' title='bbox 1125 3148 1163 3192; x_wconf 90' lang='lat' dir='ltr'>ea</span> <span class='ocrx_word' id='word_1_328' title='bbox 1186 3128 1301 3191; x_wconf 92' lang='lat' dir='ltr'>ultimo</span> <span class='ocrx_word' id='word_1_329' title='bbox 1329 3128 1498 3210; x_wconf 90' lang='lat' dir='ltr'>reliquisti.</span> <span class='ocrx_word' id='word_1_330' title='bbox 1518 3128 1695 3209; x_wconf 86' lang='lat' dir='ltr'>Episcopus</span> 
     </span>
     <span class='ocr_line' id='line_1_28' title="bbox 140 3226 1696 3316; baseline -0.007 -18"><span class='ocrx_word' id='word_1_331' title='bbox 140 3236 266 3316; x_wconf 88' lang='lat' dir='ltr'>aliquot</span> <span class='ocrx_word' id='word_1_332' title='bbox 285 3233 363 3306; x_wconf 89' lang='lat' dir='ltr'>dies,</span> <span class='ocrx_word' id='word_1_333' title='bbox 385 3230 536 3314; x_wconf 83' lang='lat' dir='ltr'>praefatus</span> <span class='ocrx_word' id='word_1_334' title='bbox 560 3247 659 3311; x_wconf 89' lang='lat' dir='ltr'>nepos</span> <span class='ocrx_word' id='word_1_335' title='bbox 682 3229 812 3291; x_wconf 92' lang='lat' dir='ltr'>intravit</span> <span class='ocrx_word' id='word_1_336' title='bbox 834 3229 890 3291; x_wconf 93' lang='lat' dir='ltr'>bu·</span> <span class='ocrx_word' id='word_1_337' title='bbox 946 3247 1021 3310; x_wconf 92' lang='lat' dir='ltr'>ergo</span> <span class='ocrx_word' id='word_1_338' title='bbox 1037 3228 1210 3309; x_wconf 89' lang='lat' dir='ltr'>inspiciens</span> <span class='ocrx_word' id='word_1_339' title='bbox 1226 3227 1388 3310; x_wconf 84' lang='lat' dir='ltr'>pyxidem,</span> <span class='ocrx_word' id='word_1_340' title='bbox 1405 3226 1524 3308; x_wconf 89' lang='lat' dir='ltr'>reperit</span> <span class='ocrx_word' id='word_1_341' title='bbox 1539 3226 1623 3289; x_wconf 91' lang='lat' dir='ltr'>sicut</span> <span class='ocrx_word' id='word_1_342' title='bbox 1642 3245 1696 3288; x_wconf 87' lang='lat' dir='ltr'>eu-</span> 
     </span>
     <span class='ocr_line' id='line_1_29' title="bbox 139 3325 1652 3417; baseline -0.007 -21"><span class='ocrx_word' id='word_1_343' title='bbox 139 3335 195 3417; x_wconf 84' lang='lat' dir='ltr'>jus</span> <span class='ocrx_word' id='word_1_344' title='bbox 221 3331 371 3396; x_wconf 92' lang='lat' dir='ltr'>avunculi</span> <span class='ocrx_word' id='word_1_345' title='bbox 396 3329 444 3392; x_wconf 89' lang='lat' dir='ltr'>sui</span> <span class='ocrx_word' id='word_1_346' title='bbox 475 3329 617 3402; x_wconf 91' lang='lat' dir='ltr'>domum,</span> <span class='ocrx_word' id='word_1_347' title='bbox 644 3335 674 3389; x_wconf 88' lang='lat' dir='ltr'>et</span> <span class='ocrx_word' id='word_1_348' title='bbox 703 3328 892 3410; x_wconf 84' lang='lat' dir='ltr'>introspexit</span> <span class='ocrx_word' id='word_1_349' title='bbox 947 3329 1027 3391; x_wconf 94' lang='lat' dir='ltr'>divit</span> <span class='ocrx_word' id='word_1_350' title='bbox 1046 3347 1064 3389; x_wconf 92' lang='lat' dir='ltr'>a</span> <span class='ocrx_word' id='word_1_351' title='bbox 1082 3326 1255 3408; x_wconf 72' lang='lat' dir='ltr'>judicent</span> <span class='ocrx_word' id='word_1_352' title='bbox 1274 3325 1451 3408; x_wconf 93' lang='lat' dir='ltr'>plurimum</span> <span class='ocrx_word' id='word_1_353' title='bbox 1471 3325 1652 3387; x_wconf 90' lang='lat' dir='ltr'>mirabatur.</span> 
     </span>
     <span class='ocr_line' id='line_1_30' title="bbox 141 3422 1695 3515; baseline -0.007 -20"><span class='ocrx_word' id='word_1_354' title='bbox 141 3452 202 3515; x_wconf 92' lang='lat' dir='ltr'>per</span> <span class='ocrx_word' id='word_1_355' title='bbox 217 3449 351 3494; x_wconf 83' lang='lat' dir='ltr'>oamerae</span> <span class='ocrx_word' id='word_1_356' title='bbox 364 3430 505 3510; x_wconf 84' lang='lat' dir='ltr'>januam.</span> <span class='ocrx_word' id='word_1_357' title='bbox 523 3426 708 3489; x_wconf 82' lang='lat' dir='ltr'>Avunculus</span> <span class='ocrx_word' id='word_1_358' title='bbox 727 3433 834 3489; x_wconf 90' lang='lat' dir='ltr'>autem</span> <span class='ocrx_word' id='word_1_359' title='bbox 854 3445 892 3490; x_wconf 90' lang='lat' dir='ltr'>eo</span> <span class='ocrx_word' id='word_1_360' title='bbox 987 3426 1032 3488; x_wconf 88' lang='lat' dir='ltr'>Ex</span> <span class='ocrx_word' id='word_1_361' title='bbox 1047 3425 1107 3487; x_wconf 91' lang='lat' dir='ltr'>boc</span> <span class='ocrx_word' id='word_1_362' title='bbox 1124 3433 1209 3507; x_wconf 90' lang='lat' dir='ltr'>patet</span> <span class='ocrx_word' id='word_1_363' title='bbox 1228 3424 1386 3506; x_wconf 88' lang='lat' dir='ltr'>exemplo,</span> <span class='ocrx_word' id='word_1_364' title='bbox 1403 3430 1557 3505; x_wconf 87' lang='lat' dir='ltr'>quantum</span> <span class='ocrx_word' id='word_1_365' title='bbox 1572 3422 1695 3504; x_wconf 85' lang='lat' dir='ltr'>justitia</span> 
     </span>
     <span class='ocr_line' id='line_1_31' title="bbox 141 3520 1695 3606; baseline -0.006 -13"><span class='ocrx_word' id='word_1_366' title='bbox 141 3532 225 3603; x_wconf 91' lang='lat' dir='ltr'>viso,</span> <span class='ocrx_word' id='word_1_367' title='bbox 242 3528 367 3592; x_wconf 87' lang='lat' dir='ltr'>vocavit</span> <span class='ocrx_word' id='word_1_368' title='bbox 390 3546 464 3589; x_wconf 88' lang='lat' dir='ltr'>enm</span> <span class='ocrx_word' id='word_1_369' title='bbox 489 3526 605 3588; x_wconf 90' lang='lat' dir='ltr'>blande</span> <span class='ocrx_word' id='word_1_370' title='bbox 629 3525 668 3587; x_wconf 88' lang='lat' dir='ltr'>ad</span> <span class='ocrx_word' id='word_1_371' title='bbox 690 3544 735 3598; x_wconf 91' lang='lat' dir='ltr'>se,</span> <span class='ocrx_word' id='word_1_372' title='bbox 752 3525 892 3606; x_wconf 90' lang='lat' dir='ltr'>fecitque</span> <span class='ocrx_word' id='word_1_373' title='bbox 948 3526 1071 3606; x_wconf 88' lang='lat' dir='ltr'>placcat</span> <span class='ocrx_word' id='word_1_374' title='bbox 1085 3523 1158 3587; x_wconf 88' lang='lat' dir='ltr'>Deo.</span> <span class='ocrx_word' id='word_1_375' title='bbox 1176 3522 1339 3604; x_wconf 90' lang='lat' dir='ltr'>Siquidem</span> <span class='ocrx_word' id='word_1_376' title='bbox 1361 3521 1492 3603; x_wconf 76' lang='lat' dir='ltr'>prefata</span> <span class='ocrx_word' id='word_1_377' title='bbox 1510 3520 1627 3603; x_wconf 85' lang='lat' dir='ltr'>triplex</span> <span class='ocrx_word' id='word_1_378' title='bbox 1642 3539 1695 3583; x_wconf 90' lang='lat' dir='ltr'>ve·</span> 
     </span>
     <span class='ocr_line' id='line_1_32' title="bbox 142 3618 1695 3710; baseline -0.007 -18"><span class='ocrx_word' id='word_1_379' title='bbox 142 3649 219 3692; x_wconf 88' lang='lat' dir='ltr'>curn</span> <span class='ocrx_word' id='word_1_380' title='bbox 250 3645 350 3710; x_wconf 92' lang='lat' dir='ltr'>prope</span> <span class='ocrx_word' id='word_1_381' title='bbox 375 3625 493 3689; x_wconf 90' lang='lat' dir='ltr'>lectum</span> <span class='ocrx_word' id='word_1_382' title='bbox 518 3643 612 3686; x_wconf 93' lang='lat' dir='ltr'>suum</span> <span class='ocrx_word' id='word_1_383' title='bbox 637 3624 758 3698; x_wconf 90' lang='lat' dir='ltr'>sedere,</span> <span class='ocrx_word' id='word_1_384' title='bbox 784 3631 816 3686; x_wconf 92' lang='lat' dir='ltr'>et</span> <span class='ocrx_word' id='word_1_385' title='bbox 839 3623 892 3705; x_wconf 91' lang='lat' dir='ltr'>pic</span> <span class='ocrx_word' id='word_1_386' title='bbox 947 3623 1035 3696; x_wconf 85' lang='lat' dir='ltr'>ritas,</span> <span class='ocrx_word' id='word_1_387' title='bbox 1066 3621 1098 3683; x_wconf 93' lang='lat' dir='ltr'>in</span> <span class='ocrx_word' id='word_1_388' title='bbox 1131 3620 1269 3703; x_wconf 77' lang='lat' dir='ltr'>prelatis</span> <span class='ocrx_word' id='word_1_389' title='bbox 1300 3639 1337 3682; x_wconf 87' lang='lat' dir='ltr'>ac</span> <span class='ocrx_word' id='word_1_390' title='bbox 1367 3618 1568 3702; x_wconf 88' lang='lat' dir='ltr'>principibus</span> <span class='ocrx_word' id='word_1_391' title='bbox 1599 3625 1695 3700; x_wconf 89' lang='lat' dir='ltr'>atque</span> 
     </span>
     <span class='ocr_line' id='line_1_33' title="bbox 142 3717 1694 3809; baseline -0.007 -19"><span class='ocrx_word' id='word_1_392' title='bbox 142 3725 367 3809; x_wconf 86' lang='lat' dir='ltr'>alloquebatur</span> <span class='ocrx_word' id='word_1_393' title='bbox 395 3724 568 3802; x_wconf 90' lang='lat' dir='ltr'>eumdem;</span> <span class='ocrx_word' id='word_1_394' title='bbox 594 3723 732 3796; x_wconf 89' lang='lat' dir='ltr'>tandem,</span> <span class='ocrx_word' id='word_1_395' title='bbox 763 3721 893 3791; x_wconf 87' lang='lat' dir='ltr'>cultello</span> <span class='ocrx_word' id='word_1_396' title='bbox 946 3720 1109 3804; x_wconf 89' lang='lat' dir='ltr'>judicibus</span> <span class='ocrx_word' id='word_1_397' title='bbox 1139 3719 1343 3802; x_wconf 90' lang='lat' dir='ltr'>potissimum</span> <span class='ocrx_word' id='word_1_398' title='bbox 1377 3718 1472 3781; x_wconf 87' lang='lat' dir='ltr'>debet</span> <span class='ocrx_word' id='word_1_399' title='bbox 1501 3717 1624 3799; x_wconf 90' lang='lat' dir='ltr'>fulgere</span> <span class='ocrx_word' id='word_1_400' title='bbox 1657 3736 1694 3780; x_wconf 89' lang='lat' dir='ltr'>ac</span> 
     </span>
     <span class='ocr_line' id='line_1_34' title="bbox 142 3819 1120 3904; baseline -0.008 -14"><span class='ocrx_word' id='word_1_401' title='bbox 142 3826 270 3890; x_wconf 89' lang='lat' dir='ltr'>occulte</span> <span class='ocrx_word' id='word_1_402' title='bbox 295 3830 446 3897; x_wconf 90' lang='lat' dir='ltr'>extracto,</span> <span class='ocrx_word' id='word_1_403' title='bbox 466 3830 576 3904; x_wconf 88' lang='lat' dir='ltr'>guttur</span> <span class='ocrx_word' id='word_1_404' title='bbox 597 3821 721 3904; x_wconf 89' lang='lat' dir='ltr'>nepotis</span> <span class='ocrx_word' id='word_1_405' title='bbox 745 3820 890 3884; x_wconf 90' lang='lat' dir='ltr'>abscidit.</span> <span class='ocrx_word' id='word_1_406' title='bbox 948 3819 1120 3884; x_wconf 92' lang='lat' dir='ltr'>abundare.</span> 
     </span>
    </p>
   </div>
   <div class='ocr_carea' id='block_1_3' title="bbox 684 4250 1161 4340">
    <p class='ocr_par' dir='ltr' id='par_1_5' title="bbox 684 4250 1161 4340">
     <span class='ocr_line' id='line_1_35' title="bbox 684 4250 1161 4340; baseline -0.008 0"><span class='ocrx_word' id='word_1_407' title='bbox 684 4252 877 4340; x_wconf 85' lang='lat' dir='ltr'>SERMO</span> <span class='ocrx_word' id='word_1_408' title='bbox 915 4250 1161 4338; x_wconf 86' lang='lat' dir='ltr'>TERTIUS</span> 
     </span>
    </p>
   </div>
   <div class='ocr_carea' id='block_1_4' title="bbox 284 4515 1553 4580">
    <p class='ocr_par' dir='ltr' id='par_1_6' title="bbox 284 4515 1553 4580">
     <span class='ocr_line' id='line_1_36' title="bbox 284 4515 1553 4580; baseline -0.008 -8"><span class='ocrx_word' id='word_1_409' title='bbox 284 4527 323 4573; x_wconf 78' lang='lat' dir='ltr'>ott</span> <span class='ocrx_word' id='word_1_410' title='bbox 344 4525 395 4571; x_wconf 87' lang='lat' dir='ltr'>lllS</span> <span class='ocrx_word' id='word_1_411' title='bbox 415 4524 483 4580; x_wconf 80' lang='lat' dir='ltr'>QUAE</span> <span class='ocrx_word' id='word_1_412' title='bbox 505 4521 680 4570; x_wconf 75' lang='lat' dir='ltr'>onxtsvtxrtt</span> <span class='ocrx_word' id='word_1_413' title='bbox 700 4521 860 4567; x_wconf 70' lang='lat' dir='ltr'>redonavit</span> <span class='ocrx_word' id='word_1_414' title='bbox 881 4519 951 4576; x_wconf 84' lang='lat' dir='ltr'>otto,</span> <span class='ocrx_word' id='word_1_415' title='bbox 974 4517 1099 4573; x_wconf 79' lang='lat' dir='ltr'>sotsoott</span> <span class='ocrx_word' id='word_1_416' title='bbox 1120 4515 1309 4562; x_wconf 77' lang='lat' dir='ltr'>PlllNCll’lBUS</span> <span class='ocrx_word' id='word_1_417' title='bbox 1329 4515 1368 4563; x_wconf 76' lang='lat' dir='ltr'>Ao</span> <span class='ocrx_word' id='word_1_418' title='bbox 1390 4515 1553 4562; x_wconf 69' lang='lat' dir='ltr'>Pannonis.</span> 
     </span>
    </p>
   </div>
   <div class='ocr_carea' id='block_1_5' title="bbox 6 4794 1837 5178">
    <p class='ocr_par' dir='ltr' id='par_1_7' title="bbox 6 4794 1837 5178">
     <span class='ocr_line' id='line_1_37' title="bbox 216 4794 1837 4884; baseline -0.009 -12"><span class='ocrx_word' id='word_1_419' title='bbox 216 4809 388 4872; x_wconf 82' lang='lat' dir='ltr'><em>EDDITE</em></span> <span class='ocrx_word' id='word_1_420' title='bbox 400 4823 472 4884; x_wconf 74' lang='lat' dir='ltr'>queo</span> <span class='ocrx_word' id='word_1_421' title='bbox 492 4811 568 4862; x_wconf 80' lang='lat' dir='ltr'>sunt</span> <span class='ocrx_word' id='word_1_422' title='bbox 585 4802 733 4870; x_wconf 79' lang='lat' dir='ltr'>Coesort&#39;s,</span> <span class='ocrx_word' id='word_1_423' title='bbox 750 4797 932 4866; x_wconf 52' lang='lat' dir='ltr'>cesardo</span> <span class='ocrx_word' id='word_1_424' title='bbox 949 4795 1068 4858; x_wconf 86' lang='lat' dir='ltr'>ibidem</span> <span class='ocrx_word' id='word_1_425' title='bbox 1089 4795 1133 4858; x_wconf 82' lang='lat' dir='ltr'>att</span> <span class='ocrx_word' id='word_1_426' title='bbox 1147 4794 1315 4877; x_wconf 82' lang='lat' dir='ltr'>Apostolus</span> <span class='ocrx_word' id='word_1_427' title='bbox 1333 4812 1339 4856; x_wconf 91' lang='lat'><strong>:</strong></span> <span class='ocrx_word' id='word_1_428' title='bbox 1357 4794 1466 4858; x_wconf 86' lang='lat' dir='ltr'>Omnis</span> <span class='ocrx_word' id='word_1_429' title='bbox 1485 4795 1592 4858; x_wconf 79' lang='lat' dir='ltr'>anima</span> <span class='ocrx_word' id='word_1_430' title='bbox 1608 4803 1837 4878; x_wconf 71' lang='lat' dir='ltr'>pote-nom.m1‚r.</span> 
     </span>
     <span class='ocr_line' id='line_1_38' title="bbox 231 4893 1694 4986; baseline -0.008 -19"><span class='ocrx_word' id='word_1_431' title='bbox 231 4918 261 4969; x_wconf 84' lang='lat' dir='ltr'>et</span> <span class='ocrx_word' id='word_1_432' title='bbox 278 4913 441 4986; x_wconf 76' lang='lat' dir='ltr'>peccarent</span> <span class='ocrx_word' id='word_1_433' title='bbox 456 4903 528 4971; x_wconf 81' lang='lat' dir='ltr'>Det,</span> <span class='ocrx_word' id='word_1_434' title='bbox 546 4905 619 4962; x_wconf 84' lang='lat' dir='ltr'>Deo.</span> <span class='ocrx_word' id='word_1_435' title='bbox 638 4897 742 4961; x_wconf 87' lang='lat' dir='ltr'>Mattb.</span> <span class='ocrx_word' id='word_1_436' title='bbox 755 4915 830 4971; x_wconf 87' lang='lat' dir='ltr'>xxvt,</span> <span class='ocrx_word' id='word_1_437' title='bbox 842 4895 890 4958; x_wconf 71' lang='lat' dir='ltr'>ot.</span> <span class='ocrx_word' id='word_1_438' title='bbox 950 4895 1084 4958; x_wconf 88' lang='lat' dir='ltr'>statibus</span> <span class='ocrx_word' id='word_1_439' title='bbox 1110 4893 1351 4956; x_wconf 92' lang='lat' dir='ltr'>sublimioribus</span> <span class='ocrx_word' id='word_1_440' title='bbox 1375 4893 1502 4955; x_wconf 92' lang='lat' dir='ltr'>subdita</span> <span class='ocrx_word' id='word_1_441' title='bbox 1531 4895 1580 4956; x_wconf 90' lang='lat' dir='ltr'>sit.</span> <span class='ocrx_word' id='word_1_442' title='bbox 1608 4894 1694 4957; x_wconf 89' lang='lat' dir='ltr'>Chri·</span> 
     </span>
     <span class='ocr_line' id='line_1_39' title="bbox 6 4990 1694 5084; baseline -0.015 -4"><span class='ocrx_word' id='word_1_443' title='bbox 6 5049 99 5082; x_wconf 59' lang='lat' dir='ltr'>mnm.</span> <span class='ocrx_word' id='word_1_444' title='bbox 120 5063 127 5075; x_wconf 93' lang='lat'>.</span> <span class='ocrx_word' id='word_1_445' title='bbox 186 5009 233 5072; x_wconf 83' lang='lat' dir='ltr'>Ad</span> <span class='ocrx_word' id='word_1_446' title='bbox 249 5008 406 5069; x_wconf 88' lang='lat' dir='ltr'>Romanos</span> <span class='ocrx_word' id='word_1_447' title='bbox 421 5019 548 5084; x_wconf 92' lang='lat' dir='ltr'>quoque</span> <span class='ocrx_word' id='word_1_448' title='bbox 563 5000 606 5062; x_wconf 91' lang='lat' dir='ltr'>ait</span> <span class='ocrx_word' id='word_1_449' title='bbox 621 4995 895 5080; x_wconf 80' lang='lat' dir='ltr'>Apostoluszlled-</span> <span class='ocrx_word' id='word_1_450' title='bbox 949 4993 1043 5055; x_wconf 91' lang='lat' dir='ltr'>stiani</span> <span class='ocrx_word' id='word_1_451' title='bbox 1065 4994 1170 5074; x_wconf 86' lang='lat' dir='ltr'>itaque</span> <span class='ocrx_word' id='word_1_452' title='bbox 1192 4992 1322 5054; x_wconf 90' lang='lat' dir='ltr'>reddere</span> <span class='ocrx_word' id='word_1_453' title='bbox 1342 4990 1459 5054; x_wconf 88' lang='lat' dir='ltr'>debent</span> <span class='ocrx_word' id='word_1_454' title='bbox 1480 4999 1544 5053; x_wconf 94' lang='lat' dir='ltr'>tam</span> <span class='ocrx_word' id='word_1_455' title='bbox 1565 4993 1694 5055; x_wconf 92' lang='lat' dir='ltr'>domino</span> 
     </span>
     <span class='ocr_line' id='line_1_40' title="bbox 145 5090 1695 5178; baseline -0.012 -7"><span class='ocrx_word' id='word_1_456' title='bbox 145 5109 212 5171; x_wconf 86' lang='lat' dir='ltr'>dite</span> <span class='ocrx_word' id='word_1_457' title='bbox 237 5102 388 5168; x_wconf 90' lang='lat' dir='ltr'>omnibus</span> <span class='ocrx_word' id='word_1_458' title='bbox 410 5100 536 5178; x_wconf 85' lang='lat' dir='ltr'>debita3</span> <span class='ocrx_word' id='word_1_459' title='bbox 553 5097 604 5159; x_wconf 90' lang='lat' dir='ltr'>cui</span> <span class='ocrx_word' id='word_1_460' title='bbox 629 5096 788 5170; x_wconf 89' lang='lat' dir='ltr'>timorem,</span> <span class='ocrx_word' id='word_1_461' title='bbox 805 5094 896 5156; x_wconf 90' lang='lat' dir='ltr'>timo·</span> <span class='ocrx_word' id='word_1_462' title='bbox 950 5091 1117 5174; x_wconf 86' lang='lat' dir='ltr'>temporali</span> <span class='ocrx_word' id='word_1_463' title='bbox 1138 5110 1193 5152; x_wconf 92' lang='lat' dir='ltr'>seu</span> <span class='ocrx_word' id='word_1_464' title='bbox 1209 5091 1359 5172; x_wconf 89' lang='lat' dir='ltr'>principi,</span> <span class='ocrx_word' id='word_1_465' title='bbox 1376 5110 1471 5173; x_wconf 91' lang='lat' dir='ltr'>quarn</span> <span class='ocrx_word' id='word_1_466' title='bbox 1488 5090 1616 5153; x_wconf 91' lang='lat' dir='ltr'>domino</span> <span class='ocrx_word' id='word_1_467' title='bbox 1632 5092 1695 5174; x_wconf 90' lang='lat' dir='ltr'>spi·</span> 
     </span>
    </p>
   </div>
   <div class='ocr_carea' id='block_1_6' title="bbox 144 5187 1697 5380">
    <p class='ocr_par' dir='ltr' id='par_1_8' title="bbox 144 5187 1697 5380">
     <span class='ocr_line' id='line_1_41' title="bbox 144 5187 1697 5281; baseline -0.011 -13"><span class='ocrx_word' id='word_1_468' title='bbox 144 5200 293 5281; x_wconf 89' lang='lat' dir='ltr'>rcm;eui</span> <span class='ocrx_word' id='word_1_469' title='bbox 309 5196 633 5270; x_wconf 91' lang='lat' dir='ltr'>honorem,b0norem</span> <span class='ocrx_word' id='word_1_470' title='bbox 644 5212 651 5272; x_wconf 91' lang='lat'>;</span> <span class='ocrx_word' id='word_1_471' title='bbox 664 5191 715 5254; x_wconf 91' lang='lat' dir='ltr'>cui</span> <span class='ocrx_word' id='word_1_472' title='bbox 731 5191 895 5264; x_wconf 90' lang='lat' dir='ltr'>tributum,</span> <span class='ocrx_word' id='word_1_473' title='bbox 952 5189 1070 5262; x_wconf 87' lang='lat' dir='ltr'>rituali,</span> <span class='ocrx_word' id='word_1_474' title='bbox 1083 5195 1158 5270; x_wconf 90' lang='lat' dir='ltr'>puta</span> <span class='ocrx_word' id='word_1_475' title='bbox 1174 5187 1312 5269; x_wconf 82' lang='lat' dir='ltr'>praelato,</span> <span class='ocrx_word' id='word_1_476' title='bbox 1325 5189 1409 5268; x_wconf 93' lang='lat' dir='ltr'>quod</span> <span class='ocrx_word' id='word_1_477' title='bbox 1424 5188 1453 5250; x_wconf 90' lang='lat' dir='ltr'>ei</span> <span class='ocrx_word' id='word_1_478' title='bbox 1470 5195 1628 5262; x_wconf 89' lang='lat' dir='ltr'>tenentur,</span> <span class='ocrx_word' id='word_1_479' title='bbox 1640 5209 1697 5270; x_wconf 93' lang='lat' dir='ltr'>pu·</span> 
     </span>
     <span class='ocr_line' id='line_1_42' title="bbox 147 5285 1695 5380; baseline -0.011 -13"><span class='ocrx_word' id='word_1_480' title='bbox 147 5302 325 5380; x_wconf 82' lang='lat' dir='ltr'>tributum3</span> <span class='ocrx_word' id='word_1_481' title='bbox 351 5297 402 5360; x_wconf 90' lang='lat' dir='ltr'>oui</span> <span class='ocrx_word' id='word_1_482' title='bbox 431 5293 577 5375; x_wconf 89' lang='lat' dir='ltr'>vectigal,</span> <span class='ocrx_word' id='word_1_483' title='bbox 604 5289 748 5371; x_wconf 89' lang='lat' dir='ltr'>vectigal.</span> <span class='ocrx_word' id='word_1_484' title='bbox 779 5290 897 5352; x_wconf 83' lang='lat' dir='ltr'>llursus</span> <span class='ocrx_word' id='word_1_485' title='bbox 952 5296 984 5350; x_wconf 88' lang='lat' dir='ltr'>ta</span> <span class='ocrx_word' id='word_1_486' title='bbox 1007 5286 1250 5368; x_wconf 88' lang='lat' dir='ltr'>subjectionem,</span> <span class='ocrx_word' id='word_1_487' title='bbox 1277 5286 1441 5360; x_wconf 90' lang='lat' dir='ltr'>honorem,</span> <span class='ocrx_word' id='word_1_488' title='bbox 1470 5285 1695 5363; x_wconf 90' lang='lat' dir='ltr'>obedientiam,</span> 
     </span>
    </p>
   </div>
   <div class='ocr_carea' id='block_1_7' title="bbox 0 0 2122 6258">
    <p class='ocr_par' dir='ltr' id='par_1_9' title="bbox 0 0 2122 6258">
     <span class='ocr_line' id='line_1_43' title="bbox 0 0 2122 6258; baseline 0 0"><span class='ocrx_word' id='word_1_489' title='bbox 0 0 2122 6258; x_wconf 95' lang='lat' dir='ltr'> </span> 
     </span>
    </p>
   </div>
  </div>
 </body>
</html>
