4192 6258
486 537 633 585 uolumen
653 537 720 584 xxrr
740 537 814 584 rosr
833 535 1026 584 rnrnrrarmr.
1046 555 1086 565 -
1106 537 1206 583 suano
1226 537 1336 584 narnus
1625 515 1685 580 587

4 731 122 780 aecana.
137 729 221 784 rare,
237 729 337 793 quum
354 711 387 773 in
402 709 648 774 Deuteronomio
666 709 790 772 dicatur
806 726 813 771 ε
829 709 887 771 llo·
901 711 927 776 Α
942 709 981 770 ad
1001 708 1136 771 aliorum
1157 709 1313 791 prelatos,
1328 709 1550 792 predicatores
1571 716 1603 772 et
1621 708 1686 771 ole-

137 810 265 872 miuum
279 810 380 872 Deum
394 817 486 872 tuum
504 808 683 881 timebis‚et
697 826 754 889 per
768 825 886 870 nomen
941 825 1012 868 rum
1036 807 1196 889 praecipue
1219 808 1368 890 pertinet.
1383 808 1586 871 Potissimum
1605 806 1689 868 salu-

136 909 209 990 ejus
223 907 355 988 jurabis.
373 907 495 971 Idcirco
514 906 611 970 verba
631 905 746 970 Christi
767 905 887 968 Jacobi·
941 905 998 968 bre
1012 912 1061 968 est
1074 905 1165 968 valde
1180 906 1341 969 abundare
1356 907 1388 968 in
1405 905 1536 968 seientia
1549 904 1604 966 illa
1619 921 1687 987 quae

136 1025 201 1088 que
216 1006 349 1088 apostoli
366 1005 573 1086 intelligenda
587 1013 668 1078 sunt,
679 1022 738 1066 uon
754 1023 812 1086 per
826 1021 888 1067 mo
942 1010 989 1066 ast
1004 1004 1123 1066 donum
1140 1022 1195 1066 seu
1211 1024 1311 1067 unum
1327 1005 1366 1067 de
1381 1011 1502 1086 septem
1517 1002 1608 1066 donis
1623 1002 1689 1084 Spi-

135 1106 215 1167 dum
230 1104 381 1168 absolutae
402 1103 639 1186 prohibitionis,
655 1110 710 1164 aut
729 1102 819 1184 quasi
839 1101 888 1182 ju·
942 1101 1021 1164 ritus
1037 1101 1154 1174 Sancti,
1171 1121 1241 1184 quaa
1256 1111 1304 1166 est
1323 1103 1450 1165 habitus
1466 1108 1688 1184 supernatura-

136 1221 208 1264 rare
233 1203 265 1264 in
289 1221 323 1264 se
348 1203 390 1264 sit
412 1201 562 1263 illicitum
579 1218 586 1261 :
604 1201 669 1262 imo
690 1208 795 1282 potest
818 1217 887 1262 esse
943 1199 982 1261 lis
1012 1199 1149 1274 infusus,
1176 1219 1353 1282 perquem
1382 1201 1421 1262 de
1450 1200 1546 1262 rebus
1575 1198 1688 1260 creatis

134 1308 226 1362 actus
242 1299 370 1362 virtutis
390 1317 460 1381 quae
476 1298 567 1360 latria
584 1298 774 1380 appellatur,
790 1315 887 1378 quan·
943 1296 1025 1360 hene
1038 1297 1220 1378 judicamus
1235 1317 1293 1380 per
1306 1305 1435 1379 gustum
1453 1305 1484 1360 et
1503 1303 1688 1359 connatura-

135 1400 178 1462 do
208 1417 281 1460 oum
307 1397 424 1459 debitis
453 1396 701 1459 circumstantiis
725 1395 765 1458 fit
793 1402 886 1458 etex
944 1395 1065 1460 litatem
1099 1415 1156 1459 seu
1189 1397 1445 1460 conformitatem
1480 1395 1616 1458 affectus
1649 1394 1688 1455 ad

135 1515 233 1560 causa
257 1496 379 1559 idonea.
398 1495 540 1558 Salvator
562 1511 637 1576 ergo
659 1501 691 1556 et
712 1493 782 1574 ejus
806 1493 887 1575 Apo-
943 1493 1050 1575 ipsum
1062 1494 1221 1575 judicium
1236 1493 1465 1577 veritatemque
1480 1491 1629 1574 agnitam,
1646 1491 1689 1552 ita

135 1595 238 1658 stolus
255 1594 374 1657 ideirco
388 1593 486 1656 verba
502 1592 556 1656 illa
572 1592 668 1656 locuti
684 1598 768 1665 sunt,
785 1598 820 1653 ut
834 1608 888 1653 ne·
943 1593 1028 1674 quod
1050 1592 1231 1655 cordialiter
1252 1593 1298 1654 sic
1320 1591 1476 1654 sentimus
1496 1598 1528 1652 et
1547 1589 1689 1672 sapimus

135 1711 299 1775 quaquam
319 1691 473 1772 jurationi
494 1709 726 1764 assuescamus,
744 1691 809 1751 imo
827 1705 887 1751 nee
943 1690 1028 1773 quod
1043 1690 1138 1753 rebus
1158 1690 1271 1754 creatis
1291 1708 1354 1753 non
1375 1689 1416 1752 sit
1435 1688 1574 1751 finaliter
1593 1687 1689 1750 inhae·

135 1810 213 1853 vera
230 1791 300 1854 sinc
316 1788 497 1852 rationabili
517 1807 612 1851 causa
624 1789 770 1870 juremus
788 1805 795 1850 :
812 1787 887 1869 quia
944 1789 1090 1862 rendum,
1111 1789 1187 1871 quia
1210 1807 1248 1850 ex
1272 1779 1306 1851 s'e
1330 1807 1418 1852 vanae
1442 1794 1474 1851 et
1497 1785 1579 1848 nihil
1603 1793 1688 1859 sunt,

136 1897 169 1952 et
185 1890 245 1952 hoc
260 1889 299 1950 ad
315 1887 556 1950 irreverentiam
575 1887 715 1968 pertinet
733 1885 800 1960 Dei,
816 1885 886 1947 abs·
905 1889 929 1952 B
944 1888 998 1950 sed
1015 1888 1078 1950 Deo
1092 1887 1266 1960 dumtaxat,
1282 1885 1375 1967 eujus
1390 1885 1625 1967 comparatione
1640 1885 1691 1946 de·

137 2005 202 2070 que
223 2004 318 2048 causa
337 1986 495 2066 condigna
513 1992 627 2047 testem
647 2003 721 2047 eum
736 1983 887 2046 adhibere
943 1985 1057 2048 bemus
1072 1984 1179 2047 omnia
1195 1984 1254 2046 ista
1273 1984 1422 2058 carnalia,
1438 1983 1568 2056 caduca,
1585 1988 1690 2045 creata

137 2085 282 2148 veritatis
306 2084 446 2167 prolata.
465 2083 551 2146 Unde
577 2084 609 2146 in
632 2082 739 2146 Exodo
761 2081 887 2163 jussum
943 2083 1033 2165 parvi
1055 2083 1194 2164 pendere
1215 2089 1309 2163 atque
1329 2100 1387 2163 pro
1407 2081 1508 2143 nihilo
1529 2087 1688 2162 reputare,

4 2183 299 2256 aaa.11,r.est:Non
323 2200 466 2244 assumes
488 2198 604 2244 nomeu
629 2180 685 2244 llei
709 2181 757 2242 tui
782 2181 815 2242 in
839 2199 889 2242 va·
943 2198 1002 2242 nee
1017 2187 1217 2261 eaappetere
1237 2197 1294 2242 seu
1312 2197 1418 2241 amare
1437 2177 1499 2241 nisi
1521 2178 1553 2239 in
1573 2178 1638 2240 Deo
1657 2185 1689 2239 et

138 2299 238 2360 num;
254 2299 317 2344 non
340 2281 426 2342 enim
449 2279 580 2343 habebit
602 2279 760 2342 insontem
782 2279 887 2341 Domi·
942 2284 1073 2360 propter
1092 2278 1204 2350 Deum,
1220 2276 1370 2339 videlicet
1387 2277 1478 2357 juxta
1497 2276 1552 2339 Dei
1572 2293 1688 2358 praece·

138 2399 200 2442 nus
220 2397 295 2441 eum
315 2379 370 2461 qui
393 2378 604 2460 assumpserit
622 2395 738 2440 nomen
758 2377 814 2439 Dei
836 2377 887 2438 sui
943 2383 1045 2457 ptum,
1063 2383 1098 2437 ut
1116 2375 1224 2438 omnia
1243 2373 1421 2437 referantur
1439 2375 1478 2436 ad
1499 2374 1569 2454 ejus
1591 2373 1688 2436 hono·

136 2477 267 2540 frustra.
284 2478 387 2551 Quum
407 2493 483 2556 ergo
503 2474 652 2537 illicitum
673 2475 715 2537 sit
729 2493 803 2537 vera
818 2475 887 2536 sino
942 2492 1020 2536 rem.
1038 2473 1101 2536 llao
1121 2473 1251 2535 salutari
1271 2473 1404 2536 scientia
1418 2480 1527 2535 carent
1545 2472 1689 2554 quicum-

136 2574 320 2638 rationabili
342 2592 436 2636 causa
453 2573 572 2653 jurare,
589 2581 701 2655 penset
720 2572 889 2654 unusquis·
942 2591 1005 2654 que
1021 2571 1053 2634 in
1069 2571 1195 2634 mortali
1210 2579 1285 2633 sunt
1299 2571 1409 2654 culpa;
1421 2588 1556 2653 eamque
1571 2570 1689 2632 habent

137 2692 202 2756 que
217 2691 275 2755 pro
290 2689 383 2754 posse
398 2690 495 2754 quam
512 2689 644 2734 enorme
664 2678 830 2753 peccatum
847 2671 888 2732 sit
942 2687 1053 2732 omnes
1075 2669 1130 2752 qui
1150 2676 1224 2730 sunt
1243 2669 1276 2732 iu
1297 2669 1426 2731 caritate
1446 2678 1477 2730 et
1495 2668 1605 2749 gratia.
1621 2668 1689 2729 lmo

135 2772 219 2834 falsa
231 2772 338 2852 jurare
354 2789 409 2832 seu
425 2769 590 2851 perjurare
605 2786 611 2831 :
625 2769 711 2851 quod
725 2775 774 2830 est
789 2768 888 2831 Deum
942 2767 1033 2829 valde
1049 2766 1214 2848 probabile
1229 2767 1357 2848 signum
1378 2766 1462 2848 quod
1483 2767 1580 2828 homo
1594 2765 1634 2827 sit
1655 2765 1687 2827 in

137 2869 287 2932 falsitatis
319 2875 433 2930 testem
462 2867 626 2941 adhihere,
656 2867 831 2949 praesertim
861 2867 887 2930 si
942 2864 1083 2937 caritate,
1100 2870 1148 2925 θεῖ
1172 2863 1299 2945 quando
1320 2863 1417 2925 sentit
1438 2882 1472 2925 se
1496 2862 1604 2924 omnia
1628 2863 1688 2925 ista

137 2969 277 3030 scienter
301 2967 333 3028 id
358 2966 426 3039 fiat,
447 2965 523 3048 quia
546 2973 623 3027 tunc
648 2973 695 3027 est
720 2973 886 3047 peccatum
943 2961 1081 3025 carnalia
1099 2969 1131 3024 et
1149 2961 1268 3024 caduca
1287 2961 1441 3035 fastidire,
1458 2961 1548 3044 parvi
1571 2962 1688 3044 pende·

137 3065 272 3128 mortale
288 3063 496 3127 ineffabiliter
510 3064 885 3146 grave.llenique,quum
904 3065 925 3130 G
943 3079 987 3135 re,
1005 3060 1175 3134 transilire,
1193 3067 1228 3122 ut
1247 3078 1373 3123 summo
1393 3061 1457 3123 lleo
1479 3059 1641 3134 inhereat,
1658 3067 1690 3122 et

136 3183 215 3226 usus
230 3162 405 3225 venialium
422 3160 660 3224 irrefrenatusa
680 3161 804 3225 mortali
823 3161 888 3223 cul·
943 3160 975 3221 in
992 3177 1029 3222 eo
1044 3158 1112 3222 solo
1128 3157 1267 3221 finaliter
1282 3158 1495 3241 conquiescat.
1512 3159 1547 3220 ln
1563 3158 1622 3219 hac
1641 3176 1688 3220 sa-

135 3281 179 3345 pa
194 3279 257 3323 uon
274 3269 453 3335 excusetur,
471 3260 608 3342 qualiter
623 3279 640 3322 a
655 3261 781 3322 mortali
796 3279 888 3322 excu—
942 3257 1036 3320 lutari
1062 3257 1196 3320 scientia
1224 3263 1311 3318 tauto
1335 3257 1408 3338 plus
1434 3256 1633 3319 abundamus
1657 3264 1689 3319 et

135 3360 293 3424 sahuntur
309 3365 448 3441 peccato,
466 3359 522 3440 qui
538 3358 678 3440 quotidie
694 3377 733 3422 ex
749 3360 888 3441 pessimo
942 3356 1127 3428 crescimus,
1146 3354 1350 3438 quantoplus
1367 3354 1399 3416 in
1416 3355 1519 3418 cordis
1539 3354 1687 3436 puritate,

135 3478 198 3521 usu
214 3465 279 3520 tam
295 3456 479 3539 frequenter
493 3475 530 3518 ae
543 3456 638 3519 facile
654 3457 774 3537 jurant,
791 3457 834 3520 ita
853 3465 888 3520 ut
941 3455 1131 3542 Deiamore
1155 3453 1333 3534 ceterisque
1357 3452 1541 3526 virtutihus,
1558 3471 1688 3534 praeser-

135 3557 193 3619 vix
215 3556 350 3618 verbum
374 3554 543 3618 enuntient
566 3555 644 3637 quin
667 3549 886 3635 juramentum
942 3553 1000 3616 tim
1017 3553 1049 3614 in
1066 3552 1165 3615 latriae
1179 3570 1215 3613 ac
1235 3551 1431 3633 poenitentiae
1445 3551 1573 3624 virtute,
1589 3549 1687 3633 profi-

134 3657 321 3738 apponantf
336 3652 521 3716 ldaledictus
541 3660 590 3716 est
608 3672 684 3714 usus
705 3653 776 3728 iste,
792 3661 887 3735 atque
942 3653 1055 3714 cimus.
1082 3650 1245 3733 Siquidem
1270 3657 1389 3732 quanto
1413 3648 1485 3731 plus
1511 3649 1608 3712 homo
1632 3668 1689 3711 sua

134 3753 248 3816 divino
269 3759 428 3835 praecepto
448 3752 636 3826 contrarius,
652 3770 688 3813 ac
708 3752 817 3815 multis
834 3771 887 3834 pe·
942 3751 1127 3823 detestatur,
1143 3748 1229 3810 dolet
1247 3765 1283 3809 ac
1304 3747 1426 3829 plangit
1444 3754 1584 3829 peccata,
1601 3754 1688 3810 tanto

135 3850 249 3913 riculis
265 3850 389 3932 plenus.
407 3851 528 3912 ldoirco
544 3850 577 3911 in
592 3849 813 3913 Ecclesiastico
829 3850 888 3912 fer·
941 3847 1156 3910 abundantius
1185 3845 1362 3908 illustratur
1385 3864 1403 3907 a
1427 3845 1547 3928 Spiritu
1574 3844 1688 3908 Sancto

4 3971 117 4020 :eamn
135 3957 193 4012 tur
218 3947 404 4012 :iurationi
433 3966 497 4011 non
528 3954 689 4009 assuescat
717 3964 752 4009 os
781 3955 884 4022 tuum,
941 3946 980 4007 ad
1003 3945 1259 4025 cognoscendum
1282 3943 1452 4006 salubriter
1477 3944 1562 4026 quod
1584 3943 1617 4006 in
1639 3963 1687 4006 re·

17 4037 39 4077 ²·
135 4047 233 4110 multi
255 4046 342 4108 enim
363 4064 454 4108 casus
477 4047 509 4107 in
531 4062 587 4124 ca;
604 4045 654 4106 vir
677 4044 815 4107 multum
836 4045 886 4125 ju·
941 4043 1001 4105 hus
1022 4043 1135 4105 creatis
1156 4061 1220 4106 non
1240 4043 1282 4105 sit
1300 4041 1376 4104 finis
1397 4043 1530 4105 ultimus
1550 4049 1686 4105 statuen-

134 4163 212 4207 rans
228 4143 416 4226 implebitur
430 4143 609 4225 iniquitate,
626 4149 657 4204 et
673 4160 737 4204 non
756 4142 886 4205 deficiet
941 4143 1012 4218 dus,
1029 4161 1088 4204 neo
1104 4142 1150 4205 eis
1170 4141 1377 4205 immoderate
1397 4142 1438 4204 sit
1454 4142 1683 4204 inhaerendum.

132 4244 291 4306 dedomo
311 4242 398 4304 illius
418 4241 520 4323 plaga.
537 4240 675 4322 Abjiciat
694 4260 769 4323 ergo
788 4243 925 4305 unus-ll
981 4241 1137 4323 Deinceps
1161 4241 1305 4303 hortatur
1327 4240 1497 4322 Apostolus
1521 4249 1556 4302 ut
1583 4241 1685 4304 simus
1706 4261 1831 4318 raaaappn,

132 4342 275 4424 quisque
290 4340 376 4401 hunc
392 4358 486 4401 usum
502 4339 739 4420 pravissimum,
757 4359 797 4402 ne
814 4360 885 4422 per·
940 4341 1057 4403 sinceri
1072 4348 1104 4402 et
1117 4339 1238 4422 absque
1253 4338 1387 4414 offensa,
1398 4339 1429 4400 id
1444 4347 1492 4402 est
1507 4358 1587 4421 pure
1602 4349 1634 4402 et
1649 4340 1686 4402 ir·
1702 4330 1734 4370 ¹⁰·

131 4447 189 4503 eat
210 4439 243 4501 in
265 4446 429 4502 eternum.
447 4437 506 4511 Qui
530 4444 636 4499 autern
660 4457 717 4519 per
741 4439 886 4503 membra
940 4438 1235 4521 reprehensibiliter
1250 4446 1580 4521 conversantes,atque
1595 4439 1684 4503 honis

132 4536 254 4602 Christi
275 4537 394 4617 jurant,
416 4541 565 4617 tanquam
586 4535 765 4617 blasphemi
788 4538 885 4601 scele—
940 4536 1091 4619 operibus
1114 4536 1196 4598 bona
1215 4554 1310 4618 opera
1329 4537 1416 4599 omni
1436 4537 1513 4600 hora
1535 4538 1685 4619 adjicien-

130 4635 298 4698 ratissime
318 4640 461 4716 peccant.
940 4635 1089 4709 tes,sicut
1103 4641 1135 4696 et
1149 4633 1296 4697 Salomon
1312 4635 1686 4710 cohortatur‚Quodcum-
1712 4658 1788 4704 acea.
1802 4673 1830 4710 a,

15 4765 42 4805 ,·,·
78 4777 112 4812 ,,,
179 4733 283 4796 'l’ertio
297 4733 389 4795 docet
403 4730 571 4814 Apostolus
592 4738 627 4792 ut
645 4732 759 4795 caritas
779 4743 886 4798 nostra
940 4753 1002 4816 que
1031 4741 1134 4818 potest
1163 4751 1275 4795 manus
1305 4741 1368 4808 tua,
1395 4735 1549 4798 instanter
1576 4753 1685 4818 opera·
1701 4726 1733 4766 ¹⁰·

128 4832 184 4914 (id
200 4838 247 4894 est
261 4848 317 4894 nos
334 4830 394 4912 ipsi
414 4828 577 4891 caritatem
597 4829 765 4912 habentes)
785 4834 886 4914 quoti·
940 4851 974 4896 re
991 4851 998 4894 ε
1016 4839 1050 4894 ut
1073 4832 1119 4894 sic
1145 4832 1396 4895 thesaurizemus
1419 4833 1511 4896 nobis
1536 4833 1569 4896 in
1592 4834 1683 4908 caelo,
1706 4847 1831 4897 narrata

128 4932 188 4995 die
203 4927 328 5008 «magis
342 4946 378 4990 ac
394 4927 494 5008 magis
509 4926 649 4990 abundet
663 4929 697 4990 in
713 4930 883 5007 scientia»,
940 4949 1085 5012 opusque
1115 4929 1170 4992 Dei
1197 4948 1271 4991 oum
1301 4931 1422 5011 ingenti
1452 4932 1624 4995 attentione
1648 4951 1684 4994 ac
1699 4915 1733 4954 ²⁰·

127 5046 200 5092 non
217 5025 454 5108 qualicumque,
471 5025 526 5088 sed
543 5025 725 5088 inscientia
743 5027 883 5102 salutari,
940 5027 1117 5091 reverentia
1132 5045 1329 5109 peragamus,
1342 5047 1405 5092 non
1421 5047 1511 5110 vago,
1528 5030 1686 5093 intimora·

126 5128 168 5190 in
184 5124 364 5206 cognitione
379 5141 474 5186 sacrm
487 5123 694 5204 Scripturas«
704 5131 735 5186 et
750 5125 782 5186 in
797 5127 885 5188 omni
939 5133 971 5189 to
987 5126 1205 5207 dissolutoque
1220 5127 1322 5187 corde.
1341 5127 1421 5190 Ecce
1436 5128 1508 5189 talis
1527 5129 1560 5190 in
1576 5129 1685 5210 primi·

126 5221 540 5304 sensuaipsius,videlicet
556 5221 882 5304 litterali,allegorico,
939 5225 1004 5287 tiva
1019 5223 1160 5286 Ecclesia
1174 5223 1237 5285 fuit
1256 5227 1468 5288 communiter
1486 5229 1684 5291 conversatio

126 5320 332 5404 tropologico
359 5338 396 5382 ae
423 5320 595 5402 anagogico
625 5339 631 5382 :
661 5323 746 5404 quod
777 5330 883 5386 tamen
938 5323 1083 5387 omnium
1116 5321 1378 5398 Christianorum,
1409 5325 1560 5408 quoniam
1590 5327 1684 5413 longo
