4288 6264
425 483 465 550 to
717 507 864 556 nonmrca
885 508 916 556 rv
937 509 1010 556 rosr
1030 507 1158 556 rascas.
1180 525 1219 538 -
1239 507 1414 556 manuario
1435 507 1466 555 nv
1487 507 1681 556 nvenerunt

425 695 541 742 sanum
568 697 605 742 ac
634 679 779 745 sobrium
806 680 937 762 erigunt
960 679 1169 744 intellectum.
1185 679 1277 744 Aam
1298 678 1495 762 majestatem
1516 686 1547 742 et
1565 678 1699 762 gloriam
1718 677 1904 742 hominibus
1924 677 1969 742 in-

426 776 532 851 Quum
560 777 647 842 enim
678 779 815 862 Spiritus
845 779 977 842 Sanctus
1007 779 1049 842 sit
1077 798 1171 842 verus
1225 778 1375 842 sinuabit.
1402 780 1500 842 'lenta
1523 779 1610 842 enim
1631 778 1732 861 gratia
1752 797 1790 842 ac
1814 777 1970 862 sapientia

426 875 521 951 Deus,
543 882 575 939 et
594 896 651 959 per
671 895 868 960 consequens
888 877 1049 941 infinitam
1070 877 1172 941 scien·
1225 877 1386 941 decoravit
1410 879 1493 942 Deus
1522 878 1699 961 Apostolos,
1725 878 1810 960 quod
1835 896 1892 960 per
1915 896 1968 942 eos

425 973 478 1038 tiae
493 974 726 1056 plenitudinem
745 975 865 1039 habens
885 996 903 1040 a
922 977 1011 1040 Patre
1030 984 1062 1040 θῖ
1081 976 1170 1051 Filio,
1225 984 1309 1040 totus
1339 977 1478 1040 mundus
1507 995 1679 1040 conversus
1708 984 1767 1052 θεῖ,
1793 982 1825 1039 et
1853 977 1967 1040 Christi

426 1079 557 1135 nonest
580 1073 777 1155 opinandum
798 1074 882 1157 quod
902 1075 1056 1138 revelavit
1075 1074 1171 1137 alicui
1225 1074 1401 1138 claritatem
1419 1076 1547 1156 agnovit
1566 1093 1602 1138 ao
1624 1075 1799 1150 honoravit,
1820 1075 1911 1157 juxta
1934 1076 1969 1137 il-

425 1170 549 1234 homini
577 1170 722 1237 absolute
752 1174 860 1237 omnia
888 1194 958 1257 quae
982 1174 1115 1248 audivit,
1140 1180 1172 1234 et
1226 1173 1280 1236 lud
1302 1174 1474 1238 Psalmistae
1495 1192 1502 1236 :
1525 1175 1560 1237 ln
1582 1192 1711 1237 omnem
1732 1180 1849 1238 terram
1871 1174 1970 1238 exivit
1982 1191 2117 1237 ranna.

425 1289 483 1352 per
497 1270 705 1353 spirationem
720 1273 879 1355 passivam
895 1292 951 1337 seu
971 1273 1172 1356 procedendo
1225 1290 1321 1336 sonus
1337 1290 1458 1336 eorum.
1469 1276 1554 1342 Onia
1568 1276 1608 1334 de
1622 1294 1690 1334 meo
1704 1274 1851 1350 accipiet,
1862 1272 1895 1335 id
1910 1279 1968 1348 est,

424 1370 549 1452 accepit
563 1377 595 1432 et
608 1371 737 1452 agnovit
751 1389 770 1434 a
784 1371 872 1434 Patre
888 1378 919 1434 et
934 1371 1022 1435 vilio.
1039 1372 1170 1444 Rursus,
1225 1371 1395 1434 essentiam
1411 1379 1442 1434 et
1457 1371 1644 1454 sapientiam
1661 1391 1679 1434 a
1699 1389 1750 1434 me
1770 1371 1971 1454 procedendo

425 1487 526 1551 quum
551 1468 688 1550 Spiritus
715 1470 848 1534 Sanctus
873 1470 914 1533 sit
938 1471 1032 1543 Deus,
1059 1476 1091 1532 et
1115 1487 1172 1550 per
1226 1469 1456 1532 invariabiliter
1470 1470 1635 1533 habetSic
1651 1469 1737 1533 enim
1752 1476 1784 1532 et
1798 1470 1838 1532 de
1853 1469 1971 1552 Spiritu

425 1583 624 1648 consequens
656 1586 782 1630 summe
813 1567 949 1650 simplex
981 1574 1013 1630 ct
1044 1567 1170 1649 penitus
1226 1567 1340 1638 Sancto
1354 1567 1408 1642 ait,
1425 1567 1579 1650 Accipiet,
1596 1567 1678 1630 sicut
1693 1568 1732 1630 de
1747 1585 1785 1630 eo
1797 1566 1864 1648 jam
1880 1567 1969 1642 dixit,

425 1662 657 1739 immaterialis,
674 1683 737 1728 non
755 1672 803 1728 cst
823 1666 998 1748 putandum
1017 1666 1102 1748 quod
1117 1665 1171 1726 ali·
1224 1665 1349 1728 Audiet.
1368 1666 1467 1730 Graeci
1487 1666 1608 1740 dicunt,
1626 1665 1693 1728 sive
1710 1665 1870 1740 dixerunt,
1887 1667 1971 1750 quod

425 1761 503 1843 quid
519 1763 725 1844 corporaliter
739 1763 855 1827 audiat.
872 1766 1114 1846 lterum,quum
1129 1763 1171 1825 sit
1227 1764 1369 1828 Christus
1382 1761 1512 1827 'idcirco
1535 1781 1598 1827 non
1618 1765 1672 1838 ait,
1693 1765 1737 1827 De
1758 1783 1819 1837 me,
1841 1765 1908 1839 sed,
1929 1765 1972 1826 lle

425 1861 519 1935 Deus,
542 1867 574 1922 et
594 1880 633 1922 ex
654 1863 861 1944 consequenti
883 1863 1013 1926 omnino
1035 1862 1170 1924 invaria·
1188 1863 1212 1925 B
1228 1880 1299 1925 meo
1313 1862 1460 1944 accipiet,
1476 1863 1628 1944 quoniam
1644 1880 1707 1925 non
1728 1862 1872 1944 procedit
1890 1881 1908 1924 a
1927 1863 1972 1924 Ei-

425 1958 499 2020 bilis
519 1977 555 2020 ac
575 1967 722 2035 aeternus,
739 1961 820 2022 nihil
839 1962 928 2024 audit
946 1963 985 2024 dc
1000 1979 1094 2035 novo,
1110 1979 1170 2024 nec
1227 1961 1280 2034 lio,
1302 1961 1358 2022 sed
1378 1961 1419 2023 ab
1442 1979 1479 2024 eo
1504 1961 1588 2042 quod
1610 1968 1658 2022 θεῖ
1679 1960 1761 2034 Filii,
1782 1961 1842 2023 hoc
1863 1967 1912 2023 est
1932 1961 1971 2022 de

425 2057 533 2119 audiet
554 2058 639 2139 quod
662 2076 723 2120 non
746 2060 878 2134 audivit,
900 2060 932 2121 id
954 2068 1013 2133 est,
1036 2077 1100 2121 non
1120 2076 1170 2122 co·
1227 2059 1404 2121 substantia
1422 2059 1531 2133 Patris
1549 2078 1619 2140 quae
1639 2066 1670 2120 et
1690 2059 1769 2121 Eilio
1791 2058 1884 2121 inest.
1907 2058 1970 2120 lloc

425 2162 556 2235 gnoscat
584 2156 668 2237 quod
698 2157 888 2219 eternaliter
917 2176 981 2219 non
1010 2158 1167 2237 coguovit.
1226 2165 1331 2220 autem
1354 2157 1548 2220 mendaciter
1567 2156 1803 2231 confinxerunt,
1819 2157 1970 2238 qnoniam

426 2252 479 2314 Est
500 2252 597 2334 igitur
618 2272 730 2316 sensus
748 2272 754 2316 :
778 2277 794 2313 a
809 2256 1022 2337 Quaecumque
1038 2277 1055 2314 n
1078 2255 1170 2317 vobis
1228 2255 1260 2316 in
1273 2254 1379 2316 verbis
1392 2253 1600 2336 sequentibus
1613 2253 1752 2317 Christus
1764 2253 1878 2336 probat
1889 2255 1970 2337 quod

424 2351 603 2414 necessaria
626 2359 658 2414 et
686 2371 744 2434 pro
767 2352 916 2417 Ecclesia
945 2353 1169 2417 informatione
1225 2371 1292 2415 ase
1308 2352 1444 2433 Spiritus
1460 2352 1593 2414 Sanctus
1608 2370 1682 2414 vere
1697 2351 1849 2433 procedit.
1863 2354 1907 2413 Et
1918 2373 1972 2412 an·

425 2448 516 2510 utilia
536 2471 552 2508 a
568 2450 676 2512 audiet
690 2472 719 2525 n,
743 2451 776 2513 id
800 2458 858 2526 est,
881 2471 915 2514 se
939 2471 996 2534 per
1019 2459 1168 2515 aeternam
1227 2451 1396 2511 nuntiabit
1421 2451 1508 2509 cobis
1533 2449 1650 2522 futura,
1668 2456 1700 2510 et
1719 2448 1827 2512 omnia
1846 2449 1885 2513 de
1904 2451 1971 2531 qui·

424 2546 661 2629 processionem
680 2549 808 2612 novisse
826 2550 979 2612 ostendet.
996 2549 1063 2623 Vel,
1084 2571 1101 2610 a
1115 2569 1169 2611 au·
1226 2550 1287 2612 bus
1309 2548 1495 2610 instruenda
1516 2555 1618 2610 exstat
1638 2547 1789 2611 Ecclesia.

424 2646 490 2708 diet
505 2668 533 2721 n,
551 2647 582 2708 id
603 2653 661 2720 est,
678 2648 710 2710 in
731 2649 915 2712 aeternitatis
931 2654 1092 2712 momento
1107 2667 1171 2712 om·
1268 2649 1386 2709 Omnia
1410 2665 1618 2725 quacumque
1643 2648 1737 2706 landet
1761 2649 1875 2718 Pater,
1901 2667 1971 2708 nica

424 2763 464 2808 ne
489 2751 616 2826 tempus
645 2734 828 2808 includente
856 2747 954 2822 audit,
980 2765 1036 2810 seu
1063 2765 1170 2828 proce·
1227 2754 1316 2815 sant,
1332 2761 1396 2806 non
1416 2744 1520 2806 solum
1540 2763 1597 2825 per
1616 2743 1812 2818 fruitionem,
1831 2751 1866 2806 ut
1886 2745 1971 2807 dixe-

424 2843 528 2905 dendo
558 2844 728 2924 cognoscit.
760 2844 863 2917 Quum
891 2845 977 2908 enim
1009 2845 1170 2927 processio
1227 2850 1302 2905 runt
1327 2842 1477 2916 heretici,
1503 2842 1558 2904 sed
1587 2850 1618 2903 et
1648 2860 1704 2924 per
1729 2842 1969 2906 substantialem

424 2940 561 3022 Spiritus
582 2940 687 3004 Sancti
707 2942 748 3003 sit
767 2949 894 3017 aeterna,
911 2962 968 3024 per
987 2943 1084 3005 verba
1103 2961 1169 3006 om·
1227 2941 1436 3014 identitatem,
1463 2940 1755 3022 continentiamque
1780 2941 1919 3022 realem;
1940 2942 1970 3005 id

424 3039 514 3100 nium
533 3046 714 3120 temporum
734 3040 920 3122 explicatur,
942 3041 1091 3122 quoniam
1110 3059 1172 3104 om·
1190 3037 1212 3100 G
1228 3047 1285 3114 est,
1304 3047 1401 3102 totam
1421 3058 1511 3101 suam
1532 3037 1713 3112 essentiam,
1734 3046 1922 3120 potestatem
1940 3049 1971 3103 et

423 3155 463 3198 ne
478 3142 606 3218 tempus
626 3138 868 3220 comprehendit
887 3139 1045 3202 aenrnitas
1062 3157 1069 3200 :
1087 3140 1171 3202 unde
1228 3137 1457 3220 perfectionem
1483 3136 1573 3198 Pater
1601 3135 1681 3198 mihi
1710 3137 1968 3200 communicavit.

423 3236 462 3297 de
488 3236 552 3298 Deo
576 3236 789 3299 communiter
813 3237 961 3312 dicimuS,
987 3239 1070 3300 Deus
1096 3238 1169 3312 fnit,
1225 3239 1405 3311 Propterea
1430 3236 1507 3294 dt'ai
1526 3255 1537 3293 .·
1560 3236 1644 3303 Quia
1668 3236 1708 3294 de
1730 3255 1797 3295 mco
1822 3238 1968 3311 accipiet,

425 3335 507 3396 Deus
529 3334 599 3409 erit,
617 3335 699 3398 Deus
719 3343 777 3398 est.
801 3335 1036 3418 «Loquetur»,
1060 3337 1091 3398 id
1111 3345 1169 3411 est,
1227 3334 1259 3396 id
1279 3341 1327 3394 est
1345 3333 1384 3394 de
1405 3332 1605 3414 plenitudine
1625 3351 1704 3395 meae
1724 3331 1860 3407 deitatis,
1881 3340 1913 3396 et
1932 3334 1969 3396 de

424 3431 538 3493 vestris
562 3431 712 3495 cordibus
741 3433 910 3515 inspirabit
938 3434 1099 3497 locutione
1124 3436 1170 3497 in·
1227 3449 1278 3492 me
1299 3429 1451 3511 procedit.
1468 3428 1561 3502 Quasi
1582 3429 1667 3490 dicat
1683 3446 1690 3491 :
1707 3429 1810 3502 Quum
1830 3429 1864 3491 in
1882 3430 1969 3494 Patre

276 3530 675 3611 1’0·uu·v·tarna:dcqua
694 3530 738 3592 ait
756 3530 920 3612 Propheta,
936 3532 1072 3593 Audiam
1093 3533 1169 3614 quid
1226 3536 1258 3590 et
1278 3546 1328 3589 me
1349 3527 1389 3589 sit
1409 3545 1472 3588 una
1492 3527 1640 3600 essentia,
1657 3545 1720 3588 una
1739 3527 1970 3609 potentianae

277 3599 298 3640 θ’
425 3628 575 3710 loquatur
596 3627 628 3690 in
650 3646 702 3690 me
723 3628 876 3690 Dominus
898 3629 990 3690 Deus.
1226 3625 1664 3706 voluntas,quemadmodum
1679 3624 1813 3706 Spiritus
1829 3626 1971 3707 procedit

465 3729 507 3787 Et
528 3747 601 3805 qaoe
625 3736 763 3786 ventura
785 3735 862 3786 sant
884 3728 1098 3787 annuntiabit
1120 3749 1170 3788 co·
1225 3743 1242 3785 a
1258 3723 1356 3796 Patre,
1374 3723 1420 3784 sie
1436 3729 1500 3784 eta
1517 3741 1577 3796 me,
1595 3722 1745 3802 quoniam
1762 3723 1794 3785 id
1813 3742 1871 3804 per
1887 3724 1970 3805 quod

425 3827 481 3886 dis.
501 3824 546 3886 Ex
561 3824 622 3887 boc
638 3831 760 3887 constat
775 3824 861 3906 quod
879 3823 1021 3906 Apostoli
1042 3825 1171 3888 fuerunt
1226 3821 1377 3902 competit
1399 3821 1480 3882 Patri
1504 3821 1635 3902 spirare,
1659 3828 1707 3883 est
1729 3821 1762 3883 in
1787 3839 1837 3883 me
1861 3839 1868 3883 :
1890 3821 1972 3884 sicut

424 3922 597 4005 prophetae,
625 3921 690 3983 imo
718 3922 836 3983 summi
863 3922 1025 4004 prophetae
1052 3939 1058 3983 :
1086 3924 1169 4004 quod
1225 3919 1321 3982 etiam
1338 3926 1400 3980 tres
1413 3919 1555 3981 Personae
1571 3925 1645 3980 sunt
1661 3938 1743 3981 unus
1759 3920 1972 4001 Creator‚quo

424 4019 563 4082 maxime
586 4027 671 4100 patet
691 4019 724 4080 in
746 4019 942 4100 evangelista
962 4020 1091 4093 Ioanne,
1115 4020 1170 4101 qui
1225 4019 1311 4079 niam
1327 4018 1359 4079 id
1376 4017 1497 4079 ratione
1513 4016 1605 4097 cujus
1621 4018 1774 4098 competit
1788 4018 1870 4080 Patri
1887 4037 1971 4081 crea-

424 4119 456 4182 in
480 4117 671 4200 Apocalypsi
695 4117 848 4180 describit
872 4124 975 4180 totum
1003 4117 1171 4180 militantis
1226 4135 1270 4191 re,
1287 4123 1335 4178 est
1350 4115 1383 4178 in
1399 4115 1479 4178 Filio
1494 4123 1525 4178 et
1540 4115 1659 4197 Spiritu
1675 4115 1799 4190 Sancto,
1812 4135 1871 4178 nec
1885 4117 1970 4180 aliud

421 4234 609 4304 processum
629 4215 788 4290 Ecclesiae,
808 4234 826 4277 a
845 4224 989 4297 tempore
1008 4215 1170 4296 Apostolo·
1185 4211 1210 4272 D
1226 4215 1338 4278 obstat.
1362 4216 1456 4277 Porro
1481 4214 1618 4296 Spiritus
1643 4214 1775 4278 Sanctus
1800 4223 1848 4278 est
1870 4233 1969 4289 amor,

423 4335 495 4378 rum
519 4333 619 4397 usque
644 4315 676 4377 in
699 4313 798 4378 finem
822 4315 944 4376 mundi.
966 4314 1075 4375 Petrus
1097 4332 1171 4395 quo·
1227 4313 1345 4376 idcirco
1361 4313 1536 4395 procedite
1553 4313 1723 4375 voluntate.
1747 4314 1899 4377 Voluntas
1916 4334 1970 4376 au·

424 4433 487 4497 que
507 4422 539 4476 et
558 4414 671 4476 Paulus
691 4413 724 4474 in
744 4413 810 4476 suis
830 4412 986 4495 epistolis,
1004 4412 1110 4493 aliqua
1131 4414 1170 4475 de
1226 4421 1290 4474 tem
1314 4412 1346 4474 in
1368 4412 1456 4474 Patre
1476 4418 1507 4473 et
1526 4411 1605 4473 Filio
1623 4419 1671 4474 est
1692 4414 1802 4474 eadem
1825 4430 1967 4475 numero.

424 4511 540 4574 futuris
564 4512 596 4573 in
619 4511 758 4573 Ecclesia
779 4510 933 4573 scribunt.
1227 4513 1269 4573 lle
1285 4511 1343 4573 hac
1365 4511 1495 4574 materia
1513 4509 1612 4572 multa
1627 4509 1739 4572 scribit
1752 4511 1921 4573 Anselmus
1937 4511 1969 4573 in

463 4614 526 4671 Ille
547 4591 820 4687 mactaristcadit,
841 4610 949 4682 idest,
973 4629 1030 4691 per
1051 4618 1170 4672 vestras
1227 4609 1309 4671 libro
1335 4610 1374 4671 de
1398 4607 1599 4670 Processione
1625 4607 1761 4690 Spiritus
1785 4609 1900 4671 Sancti.
1927 4612 1970 4671 Et

425 4707 665 4789 praedicationes
684 4715 715 4769 et
734 4727 792 4789 per
812 4715 916 4770 vestra
937 4708 1089 4770 miracula
1109 4727 1172 4769 me·
1226 4709 1438 4769 annuntiabit
1456 4709 1543 4766 vodis
1562 4726 1632 4788 qua
1650 4707 1834 4770 dictasunt.
