4206 6258
144 853 564 982 DOMINICA
614 859 836 985 XXIV
882 861 1094 986 POST
1145 863 1670 988 TRINITATEM

761 1187 1040 1202 ἡ

547 1530 852 1620 uuluuurlo
884 1533 940 1620 IN
973 1533 1265 1621 EPISTOLllM

246 1793 308 1840 nou
329 1793 485 1842 cussanus
506 1795 565 1842 ruo
584 1797 671 1844 voms
693 1797 831 1844 ammas
852 1797 890 1844 nr
911 1798 1121 1846 rosromurus
1143 1801 1181 1846 ur
1201 1801 1383 1848 mrumumr
1403 1801 1569 1848 uoumouu

635 1897 823 1944 vouuururrs
845 1897 907 1944 nm.
926 1880 1043 1944 Coloss.
1061 1899 1082 1955 1,
1098 1879 1180 1944 ill.

201 2169 300 2236 OCET
318 2173 490 2256 Apostolus
515 2175 549 2237 in
572 2175 721 2257 presenti
747 2176 881 2259 epistola
896 2174 1020 2258 Aquod
1036 2176 1116 2239 Deus
1132 2184 1236 2258 potest
1251 2196 1308 2260 per
1321 2177 1579 2260 omnipotentiam
1595 2196 1685 2241 suam

211 2271 287 2352 quid
304 2271 425 2354 praelati
441 2290 499 2354 pro
513 2272 650 2336 subditis
665 2274 732 2336 suis
747 2274 883 2336 debeant
936 2272 1215 2348 clarissimam,vel
1230 2275 1407 2337 secundum
1423 2276 1508 2358 quod
1525 2276 1606 2339 Deus
1623 2275 1686 2337 ido

128 2368 313 2434 desiderare
327 2388 363 2432 ac
378 2388 517 2434 exorare.
530 2371 608 2434 Nam
624 2372 663 2435 ad
680 2372 881 2436 colossenses
936 2389 1013 2433 neus
1028 2378 1077 2434 est
1091 2389 1148 2435 vos
1163 2371 1340 2436 confortare
1356 2391 1413 2456 per
1427 2373 1604 2436 claritatem
1620 2391 1686 2455 gra·

125 2467 172 2528 ait
192 2483 200 2528 τ
222 2469 296 2531 Non
322 2489 480 2530 cessamus
499 2487 563 2546 pro
587 2472 675 2531 uobis
697 2481 827 2532 orantes
851 2480 881 2532 et
935 2469 986 2532 tiae
1016 2487 1098 2549 suae3
1125 2472 1276 2532 inomni
1299 2472 1477 2548 patientia,
1502 2489 1560 2554 per
1588 2489 1684 2553 quam

123 2569 343 2641 postulantes,
359 2567 391 2628 id
413 2575 472 2642 est,
488 2568 576 2631 omni
601 2575 745 2652 tempore
767 2588 881 2652 oppor-
935 2567 1066 2631 adversa
1086 2568 1308 2650 aequanimiter
1327 2568 1513 2643 tolerantur,
1529 2578 1560 2630 et
1576 2573 1686 2646 tonpa-

127 2672 210 2726 tuno
232 2672 339 2729 mente
361 2673 392 2728 et
414 2683 468 2730 ore
490 2686 669 2749 precamur,
691 2678 728 2729 ut
748 2670 881 2746 implea-
934 2667 1098 2737 nirnitate,
1114 2685 1176 2748 qua
1196 2666 1305 2729 divina
1326 2666 1483 2748 promissa
1502 2673 1686 2748 exspectan·

126 2764 218 2824 mini
236 2765 406 2840 apniticne
425 2768 605 2827 uoluntatis
618 2769 693 2837 Dei,
709 2766 741 2829 id
761 2774 819 2842 est,
836 2765 887 2830 di-'
934 2771 986 2825 tur
1001 2772 1192 2838 constanter,
1200 2784 1273 2824 cuna
1282 2766 1407 2841 paudio
1422 2763 1590 2846 spirituali,
1599 2764 1685 2846 quod

125 2860 250 2922 vinitus
266 2860 467 2926 illustramini
482 2863 521 2926 ad
536 2865 789 2945 cognoscendum
804 2865 880 2948 quid
934 2879 973 2922 ex
987 2869 1060 2923 actu
1076 2861 1232 2925 virtutum
1248 2861 1402 2943 procedit,
1419 2869 1454 2923 ut
1473 2861 1506 2923 in
1521 2869 1684 2943 exspecta·

125 2957 207 3020 velit
222 2958 403 3042 Deus‚quid
419 2961 561 3043 requirat
575 2981 593 3024 a
608 2962 711 3037 vobis,
723 2963 801 3044 quid
816 2981 881 3026 ma·
934 2959 1021 3022 tione
1043 2959 1160 3023 lutura
1179 2959 1387 3022 beatitudinis
1408 2960 1580 3040 gaudeatis.

124 3055 177 3137 gis
197 3056 395 3139 complaceat
413 3058 455 3134 ei,
472 3067 507 3121 ut
529 3059 637 3123 sciatis
658 3067 690 3123 et
708 3060 879 3124 advertatis
976 3061 1110 3121 Gratias
1128 3066 1258 3136 apentes
1275 3061 1342 3120 Dea
1360 3059 1473 3128 Patri,
1488 3059 1548 3138 qni
1568 3059 1684 3136 dr'pnos

124 3153 199 3235 ejus
215 3156 363 3219 mandata
383 3165 415 3220 et
434 3157 552 3222 Christi
570 3159 722 3239 consilia;
739 3161 881 3220 inomni
933 3175 991 3216 aas
1013 3158 1092 3234 fecit
1115 3174 1174 3238 per
1197 3155 1311 3218 merita
1339 3155 1455 3218 Christi
1484 3155 1682 3238 gratiamque

123 3255 304 3330 sapientia,
334 3255 365 3318 id
395 3263 445 3319 est
473 3275 562 3320 sacra
589 3257 734 3322 doctriua
762 3259 879 3323 divina
932 3253 1098 3336 Baptismi,
1119 3261 1214 3336 atque
1233 3271 1291 3336 per
1309 3271 1406 3336 opera
1425 3254 1587 3317 meritoria
1611 3274 1682 3337 qua

123 3349 311 3432 Scriptura,
327 3362 358 3412 et
383 3355 551 3422 intellectu
575 3357 760 3431 spirituali,
775 3356 807 3418 id
831 3363 880 3418 est
895 3353 918 3416 B
933 3352 1137 3434 pergratiam
1158 3371 1248 3415 suam
1264 3351 1341 3415 lecit
1362 3353 1395 3413 in
1415 3350 1508 3415 nobis
1523 3351 1627 3432 (juxta
1646 3353 1682 3415 il·

124 3447 254 3511 interna
268 3468 305 3512 ac
320 3451 454 3534 mystica
474 3451 685 3533 intelligentia
703 3453 879 3536 Scriptura·
933 3449 987 3512 lud
1012 3450 1100 3514 lsaiae
1117 3467 1123 3512 :
1141 3449 1255 3513 Omnia
1277 3467 1374 3532 opera
1396 3458 1514 3526 nostra,
1533 3451 1678 3528 Domine,
1694 3481 1826 3534 [samu.

122 3565 199 3608 rum
217 3564 225 3609 :
242 3557 279 3608 ut
300 3551 473 3610 ambuietis
498 3550 530 3612 in
557 3550 680 3614 semitis
705 3559 878 3635 praecepto-
932 3555 1080 3630 operatus
1095 3567 1129 3612 es
1144 3548 1177 3610 in
1192 3546 1310 3629 uobis),
1327 3550 1362 3608 in
1374 3557 1518 3625 partem,
1530 3548 1561 3611 id
1579 3556 1627 3611 est
1640 3550 1680 3612 ad

123 3664 199 3708 rum
221 3648 320 3724 dipne
338 3651 417 3719 Deo,
433 3647 465 3710 id
486 3656 533 3712 est
552 3657 617 3712 mm
639 3657 821 3714 reverenter
839 3670 878 3713 ac
932 3646 1115 3709 habendum
1130 3645 1420 3728 participationem,
1436 3648 1535 3706 sortis
1548 3649 1682 3708 Sancto-

122 3751 236 3807 sancte
261 3752 297 3807 ut
311 3745 412 3809 decet
436 3754 524 3811 taum
545 3748 680 3812 Domino
704 3749 875 3824 deservire,
933 3766 1019 3817 rum,
1045 3745 1150 3808 idest
1177 3743 1363 3808 hereditatis
1391 3744 1578 3820 electorum,
1603 3753 1681 3828 puta

122 3850 223 3925 atque
239 3851 275 3905 ut
288 3861 363 3906 eum
378 3862 438 3926 pro
452 3845 584 3927 premio
600 3846 787 3909 mereamini
806 3865 877 3930 pos·
932 3842 1094 3906 felicitatis
1108 3851 1244 3917 eternae,
1256 3861 1327 3924 quaa
1340 3841 1476 3905 hahetur
1491 3844 1527 3903 in
1543 3846 1680 3916 lumine,

13 3975 105 4017 snm,
123 3941 241 4004 sidere.
260 3941 444 4005 llaledictus
459 3943 546 4007 enim
562 3944 618 4026 qui
633 3943 710 4007 lacit
724 3962 805 4027 opus
821 3946 875 4010 Dei
932 3941 963 4003 id
986 3948 1036 4004 est
1057 3959 1115 4023 per
1137 3941 1246 4003 lumen
1268 3940 1388 4020 gloria,
1405 3938 1457 4004 vel
1482 3939 1515 4002 in
1537 3940 1679 4008 claritate

121 4038 337 4120 negligenter.
361 4042 429 4102 Per
452 4043 576 4113 anania,
601 4042 633 4104 id
658 4049 706 4105 est
729 4042 763 4106 in
788 4045 876 4108 omni
930 4038 1064 4103 visionis
1086 4038 1273 4102 divinans
1293 4057 1357 4120 qua
1378 4046 1462 4103 sorte
1484 4038 1529 4101 ait
1550 4039 1679 4102 Psalmi·

121 4146 210 4212 actu,
224 4142 389 4214 placentes
412 4140 547 4205 Domino
571 4141 659 4204 Deo:
676 4141 753 4223 quia
776 4150 810 4205 ut
830 4144 877 4205 la·
931 4144 978 4200 sta
995 4154 1002 4199 :
1020 4137 1174 4201 Dominus
1198 4154 1272 4219 pars
1296 4136 1482 4200 hereditatis
1505 4155 1593 4201 mee.
1619 4137 1679 4212 om
1703 4163 1742 4210 ρ..
1756 4167 1824 4216 ms,

14 4275 15 4282 κ
57 4291 63 4304 .
80 4274 105 4312 η,
122 4235 297 4312 cobusait,
313 4237 340 4300 st
356 4237 542 4321 quieturam
558 4239 660 4322 legem
682 4240 874 4323 impleverit,
930 4235 1008 4298 item
1032 4235 1071 4298 de
1094 4235 1216 4298 lumina
1239 4234 1301 4297 isto
1323 4241 1456 4297 testatur
1472 4251 1480 4296 t
1497 4234 1531 4296 ln
1556 4234 1678 4298 lumina
1707 4261 1749 4306 n.
1761 4275 1826 4316 nn,

122 4333 272 4398 ollendat
285 4343 392 4398 autem
409 4335 441 4399 in
458 4354 533 4410 uno,
550 4336 652 4401 iactus
668 4345 716 4401 est
730 4338 875 4404 omnium
929 4341 986 4398 tuo
1000 4332 1181 4397 videbimus
1202 4331 1321 4395 lumen.
1338 4332 1410 4396 llaec
1429 4340 1535 4396 autem
1554 4333 1678 4397 heredi·
1693 4327 1726 4369 ¹⁰·

121 4451 211 4496 reus.
228 4435 272 4494 In
294 4435 385 4494 omni
406 4453 501 4512 opere
523 4437 602 4496 dana
621 4436 874 4516 fructificantes,
929 4441 977 4496 tas
998 4433 1084 4496 dicta
1104 4439 1152 4495 est
1176 4448 1255 4505 sors,
1272 4430 1348 4513 quia
1369 4430 1485 4495 divine
1504 4431 1678 4496 voluntatis

121 4530 156 4594 id
181 4537 241 4605 est,
265 4530 411 4596 omnium
432 4532 589 4596 virtutum
612 4551 708 4616 opera
729 4533 912 4600 mercen-G
929 4531 1092 4604 electione,
1099 4547 1161 4594 nou
1176 4530 1311 4592 humana
1325 4529 1506 4612 provisione
1521 4530 1680 4594 distribui·

120 4637 174 4692 tes
196 4645 202 4690 :
223 4627 358 4692 virtutes
378 4649 516 4713 namque
540 4649 690 4696 connexe
713 4633 872 4696 dicuutur.
929 4638 992 4705 tur,
1013 4627 1284 4712 quemadmodum
1305 4636 1405 4692 sortes
1426 4628 1578 4692 dicuntur
1598 4636 1678 4693 tem·
1704 4653 1824 4708 arnan,

119 4729 169 4790 lit
189 4737 365 4788 crescentes
387 4729 422 4790 in
445 4731 581 4806 scientia
602 4732 676 4802 Dei,
693 4731 724 4794 id
749 4739 797 4794 est
819 4750 875 4796 no·
929 4729 1034 4812 perari
1055 4747 1092 4791 ac
1113 4725 1240 4809 disponi
1261 4746 1280 4790 a
1301 4727 1374 4790 lieo.
1691 4721 1725 4761 ³³·

119 4825 198 4888 titia
219 4825 401 4889 divinorum
419 4843 427 4890 ε
443 4827 484 4890 de
507 4847 570 4910 qua
593 4847 651 4910 per
671 4828 750 4893 Osee
772 4829 876 4893 Domi·
970 4829 1035 4897 Qui
1048 4827 1173 4905 eripuit
1187 4847 1245 4888 nas
1261 4845 1318 4908 per
1332 4826 1677 4901 incamationem,con-

15 4948 101 4998 ene.
119 4941 188 4986 nus
208 4930 411 5005 protestatur,
428 4923 600 4989 scientiam
620 4927 676 4989 Dei
694 4928 782 4991 volui
802 4929 875 5010 plus
929 4928 1141 4991 versationem
1164 4925 1398 4988 sanctissimam
1420 4925 1454 4988 in
1475 4925 1536 4988 hoc
1557 4927 1678 4990 mundo

118 5039 224 5104 quam
245 5020 438 5084 holocausta.
929 5043 966 5088 ac
990 5025 1170 5107 passionem
1196 5021 1354 5104 Unigeniti
1379 5022 1440 5097 sui,
1461 5027 1501 5084 de
1519 5013 1678 5100 potestate

162 5122 208 5181 In
231 5121 323 5180 amni
346 5122 471 5182 uirtute
494 5122 681 5204 theologica,
699 5131 731 5186 et
754 5124 876 5188 intelle·
931 5125 1152 5194 tenebrarum,
1169 5121 1199 5184 id
1220 5129 1268 5184 est
1287 5122 1429 5184 dominio
1451 5122 1677 5196 damonuma

118 5215 223 5282 ctuali
243 5223 339 5298 atque
361 5218 485 5293 morali,
501 5221 680 5297 confortati
698 5226 875 5284 secundum
928 5223 1006 5303 jugo
1034 5221 1156 5303 pcccati
1188 5228 1220 5283 et
1248 5220 1390 5282 tenebris
1421 5219 1615 5300 ignorantiae,
1646 5231 1676 5280 et

111 5316 304 5397 potentiam
317 5318 483 5378 claritatis
496 5319 580 5396 ejus,
589 5317 621 5380 id
636 5326 685 5382 est
698 5321 875 5384 secuudum
931 5321 1103 5382 transtulit
1115 5322 1151 5381 in
1161 5338 1299 5397 repnum
1309 5319 1394 5380 Filii
1402 5319 1587 5378 dilectionis
1597 5337 1676 5390 auce,

249 5447 282 5499 Τ.
299 5448 340 5500 30.
1517 5452 1549 5501 lo
