4288 6264
550 511 698 560 oournrua
719 513 750 559 iv
771 511 844 558 rosr
865 509 995 558 rascas.
1015 527 1056 538 -
1077 504 1176 558 sanna
1197 507 1351 558 suounuus
1687 489 1727 556 ta

177 695 264 740 meas
287 679 483 761 neglexistis,
507 700 566 763 ego
582 701 710 766 quoque
735 683 767 745 iu
792 682 920 744 interitu
938 681 1059 744 Aritus
1084 680 1189 744 Sancti
1214 680 1442 744 inhabitatione
1467 680 1653 762 privantur3
1679 678 1725 740 sic

176 782 282 838 vestro
301 777 412 842 ridebo
431 786 463 840 et
482 780 697 856 subsannabo,
714 799 813 862 quum
833 779 924 843 vobis
980 796 1106 861 quoque
1122 778 1264 842 sobolem
1279 798 1368 842 suam
1383 785 1531 840 tenentur
1546 776 1727 856 diligere,et

177 874 262 955 quod
292 875 452 939 timebatis
480 881 633 954 evenerit,
664 899 764 962 quum
797 878 925 941 irruerit
980 877 1056 939 dum
1074 885 1194 959 peccat,
1206 878 1375 959 diligenter
1390 877 1560 959 corripere,
1574 893 1614 937 ne
1630 872 1726 936 simul

178 974 345 1053 repentina
363 974 535 1038 calamitas.
559 979 638 1041 lliuc
660 978 756 1040 etiam
778 977 926 1059 praedixit
982 993 1055 1036 cum
1081 994 1139 1038 sua
1162 975 1270 1038 sobole
1295 982 1434 1058 pereant.
1457 974 1554 1037 Amor
1578 973 1637 1036 iste
1662 989 1728 1034 car-

23 1097 162 1147 pamns,
177 1070 333 1152 Propheta
354 1089 360 1134 :
384 1073 442 1146 Qui
465 1073 586 1138 habitat
610 1075 642 1138 iu
668 1075 757 1138 coelis
780 1071 926 1136 irridebit
982 1073 1074 1148 ualis,
1093 1073 1291 1150 mirabiliter,
1304 1074 1369 1136 imo
1384 1080 1415 1135 et
1430 1071 1677 1135 lamentabiliter
1690 1087 1727 1132 ac

177 1185 243 1243 eos,
269 1176 301 1232 et
328 1171 482 1235 Dominus
512 1173 720 1238 subsannabit
749 1190 824 1252 eos;
847 1180 925 1234 tunc
982 1170 1206 1233 damnabiliter
1224 1169 1340 1244 inlicit,
1356 1170 1449 1244 fallit,
1466 1169 1567 1232 vincit
1585 1176 1618 1230 et
1639 1167 1726 1230 obte-

178 1266 326 1350 loquetur
347 1269 387 1332 ad
412 1287 465 1333 eos
490 1271 524 1333 in
549 1272 595 1334 ira
620 1293 686 1347 sua,
707 1279 739 1334 ct
764 1272 797 1334 in
818 1271 926 1336 lurore
982 1268 1094 1332 nebrat
1108 1275 1248 1332 mentem
1266 1286 1273 1330 :
1291 1268 1410 1331 ideirco
1429 1285 1503 1330 cum
1524 1267 1590 1329 suis
1605 1265 1728 1330 ellecti-

178 1383 237 1428 suo
258 1367 462 1432 conturbabit
483 1387 545 1433 eos.
981 1367 1053 1442 bus,
1069 1366 1124 1449 qui
1140 1373 1215 1429 sunt
1230 1365 1339 1429 lascivi
1356 1373 1531 1440 conmotus,
1548 1365 1726 1447 amplexus,

216 1466 449 1548 Insuper,sicut
463 1469 652 1550 pradictum
667 1477 830 1543 cst,omne
847 1484 927 1530 mor·
982 1465 1244 1540 deosculationes,
1271 1473 1302 1526 et
1327 1463 1491 1527 libidinosi
1510 1465 1678 1546 adspectus
1698 1471 1729 1524 et

178 1563 239 1626 tale
259 1572 426 1646 peccatum
447 1567 582 1649 impedit
600 1567 764 1630 hominem
785 1565 824 1628 ab
845 1565 928 1628 inlu·
982 1562 1111 1636 aliatus,
1132 1570 1180 1624 est
1200 1563 1332 1625 omnino
1353 1561 1511 1624 vitandus.

177 1660 279 1736 sione,
300 1662 529 1726 inhabitatione
548 1672 580 1728 et
600 1665 738 1747 gratiosa
760 1663 927 1747 prasentia
1023 1661 1184 1734 l’raetcrea
1201 1660 1240 1722 ab
1257 1659 1416 1723 inlusione
1436 1668 1468 1722 et
1487 1660 1574 1724 omni
1591 1659 1729 1741 gratioso

178 1759 315 1842 Spiritus
336 1761 452 1825 Sancti.
475 1763 509 1825 lu
527 1765 675 1845 praescnti
690 1781 817 1846 quoque
832 1779 927 1824 evan·
984 1759 1173 1821 charismate
1193 1758 1330 1841 Spiritus
1351 1758 1468 1834 Sancti,
1487 1758 1647 1840 praecipue
1671 1757 1728 1819 im-

178 1858 262 1940 gelio
285 1859 428 1940 tangitur
448 1880 550 1923 unum
572 1862 838 1944 impedimentum
861 1880 928 1923 sus·
945 1865 969 1928 B
984 1857 1072 1940 pedit
1090 1857 1254 1920 hominem
1276 1856 1472 1919 detestabilis
1493 1856 1547 1918 illa
1566 1854 1727 1938 superbia,

180 1959 337 2039 captionis
359 1959 496 2042 Spiritus
519 1959 636 2036 Sancti,
661 1961 745 2043 quod
769 1968 817 2023 est
838 1976 928 2022 amor·
985 1953 1090 2018 coram
1106 1957 1170 2019 Deo
1185 1963 1217 2018 et
1236 1955 1421 2019 hominibus
1438 1954 1567 2018 odibilis
1586 1973 1623 2016 ac
1642 1972 1729 2036 sper·
1743 1975 1876 2028 naama.

180 2057 326 2119 carnalis.
343 2058 402 2121 Ubi
419 2077 544 2122 summa
564 2077 637 2122 cum
658 2059 822 2140 diligentia
836 2076 929 2140 opor·
983 2055 1096 2117 nenda.
1112 2055 1335 2136 Solonemque
1351 2051 1501 2136 superbia
1515 2053 1650 2115 destruit
1663 2070 1729 2116 om-

180 2162 225 2216 tet
239 2155 415 2233 advertere,
431 2158 516 2239 quod
536 2158 682 2240 quamvis
702 2159 855 2222 Dominus
876 2175 929 2220 no
984 2154 1048 2227 nia,
1069 2154 1094 2216 si
1116 2153 1294 2216 comitetur.
1318 2153 1355 2215 Et
1374 2153 1471 2234 hujus
1491 2159 1565 2214 sunt
1584 2152 1732 2234 plurimas

181 2262 246 2315 ster
259 2255 350 2318 Jesus
370 2255 513 2318 Christus
533 2255 637 2320 luerat
656 2257 789 2320 Sanctus
805 2257 930 2319 Sancto
985 2252 1133 2316 rationes.
1155 2253 1270 2326 Prima,
1291 2251 1442 2335 quoniam
1468 2251 1564 2314 homo
1588 2251 1643 2333 qui
1662 2269 1731 2332 gra·

182 2370 266 2426 rum,
297 2361 329 2414 et
357 2353 399 2415 ab
427 2355 515 2418 omni
545 2355 615 2418 labe
647 2355 768 2437 pcccati
799 2372 929 2437 prorsus
985 2351 1061 2413 tiam
1082 2351 1218 2433 Spiritus
1238 2351 1344 2412 Sancti
1365 2350 1495 2432 recepit,
1512 2367 1568 2412 seu
1589 2349 1732 2432 recipere

182 2451 527 2537 purissimusejusquc
543 2473 616 2518 caro
633 2456 843 2518 mundissima
857 2454 928 2529 luit,
986 2449 1076 2531 petit,
1107 2448 1202 2510 habet
1231 2467 1264 2510 sc
1295 2456 1445 2530 tanquam
1475 2447 1672 2522 mendicans,
1699 2455 1732 2510 et

181 2559 293 2633 utputa
307 2570 346 2614 ex
361 2554 541 2635 purissimis
557 2555 777 2618 sacratissima
791 2554 931 2635 Virginis
987 2549 1070 2610 Deus
1094 2547 1149 2630 qui
1177 2547 1313 2630 Spiritus
1342 2547 1447 2610 Sancti
1474 2547 1556 2609 dona
1580 2545 1731 2621 infundit,

183 2658 310 2732 sumpta
331 2652 552 2733 sanguinibus,
575 2653 644 2716 sine
666 2660 797 2736 peccato
819 2671 930 2716 conce·
988 2645 1083 2708 hahet
1097 2665 1130 2708 se
1146 2646 1229 2708 sicut
1248 2653 1338 2728 pater
1357 2653 1389 2708 et
1406 2645 1555 2709 dominus
1575 2663 1611 2708 ac
1630 2651 1732 2727 pater-

184 2755 248 2829 pta,
271 2756 303 2810 et
327 2769 345 2812 a
367 2749 488 2832 Spiritu
508 2751 622 2814 Sancto
644 2750 789 2826 formata,
812 2759 843 2812 et
868 2770 931 2814 una
986 2743 1136 2819 lumilias,
1154 2744 1387 2826 eleemosynam
1403 2743 1548 2806 tribuens
1566 2751 1598 2806 et
1617 2761 1733 2826 paupe-

184 2865 257 2908 eum
280 2847 387 2909 anima
408 2867 466 2910 sua
487 2848 590 2911 Verbo
613 2855 730 2912 aeterno
752 2849 860 2928 unita3
882 2849 931 2912 ni·
988 2861 1054 2905 rem
1071 2843 1184 2905 ditans.
1197 2843 1375 2905 blandicum
1391 2849 1498 2904 autem
1513 2849 1545 2904 et
1559 2859 1732 2923 pauperem

185 2943 251 3006 hilo
267 2945 374 3007 minus
389 2945 531 3028 Apostoli
548 2946 648 3029 inepti
664 2947 794 3009 luerunt
808 2947 847 3008 ad
868 2947 931 3028 ple·
988 2949 1111 3022 oportet
1135 2959 1169 3002 se
1193 2940 1374 3014 humiliare,
1398 2939 1426 3002 si
1449 2959 1467 3001 a
1492 2939 1590 3002 divite
1611 2939 1732 3021 aliquid

184 3061 258 3104 nam
284 3044 521 3126 susceptionem
551 3045 687 3126 Spiritus
716 3045 834 3119 Sancti,
860 3061 931 3127 pro·
949 3041 971 3104 G
988 3038 1142 3120 petat,vel
1159 3037 1300 3120 recipere
1315 3037 1550 3120 eleemosynam
1566 3035 1734 3099 debeat:si

184 3148 255 3221 pter
273 3140 333 3203 hoc
348 3141 434 3223 quod
449 3159 560 3204 corum
575 3142 615 3204 ad
630 3142 787 3205 Christum
803 3143 933 3207 dileetio
988 3137 1074 3199 enim
1091 3137 1281 3199 intumescat
1295 3144 1327 3198 et
1341 3135 1507 3198 humiliter
1522 3143 1630 3217 petere
1648 3135 1734 3197 dedi·

184 3237 288 3301 fuerat
309 3239 490 3321 aliqualiter
513 3240 670 3302 sensualis
695 3241 762 3302 sive
784 3241 929 3304 carnalis.
987 3243 1112 3317 gnetur,
1129 3253 1188 3297 nec
1204 3234 1365 3317 propriam
1385 3241 1604 3315 paupertatem
1622 3241 1735 3316 penset

184 3335 342 3408 Quantum
364 3355 438 3420 ergo
459 3356 548 3401 amor
569 3339 704 3401 carnalis
726 3340 766 3401 ad
786 3339 932 3402 homines
987 3353 1023 3396 ac
1038 3333 1182 3406 fateatur,
1190 3332 1275 3413 juste
1290 3331 1421 3394 omnino
1436 3331 1620 3414 despicitur.
1630 3330 1733 3405 Ouum

185 3443 366 3516 peccatores
400 3445 454 3498 aut
487 3437 691 3519 peccatrices,
725 3439 758 3500 in
793 3438 932 3520 peccatis
988 3449 1063 3513 ergo
1082 3429 1234 3512 superbia
1253 3429 1294 3491 sit
1312 3429 1456 3511 quaedam
1477 3429 1602 3492 inflatio
1618 3429 1735 3492 mentis

185 3541 366 3616 conceptos,
392 3533 521 3616 fragiles
546 3543 641 3619 atque
665 3537 843 3599 defectibus
867 3537 932 3619 plc-
988 3531 1139 3592 adversus
1156 3530 1267 3603 Deum,
1284 3536 1316 3591 et
1330 3535 1436 3591 tumor
1455 3529 1553 3592 animi
1573 3547 1607 3592 se
1628 3530 1734 3611 ipsum

185 3648 254 3704 nos,
276 3631 411 3714 impedit
433 3640 573 3696 mentem
596 3634 767 3696 humanam
787 3634 828 3696 ab
851 3634 933 3696 iniu—
989 3628 1236 3710 maguilicantis‚
1254 3626 1357 3689 eflicit
1376 3627 1539 3690 homiuem
1560 3629 1647 3690 omni
1667 3646 1735 3708 gra·

185 3729 274 3791 sione
289 3737 321 3791 et
335 3731 426 3793 donis
442 3731 580 3813 Spiritus
596 3732 719 3794 Sanctil
731 3735 829 3796 Amor
843 3734 933 3815 quip-
988 3727 1032 3788 tia
1047 3727 1183 3809 Spiritus
1199 3725 1305 3788 Sancti
1319 3725 1410 3788 valde
1426 3725 1602 3806 indignum.

186 3846 225 3908 pe
242 3827 376 3890 carnalis
396 3835 428 3889 et
447 3829 622 3910 spiritualis
643 3831 874 3892 contradantur
892 3831 931 3892 ad
1028 3825 1173 3887 Secunda
1188 3824 1266 3886 ratio
1282 3831 1339 3896 est,
1356 3823 1432 3906 quia
1450 3824 1489 3885 ad
1509 3823 1568 3885 hoc
1584 3825 1668 3907 quod
1684 3825 1736 3887 ho

186 3925 336 3999 invicem,
351 3945 409 3988 nec
429 3945 462 3988 sc
483 3936 594 3990 mutuo
609 3929 861 4010 compatiuntur,
877 3929 932 3990 sed
989 3941 1041 3986 mo
1061 3923 1214 4004 Spiritum
1232 3921 1382 3984 Sanctum
1398 3921 1544 4004 accipiat,
1561 3931 1686 4004 oportet
1702 3931 1736 3985 ut

66 4061 171 4099 mm,
186 4031 222 4085 ut
245 4024 340 4086 lsaias
360 4023 487 4096 latetur,
513 4026 759 4108 coangustatum
783 4034 831 4090 est
855 4036 933 4090 stra·
988 4043 1022 4085 sc
1042 4023 1105 4084 Deo
1125 4022 1265 4104 applicet
1288 4029 1320 4083 et
1343 4020 1523 4084 substernat
1547 4021 1614 4084 sive
1638 4022 1738 4103 subji-

187 4130 267 4196 tum,
286 4130 321 4184 ut
340 4130 512 4207 utrumque
532 4124 629 4187 simul
650 4144 763 4207 capere
785 4133 930 4207 nequeat.
989 4121 1059 4183 ciat.
1082 4119 1237 4202 Superbia
1256 4136 1331 4182 vcro
1350 4118 1469 4181 directe
1491 4119 1617 4200 elongat
1635 4139 1653 4182 a
1673 4121 1737 4184 Deo

227 4221 258 4285 Si
274 4239 349 4302 crgo
363 4241 382 4284 a
397 4222 516 4304 Spiritu
533 4223 646 4286 Sancto
662 4224 794 4298 visitari,
805 4224 931 4305 impleri
948 4225 973 4288 l)
989 4219 1064 4282 etei
1081 4225 1235 4300 repugnat
1253 4234 1260 4279 :
1278 4217 1342 4280 imo
1361 4216 1519 4299 superbus
1539 4217 1735 4282 voluntatem

186 4326 218 4380 et
240 4318 410 4382 inhabitari
433 4320 662 4395 desideramus,
685 4341 857 4404 purgemus
880 4340 933 4384 cor
989 4336 1079 4380 suam
1095 4316 1211 4378 divium
1227 4315 1380 4378 voluntati
1394 4316 1735 4398 praeponit,acdiviuis

187 4425 330 4480 nostrum
351 4417 391 4480 ab
407 4419 493 4481 omni
509 4420 626 4482 carnali
643 4438 761 4494 amore,
779 4428 813 4483 ut
830 4439 932 4502 neque
987 4415 1185 4498 jussionibus
1212 4413 1409 4496 superponit,
1434 4433 1493 4476 nec
1519 4414 1588 4476 vult
1616 4415 1734 4496 subjici

186 4532 245 4577 nos
270 4515 356 4597 ipsos
379 4535 438 4578 nec
459 4517 538 4579 alios
560 4517 738 4592 carnaliter,
762 4518 817 4579 sed
840 4519 932 4600 spiri·
990 4517 1062 4578 Deo.
1080 4515 1153 4576 ldeo
1167 4513 1212 4574 ait
1226 4513 1388 4594 Scriptura
1405 4529 1411 4574 :
1430 4513 1512 4576 Deus
1528 4513 1674 4596 superbis
1690 4533 1880 4593 rerum,

186 4612 316 4675 tualiter
340 4615 521 4696 diligamus,
547 4615 756 4678 desiderando
780 4616 872 4679 nobis
896 4636 933 4680 ac
989 4613 1081 4676 sistit.
1109 4613 1146 4674 Et
1170 4630 1228 4693 per
1249 4611 1362 4673 lsaiam
1387 4611 1539 4673 Dominus
1563 4611 1731 4693 loquitur:

186 4711 259 4773 aliis
273 4712 406 4793 gratiam
423 4713 489 4786 Dei,
501 4713 633 4775 virtutes
648 4731 685 4775 ac
700 4715 781 4776 dona
797 4715 932 4797 Spiritus
989 4713 1090 4794 Super
1105 4727 1200 4792 quem
1217 4708 1395 4790 requiescet
1410 4709 1541 4790 spiritus
1557 4728 1658 4784 meus,
1671 4711 1733 4773 nisi
1748 4731 1779 4774 cr.
1788 4731 1818 4774 n.
1825 4743 1880 4783 axvi,

188 4809 306 4884 Sancti,
325 4810 505 4892 proiectum
521 4811 552 4873 iu
569 4811 633 4875 vita
648 4812 800 4887 virtuosa,
817 4821 848 4876 et
864 4822 933 4896 post
988 4829 1085 4892 super
1114 4808 1270 4870 humilem
1299 4814 1331 4869 et
1356 4807 1524 4889 quietuml
1548 4808 1735 4874 Beatissimo
1749 4797 1879 4847 ''²²²'¹¹’¹⁵'

187 4908 270 4970 hanc
285 4909 382 4971 vitum
399 4909 512 4990 gaudia
527 4910 731 4992 sempiterna,
748 4929 812 4974 non
827 4920 932 4974 autem
989 4927 1115 4991 quoquc
1135 4907 1224 4988 virgo
1243 4907 1339 4968 Maria
1357 4907 1402 4968 ait
1421 4907 1459 4968 de
1475 4907 1539 4969 Deo
1555 4925 1562 4969 :
1580 4908 1734 4990 Dispersit
1760 4929 1880 4982 mansi.

187 5008 330 5071 carnales
359 5008 594 5084 delectationes,
620 5009 747 5071 divitias
777 5018 934 5093 tempora·
989 5006 1143 5090 superbos
1169 5013 1274 5068 mente
1298 5005 1403 5067 cordis
1427 5005 1486 5066 sui.
1510 5006 1638 5088 Oportet
1659 5025 1734 5089 crgo

188 5107 245 5182 les,
255 5107 390 5170 honores
406 5107 572 5182 humanos,
585 5108 640 5170 sed
656 5109 834 5170 necessaria
848 5110 929 5173 vitae.
989 5113 1024 5169 ut
1038 5106 1134 5169 homo
1149 5124 1182 5168 se
1198 5105 1304 5186 ipsum
1320 5121 1395 5166 vere
1413 5103 1572 5180 humiliet,
1588 5107 1733 5188 proprias

188 5206 240 5270 Sic
262 5223 338 5288 ergo
361 5213 393 5269 ct
415 5206 575 5288 conjugati
597 5226 706 5296 'amare
731 5227 765 5270 se
791 5207 931 5290 obligan-
988 5201 1607 5286 vilitates,delectuositates,iniquitates
1623 5212 1655 5268 et
1670 5205 1734 5268 cul-

187 5313 252 5382 tur,
273 5314 304 5368 et
323 5307 351 5369 si
374 5325 407 5369 se
426 5305 523 5369 nimis
546 5307 714 5369 carnaliter
732 5315 850 5382 ament,
867 5307 934 5390 Spi-
989 5325 1046 5390 pas
1068 5304 1253 5388 perpendat,
1278 5303 1439 5365 intucatur
1461 5321 1498 5365 ac
1519 5303 1683 5384 ponderet,
1706 5305 1734 5370 si
