4164 6258
361 498 509 546 noumrm
530 500 560 547 vr
582 500 655 546 rosr
674 497 869 546 ramrmrmr.
889 515 930 526 —
949 497 1123 546 auxamrro
1144 499 1175 546 ru
1196 500 1389 548 nt'ANttltttul
1594 483 1655 548 att

108 666 219 728 tionem
243 667 415 735 iracundie
435 691 501 735 sure
517 671 723 753 perverbum
740 669 888 735 contu-A
904 676 981 734 nant
1004 671 1141 746 fatuum,
1168 692 1267 754 quum
1293 673 1429 757 ipsemet
1454 681 1524 756 post
1549 691 1651 736 resur-

108 764 283 842 mcliosum‚
302 769 502 834 manifestam
528 781 561 834 et
584 779 701 834 certam
727 771 849 852 vitupe-
903 770 1077 833 rectionem
1093 789 1182 834 suam
1195 771 1312 834 dixerit
1326 770 1451 835 duobus
1465 769 1649 853 discipulis:

107 864 257 928 rationem
279 867 478 948 significans,
498 869 669 943 effuderit;
692 891 766 930 reus
784 871 848 929 erit
904 867 927 930 0
943 868 1031 930 stulti
1049 877 1080 932 et
1096 869 1175 931 tardi
1192 871 1285 932 corde
1301 870 1339 933 ad
1355 869 1652 951 credendumldpo-
1678 883 1798 939 rueme,

104 964 254 1038 pedennoe
279 967 377 1043 ignis,
404 967 435 1029 id
464 976 511 1030 est
541 986 643 1050 poenae
672 967 847 1031 infernalis.
904 965 1004 1028 stolus
1034 985 1162 1048 quoque
1191 967 1230 1030 ad
1261 966 1385 1030 Galatas
1412 985 1418 1030 :
1445 966 1469 1029 0
1498 966 1651 1029 insensati
1665 949 1798 1060 &mh

144 1061 223 1124 Ecce
247 1063 363 1146 triplex
388 1067 504 1147 gradus
529 1067 643 1149 culpae,
669 1067 720 1129 cui
747 1083 849 1129 corre·
904 1063 1038 1146 (inquit)
1057 1064 1197 1130 Galatae!
1220 1065 1258 1128 Et
1280 1065 1548 1147 respondendum,
1566 1065 1651 1147 qnod

108 1161 237 1240 spondet
256 1162 372 1244 triplex
391 1165 508 1245 gradus
530 1173 635 1228 reatus
657 1185 713 1228 seu
737 1183 847 1246 poenae.
905 1181 1005 1242 quum
1022 1161 1120 1224 verba
1140 1163 1204 1225 sint
1219 1162 1309 1244 signa
1328 1171 1359 1226 et
1375 1171 1457 1226 notae
1474 1163 1653 1245 conceptio·

109 1257 156 1320 Est
176 1259 263 1322 enim
285 1261 331 1323 ira
346 1262 447 1325 latens
468 1263 500 1325 in
516 1265 620 1326 corde.
639 1263 737 1344 Cuius
756 1281 850 1346 poena
906 1279 982 1322 num
1005 1261 1131 1334 anima,
1149 1280 1187 1324 ex
1209 1262 1276 1344 ipsa
1297 1262 1401 1325 cordis
1424 1261 1601 1324 intentione
1623 1269 1654 1323 et

107 1363 160 1427 est,
173 1359 290 1422 mereri
306 1359 538 1441 reprobationis
552 1361 722 1442 judicium,
734 1369 766 1424 et
780 1379 850 1424 esse
906 1356 1077 1421 allectione
1093 1359 1334 1423 considerautur
1350 1359 1450 1422 virtus
1466 1368 1498 1423 ct
1512 1359 1607 1442 culpa
1622 1359 1654 1423 iu

106 1453 225 1533 judicio
239 1455 381 1538 dignum.
395 1458 450 1521 list
464 1460 559 1522 etiam
577 1459 623 1522 ira
639 1478 850 1542 prorumpens
907 1455 1024 1518 verbis.
1043 1457 1123 1518 Dum
1140 1475 1214 1538 ergo
1230 1458 1326 1521 verba
1342 1466 1492 1540 praetacta
1505 1459 1656 1520 dicuntur

108 1554 137 1614 iu
150 1572 261 1617 rocem
276 1555 502 1637 indignationis
514 1577 550 1620 ac
563 1559 804 1641 vituperationis
818 1558 850 1620 in
907 1572 970 1617 non
999 1555 1107 1618 animo
1130 1555 1345 1619 calumniandi
1374 1562 1428 1618 aut
1452 1556 1654 1638 aspernandi,

107 1652 352 1735 generali:quod
369 1655 474 1737 primo
488 1665 537 1718 est
551 1658 768 1738 graviusldeo
782 1656 851 1737 ejus
908 1652 962 1714 sed
989 1653 1178 1728 instruendi,
1204 1661 1235 1716 et
1259 1655 1423 1717 caritative
1448 1654 1654 1736 corripiendi,

108 1768 200 1832 poena
216 1759 276 1826 est,
293 1753 428 1834 prolatio
446 1755 611 1819 sententie
627 1764 736 1818 eontra
750 1774 824 1818 eum
842 1771 849 1816 :
908 1769 971 1813 non
993 1757 1068 1812 sunt
1090 1751 1211 1815 illicita.

109 1869 174 1929 quae
197 1867 293 1932 poena
316 1852 412 1915 etiam
436 1861 484 1915 est
507 1854 634 1934 gravior
659 1854 771 1936 prima.
799 1845 893 1914 listB
950 1849 993 1910 Ex
1014 1849 1197 1931 prehabitis
1219 1850 1315 1912 infert
1330 1851 1472 1914 Salvator
1489 1871 1496 1915 :
1512 1853 1553 1913 Si
1566 1871 1654 1929 erpo,

108 1965 231 2028 quoque
248 1949 293 2010 ira
309 1949 341 2012 in
355 1949 489 2014 verbum
505 1950 773 2014 contumeliosum
791 1969 853 2012 cer·
908 1947 968 2010 boc
983 1954 1041 2021 est,
1057 1966 1158 2029 quum
1179 1966 1242 2011 uon
1264 1948 1357 2012 liceat
1372 1949 1466 2013 irasci
1483 1949 1584 2024 fratri,
1600 1957 1655 2012 aut

108 2053 144 2108 te
157 2047 389 2128 aspemationis
405 2067 617 2132 prorumpens
628 2067 634 2112 :
644 2051 726 2132 quod
742 2049 853 2132 primis
909 2045 1014 2107 dicere
1029 2045 1058 2108 ei
1071 2047 1261 2120 uraca»,vel
1275 2047 1551 2122 ufatueu,idcirco
1566 2049 1592 2110 si
1608 2049 1655 2124 os·

108 2143 228 2206 duobus
243 2153 291 2208 est
305 2147 585 2231 graviuslljusque
602 2167 695 2230 poena
709 2147 853 2229 estignis
908 2147 977 2220 fers
991 2164 1111 2205 munus
1127 2155 1232 2215 tuum,
1242 2145 1302 2208 boc
1317 2153 1365 2208 est
1380 2145 1573 2209 oblationem
1590 2165 1656 2209 cor·

108 2243 282 2322 gehenne:
301 2263 372 2326 qum
394 2246 552 2327 pretectis
575 2255 623 2308 est
641 2247 767 2328 gravior
788 2265 853 2328 poe·
910 2242 1050 2324 poralem
1073 2243 1122 2306 rel
1143 2243 1353 2326 spiritualem,
1370 2249 1414 2306 ad
1432 2249 1539 2307 altare
1560 2253 1656 2308 mate

109 2341 172 2420 nis;
188 2349 221 2403 et
241 2349 347 2404 tamen
368 2344 438 2407 duae
461 2343 522 2408 illm
544 2363 646 2426 poeuae
666 2345 854 2408 ordinantur
910 2340 986 2402 rialc
1004 2340 1035 2402 in
1053 2340 1339 2424 templ03vel,uad
1355 2343 1656 2426 aitarenspiritnale

109 2447 138 2502 et
159 2441 295 2504 tendunt
317 2442 356 2504 ad
382 2461 509 2525 poenam
534 2445 615 2506 banc
639 2445 775 2507 tertiam.
796 2443 852 2506 Lo·
909 2437 941 2500 in
963 2438 1081 2512 anima,
1102 2439 1187 2520 (lu0d
1209 2448 1258 2502 θδῑ
1280 2440 1373 2516 fides,
1394 2441 1572 2504 Sssssussdum
1594 2442 1656 2505 Au·

109 2539 216 2620 quitur
230 2540 317 2602 enirn
331 2541 473 2605 Salvam
486 2543 525 2604 dc
540 2543 586 2604 ira
602 2551 697 2624 prout
711 2551 759 2605 est
775 2561 855 2605 mor·
907 2537 1084 2616 goslinum,
1109 2537 1160 2600 vel
1190 2539 1315 2612 carius,
1340 2540 1516 2602 secundun
1542 2540 1656 2621 Grego-

108 2637 167 2698 tale
187 2647 365 2720 peccatum,
386 2639 535 2703 videlicet
559 2660 598 2704 ex
623 2641 755 2704 rationis
780 2659 853 2706 con·
910 2635 1002 2697 rium,
1020 2635 1070 2698 Nil
1090 2636 1177 2698 enim
1199 2645 1367 2720 acceptum
1389 2645 1437 2700 est
1457 2639 1521 2702 Deo
1540 2639 1601 2701 nisi
1624 2640 1656 2702 in

109 2755 201 2798 sensu
217 2755 291 2800 cnm
306 2737 426 2800 affectu
444 2740 579 2802 nocendi
595 2739 724 2820 injuste.
743 2740 853 2804 Dicere
908 2733 973 2795 fide
993 2741 1025 2796 et
1044 2735 1174 2796 caritate
1196 2743 1308 2816 agatur
1329 2745 1424 2819 atque
1447 2737 1609 2812 fundetur,
1625 2746 1657 2800 et

108 2842 212 2896 autern
229 2854 357 2898 uraca»
373 2855 412 2900 ex
428 2836 482 2900 tali
499 2838 556 2911 ira,
572 2846 621 2900 est
635 2839 763 2920 gnavius
773 2857 781 2916 3
798 2839 853 2901 sed
909 2851 966 2915 per
986 2851 1039 2894 eas
1061 2833 1125 2895 Deo
1147 2833 1343 2896 exhibeatur.
1367 2837 1410 2896 Et
1433 2837 1492 2906 idi,
1508 2835 1657 2898 videlicet

109 2931 212 2995 dicere
233 2933 352 2997 «fatue
367 2957 384 2994 n
404 2952 443 2997 ex
468 2935 522 2999 irae
546 2936 770 3010 commotione,
787 2955 853 3018 gra·
910 2930 941 2992 in
968 2930 1037 2992 loco
1065 2939 1098 2992 et
1126 2939 1270 3014 tempore
1299 2932 1480 3008 oblationis,
1508 2937 1655 2994 recorda·

109 3030 275 3094 vissimum
296 3039 352 3096 est,
372 3071 408 3080 ..
424 3034 569 3116 Iugum,
587 3035 763 3097 secundum
786 3035 853 3098 Hig-
871 3028 893 3092 C
910 3037 962 3089 tus
975 3031 1083 3105 fueris
1098 3032 1177 3109 quia
1191 3033 1301 3107 fralet·
1315 3031 1389 3112 (hoc
1410 3039 1459 3094 OSf
1477 3033 1657 3115 proximus)

109 3140 485 3212 ronymum,creca»est
500 3132 634 3196 verbum
649 3132 852 3208 Hebraicum,
909 3138 986 3187 tous
1007 3129 1101 3188 habet
1123 3131 1265 3208 aliquid,
1282 3129 1342 3192 ¹¹00
1366 3138 1415 3192 esf
1436 3130 1555 3211 justam
1579 3149 1656 3214 que·

109 3228 294 3306 significans
309 3249 445 3292 vacuum
466 3239 521 3293 aut
542 3232 653 3310 inane;
671 3231 755 3294 idem
776 3231 854 3294 dicit
909 3225 1017 3298 telam,
1033 3229 1206 3287 aduersum
1223 3237 1264 3298 te,
1281 3236 1410 3312 propter
1425 3228 1576 3310 injuriam
1592 3249 1610 3292 a
1626 3239 1656 3293 te

110 3325 361 3408 chrysostomus,
388 3328 551 3410 Remigius
576 3347 652 3392 vero
676 3348 749 3392 enm
775 3349 850 3412 pnn-
909 3324 938 3385 ei
960 3323 1091 3398 illatum,
1110 3325 1152 3386 ita
1174 3327 1259 3408 quud
1280 3327 1309 3388 ei
1330 3327 1362 3388 in
1381 3327 1489 3409 aliquo
1511 3327 1656 3392 forefeci·

109 3423 182 3486 fatis
197 3433 341 3500 testatur,
354 3427 439 3508 quod
455 3427 497 3490 sit
511 3445 627 3490 nomen
645 3427 852 3508 llcbraicum3
910 3423 960 3486 sti.
977 3423 1008 3486 Si
1028 3423 1114 3485 enim
1136 3431 1169 3484 tu
1188 3441 1263 3487 eum
1283 3423 1458 3499 offendisti,
1476 3426 1544 3509 ipse
1561 3427 1656 3491 babet

110 3522 163 3583 sed
178 3523 277 3598 addit,
294 3525 378 3606 quod
394 3525 435 3586 sit
452 3524 632 3605 interjectio
648 3525 851 3607 indignantis.
909 3522 1078 3584 adversum
1101 3529 1142 3596 te,
1160 3539 1222 3585 non
1244 3531 1277 3584 tu
1298 3532 1407 3586 contra
1425 3543 1510 3587 eum.
1529 3525 1561 3588 Si
1582 3543 1658 3590 vero

108 3619 303 3700 Augustinus
325 3628 432 3684 autem
456 3621 609 3696 affirmat,
626 3624 710 3706 qnod
733 3623 774 3685 sit
793 3643 853 3687 vox
910 3621 979 3702 ipse
998 3627 1028 3682 te
1048 3618 1195 3695 offendit,
1214 3629 1247 3682 tu
1269 3621 1367 3684 habes
1388 3623 1541 3686 adversus
1563 3641 1656 3704 eum3

109 3736 170 3780 uun
197 3718 383 3800 significans
406 3719 529 3802 aliquid
553 3721 773 3796 determinate,
799 3723 854 3786 sed
910 3719 965 3780 scd
986 3727 1062 3781 tunc
1084 3718 1208 3781 sufficit
1228 3727 1263 3781 ut
1283 3721 1312 3782 ei
1336 3721 1480 3801 ignoscas
1506 3722 1588 3784 sicut
1608 3723 1657 3784 vis

109 3816 210 3880 solum
234 3819 386 3881 commoti
412 3819 516 3882 cordis
538 3819 731 3902 passionem,
747 3820 855 3902 cujus·
909 3818 969 3880 tibi
990 3837 1008 3879 a
1030 3818 1095 3880 Deo
1119 3817 1251 3898 ignosci,
1272 3837 1330 3880 nec
1355 3827 1479 3902 oportet
1500 3829 1531 3883 te
1553 3820 1656 3884 facere

109 3917 193 3978 modi
212 3925 287 3979 sunt
306 3916 552 3998 interjectiones.
571 3917 630 3980 Sed
651 3919 734 3981 istud
756 3918 855 3982 facili·
911 3937 981 4000 qum
1005 3924 1184 3998 sequuntur
1210 3936 1216 3981 :
1242 3936 1313 3999 qum
1343 3925 1450 3980 tamen
1478 3920 1505 3981 si
1529 3919 1655 3994 feceris,

110 4022 155 4076 ter
179 4015 398 4090 concordetur,
423 4017 499 4098 quia
522 4017 699 4080 secundum
725 4017 856 4101 Chryso-
910 4034 991 4098 opus
1011 4022 1058 4075 cst
1080 4031 1200 4095 magnae
1225 4015 1443 4097 perfectionis,
1466 4017 1604 4080 caritatis
1627 4026 1658 4081 et

108 4121 259 4188 smmum,
283 4115 430 4197 quamvis
455 4114 616 4195 significet
640 4134 777 4178 vacuum
801 4124 856 4179 aut
910 4113 1047 4195 pietatis,
1079 4112 1319 4196 maximumque
1349 4133 1367 4177 a
1395 4115 1459 4178 lieo
1489 4118 1658 4198 praemium

110 4212 214 4286 inane,
231 4211 262 4274 id
280 4219 329 4274 est
343 4211 489 4286 stultum,
506 4213 558 4274 lric
575 4221 678 4276 tamen
698 4213 856 4296 accipitur
872 4213 896 4275 D
911 4213 1125 4294 consequeris.

105 4310 198 4390 juxta
213 4329 305 4372 usum
323 4310 521 4392 loquentium
536 4311 729 4386 Judaeorum,
745 4321 855 4395 utpote
951 4312 1111 4390 Relinque
1130 4312 1175 4370 ibi
1194 4331 1313 4371 >nunus
1333 4321 1426 4373 tuum
1446 4323 1522 4373 ante
1540 4318 1657 4385 altare,

108 4409 416 4489 interjectionalitcr,
442 4411 618 4472 secundum
650 4413 778 4476 modum
805 4431 855 4474 ex·
912 4410 1017 4482 idest,
1035 4408 1217 4470 inchoatum
1238 4409 1429 4492 obsequium
1449 4429 1505 4473 seu
1525 4411 1657 4474 oblatio-

108 4509 261 4589 pcsitum,
278 4516 372 4590 prout
393 4507 545 4589 quelibet
570 4509 657 4590 regio
681 4509 777 4572 babet
800 4510 855 4572 ali·
911 4527 985 4571 nem
1015 4507 1188 4568 intermitte
1218 4527 1272 4570 seu
1303 4510 1472 4591 suspende,
1502 4518 1574 4572 actu
1604 4520 1659 4574 aut

107 4607 192 4688 quod
208 4606 482 4688 exprobratorium
498 4607 642 4670 verbum.
659 4608 787 4671 Posseut
804 4609 855 4672 bic
912 4607 1085 4690 proposito,
1103 4606 1161 4668 boc
1182 4615 1229 4668 est
1250 4607 1376 4668 realiter
1398 4607 1472 4670 inde
1493 4611 1656 4684 cessando,

108 4705 211 4766 multa
235 4704 342 4767 induci
367 4705 406 4766 de
432 4705 489 4778 ira,
511 4707 638 4788 quando
663 4715 693 4768 et
719 4708 856 4788 qualiter
910 4714 964 4768 aut
986 4703 1166 4767 mentaliter
1185 4706 1392 4787 proponendo
1412 4725 1505 4788 agere
1525 4727 1595 4790 qnae
1612 4727 1659 4770 se·

106 4805 147 4864 sit
170 4811 355 4886 peccatum;
377 4804 431 4866 sed
455 4803 494 4866 de
516 4803 576 4866 boc
600 4805 632 4866 in
654 4804 855 4868 sermonibus
910 4811 1053 4887 quuntur
1070 4802 1139 4865 loco
1153 4811 1183 4864 ct
1199 4810 1342 4885 tempore
1357 4813 1594 4886 opportun03et
1610 4828 1659 4866 ua·

108 4903 231 4964 mentio
254 4901 317 4964 tier.
910 4905 950 4960 de
960 4904 1060 4977 prius
1077 4903 1289 4960 reconciliari
1307 4904 1415 4978 fratri
1434 4912 1501 4971 tuo,
1517 4903 1577 4965 hoc
1597 4911 1655 4978 est,

146 5001 210 5063 Sed
230 5001 312 5064 circo
331 5001 483 5084 praedicta
502 5003 603 5064 oritur
621 5003 764 5083 quesne,
781 5001 857 5084 quia
911 4999 1000 5082 placa
1015 5006 1047 5062 et
1063 4999 1191 5061 satisfac
1207 4999 1248 5071 ei,
1265 4999 1390 5062 veniam
1408 5001 1608 5082 postulando,
1625 5011 1657 5065 et

13 5121 28 5160 r.
38 5123 81 5170 nr.
106 5100 144 5162 de
169 5099 293 5164 Christo
315 5101 474 5182 scriptum
496 5108 554 5174 est,
576 5101 678 5182 Coepit
699 5101 789 5164 lesus
812 5101 855 5162 fa·
910 5098 1143 5170 satisfaciendo,
1170 5098 1347 5160 secundum
1372 5099 1563 5180 exigentiam
1589 5101 1655 5163 cul·

106 5219 180 5261 cere
203 5205 234 5260 et
255 5200 379 5274 docere,
398 5199 558 5280 quomodo
580 5217 655 5280 crgo
679 5218 765 5260 nnnc
790 5207 854 5262 tarn
910 5215 967 5278 pae.
992 5195 1188 5277 Obsequium
1208 5195 1295 5258 enim
1316 5215 1372 5260 seu
1392 5199 1529 5260 servitus
1548 5208 1655 5263 nostra

105 5299 251 5361 districte
265 5299 394 5362 damnat
410 5316 464 5361 eos
480 5297 534 5380 qui
553 5299 734 5381 proximum
752 5298 853 5362 nomi·
909 5295 973 5359 lleo
989 5314 1052 5358 non
1072 5294 1176 5378 placet
1192 5296 1253 5357 nisi
1274 5314 1312 5358 cx
1332 5297 1462 5360 caritate
1481 5298 1651 5381 procedat:
