4154 6258
349 508 497 558 noumrm
517 509 574 556 xm
595 509 668 558 rosr
687 506 882 556 rnrmmrmr.
903 525 944 538 -
963 506 1138 556 manuario
1159 507 1191 555 m
1211 506 1406 556 nvmonmmr
1594 487 1656 552 399

141 681 307 757 Praeterea,
324 689 360 744 ut
374 682 438 745 Deo
453 680 609 744 altissimo
623 687 687 744 tam
704 679 891 744 decenterll
907 697 1004 762 quam
1019 697 1126 742 amara
1141 679 1183 742 sit
1198 695 1298 758 mors;
1310 696 1406 761 quam
1421 676 1601 740 districtum
1616 692 1653 736 ac

102 787 135 839 et
155 797 237 861 pure
259 779 393 861 obsequi
413 780 587 853 valeamus,
604 779 780 860 cogitemus
799 797 853 841 sae·
908 778 1208 842 metuendissimum
1224 778 1267 840 sit
1280 777 1336 839 llei
1350 775 1521 857 judicium,
1538 775 1569 836 in
1590 790 1654 856 quo

102 877 238 958 pissime
258 878 343 960 quod
366 877 434 959 ipse
454 878 537 940 [leus
560 877 776 940 indesinenter
795 894 853 939 nos
908 877 1003 939 etiam
1024 876 1063 939 de
1082 877 1170 940 omni
1190 875 1288 938 verbo
1307 874 1408 938 otioso
1432 873 1587 954 exigenda
1605 879 1654 934 est
1668 888 1802 942 uernae,

103 975 252 1058 adspicit,
269 985 302 1039 et
316 994 410 1040 omne
426 976 511 1059 quod
531 975 617 1038 intus
633 975 775 1059 lorisque
789 976 853 1055 agi·
908 976 1007 1054 ratio;
1032 994 1128 1058 quam
1153 973 1365 1038 intolerabilia
1387 991 1424 1035 ac
1448 970 1654 1034 acerbissima
1668 956 1701 996 ³⁶·

103 1093 189 1148 mus,
215 1073 392 1138 clarissime
422 1075 575 1148 intuetur,
601 1093 660 1136 nec
686 1073 852 1136 minimam
908 1074 972 1136 sint
988 1073 1106 1136 inlerni
1124 1080 1292 1146 tormenta,
1311 1079 1342 1134 et
1360 1077 1478 1153 quanta
1496 1070 1538 1132 sit
1556 1069 1654 1132 beati·

104 1173 234 1255 culpam
260 1173 394 1235 dimittit
415 1172 560 1236 inultam.
581 1173 703 1235 ldcirco
729 1173 760 1235 in
782 1171 853 1254 ejus
908 1172 1268 1236 tudocoelestis.llorum
1282 1167 1493 1233 consideratio
1506 1168 1545 1231 ad
1559 1185 1654 1231 omne

103 1271 276 1353 praeseutia
294 1278 389 1354 atque
409 1271 527 1334 intuitu
543 1271 680 1353 turpiter
699 1289 802 1352 agere,
820 1270 855 1333 il·
908 1270 1029 1334 bouum
1045 1288 1102 1332 nos
1119 1269 1230 1332 incitet
1247 1275 1279 1330 et
1298 1267 1488 1340 inflammet,
1504 1265 1654 1349 quemad-

105 1371 194 1432 licite
210 1369 308 1452 loqui,
325 1369 408 1432 male
428 1369 577 1450 cogitare,
593 1369 708 1433 vitiose
726 1377 854 1452 appete·
909 1369 1040 1430 modum
1060 1368 1089 1430 S.
1107 1367 1317 1450 Hieronymus
1335 1365 1440 1447 primo
1455 1364 1537 1427 libro
1555 1363 1655 1426 Vitas-

105 1486 150 1540 rc‚
168 1467 253 1532 bona
272 1469 419 1532 omittere
437 1468 676 1544 erubescamus,
693 1487 767 1531 cum
787 1469 855 1532 Elia
909 1472 1036 1547 patrum
1066 1463 1164 1527 relert
1196 1464 1235 1526 de
1269 1463 1406 1545 quodam
1438 1460 1534 1524 tratre
1562 1462 1654 1525 loan-

7 1588 29 1632 ιιι
41 1588 92 1641 nep.
105 1575 136 1628 et
157 1567 264 1631 Eliseo
282 1567 424 1631 dieentes
441 1585 448 1630 :
465 1567 551 1630 Vivit
571 1566 733 1641 Dominus,
751 1567 783 1629 in
803 1587 855 1630 cu·
910 1581 960 1638 ne,
977 1563 1110 1626 eremita
1124 1561 1334 1625 sanctissimo.
1352 1561 1410 1635 Qui
1430 1579 1529 1642 quum
1550 1560 1655 1642 primo

4 1655 55 1768 ἒβη
63 1649 92 1756 1Ιὲ
104 1665 158 1745 jus
173 1671 347 1748 conspectu
366 1672 415 1728 sto
434 1665 538 1728 bodie.
555 1665 626 1729 llaec
644 1663 855 1729 consideratio
908 1661 1074 1723 transisset
1095 1660 1135 1722 ad
1164 1660 1372 1723 habitandum
1397 1658 1430 1721 in
1455 1677 1573 1732 eremo,
1599 1676 1656 1741 per
1737 1681 1741 1698 ¹

108 1762 210 1825 movit
224 1763 322 1826 David
338 1781 445 1844 regem
459 1763 499 1826 ad
513 1763 653 1826 virtuose
667 1763 853 1836 vivendum,
909 1767 973 1822 tres
996 1777 1095 1822 annos
1120 1759 1288 1822 continuos
1312 1757 1373 1821 snb
1397 1758 1563 1839 cujusdam
1588 1756 1656 1820 saxi

4 1861 285 1931 =2.m1n‚secundum
315 1862 400 1944 quod
430 1862 572 1945 loquitur
600 1863 664 1925 [leo
690 1881 697 1926 ι
725 1861 853 1925 Servavi
871 1860 895 1922 B
910 1877 990 1940 rupe
1005 1876 1132 1940 semper
1146 1865 1231 1920 stans
1246 1857 1358 1929 oravit,
1375 1857 1418 1919 ita
1436 1863 1472 1919 ut
1490 1873 1655 1938 nunquam

4 1949 18 1988 ⁵·
107 1960 257 2022 mandata
280 1967 335 2022 tua
356 1968 388 2023 et
407 1961 591 2024 testimonia
612 1968 677 2036 tua,
694 1962 770 2044 quia
789 1978 854 2023 om·
910 1957 1034 2020 sederet
1046 1976 1147 2040 neque
1157 1956 1283 2037 jaceret
1293 1955 1398 2020 Somni
1411 1963 1518 2018 autem
1531 1961 1655 2016 tantum

107 2077 163 2120 nes
187 2059 247 2122 viae
270 2077 348 2122 meae
371 2057 403 2120 in
427 2067 599 2140 conspectu
621 2066 685 2121 tuo.
708 2058 855 2122 Conside·
910 2055 1058 2138 sumpsit,
1075 2061 1230 2138 quantum
1246 2063 1331 2117 stans
1347 2073 1460 2137 capere
1475 2053 1596 2136 potuit;
1612 2053 1657 2115 ci-

107 2175 215 2219 remus
231 2164 386 2238 quantum
407 2156 625 2238 indignaretur
641 2175 695 2219 rex
709 2164 854 2218 terrenus
910 2154 986 2218 bum
1002 2172 1078 2217 vero
1094 2171 1158 2216 non
1173 2154 1312 2235 sumpsit
1328 2153 1391 2215 uisi
1411 2153 1463 2216 die
1482 2152 1654 2216 dominico.

107 2254 261 2330 mortalis,
279 2255 305 2316 si
321 2255 393 2337 quis
408 2273 446 2318 eo
462 2255 652 2337 inspiciente
667 2263 698 2318 et
712 2255 854 2318 adstante
909 2254 1006 2316 Pedes
1023 2271 1150 2336 quoque
1166 2251 1279 2334 ipsius,
1296 2269 1334 2314 eo
1353 2252 1438 2334 quod
1457 2251 1580 2314 tamdiu
1599 2251 1657 2314 im-

105 2361 304 2436 praeeeptum
320 2353 421 2436 ipsius
435 2353 708 2434 transgrederetur
724 2372 731 2417 :
750 2371 854 2416 nonne
911 2351 1044 2416 mobiles
1060 2357 1221 2426 steterant,
1229 2350 1556 2433 dirumpebantur,ita
1571 2349 1656 2432 quod

105 2472 138 2514 se
163 2452 263 2514 nimis
287 2452 409 2535 despici
437 2453 606 2534 judicaret,
631 2459 727 2534 atque
752 2452 855 2515 distri·
909 2450 1013 2514 sanies
1029 2469 1067 2513 ex
1083 2451 1129 2512 eis
1148 2449 1311 2533 profluxit.
1329 2449 1444 2512 Tribus
1461 2450 1590 2512 demum
1605 2468 1658 2511 au-

106 2559 191 2613 ctam
216 2550 349 2614 inferret
372 2551 572 2614 vindictami
596 2551 754 2624 Quantum
780 2567 855 2632 ergo
909 2549 959 2612 nis
982 2549 1160 2631 completis,
1176 2547 1298 2611 adstitit
1317 2549 1347 2611 ei
1366 2548 1504 2630 angelus,
1520 2548 1654 2612 dicens:

105 2650 291 2731 indignatur
310 2649 404 2723 Deus,
422 2668 476 2712 rex
495 2649 699 2732 omnipotens
718 2656 749 2712 et
768 2657 855 2714 ater·
910 2649 1063 2712 Dominus
1087 2654 1194 2711 noster
1217 2648 1306 2709 lesus
1331 2646 1475 2710 cbristus
1498 2646 1656 2711 orationes

105 2767 176 2824 nne,
196 2748 306 2830 impiis
325 2746 509 2830 vilibusque
531 2747 716 2812 bominibus
736 2749 792 2832 qui
817 2765 855 2811 eo
910 2754 979 2810 tuas
992 2747 1144 2828 suscepit,
1152 2753 1184 2808 et
1197 2745 1337 2827 corporis
1350 2745 1397 2806 tui
1410 2744 1543 2808 vulnera
1555 2753 1654 2819 sanat,

105 2847 252 2909 intuente
274 2855 422 2908 exercent
443 2853 490 2909 tot
511 2847 619 2909 malai
636 2847 735 2921 Quam
755 2846 855 2910 borri-
909 2845 1111 2926 coelestisque
1134 2842 1210 2916 cibi,
1229 2843 1262 2905 id
1283 2849 1332 2905 est
1349 2842 1440 2904 verbi
1459 2861 1496 2905 ac
1515 2842 1656 2907 scientiae

105 2945 207 3008 bilem
230 2936 293 3008 suo'
310 2953 453 3026 tempore
476 2945 552 3008 lacit
570 2944 748 3008 ultioncml
764 2945 854 3008 Certe
899 2942 1068 3016 salutaris,
1084 2940 1311 3004 abundantiam
1333 2940 1393 3003 tibi
1416 2939 1557 3022 largitur.
1578 2941 1658 3004 'lan-

105 3051 228 3125 quauto
252 3061 337 3106 nunc
361 3043 481 3106 diutius
506 3043 627 3118 diflert,
651 3051 738 3106 tanto
759 3037 892 3126 pauloil
909 3059 987 3122 gens
1003 3041 1109 3122 itaque
1123 3040 1254 3121 angelus
1269 3056 1305 3102 oa
1320 3045 1352 3101 et
1366 3040 1463 3122 podes
1478 3039 1539 3102 viri
1556 3039 1657 3102 sancti

105 3151 178 3224 post
200 3140 377 3204 terribilius
398 3142 582 3204 ulciscetur.
910 3140 1008 3212 illius,
1033 3156 1163 3221 corpore
1193 3137 1332 3201 reddidit
1360 3157 1472 3200 sanum
1502 3145 1534 3200 et
1556 3138 1658 3218 gratia

145 3241 302 3323 Denique,
318 3241 358 3303 ad
373 3240 539 3304 vitandum
554 3247 695 3322 peccata,
705 3247 801 3324 atque
815 3241 855 3303 ad
910 3239 1062 3302 doctrinae
1077 3237 1213 3300 coelestis
1229 3237 1397 3319 repletum,
1408 3235 1568 3319 jussitque
1582 3255 1657 3300 eum

104 3339 207 3402 vitam
223 3339 257 3400 in
272 3337 421 3401 omnibus
437 3338 854 3414 custoditam‚lructuosam,
911 3355 1055 3401 eremum
1080 3335 1227 3410 circuire,
1251 3342 1284 3398 et
1303 3336 1426 3398 Fratres
1450 3335 1593 3418 undique
1611 3335 1658 3398 vi-

106 3436 299 3511 lerventem,
316 3436 492 3519 plurimum
516 3436 640 3500 conlert
660 3437 797 3518 diligens
820 3456 856 3499 ac
911 3435 1018 3509 sitare,
1044 3434 1212 3508 consolari,
1241 3434 1408 3496 instruere.
1440 3433 1532 3497 Dedit
1561 3433 1658 3496 etiam

4 3553 5 3560 ¹
35 3554 48 3594 ι,
59 3567 92 3604 ιιι,
106 3536 269 3620 profunda
285 3535 496 3598 consideratio
515 3543 651 3618 quatuor
669 3535 857 3600 novissimo·
912 3534 996 3596 Deus
1012 3532 1116 3597 eidem
1130 3532 1220 3595 lratri
1234 3532 1346 3595 loanni
1365 3532 1499 3614 gratiam
1512 3539 1547 3595 et
1561 3533 1659 3595 virtu-

104 3733 198 3806 dicii‚
212 3731 377 3796 infernalis
392 3730 767 3815 supplicii‚coelestisque
782 3750 857 3812 gau·
913 3730 1171 3814 quibuscumque
1195 3730 1287 3811 egris
1311 3748 1427 3812 panem
1452 3729 1658 3794 benedictum

104 3833 155 3893 dii.
163 3831 343 3913 Cogitemus
356 3831 450 3913 igitur
462 3831 616 3913 sagaciter
627 3849 663 3893 ac
677 3831 858 3912 frequenter
912 3828 1069 3903 mittebat,
1086 3846 1159 3891 mox
1177 3835 1213 3890 ut
1231 3827 1306 3891 inde
1322 3828 1540 3903 comederunt,
1557 3827 1659 3892 sanati

104 3949 203 4013 quam
219 3929 336 4004 brevis,
351 3930 471 3993 incerta
485 3937 517 3992 et
531 3929 627 3992 lallax
642 3929 683 3991 sit
697 3928 762 3991 vita
776 3929 855 4004 baec,
913 3935 997 3990 sunt.

506 4361 809 4449 ENARRATIO
842 4359 897 4448 IN
931 4359 1268 4448 EVANGELIUM

375 4631 466 4678 autu
491 4631 577 4678 ocum
602 4631 654 4685 om
679 4629 792 4676 monor
817 4629 885 4684 oon
909 4629 966 4675 vos
991 4627 1121 4674 vrnnrrs.
1143 4610 1217 4673 Luc.
1240 4628 1271 4684 ιι,
1291 4607 1396 4672 23-37.

139 4911 168 4976 N
189 4909 361 4992 evangelio
382 4909 536 4973 hodierno
557 4907 778 4991 principaliter
797 4905 897 4969 trial)
913 4905 1050 4968 duomm
1074 4903 1302 4987 principalium
1330 4904 1561 4970 mandatorum.
1587 4904 1659 4970 'ler-

156 5017 347 5092 tanguntur.
373 5008 515 5071 Primum
544 5015 592 5069 est
615 5005 789 5069 consolatio
812 5005 857 5066 di·
913 5004 995 5066 tium
1015 5011 1063 5066 est
1083 5004 1249 5066 instructio
1266 5003 1339 5085 quis
1361 5004 1402 5066 sit
1421 5005 1586 5085 proximus
1608 5025 1660 5070 ou·

102 5113 311 5197 scipulorum
337 5106 462 5171 Christi.
484 5105 667 5168 Secundum
691 5111 740 5166 est
760 5102 857 5166 inler-
912 5102 1046 5185 juslibet
1064 5102 1214 5166 bominis.

102 5213 208 5278 matio
224 5207 371 5273 omnium
386 5205 638 5268 Christianomm
658 5203 697 5266 de
716 5219 859 5264 necessa·
954 5202 1062 5283 ltaque
1076 5203 1166 5261 dicit
1179 5204 1272 5264 lesus
1282 5202 1455 5276 discibulis
1464 5203 1533 5262 suis
1542 5207 1660 5267 :Beati

101 5315 162 5379 riis
182 5311 228 5375 ad
248 5307 394 5381 sulutem,
410 5303 561 5380 videlicet
578 5302 617 5366 de
636 5301 857 5366 observatione
911 5300 1067 5378 oculiqui
1076 5299 1657 5378 videntquoecosoidetis.Dicoecim
