4192 6258
418 505 479 570 blo
609 521 757 570 nouimus
778 521 854 569 xvru
874 521 947 568 rosr
967 517 1161 567 rmmmrau.
1183 538 1223 548 —
1243 519 1499 584 unaru1o10s0s;
1522 521 1620 568 snnuo
1641 521 1778 577 ooanrns

420 694 591 757 ricordiam
612 694 682 775 ejus
698 693 731 756 in
750 693 901 756 omnibus
916 711 974 776 pro
993 699 1058 756 toto
1077 710 1170 776 posse
1185 691 1211 756 A
1224 711 1299 756 vere
1320 711 1356 755 ac
1378 692 1588 756 saluberrime
1614 691 1792 755 illustratur
1812 691 1851 754 ad
1872 691 1963 775 inspi-

421 792 678 874 magnilicemus,
703 793 880 867 laudemus,
909 791 1107 854 admiremur
1134 809 1170 853 ac
1225 790 1373 854 ciendum
1403 810 1438 854 ac
1464 791 1694 874 deplorandum
1719 807 1794 854 suos
1818 789 1964 862 delectus,

421 910 623 967 veneremur,
646 891 817 973 diligamus
840 898 871 954 et
891 909 1068 954 vereamur.
1225 896 1257 951 et
1285 889 1442 952 excitatur
1470 890 1509 951 ad
1534 889 1790 952 emendationem
1817 896 1850 951 et
1872 888 1966 971 prole

460 989 614 1054 Praeterea
628 989 868 1053 consideremus
889 988 1026 1071 qualiter
1042 993 1170 1050 sanctus
1226 994 1313 1050 ctum
1337 988 1368 1050 in
1393 988 1554 1052 omnibus.
1577 987 1684 1070 Aliqui
1708 1005 1837 1070 quoque
1861 987 1966 1049 studiis

421 1087 591 1169 Apostolus
607 1088 639 1150 in
655 1087 804 1170 praesenli
825 1085 959 1168 epistola
974 1104 1047 1149 suos
1065 1085 1170 1147 laudat
1226 1087 1293 1148 suis
1313 1085 1410 1148 nimis
1430 1086 1485 1148 diu
1508 1085 1671 1161 insistunt,
1688 1085 1732 1148 ita
1747 1085 1851 1148 utrix
1869 1084 1907 1147 ab
1925 1085 1966 1148 eis

286 1205 406 1257 leuans
421 1185 597 1269 discipulos
615 1204 622 1247 τ
639 1187 673 1248 ln
689 1185 839 1248 omnibus
853 1184 986 1266 (inquit)
1001 1184 1116 1247 divites
1131 1182 1172 1246 la·
1226 1185 1350 1266 possint
1368 1183 1463 1246 avelli
1484 1183 1561 1245 dum
1581 1182 1797 1266 spiritualiora
1816 1201 1852 1246 ac
1874 1183 1966 1263 magis

273 1273 294 1312 ⁷·
422 1285 464 1346 cti
487 1284 564 1346 estis
587 1284 619 1347 in
642 1283 777 1356 Christo,
794 1283 826 1344 in
853 1283 940 1345 omui
964 1281 1061 1344 verbo
1085 1281 1170 1343 etin
1226 1281 1333 1344 debita
1354 1288 1430 1344 sunt
1449 1281 1601 1344 exercitia
1622 1281 1812 1364 peragenda.

422 1382 510 1444 omni
535 1382 680 1456 scientia,
698 1381 741 1443 ita
762 1387 798 1442 ut
820 1380 901 1442 nibil
922 1380 1014 1442 vobis
1036 1379 1118 1442 desit
1137 1379 1170 1441 in
1264 1380 1539 1454 Quemadmodum
1561 1397 1637 1461 ergo
1661 1379 1759 1442 ceteri
1784 1387 1873 1441 actus
1897 1378 1967 1440 boni

421 1478 487 1542 ulla
502 1480 611 1560 gratia.
629 1479 800 1542 Videamus
815 1495 890 1559 ergo
904 1497 943 1540 an
965 1478 1061 1540 etiam
1077 1477 1170 1540 nobis
1225 1477 1342 1541 debitis
1365 1478 1521 1541 virtutum
1551 1477 1803 1540 circumstantiis
1831 1484 1904 1540 sunt
1925 1495 1969 1538 or·

422 1578 593 1641 conveniat
608 1579 667 1641 ista
683 1578 891 1652 laudatio,vel
906 1584 1061 1660 quantum
1077 1576 1171 1638 dista·
1226 1577 1333 1650 nandi,
1348 1577 1391 1639 ita
1407 1582 1438 1638 et
1453 1575 1595 1637 studium
1612 1595 1668 1638 seu
1685 1575 1791 1650 lectio,
1804 1583 1838 1637 ut
1853 1575 1967 1637 scilicet

420 1695 493 1738 mus
508 1676 549 1739 ab
570 1695 616 1739 ea.
633 1676 738 1738 Primo
755 1693 830 1757 ergo
850 1675 1033 1738 intueamur
1047 1694 1086 1737 an
1106 1674 1170 1757 spi·
1224 1683 1298 1757 apto
1314 1674 1383 1737 loco
1399 1681 1431 1736 et
1444 1681 1590 1757 tempore
1609 1673 1668 1736 liat
1687 1693 1761 1736 cum
1783 1673 1966 1736 discretione

420 1775 578 1838 ritualiter
593 1775 707 1838 divites
724 1775 824 1837 simus
845 1774 877 1836 in
898 1773 986 1836 omni
1002 1773 1109 1848 verba,
1127 1774 1169 1836 ita
1225 1780 1256 1835 et
1270 1781 1356 1836 recta
1376 1773 1563 1835 intentione.
1581 1773 1625 1834 Ea
1644 1790 1772 1854 quoque
1793 1772 1968 1834 studeamus

419 1881 455 1935 ut
469 1874 611 1955 linguam
631 1881 772 1937 nostram
792 1873 931 1936 sciamus
951 1871 1112 1934 refrenare
1132 1891 1168 1935 ac
1183 1872 1206 1934 B
1225 1890 1295 1952 quae
1310 1878 1425 1934 nostrae
1441 1869 1542 1952 magis
1557 1879 1735 1933 consonant
1749 1869 1916 1942 vocationi,
1932 1889 1967 1931 ex

418 1978 598 2054 temperare
613 1972 646 2033 in
666 1971 827 2046 omnibus,
844 1980 939 2053 atque
960 1970 993 2033 in
1009 1971 1168 2052 loquendo
1224 1968 1341 2052 quibus
1367 1969 1400 2031 in
1426 1969 1514 2031 omni
1538 1969 1657 2031 virtute
1678 1976 1712 2030 et
1733 1969 1835 2050 gratia
1857 1975 1967 2030 nostre

419 2077 451 2132 et
465 2070 561 2132 etiam
579 2071 611 2132 in
628 2070 762 2132 tacendo
777 2087 953 2150 congruum
970 2076 1109 2151 tempus,
1123 2068 1167 2132 lo·
1223 2066 1414 2149 professioni
1435 2067 1614 2130 necessaria
1633 2072 1665 2128 et
1684 2067 1888 2130 accommoda
1905 2085 1967 2128 am-

419 2187 494 2231 cum
517 2175 549 2231 et
573 2169 705 2230 modum
727 2185 871 2248 servare;
888 2167 976 2242 item,
992 2186 1032 2229 an
1054 2166 1168 2230 babea—
1222 2166 1307 2249 plius
1324 2183 1477 2240 crescere,
1489 2164 1675 2228 confirmari
1693 2164 1871 2247 perlicique
1886 2165 1965 2226 vale

419 2285 491 2328 mus
506 2267 639 2348 gratiam
655 2265 745 2328 verbi
766 2265 904 2328 coelestis
925 2265 957 2328 in
974 2265 1166 2328 consolando
1222 2283 1305 2340 mus,
1317 2265 1400 2328 sicut
1415 2264 1448 2327 in
1464 2264 1688 2327 Ecclesiastico
1703 2263 1820 2345 legitur
1831 2281 1839 2324 :
1850 2263 1965 2326 Altiora
1990 2284 2044 2327 rea
2061 2319 2069 2324 .

418 2370 566 2438 tentatos,
589 2363 739 2439 afflictos,
765 2363 997 2446 pusillanimes,
1024 2371 1164 2440 moestos,
1221 2371 1253 2425 te
1268 2381 1307 2425 ne
1323 2363 1498 2444 quesieris,
1515 2370 1547 2424 et
1561 2361 1693 2424 tortiora
1707 2371 1739 2424 te
1754 2380 1794 2424 ne
1813 2350 2029 2424 scrutatus²³'²¹

419 2462 453 2524 in
473 2461 675 2544 corripiendo
697 2461 929 2543 delinquentes,
946 2462 979 2523 in
999 2462 1166 2524 exhortari·
1221 2461 1339 2540 lueris3
1362 2462 1417 2524 sed
1442 2480 1512 2544 quae
1536 2461 1690 2544 praecepit
1713 2459 1774 2524 tibi
1797 2461 1889 2534 Deus,
1915 2460 1966 2523 illa

418 2561 459 2622 do
483 2559 681 2643 pigritantes,
705 2559 737 2621 in
763 2559 949 2622 instruendo
972 2559 1108 2640 ignaros,
1133 2559 1166 2621 iu
1221 2560 1325 2641 cogita
1353 2578 1491 2644 semper,
1519 2566 1550 2622 et
1580 2559 1613 2620 in
1641 2558 1792 2642 pluribus
1820 2558 1967 2641 operibus

418 2659 625 2742 perterrendo
656 2665 937 2741 presumptuosos,
969 2658 1002 2721 in
1033 2659 1167 2721 commi·
1222 2659 1292 2739 ejus
1316 2677 1357 2722 ne
1381 2657 1481 2720 fueris
1501 2657 1657 2720 curiosus.
1675 2657 1743 2720 Nou
1765 2657 1917 2720 estenim
1936 2657 1969 2718 ti-

418 2757 523 2819 nando
546 2756 634 2818 duris
656 2763 687 2818 et
709 2755 887 2830 obstinatis,
906 2774 946 2818 ne
966 2755 1086 2838 aliquid
1112 2756 1166 2819 bo·
1222 2756 1254 2818 bi
1280 2756 1508 2831 necessarium,
1532 2774 1569 2818 ea
1591 2775 1662 2838 quae
1688 2754 1876 2818 abscondita
1898 2764 1968 2817 sunt

417 2875 490 2918 rum
506 2854 610 2918 lacere
626 2861 797 2938 presumat
812 2855 865 2937 qui
880 2855 1014 2935 gratiam
1030 2855 1062 2916 id
1077 2873 1167 2936 agen·
1221 2855 1330 2918 videre
1359 2855 1461 2917 oeulis
1488 2855 1552 2916 tuis
1578 2872 1586 2916 t
1607 2855 1679 2916 ideo
1706 2854 1739 2916 in
1766 2854 1969 2936 superuacuis

269 2977 404 3031 reectum.
418 2953 449 3017 di
473 2971 536 3018 non
559 2953 666 3028 babet,
688 2953 839 3036 quoniam
865 2953 1020 3035 scriptum
1045 2962 1093 3016 est
1110 2971 1116 3014 :
1133 2954 1166 3016 Si
1222 2953 1318 3016 rebus
1340 2954 1406 3016 noli
1431 2953 1566 3016 scrutari
1590 2951 1826 3034 multipliciter.
1843 2953 1969 3016 Studea-

418 3060 466 3114 est
490 3051 548 3114 tibi
573 3071 697 3127 sensus,
723 3051 879 3133 responde
904 3052 1051 3134 proximo
1075 3060 1130 3114 tuo
1156 3069 1162 3113 :
1181 3055 1203 3119 (l
1223 3071 1294 3114 mus
1310 3052 1417 3134 itaque
1433 3069 1497 3114 non
1518 3070 1590 3134 quae
1605 3050 1707 3132 magis
1722 3051 1893 3125 delectant,
1909 3069 1969 3112 non

417 3151 537 3233 alioqui
557 3151 599 3213 sit
619 3169 732 3213 manus
752 3158 806 3212 tua
825 3169 921 3232 super
939 3167 975 3213 os
993 3157 1096 3213 tuum.
1113 3151 1165 3214 Ni·
1221 3171 1292 3233 quae
1308 3147 1968 3231 curiositatem,vanitatem,loquacitatem

417 3249 485 3312 bilo
514 3249 620 3312 minus
650 3249 872 3332 unusquisque
900 3248 996 3311 saciat
1020 3249 1079 3312 ista
1107 3267 1165 3333 pro
1219 3249 1405 3330 jactantiam
1434 3248 1581 3311 nutriunt
1605 3254 1637 3309 et
1662 3246 1822 3310 inutiliter
1842 3255 1969 3329 tempus

417 3365 512 3430 posse
534 3366 602 3422 suo,
625 3347 695 3410 loco
716 3355 748 3410 et
767 3355 912 3430 tempore
933 3356 1122 3429 opportuno.
1221 3365 1408 3410 consumere
1432 3346 1566 3421 iaciunt,
1592 3345 1648 3408 sed
1672 3365 1745 3428 quae
1767 3365 1841 3409 vere
1869 3347 1968 3427 magis

457 3447 591 3528 Insuper
614 3445 780 3509 videamus
804 3463 844 3508 an
869 3445 984 3508 divites
1008 3445 1109 3508 simus
1131 3447 1165 3508 in
1220 3446 1403 3529 expediunt.
1420 3445 1485 3509 Nec
1500 3444 1730 3507 obliviscamur
1744 3445 1828 3526 quod
1844 3445 1966 3507 dictum

416 3545 505 3607 omni
527 3545 671 3619 scientia,
687 3562 797 3607 eorum
813 3543 963 3607 videlicet
981 3565 1052 3627 quc
1070 3544 1165 3626 perti·
1219 3551 1268 3606 est
1289 3561 1295 3605 :
1316 3543 1518 3606 Maledictum
1542 3541 1686 3605 studium
1709 3560 1773 3624 quo
1797 3542 1967 3623 negligitur

418 3651 495 3705 nent
509 3644 548 3705 ad
563 3643 697 3704 salutem
714 3651 746 3704 et
760 3643 799 3705 ad
819 3660 915 3705 saerae
930 3643 1053 3725 paginae
1072 3642 1164 3705 intel·
1219 3641 1364 3705 divinum
1386 3641 1549 3704 Officium.
1566 3641 1634 3703 lmo
1655 3641 1814 3722 ingratum
1833 3648 1883 3702 est
1900 3641 1966 3723 Spi-

417 3740 543 3802 lectum.
552 3739 668 3802 Omnes
684 3739 804 3822 quippe
819 3738 965 3802 homines
980 3741 1165 3802 naturaliter
1219 3740 1295 3802 ritui
1315 3741 1430 3803 Sancto
1452 3739 1609 3822 quidquid
1628 3739 1659 3800 ei
1680 3737 1845 3814 obtuleris,
1863 3739 1966 3820 negle

418 3839 500 3901 scire
520 3839 718 3918 desiderant;
736 3839 790 3901 scd
810 3839 843 3901 in
863 3839 1021 3902 desiderio
1040 3840 1095 3903 illo
1112 3860 1164 3902 na·
1219 3847 1270 3902 cto
1293 3858 1331 3903 eo
1351 3840 1390 3902 ad
1415 3839 1500 3923 quod
1521 3838 1651 3902 teneris.
1676 3837 1721 3899 Ea
1744 3855 1871 3920 quoque
1896 3857 1963 3920 que

417 3938 512 4000 turali
528 3938 620 4000 multi
636 3936 844 4019 negligenter,
860 3938 995 4013 curiose,
1012 3938 1165 4001 infructu·
1219 3938 1365 4019 legimus,
1381 3937 1581 4021 applicemus
1601 3936 1640 3999 ad
1658 3937 1794 4020 praxim,
1810 3937 1888 4019 quia
1905 3935 1962 3998 sci·
1987 3959 2071 4002 reas.

416 4055 482 4112 ose,
493 4036 557 4100 imo
572 4043 604 4099 et
618 4037 731 4100 nocive
746 4055 780 4099 se
795 4044 963 4118 occupant,
980 4055 1044 4100 non
1058 4037 1162 4100 solum
1218 4037 1283 4100 euti
1312 4036 1444 4111 bonum,
1476 4043 1508 4098 et
1533 4053 1597 4099 non
1626 4035 1769 4110 facienti,
1797 4043 1963 4118 peccatum
1977 4025 2004 4065 ¹⁷·

417 4135 595 4210 seculares,
607 4135 661 4198 sed
678 4135 754 4197 item
772 4134 922 4216 religiosi,
934 4135 989 4218 qui
1005 4137 1044 4197 ad
1061 4136 1162 4198 scien·
1217 4144 1265 4198 est
1286 4135 1343 4198 illi.

417 4234 494 4296 dum
510 4252 547 4296 ea
562 4253 633 4316 queo
647 4233 774 4297 Ordinis
790 4233 840 4296 sui
856 4241 930 4296 sunt
948 4242 980 4296 et
994 4233 1162 4298 observan-
1177 4242 1203 4304 D
1250 4233 1407 4316 Deinceps
1423 4232 1634 4315 inspiciamus
1650 4250 1709 4314 pro
1723 4249 1817 4314 posse
1830 4250 1871 4294 an
1886 4231 1965 4294 nibil

415 4333 492 4395 tiam
516 4332 693 4414 regularem
714 4337 922 4405 concernunt,
939 4339 1013 4394 sunt
1030 4333 1111 4395 tardi
1131 4341 1163 4396 et
1217 4333 1299 4396 desit
1320 4331 1413 4395 nobis
1436 4331 1468 4394 in
1490 4330 1556 4393 ulla
1579 4331 1691 4411 gretia,
1707 4329 1801 4393 nobis
1818 4330 1965 4393 videlicet

415 4429 707 4513 defectuosi,atque
722 4430 761 4492 ad
777 4429 942 4492 sciendum
958 4430 1164 4513 impertinen-
1218 4433 1396 4495 necessaris
1422 4431 1461 4493 ad
1486 4430 1622 4493 salutem
1639 4447 1646 4492 :
1663 4449 1704 4492 an
1727 4429 1818 4511 juxta
1839 4429 1965 4492 Ordinis

416 4528 460 4589 tia
475 4547 540 4590 suae
554 4527 723 4602 vocationi,
741 4535 815 4589 suut
835 4528 980 4604 studiosi,
998 4529 1115 4592 curiosi
1131 4538 1164 4592 et
1218 4531 1317 4594 nostri
1334 4530 1476 4611 regulam
1493 4548 1550 4592 seu
1566 4535 1684 4592 statuta
1698 4528 1792 4610 digne
1806 4528 1870 4590 Deo
1885 4528 1966 4590 visa

415 4624 541 4687 fervidi.
558 4625 646 4686 ltlulti
671 4643 799 4707 quoque
823 4624 976 4688 libentius
999 4626 1108 4708 legunt
1132 4635 1164 4690 et
1218 4649 1301 4704 mus,
1314 4629 1427 4691 idonee
1444 4627 1670 4711 proficiamus3
1686 4646 1727 4689 an
1743 4645 1779 4690 ca
1793 4645 1864 4708 quae
1879 4625 1966 4688 Ordi-

415 4722 544 4784 student
559 4721 689 4784 subtilia
703 4730 736 4785 et
750 4722 938 4786 scholastica
952 4732 1006 4786 aut
1021 4724 1164 4789 historia·
1218 4729 1268 4790 nis
1284 4735 1369 4802 sunt,
1386 4726 1537 4790 inviolate
1553 4744 1728 4788 servemus.
1741 4725 1818 4787 Puto
1832 4725 1917 4806 quod
1934 4724 1965 4786 in

415 4819 469 4894 lia,
486 4838 556 4903 quaa
576 4819 740 4901 ingenium
763 4821 971 4884 immoderate
993 4833 1160 4906 occupant,
1218 4828 1277 4889 bac
1297 4826 1550 4890 consideratione
1570 4824 1802 4907 compellemur
1818 4823 1966 4886 humilia-

415 4925 447 4980 et
474 4936 492 4980 a
521 4918 698 4981 devotionis
727 4917 864 4994 fervore,
890 4939 908 4982 a
937 4919 1057 4982 salubri
1086 4939 1162 4984 con·
1218 4945 1252 4988 re
1273 4932 1305 4988 et
1325 4925 1488 5007 aspernari
1511 4941 1569 4987 nos
1590 4923 1688 5005 ipsos,
1706 4930 1738 4984 et
1756 4922 1967 4985 conversatio

415 5016 556 5079 scientie
571 5008 771 5079 discussione
785 5017 1162 5099 impediuntmemoriam
1217 5044 1291 5087 nem
1324 5031 1464 5087 nostram
1492 5040 1551 5106 pro
1581 5022 1684 5085 nihilo
1714 5029 1872 5104 reputare,
1902 5039 1966 5083 me·

415 5115 565 5189 lacerant,
582 5134 677 5197 quam
698 5115 795 5178 libros
815 5117 1031 5181 devotionales
1054 5138 1162 5182 mona·
1217 5124 1329 5206 gisque
1359 5122 1596 5186 damnationem
1625 5121 1730 5184 vereri
1760 5139 1855 5202 quam
1886 5135 1966 5182 vane

414 5213 520 5287 sticos,
537 5232 576 5276 ex
591 5230 728 5296 quorum
750 5214 854 5277 studio
874 5215 1019 5297 diligenti
1035 5218 1160 5282 inllam·
1217 5239 1412 5305 presumere
1427 5227 1481 5284 aut
1500 5219 1660 5301 nosipsos
1677 5219 1808 5300 iactare,
1824 5237 1862 5282 eo
1880 5218 1965 5300 quod

414 5318 519 5376 matur
542 5312 682 5388 dilectio,
699 5311 838 5375 nutritur
860 5315 996 5391 devotio,
1014 5324 1046 5380 et
1069 5337 1160 5382 mens
1217 5329 1381 5404 apatrum
1401 5326 1582 5383 nostrorum
1600 5318 1852 5393 conversatione,
1867 5334 1889 5379 a
1906 5336 1964 5400 pu-
