4154 6258
454 459 514 526 430
800 477 946 526 nourruca
968 477 1020 524 xiv
1040 477 1114 524 aosr
1133 474 1327 524 mrmrarnn.
1348 494 1389 506 -
1409 475 1507 524 sarno
1526 475 1652 526 rannus

454 650 592 713 candum
608 649 708 731 magis
723 649 914 722 accenditur,
925 649 1000 732 quia
1015 656 1050 710 ut
1065 647 1204 730 loquitur
1219 647 1244 711 A
1259 648 1384 730 plexus,
1414 648 1532 724 oscula,
1559 656 1591 712 et
1618 647 1779 732 graviora3
1802 667 1839 710 ex
1863 647 1964 711 arantis
2048 690 2049 714 2

455 747 663 829 Augustinus,
679 749 816 812 delectat
831 765 963 831 peccare
975 765 982 809 :
994 749 1021 811 si
1037 748 1123 810 enirn
1139 764 1203 809 non
1258 765 1386 829 quoque
1402 754 1577 809 nascuntur
1594 746 1697 821 dolus,
1714 745 1965 818 mendaciumiur-

454 846 634 922 delectaret,
645 865 709 910 non
725 846 826 909 lieret.
842 847 922 909 Usus
936 863 1064 928 quoque
1079 852 1127 909 est
1141 844 1204 907 vel·
1258 852 1338 919 tum,
1361 845 1483 926 rapina,
1505 845 1695 927 perjurium.

456 952 491 1006 ut
512 945 611 1008 altera
634 954 756 1008 natura.
782 945 871 1007 Unde
894 951 1013 1027 quanto
1036 944 1109 1026 quis
1131 943 1204 1026 plus
1298 942 1461 1017 Praeterea,
1479 943 1728 1006 considerandus
1749 949 1796 1004 est
1814 941 1912 1004 modus
1927 961 1965 1004 cu-

453 1044 690 1126 appropinquat
711 1044 750 1106 ad
774 1043 1038 1107 consuetudinem
1061 1059 1202 1124 pravum,
1259 1041 1390 1103 rationis
1412 1041 1610 1124 leprosorum
1636 1042 1779 1105 istorum.
1795 1039 1876 1103 Circa
1894 1059 1964 1121 quen

454 1148 541 1206 tanto
556 1141 671 1204 fortius
687 1141 860 1204 inclinatur
874 1140 913 1202 ad
929 1140 1016 1204 vitia.
1034 1140 1135 1220 Hujus
1149 1158 1203 1201 au·
1259 1140 1459 1222 pensandum
1479 1148 1527 1202 est
1544 1159 1551 1203 :
1567 1140 1683 1214 Primo,
1701 1139 1785 1221 quod
1800 1137 1886 1200 simul
1898 1157 1966 1200 rane·

453 1246 519 1302 tem
546 1239 591 1303 rei
617 1239 726 1303 multae
755 1246 830 1302 sunt
853 1257 965 1302 causae.
991 1238 1105 1312 Prima,
1129 1256 1203 1299 nam
1260 1245 1342 1299 runt.
1361 1237 1412 1300 Sic
1434 1257 1518 1301 unus
1540 1245 1689 1321 peccator
1709 1237 1803 1300 debet
1822 1237 1907 1298 alium
1922 1243 1965 1297 tn·

455 1346 574 1420 quanto
604 1338 676 1420 quis
705 1337 833 1419 gravius
863 1343 984 1419 peccat,
1015 1344 1102 1399 tanto
1131 1335 1204 1418 plus
1259 1335 1334 1398 here
1356 1355 1464 1398 secum
1485 1338 1523 1399 ad
1545 1336 1778 1420 poenitendum,
1795 1334 2048 1400 dicendarum

454 1436 556 1499 Deum
578 1435 725 1511 oileudit,
741 1442 773 1497 et
797 1436 1010 1518 quantoplus
1033 1435 1133 1496 Deum
1157 1433 1203 1496 ol·
1259 1434 1479 1517 paenitentiam
1502 1453 1565 1498 non
1588 1435 1760 1516 egerimus,
1777 1450 1878 1496 omnes
1893 1422 1987 1496 simul⁵·

454 1534 666 1610 lendit,tanto
681 1534 754 1617 plus
768 1553 786 1596 a
801 1533 865 1596 Deo
881 1533 1089 1615 relinquitur3
1105 1551 1204 1615 quan·
1259 1532 1446 1615 peribimus.
1474 1534 1629 1608 Secundo,
1656 1533 1733 1616 quia
1755 1553 1772 1595 a
1796 1532 1879 1613 longe
1898 1539 1966 1594 stata·

453 1640 487 1698 to
507 1641 614 1696 autem
635 1633 708 1716 plus
727 1652 745 1696 a
765 1633 828 1695 Deo
848 1632 1051 1714 relinquitur,
1068 1639 1154 1693 tanto
1170 1632 1201 1693 in
1258 1639 1343 1706 runt,
1359 1633 1629 1714 quemadmodum
1652 1631 1862 1715 publicanus:
1877 1630 1903 1692 in
1920 1647 1966 1712 quo
1981 1650 2050 1698 [hild-i

455 1733 576 1815 maiora
598 1751 636 1796 ac
661 1733 753 1815 plura
777 1739 907 1814 peccata
931 1731 1099 1793 delabitur.
1121 1730 1202 1792 Hinc
1257 1748 1366 1793 eorum
1383 1731 1548 1794 humilitas
1568 1731 1763 1813 designatur.
1780 1731 1828 1792 Sic
1845 1719 1996 1810 ciperet-¹²¹
2049 1713 2050 1786 ἶ

454 1832 493 1894 de
518 1831 627 1914 impiis
651 1831 794 1913 loquitur
818 1831 901 1892 Deus
919 1847 925 1890 :
943 1829 1056 1891 Dimisi
1079 1847 1133 1892 eos
1157 1833 1239 1896 seli
1257 1836 1306 1891 tor
1321 1830 1431 1892 volens
1450 1830 1590 1912 purgari,
1607 1829 1702 1892 debet
1722 1847 1757 1892 se
1776 1827 1968 1912 prolundebn·

333 1943 339 1955 ·
454 1931 596 1993 cundum
616 1929 773 1992 desideria
793 1927 897 1990 cordis
918 1926 1150 2001 eorum,ibunt
1169 1927 1202 1989 in
1258 1928 1499 2012 miliare‚atque
1515 1928 1778 2010 indignissimum
1792 1935 1968 2010 reputarem

453 2027 736 2092 adinventionibus
760 2027 837 2089 suis.
855 2027 1001 2089 Secunda
1025 2044 1119 2088 causa
1142 2032 1201 2100 est,
1257 2045 1324 2088 ram
1340 2025 1503 2089 Altissimo
1516 2045 1677 2109 apparere,
1683 2026 1776 2107 juxta
1791 2025 1863 2088 illud
1876 2025 1966 2087 Fsdra:

455 2128 607 2212 quoniam
633 2133 751 2209 quanto
773 2126 846 2209 quis
870 2125 998 2206 gravius
1021 2132 1116 2206 atque
1141 2123 1203 2186 lra-
1257 2124 1340 2186 Deus
1361 2143 1462 2199 meus,
1480 2124 1658 2188 confundor
1673 2133 1704 2189 et
1726 2125 1874 2188 erubesco
1888 2124 1966 2186 levare
1982 2143 2046 2185 rma

454 2227 605 2310 quentius
631 2232 752 2307 peccat,
774 2231 862 2286 tanto
887 2224 960 2306 plus
983 2224 1204 2305 incorporatur
1258 2223 1372 2285 faciem
1399 2242 1501 2286 meam
1527 2223 1565 2285 ad
1591 2231 1632 2297 te,
1659 2223 1738 2306 quia
1762 2223 1870 2286 delicta
1889 2210 1989 2286 nostn⁶‘

454 2325 593 2400 diabolo,
609 2324 712 2406 litque
727 2323 950 2387 vehementius
972 2322 1154 2385 membrum
1171 2328 1203 2383 et
1258 2330 1427 2385 creverunt
1451 2341 1552 2404 usque
1576 2322 1615 2384 ad
1641 2321 1772 2386 coelum.
1789 2323 1893 2395 Tertio,
1906 2321 1968 2402 quod

455 2442 566 2488 servus
596 2424 708 2506 ipsius,
734 2430 765 2486 et
794 2422 965 2503 subjicitur
989 2420 1137 2504 potestati
1166 2421 1203 2482 il·
1257 2419 1419 2502 propriam
1435 2419 1656 2482 infirmitatem
1671 2427 1919 2501 cognoveruntet
1929 2435 1969 2500 pro

454 2522 517 2585 lius
535 2540 542 2584 :
559 2523 670 2604 sicque
685 2521 830 2585 diabolus
846 2521 934 2583 ducit
949 2539 1023 2583 eum
1043 2538 1107 2602 qno
1121 2519 1200 2595 vult,
1258 2518 1399 2582 remedio
1422 2518 1573 2600 pietatem
1598 2519 1830 2582 invocaverunt
1848 2518 1967 2581 divinam.

454 2621 537 2684 sicut
561 2627 709 2703 equester
736 2619 825 2683 ducit
852 2619 891 2681 ad
916 2618 1045 2682 libitum
1070 2637 1200 2700 equum.
1256 2617 1302 2679 lta
1326 2624 1472 2700 peccator
1496 2616 1591 2680 debet
1614 2625 1749 2700 peccata
1772 2636 1828 2680 sua
1848 2615 1926 2699 plena
1943 2634 1968 2677 aa
2050 2635 2051 2718 q

324 2741 436 2794 uram,
452 2720 533 2782 Hinc
548 2720 592 2782 ait
605 2718 775 2802 Apostolus
790 2718 829 2780 dc
844 2718 964 2800 iniquis
981 2735 988 2779 :
1005 2717 1203 2800 Resipiscant
1257 2715 1426 2797 diligenter
1449 2717 1613 2778 advertere
1637 2735 1673 2778 ac
1695 2717 1764 2780 Deo
1787 2716 1873 2779 lateri
1891 2715 1968 2795 (justa
2050 2723 2051 2778 l

303 2807 337 2850 ²⁶·
453 2837 472 2881 a
495 2818 617 2901 laqueis
640 2817 805 2892 diaboli‚a
826 2834 891 2899 quo
913 2817 1030 2899 captivi
1055 2823 1204 2878 tenentur
1256 2814 1336 2876 illud
1358 2814 1531 2878 Psalmistaa
1550 2831 1558 2876 τ
1576 2814 1660 2889 Dixi,
1686 2814 1868 2878 confitebor
1887 2805 2051 2877 adver-An*

454 2918 493 2980 ad
509 2917 611 3000 ipsius
626 2917 833 2980 voluntatem.
851 2916 938 2979 Unde
952 2915 1040 2998 apud
1051 2915 1110 2978 lob
1124 2914 1203 2976 dici·
1257 2931 1328 2976 sum
1358 2931 1409 2976 rue
1435 2912 1627 2994 injustitiam
1656 2932 1766 2976 meam
1794 2913 1928 2990 Domino;
1946 2917 1968 2971 et

303 3037 438 3090 neuma.
453 3023 506 3078 tur
529 3017 569 3079 de
598 3015 718 3096 injusto
739 3033 746 3077 :
768 3014 905 3077 Immisit
934 3014 967 3075 in
991 3021 1057 3076 rete
1087 3014 1239 3097 pedemc
1256 3018 1384 3074 sanctus
1402 3010 1460 3074 lob
1479 3011 1546 3073 ait:
1564 3010 1637 3074 Vias
1657 3029 1759 3086 meas,
1776 3012 1808 3074 id
1828 3020 1871 3074 est
1889 3027 2048 3092 opera-raca

304 3136 436 3188 amaea.
453 3133 558 3178 suum.
577 3115 614 3176 Et
630 3115 663 3177 in
678 3111 856 3177 Proverbiis
875 3112 1012 3174 habetur
1028 3129 1034 3174 :
1051 3112 1201 3194 lniquita-
1255 3109 1368 3184 tiones,
1386 3109 1418 3172 in
1443 3117 1616 3193 conspectu
1641 3109 1698 3172 Dei
1718 3128 1859 3192 arguam,
1874 3116 1901 3171 et
1920 3097 1997 3189 ipset·

452 3219 501 3276 tes
522 3231 587 3276 suaa
610 3211 738 3295 capient
760 3210 908 3293 impium,
925 3216 956 3272 et
975 3208 1107 3271 funibus
1129 3228 1201 3292 pec·
1255 3209 1315 3271 erit
1330 3209 1466 3271 salvator
1480 3209 1597 3289 meus),
1613 3209 1731 3272 deinde
1750 3209 1885 3272 divinam
1901 3208 1970 3270 mise·

454 3317 596 3373 catorum
613 3327 743 3372 suorum
760 3307 1114 3389 constringetur.Tcrtia
1130 3325 1201 3370 cau·
1255 3307 1425 3369 ricordiam
1450 3307 1598 3370 invocare
1622 3323 1680 3390 pro
1703 3307 1848 3369 interiori
1868 3303 1971 3368 curatio

453 3428 488 3472 sa
511 3417 570 3485 est,
591 3410 667 3492 quia
692 3409 825 3472 mortale
849 3414 1016 3489 peccatum
1041 3413 1090 3469 est
1112 3405 1201 3469 velut
1255 3424 1306 3480 ne,
1324 3405 1458 3469 dicendo
1473 3405 1553 3468 illud
1568 3405 1745 3470 Psalmistae
1758 3405 1908 3489 :Amplius
1919 3405 1969 3465 lara
1984 3417 2052 3488 aaa

451 3507 678 3588 gravissimum
694 3506 819 3588 pondus
832 3523 838 3566 :
851 3503 922 3567 ideo
938 3503 1036 3566 trahit
1051 3504 1199 3566 deorsum
1256 3523 1319 3579 me,
1337 3503 1480 3578 Domine,
1496 3503 1536 3565 ab
1556 3503 1727 3586 iniquitate
1748 3523 1830 3579 mea,
1844 3511 1873 3567 et
1887 3521 1903 3564 a
1917 3518 1970 3585 pcc·

453 3612 485 3668 et
503 3606 542 3668 ad
563 3623 660 3688 opera
677 3604 892 3667 tenebrarum.
909 3603 1039 3685 Propter
1057 3603 1141 3686 qnod
1161 3602 1200 3665 ad
1257 3611 1326 3666 cato
1352 3619 1422 3666 meo
1446 3602 1565 3664 munda
1587 3621 1650 3664 me.
1667 3603 1798 3678 Quarto,
1815 3603 1890 3685 quod
1908 3599 1971 3664 Chri

303 3703 601 3776 aaa.11=,r.llebraeos
624 3705 768 3767 hortatur
789 3701 981 3784 Apostolus:
999 3702 1201 3783 Deponamus
1257 3709 1324 3764 stus
1349 3700 1437 3763 misit
1460 3719 1514 3763 eos
1538 3701 1576 3763 ad
1601 3701 1797 3777 sacerdotes,
1822 3709 1855 3763 ut
1878 3717 1906 3763 se
1925 3695 1972 3759 ilis

453 3817 548 3864 omne
570 3800 695 3883 pondus
718 3808 751 3864 et
774 3801 985 3862 circumstans
1009 3818 1066 3862 nos
1091 3817 1200 3882 pecca·
1257 3801 1470 3864 ostenderent.
1501 3800 1559 3862 Per
1592 3800 1677 3881 quod
1708 3799 1885 3863 insinuatur
1909 3794 1971 3878 qnod

453 3908 533 3962 tum.
546 3899 714 3981 Gregorius
730 3917 857 3982 quoque
872 3905 1005 3961 testatur
1018 3900 1202 3962 :Peccatum
1257 3899 1403 3983 quamvis
1425 3898 1508 3961 Deus
1530 3898 1687 3960 veraciter
1706 3898 1873 3981 poenitenli
1892 3893 1973 3959 statim

454 4000 539 4081 quod
564 4017 621 4082 per
644 3999 866 4082 paenitentiam
890 4015 954 4060 ncn
983 3998 1117 4072 deletur,
1144 4015 1202 4060 suo
1256 3997 1430 4078 indulgeat,
1440 3996 1509 4059 vult
1523 4003 1630 4059 tamen
1647 4005 1682 4060 ut
1697 4006 1846 4078 peccator
1858 4013 1907 4058 suo
1919 4011 1971 4055 con·

454 4115 528 4161 mox
543 4098 684 4181 pondere
700 4097 797 4159 trabit
810 4098 849 4159 ad
864 4096 960 4159 aliud.
977 4096 1093 4170 Quarta
1106 4115 1202 4159 causa
1256 4095 1368 4158 sessori
1389 4095 1589 4169 confiteatur,
1606 4102 1637 4159 et
1656 4097 1787 4159 vultum
1806 4091 1973 4159 conscientia

453 4205 511 4274 est,
524 4198 600 4281 quia
615 4205 782 4280 peccatum
798 4203 938 4259 mentem
954 4202 1101 4271 excaecat,
1112 4194 1202 4276 juxta
1217 4201 1240 4262 D
1257 4214 1322 4258 suae
1336 4194 1365 4258 ei
1382 4194 1476 4277 plene
1491 4193 1722 4277 humiliterque
1741 4195 1888 4258 ostendat
1902 4191 1973 4265 Quin

309 4323 437 4382 Sugga,
453 4297 533 4360 illud
558 4295 633 4360 libri
659 4295 828 4378 Sapientiae
850 4311 857 4356 :
877 4294 971 4377 lmpii
996 4301 1200 4375 erraverunt3
1255 4300 1299 4368 to,
1324 4294 1409 4376 quod
1435 4293 1511 4355 dum
1536 4291 1627 4355 ibant
1651 4287 1973 4372 mundabantur:quia

453 4396 624 4460 excaecavit
647 4395 733 4458 enim
760 4411 814 4457 eos
840 4393 961 4456 malitia
984 4411 1105 4456 eorum.
1129 4393 1202 4455 ldeo
1256 4393 1332 4455 dum
1356 4391 1514 4475 poenitens
1533 4392 1620 4454 vadit
1641 4392 1680 4454 ad
1704 4392 1922 4461 confitendum,
1936 4407 1974 4449 ru·

454 4501 572 4576 quanto
586 4495 658 4575 quis
672 4493 799 4574 gravius
814 4499 906 4573 atque
920 4490 1118 4572 frequentius
1132 4509 1203 4573 pec·
1256 4499 1345 4554 ratur
1367 4491 1393 4553 si
1413 4509 1489 4554 vera
1513 4491 1703 4554 contritione
1726 4499 1878 4555 movetur.
1892 4490 1971 4560 Serta

455 4599 515 4667 cat,
532 4600 620 4654 tanto
640 4593 711 4674 plus
732 4598 840 4655 mente
860 4598 996 4654 caecatur
1011 4608 1018 4652 ε
1036 4598 1068 4652 et
1088 4591 1130 4652 ita
1149 4609 1202 4673 pe·
1256 4591 1341 4672 quod
1356 4607 1420 4652 non
1440 4589 1502 4652 nisi
1518 4608 1601 4652 unus
1620 4590 1659 4652 ad
1675 4590 1839 4654 Christum
1857 4603 1972 4651 reversus

454 4691 556 4752 ricula
570 4709 627 4752 sua
641 4698 672 4753 et
686 4690 800 4753 animm
815 4710 879 4753 suaa
894 4690 1010 4752 damna
1025 4705 1088 4751 non
1104 4689 1202 4770 inspi-
1255 4689 1328 4763 luit,
1344 4688 1460 4770 gratias
1475 4707 1580 4770 agens.
1594 4689 1651 4752 Per
1666 4690 1753 4772 quod
1769 4690 1928 4772 figuratum
1940 4691 1973 4747 est

455 4789 705 4863 cit,sedruitde
722 4789 853 4851 maloin
870 4788 974 4870 pejus,
992 4794 1023 4849 et
1037 4788 1076 4850 de
1091 4787 1201 4869 pejore
1256 4788 1340 4870 quod
1365 4788 1459 4870 pauci
1489 4787 1535 4849 sic
1563 4787 1762 4851 confitentur
1791 4788 1866 4871 quin
1887 4782 1974 4848 racidi-

454 4888 488 4950 in
508 4886 657 4970 pessima.
675 4887 804 4969 Propter
825 4886 908 4969 qucd
929 4887 1077 4949 Salomon
1100 4893 1202 4968 prote·
1255 4893 1332 4948 vent
1348 4903 1355 4948 ι
1373 4886 1482 4968 sicque
1498 4885 1623 4949 Christo
1642 4887 1822 4950 redduntur
1840 4883 1974 4968 ingratia

304 5004 438 5058 aroanna.
454 4993 555 5050 statur
569 4985 645 5049 :Via
660 4985 834 5068 impiorum
849 4986 1037 5065 tenebrosa3
1054 4985 1202 5047 nesciunt
1256 4993 1401 5068 pereunt,
1414 4985 1479 5046 imo
1494 4983 1566 5066 plus
1581 4984 1794 5067 inquinantur
1807 5003 1895 5068 quam
1910 4987 1972 5044 aute

455 5084 510 5148 ubi
536 5092 699 5148 corruunt.
727 5084 841 5158 Quinta
863 5093 922 5158 est,
948 5085 1023 5167 quia
1047 5084 1201 5147 nonnulla
1295 5085 1404 5167 ltaque
1425 5083 1642 5146 custodiamus
1664 5102 1721 5148 nos
1744 5084 1832 5167 ipsos
1852 5083 1888 5145 ab
1907 5076 1973 5143 omni

454 5191 585 5268 peccata
604 5202 747 5247 connexa
766 5190 840 5246 sunt
856 5203 863 5247 :
881 5184 963 5246 sicut
983 5203 1021 5246 ex
1044 5201 1200 5246 comessa·
1255 5184 1350 5266 culpa
1375 5182 1501 5246 mortali
1519 5199 1526 5246 :
1543 5184 1629 5266 quod
1650 5182 1787 5266 implere
1809 5199 1869 5246 non
1889 5194 1974 5263 possu-

452 5284 594 5349 tionibus
610 5291 788 5370 sequuntur
801 5282 1019 5365 loquacitates,
1027 5283 1206 5360 lusus,am·=
1256 5303 1339 5360 mus,
1356 5282 1419 5345 nisi
1438 5290 1470 5345 et
1492 5301 1565 5345 cum
1585 5281 1751 5364 diligentia
1770 5300 1882 5364 magna
1899 5278 1974 5341 ctiam
