4192 6258
440 493 500 557 542
651 510 799 558 nournrca
820 511 874 556 xrx
895 511 968 557 rosr
988 509 1183 558 rnnnrarau.
1204 527 1245 540 -
1265 511 1307 558 an
1327 510 1521 574 aaarorosos3
1543 510 1642 557 sarum
1663 508 1774 555 sauros

439 679 523 742 sicut
542 682 598 762 qui
618 681 864 764 promissionem
887 690 1027 745 nostram
1047 700 1111 745 non
1134 701 1187 744 cu·
1202 680 1228 744 A
1244 701 1294 744 am
1309 681 1424 745 bonam
1438 687 1577 744 nostram
1590 678 1773 742 societatem
1786 675 1960 758 reliquimus

439 779 639 855 stodivimus,
655 781 711 843 sed
731 780 834 862 ipsam
854 787 927 863 post
942 781 1081 863 priorem
1101 779 1189 842 beni·
1287 779 1359 842 Vidi
1389 779 1422 843 in
1451 777 1515 840 illis
1543 797 1582 841 ex
1613 774 1820 839 multitudine
1847 773 1964 854 genade

437 877 590 958 gnitatem
614 885 646 939 et
670 877 892 942 remissionem
914 877 1115 941 violavimus.
1132 878 1187 940 lsti
1243 878 1375 940 xionum
1400 895 1504 958 genna
1526 874 1675 950 arefacta,
1701 872 1811 936 oculos
1835 878 1915 934 extra
1933 871 1964 933 fa

437 974 598 1037 habebant
616 993 687 1038 ossa
706 975 899 1040 adhaerentia
919 975 1018 1050 carni,
1034 985 1188 1058 erantque
1243 982 1321 1051 ctos,
1337 982 1369 1038 et
1385 975 1416 1037 in
1438 983 1527 1058 parte
1546 990 1701 1036 concavos
1721 972 1761 1034 ad
1781 969 1963 1053 profundum,

437 1079 473 1134 ut
487 1072 610 1136 foenum
626 1072 767 1136 arefacti.
784 1073 834 1136 Nil
849 1074 934 1156 apud
950 1091 1004 1136 cos
1020 1081 1087 1136 erat
1101 1075 1188 1136 audi·
1244 1073 1368 1156 capillis
1393 1073 1545 1156 privatos,
1566 1089 1663 1152 genas
1689 1089 1708 1132 a
1728 1069 1853 1132 fervore
1874 1068 1965 1130 calida·

438 1189 471 1234 re
492 1170 554 1233 nisi
575 1171 636 1234 ista
655 1179 687 1235 et
706 1171 825 1234 similia
839 1171 936 1235 verba
954 1189 960 1234 :
978 1172 1037 1245 Ah,
1053 1171 1111 1252 ah;
1128 1191 1185 1247 vac,
1243 1191 1313 1234 rum
1331 1171 1534 1233 lacrimarum
1550 1177 1688 1242 exustas,
1705 1167 1804 1230 facies
1823 1165 1965 1228 tabidaset

437 1287 500 1348 vsc3
511 1269 722 1350 juste‚justc;
739 1288 843 1352 parce,
856 1270 1008 1349 Domine3
1026 1269 1185 1344 miserere,
1243 1269 1387 1352 pallidas,
1404 1269 1449 1331 nil
1470 1268 1503 1330 in
1525 1273 1678 1349 apparatu
1701 1284 1720 1327 a
1742 1263 1874 1328 mortuis
1895 1261 1966 1325 dille

439 1368 610 1448 miserere3
642 1367 782 1449 indulge,
809 1368 949 1450 indulge,
978 1369 1004 1430 si
1034 1367 1187 1450 possibile
1243 1374 1359 1442 rentes,
1375 1374 1505 1449 pectora
1523 1364 1625 1448 plagis
1645 1362 1797 1437 dolentia,
1814 1361 1966 1442 sanguinis

438 1467 550 1529 astla
567 1466 630 1528 illis
652 1472 718 1528 erat
736 1466 845 1529 videre
866 1467 990 1548 linguas
1009 1467 1136 1529 adustas
1156 1474 1188 1528 ct
1242 1484 1305 1549 que
1335 1465 1450 1529 livores
1479 1483 1518 1527 ex
1546 1462 1772 1546 frequentibus
1802 1461 1834 1522 in
1862 1466 1966 1542 pectore

439 1565 537 1627 instar
552 1583 667 1627 canum
683 1584 722 1627 ex
736 1582 790 1628 ore
806 1565 974 1647 projectas.
987 1564 1120 1638 Quidam
1136 1581 1187 1627 eo·
1242 1564 1446 1628 tunsionibus
1469 1569 1663 1644 aggregatos,
1689 1559 1750 1624 Ubi
1778 1565 1843 1622 erat
1866 1559 1895 1619 in
1916 1558 1966 1619 illis

439 1681 511 1726 rum
531 1681 565 1724 se
587 1663 620 1724 in
636 1669 781 1725 caumate
800 1661 990 1744 puniebant,
1007 1662 1137 1745 quidam
1153 1681 1187 1725 se
1243 1663 1350 1726 lectuli
1372 1663 1476 1736 static,
1497 1668 1552 1723 aut
1573 1660 1840 1723 vestimentorum
1860 1656 1966 1736 integri·

439 1762 470 1824 in
492 1760 610 1844 frigore
630 1760 824 1824 cruciabant.
842 1761 976 1834 Quidam
996 1778 1073 1824 vero
1088 1761 1188 1824 modi·
1241 1769 1289 1824 tas
1304 1770 1398 1845 atque
1413 1760 1594 1823 munditial
1610 1759 1724 1822 Omnia
1739 1758 1866 1840 dirupta
1879 1763 1906 1818 ct
1918 1773 1968 1818 sor·

438 1879 512 1923 cum
527 1879 617 1942 aquae
632 1867 805 1941 gustantes,
822 1859 1077 1942 requiescebant,
1093 1867 1125 1922 et
1140 1863 1224 1928 roll
1242 1861 1325 1934 dida,
1358 1859 1516 1942 pediculis
1547 1865 1603 1920 aut
1635 1855 1800 1940 pulicibus
1833 1863 1966 1936 cooperta.

437 1958 605 2040 frigerium
633 1957 802 2041 capiebant
829 1965 954 2020 tantum
980 1977 1020 2020 no
1045 1958 1098 2020 siti
1122 1977 1188 2021 mo-
1242 1959 1322 2032 Quid
1337 1959 1377 2021 ad
1391 1958 1520 2021 illorum
1540 1955 1826 2038 comparationem,
1842 1971 1860 2015 a
1874 1953 1969 2016 demo

437 2063 593 2120 rcrentur.
624 2056 757 2130 Quidam
788 2075 865 2120 vero
899 2057 1061 2120 modicum
1096 2057 1187 2139 panis
1243 2056 1338 2120 nibus
1355 2064 1541 2120 vexatorum
1562 2053 1717 2117 afflictiol
1733 2053 1773 2116 Et
1793 2059 1876 2116 certe
1893 2051 1968 2113 multi

437 2163 611 2232 sumentes,
634 2155 719 2218 hunc
745 2155 837 2236 longe
861 2175 879 2218 a
903 2174 937 2218 se
962 2155 1185 2238 projiciebant,
1243 2156 1371 2221 illorum
1391 2154 1604 2238 precabantur
1623 2153 1773 2217 abbatem
1794 2149 1968 2233 circumponi

437 2274 471 2318 se
487 2255 573 2337 ipsos
589 2254 661 2318 cibo
677 2254 816 2318 humano
831 2262 1014 2337 reputantes
1030 2254 1185 2336 indignos,
1243 2255 1305 2318 sibi
1331 2256 1364 2317 in
1388 2254 1470 2319 collo
1494 2261 1525 2317 et
1554 2254 1703 2317 manibus
1731 2252 1925 2322 ferramenta,
1945 2257 1969 2310 et
2072 2305 2073 2340 ἶ

437 2371 475 2418 eo
489 2355 573 2436 quod
589 2353 818 2417 irrationabilia
831 2371 927 2436 opera
943 2353 1184 2418 commisissent.
1243 2354 1339 2437 pedes
1361 2371 1435 2417 suos
1459 2352 1635 2437 compediri
1661 2353 1694 2415 in
1717 2352 1808 2434 ligno
1828 2347 1969 2432 usquead
2072 2397 2073 2410 ι

438 2452 498 2516 Ubi
514 2452 547 2514 in
562 2452 627 2515 illis
642 2452 737 2526 risus,
747 2451 802 2514 ubi
818 2451 955 2515 otiosum
971 2451 1117 2527 verbum,
1130 2451 1186 2514 ubi
1243 2461 1397 2533 mortem;
1413 2471 1472 2516 nec
1492 2451 1632 2536 sepeliri,
1648 2451 1704 2515 sed
1720 2459 1871 2533 tanquam
1885 2447 1971 2530 sepul

437 2550 528 2615 furor
542 2559 597 2614 aut
611 2551 668 2626 ira,
685 2551 740 2634 qui
760 2569 865 2633 neque
880 2551 907 2614 si
928 2550 975 2614 ira
995 2551 1029 2614 in
1049 2549 1186 2614 bomini·
1242 2558 1313 2614 tura
1332 2551 1491 2634 indignos,
1508 2551 1542 2613 in
1565 2567 1678 2633 campo
1698 2549 1814 2612 bestiis
1832 2547 1915 2620 tradi,
1928 2552 1970 2606 aut

437 2649 498 2712 bus
518 2657 602 2714 esset
623 2649 776 2724 sciebant,
793 2649 882 2712 luctu
907 2650 1049 2732 plenarie
1069 2649 1186 2712 exstin-
1242 2649 1415 2733 submergi.

437 2757 554 2829 guente
570 2748 734 2812 furoremt
749 2747 808 2811 Ubi
829 2747 862 2810 in
884 2747 947 2810 illis
964 2747 1185 2822 contradictio,
1281 2749 1376 2812 Porro
1391 2748 1573 2832 pavendum
1588 2756 1620 2810 et
1639 2745 1825 2810 miserabile
1840 2751 1902 2808 erat
1914 2759 1969 2824 spe·

437 2847 493 2910 ubi
521 2847 740 2929 praesumptio,
765 2852 820 2908 aut
849 2846 992 2928 corporis
1021 2865 1107 2922 cura,
1133 2852 1188 2908 aut
1243 2846 1557 2929 ctaculum,quando
1574 2845 1822 2928 aliquiseorum
1842 2851 1971 2906 eratne

436 2945 609 3026 vestigium
640 2945 748 3027 gloriae
779 2963 878 3020 vana,
909 2944 964 3008 ubi
998 2944 1187 3008 deliciarum
1242 2945 1373 3020 riturus,
1390 2945 1466 3028 quia
1486 2953 1564 3008 tunc
1583 2961 1694 3008 omnes
1711 2947 1923 3006 convenerunt
1939 2937 1969 2999 ad

437 3063 521 3126 spes,
551 3052 606 3106 aut
637 3043 801 3106 meditatio
830 3043 898 3106 vini
927 3050 982 3106 aut
1010 3043 1316 3126 degustatioceum
1342 3043 1522 3106 miserabili
1546 3043 1683 3106 nimium
1710 3059 1803 3105 more
1828 3060 1864 3103 ac
1888 3040 1969 3108 luctu,

436 3141 571 3218 fructus,
589 3142 645 3205 ubi
661 3142 764 3207 coctio
783 3149 838 3205 aut
857 3142 922 3204 ulla
942 3143 1110 3207 delectatio
1129 3162 1186 3225 gu·
1241 3161 1298 3205 sua
1322 3142 1428 3225 capita
1451 3161 1490 3205 ex
1514 3141 1736 3224 compassione
1760 3145 1928 3210 moventes,
1947 3141 1971 3196 et

436 3245 526 3304 stust
550 3241 672 3324 Nempe
699 3241 846 3304 omnium
875 3241 990 3304 borum
1017 3261 1090 3324 spes
1119 3248 1186 3304 orat
1241 3241 1324 3304 tristi
1344 3258 1491 3304 sermone
1512 3241 1654 3305 dicentes
1671 3238 1778 3314 :Quid
1798 3235 1970 3312 esl,fratcrl
2071 3293 2072 3296 ,

435 3340 521 3422 apud
544 3340 617 3403 illos
639 3339 804 3403 exstincta.
822 3339 881 3404 Ubi
904 3339 936 3402 in
959 3339 1022 3402 illis
1043 3340 1185 3423 aliquem
1241 3341 1403 3414 Quomodo
1419 3347 1450 3402 et
1466 3338 1543 3422 quid
1558 3339 1658 3402 dicisl
1673 3337 1754 3413 Quid
1771 3338 1895 3421 sperasl
1907 3330 1970 3407 Quid

436 3437 605 3519 judicarer
1241 3437 1437 3521 suspicarisl
1452 3437 1557 3501 Sentis
1578 3435 1851 3499 illuminationem
1868 3441 1898 3496 ct
1914 3448 1971 3494 con

476 3537 593 3600 Omnes
608 3536 772 3622 sedebant,
789 3537 822 3600 in
837 3537 939 3601 oculis
954 3543 1089 3601 mortem
1105 3557 1185 3602 sem·
1241 3537 1429 3601 solationem
1451 3537 1484 3599 in
1506 3535 1623 3598 cordat

437 3654 494 3717 per
517 3634 682 3711 babentes,
699 3642 731 3698 et
755 3635 904 3698 dicebant
926 3653 933 3698 :
954 3637 1047 3699 Putas
1071 3655 1185 3720 appro-
1278 3637 1350 3700 llaec
1365 3643 1398 3698 et
1411 3635 1473 3698 alia
1487 3634 1587 3697 multa
1601 3652 1676 3697 vare
1691 3633 1971 3706 miranda,etsaxea

436 3733 673 3815 pinquaverunt
688 3733 781 3797 nobis
801 3734 948 3798 custodes
965 3735 1065 3797 nostri
1079 3735 1184 3817 angeli
1242 3734 1337 3797 corda
1358 3731 1549 3796 mollificare
1571 3731 1720 3806 valentia,
1738 3731 1895 3795 climacus
1911 3724 1971 3789 scri·

436 3831 548 3904 sancti,
569 3848 609 3892 an
632 3830 724 3913 longe
745 3830 873 3895 anobis
896 3835 992 3894 suntl
1012 3833 1079 3895 lllis
1098 3833 1185 3897 enim
1242 3831 1290 3894 bit
1309 3832 1348 3894 de
1369 3831 1449 3906 istis,
1470 3838 1501 3893 et
1520 3830 1608 3893 addit
1630 3847 1637 3892 ε
1657 3829 1724 3911 Ego
1743 3829 1813 3893 haec
1830 3827 1971 3890 videnset

436 3944 500 3989 non
516 3929 847 4011 appropinquantibus
862 3930 966 4006 nobis,
976 3931 1081 3995 omnis
1098 3930 1187 3994 labor
1241 3930 1488 4012 audiens,paulo
1503 3929 1611 3991 minus
1626 3928 1796 4010 desperavi
1810 3927 1970 4007 meipsum,

437 4034 545 4090 noster
569 4025 786 4091 infructuosus
813 4037 870 4091 ast.
896 4028 1029 4102 Quidam
1059 4046 1186 4113 quoque
1241 4047 1429 4111 comparans
1453 4027 1551 4112 vitam
1579 4034 1611 4090 et
1639 4027 1864 4110 poenitentiam
1886 4037 1970 4085 mon

437 4143 476 4188 ex
492 4124 538 4188 eis
553 4123 703 4188 dicebant
715 4142 722 4188 :
734 4126 824 4188 Forte
840 4126 1002 4190 exaudivit
1016 4145 1074 4190 nos
1090 4128 1184 4204 Dens,
1241 4127 1280 4190 ad
1298 4127 1397 4190 vitam
1412 4125 1699 4209 poenitentiamque
1714 4124 1856 4188 illorum.
1871 4121 1972 4200 Nempe

437 4223 519 4287 forte
549 4223 754 4287 miserebitur
782 4225 892 4301 nostri,
921 4224 1003 4288 forte
1031 4226 1187 4309 adspiciet
1201 4232 1226 4295 Ι)
1242 4226 1346 4310 qualis
1366 4233 1433 4288 erat
1455 4225 1550 4288 statio
1574 4231 1605 4287 et
1629 4222 1785 4286 habitatio
1810 4221 1890 4286 locir
1911 4218 1972 4281 'lota
2070 4235 2071 4302 3

438 4340 506 4386 nos.
531 4323 594 4387 Alii
621 4331 729 4387 autem
758 4324 994 4406 respondebant
1022 4326 1062 4388 ad
1092 4327 1184 4389 ista:
1241 4326 1368 4402 foetens,
1386 4325 1565 4400 tenebrosa,
1586 4323 1724 4398 sordida,
1747 4322 1864 4385 merito
1883 4334 1973 4382 carru
2070 4331 2071 4334 ’

296 4449 423 4504 ,imm
439 4422 514 4497 Quis
539 4424 638 4497 novit,
664 4423 747 4486 sicut
770 4423 919 4486 dixerunt
947 4423 1060 4488 fratres
1086 4426 1186 4489 nostri
1241 4433 1351 4488 vocata
1373 4442 1381 4487 ε
1402 4424 1446 4487 ita
1465 4424 1550 4506 quod
1570 4423 1638 4506 ipse
1659 4422 1719 4486 loci
1740 4421 1905 4504 adspectus
1919 4414 1973 4478 uni·

438 4521 598 4595 Ninivitas,
615 4523 642 4584 si
665 4540 728 4604 quo
749 4522 842 4586 modo
862 4531 1065 4586 convertatur
1084 4524 1188 4588 Domi·
1242 4542 1341 4588 versas
1361 4523 1557 4607 poenitentiae
1573 4530 1604 4585 et
1622 4522 1728 4585 luctus
1748 4519 1812 4584 fuit
1831 4517 1970 4599 magister.

440 4639 512 4694 nus,
529 4627 560 4682 et
581 4619 694 4682 saltem
715 4639 734 4683 a
756 4621 956 4704 supernimio
974 4641 1031 4685 nos
1051 4623 1187 4686 redimat
1242 4623 1307 4705 Ego
1330 4641 1407 4687 vero
1430 4641 1488 4706 per
1510 4621 1642 4703 triginta
1668 4621 1737 4684 dies
1762 4619 1811 4683 fui
1836 4637 1905 4682 cum
1926 4615 1970 4676 eis.

440 4717 605 4781 cruciatui
620 4718 683 4781 Nos
698 4719 800 4782 nihilo
818 4720 925 4782 minus
942 4721 1026 4804 quod
1042 4729 1186 4785 nostrum
1242 4723 1314 4786 llaec
1333 4721 1503 4787 climacus

326 4807 329 4816 ’
439 4824 488 4880 est
508 4817 664 4880 faciamus
682 4835 689 4880 :
706 4825 738 4881 et
759 4819 785 4881 si
805 4819 1113 4903 quidemaporuerit
1132 4839 1187 4885 no·
1282 4821 1364 4885 Ecce
1388 4841 1426 4886 ex
1451 4823 1511 4884 ista
1540 4819 1732 4896 narratione,
1759 4821 1787 4884 si
1815 4837 1884 4884 eam
1908 4815 1974 4878 bene

439 4916 501 4991 bis,
518 4915 599 4980 bene
614 4917 744 5000 quidem
757 4935 765 4997 ;
781 4917 912 5001 alioqui,
924 4918 1112 4983 benedictus
1128 4921 1187 4985 llo·
1241 4920 1627 5003 attendimus,possumus
1642 4920 1755 5003 utique
1772 4919 1906 4982 multum
1921 4931 1975 4998 pm

440 5016 547 5080 minus
562 5017 646 5080 Deus
661 5034 718 5078 nos
731 5015 816 5097 juste
835 5017 1017 5080 excludens.
1035 5019 1187 5092 Quocirca
1241 5019 1350 5096 ficere,
1368 5019 1531 5102 inprimis
1551 5018 1753 5082 humiliando
1768 5027 1800 5082 et
1816 5015 1974 5100 despicien-
2069 5087 2070 5090 Ἴ

440 5114 672 5179 resuscitabant
695 5134 729 5178 se
753 5115 849 5197 ipsos,
875 5116 1016 5179 dicentes
1043 5135 1050 5180 :
1077 5117 1188 5183 Curra·
1241 5119 1281 5182 do
1301 5136 1358 5181 nos
1378 5117 1465 5201 ipsos
1485 5118 1518 5181 in
1539 5116 1716 5192 infinitum,
1734 5133 1922 5199 omnemque
1939 5114 1975 5175 vi·
2069 5107 2070 5186 l

441 5214 975 5294 mus,fratres,curramus;cursus
991 5216 1077 5279 enim
1093 5217 1185 5281 nobis
1241 5225 1305 5280 tam
1330 5225 1362 5280 et
1385 5217 1607 5301 poenitentiam
1636 5223 1778 5282 nostram
1804 5234 1863 5302 pro
1890 5213 1975 5278 nihilo
2069 5201 2070 5216 ¹

441 5313 639 5378 necessarius
661 5321 719 5388 est,
738 5320 769 5376 et
791 5331 903 5378 cursus
923 5315 1053 5392 nimius,
1074 5317 1186 5399 quoni·
1241 5325 1435 5402 reputantes,
1452 5317 1518 5382 imo
1537 5317 1627 5402 quasi
1647 5317 1762 5382 ludum
1780 5326 1814 5382 et
1829 5335 1909 5382 vcra
1921 5331 1974 5396 pta
