4192 6258
420 456 481 524 tta
624 475 773 525 nomios
793 477 870 524 xrm
890 477 964 524 rosr
983 476 1177 524 ministrant.
1198 495 1239 508 -
1258 476 1301 524 sn
1320 477 1514 544 mrorosos;
1537 479 1636 528 santio
1656 479 1770 530 smus

460 649 613 714 Praeterea
637 648 806 732 multiplex
830 649 961 732 ponitur
980 667 1070 728 amor
1091 665 1098 712 :
1119 648 1283 714 estAbus
1311 651 1418 725 rebus,
1449 651 1652 734 potissimum
1681 655 1721 718 de
1750 655 1947 738 magnitudine

419 747 507 813 enim
522 765 612 812 amor
627 747 773 822 carnalis,
789 764 879 811 amor
898 747 1062 822 naturalis,
1079 765 1168 812 amor
1223 757 1342 814 mutue
1357 750 1555 831 dilectionis;
1567 753 1741 835 corporalis
1756 771 1881 837 quoque
1894 773 1949 818 con

420 847 558 922 socialis,
578 865 668 910 amor
691 846 919 922 mercenarius,
940 855 972 909 et
993 865 1084 910 arnor
1106 845 1168 930 spi
1222 850 1379 925 trectatio,
1395 850 1528 914 insertio
1552 869 1718 928 manuum,
1735 852 1900 935 applicatio
1917 854 1948 916 ln-

419 945 554 1020 ritualis,
581 945 721 1020 divinus,
747 944 884 1008 infusus.
910 946 1008 1009 Amor
1034 945 1168 1008 earnalis
1223 957 1338 1024 terum,
1360 949 1526 1032 amplexus
1548 956 1581 1012 et
1598 951 1717 1026 oscula,
1738 959 1771 1014 ct
1788 951 1949 1015 indecentes

420 1053 478 1120 est,
495 1063 559 1128 quo
583 1043 724 1127 aliquem
749 1051 881 1128 propter
904 1044 1064 1108 carnalem
1087 1043 1169 1106 dele·
1223 1066 1260 1112 ac
1276 1047 1432 1130 impudici
1447 1055 1621 1122 contactus,
1638 1067 1677 1112 en
1693 1050 1812 1132 quibus
1827 1051 1952 1133 frequen

420 1143 603 1217 emtionem,
632 1143 683 1206 vel
714 1142 851 1206 maxime
881 1149 1037 1224 quantum
1065 1143 1104 1204 ad
1132 1161 1169 1205 aa
1223 1153 1273 1210 ter
1302 1146 1485 1209 sentiuntur
1515 1154 1620 1210 motus
1650 1147 1774 1222 lascivi,
1799 1149 1952 1212 stimulatio

420 1261 491 1326 que
511 1242 616 1305 carnis
637 1249 722 1316 sunt,
738 1241 912 1323 diligimus.
929 1242 1027 1305 Amor
1045 1249 1170 1304 natura-
1224 1244 1320 1319 foeda,
1337 1244 1404 1308 imo
1423 1263 1654 1327 sepenumero,
1671 1247 1756 1329 quod
1780 1247 1953 1310 horrendum

420 1343 460 1405 lis
479 1348 538 1415 est,
555 1358 619 1423 quo
639 1339 780 1422 aliquem
800 1347 930 1423 propter
945 1347 1065 1403 naturae
1082 1340 1169 1402 simi·
1225 1350 1283 1418 est,
1305 1342 1473 1406 calefactio
1495 1343 1676 1425 periculosa
1696 1363 1735 1407 ac
1757 1343 1903 1408 resolutio
1917 1365 1954 1408 se

421 1440 602 1514 litudinem,
618 1446 674 1501 aut
688 1438 865 1502 naturalem
885 1439 1167 1522 propinquitatem,
1227 1441 1323 1504 minis
1350 1459 1357 1503 :
1384 1460 1455 1524 ques
1484 1459 1548 1505 non
1577 1449 1685 1505 carent
1715 1443 1811 1525 eulpa
1838 1444 1953 1516 enormi,

421 1545 477 1601 aut
498 1536 755 1601 convenientiam
778 1537 885 1612 talem,
901 1554 1056 1600 amamus.
1072 1538 1170 1599 Amor
1226 1559 1325 1621 quum
1342 1557 1438 1603 causa
1452 1557 1563 1603 eorum
1579 1547 1755 1623 spontanee
1769 1540 1953 1620 admittatur;

422 1635 549 1701 socialis
572 1642 630 1710 est,
646 1635 776 1699 allectio
795 1653 859 1718 qua
880 1653 933 1698 eos
956 1654 1030 1700 cum
1050 1635 1168 1718 quihus
1226 1637 1302 1700 item
1320 1638 1462 1720 pronitas
1477 1646 1590 1702 mutuo
1606 1638 1802 1720 indignandi,
1810 1639 1953 1710 irascendi,

420 1734 612 1798 familiarius
632 1741 687 1797 aut
708 1733 908 1816 frequentius
930 1752 1166 1808 conversamur,
1226 1745 1258 1799 et
1273 1755 1383 1799 rursus
1398 1737 1554 1818 placandi,
1562 1736 1689 1800 collatio
1704 1737 1952 1810 munusculorum

421 1833 595 1915 diligimus.
613 1833 709 1896 Amor
724 1833 941 1896 mercenarius
961 1842 1019 1908 est,
1037 1851 1100 1915 quo
1113 1833 1169 1895 ali·
1183 1834 1206 1898 B
1225 1843 1257 1898 et
1272 1834 1414 1898 exclusio
1429 1835 1598 1917 comparis,
1611 1834 1688 1916 quia
1701 1842 1824 1899 amator
1837 1835 1953 1898 mandis

421 1933 498 2015 quid
513 1951 669 2006 amamus,
685 1948 749 1995 non
764 1938 893 2014 propter
908 1931 1009 2014 ipsius
1029 1949 1168 1995 commo·
1224 1934 1295 1997 vult
1315 1934 1401 1998 solus
1422 1934 1533 1996 amari.

421 2031 564 2104 ditatem,
591 2031 645 2092 sed
676 2037 828 2104 nostram,
855 2037 930 2110 puta
954 2029 987 2091 in
1013 2038 1168 2112 quantum
1264 2033 1435 2114 fugiamus
1450 2048 1526 2114 ergo
1539 2032 1626 2094 hunc
1640 2031 1802 2095 carnalem
1817 2051 1885 2095 cum
1897 2032 1953 2094 suis

421 2136 469 2193 est
494 2129 571 2191 utile
593 2127 696 2191 nobis.
714 2127 811 2190 Amor
833 2128 1009 2210 spiritualis
1031 2135 1089 2203 est,
1105 2145 1169 2211 quo
1225 2130 1324 2211 signis
1339 2129 1575 2212 effectibusque
1590 2139 1783 2204 amorem,et
1797 2131 1953 2194 naturalem
2071 2123 2072 2192 l

421 2228 522 2291 Deum
554 2227 659 2310 primo
690 2233 722 2289 et
751 2227 889 2289 maxime
920 2234 1051 2309 propter
1079 2245 1169 2289 suam
1224 2246 1261 2290 ac
1285 2227 1447 2302 socialem,
1473 2229 1707 2292 mercenarium
1732 2246 1857 2311 quoque
1883 2246 1954 2292 ane

422 2326 585 2410 propriam
605 2325 793 2399 bonitatem,
809 2324 924 2387 deinde
944 2325 1112 2388 rationales
1133 2343 1170 2387 ac
1225 2346 1293 2390 rem
1318 2327 1503 2390 ordinemus
1527 2328 1566 2388 ad
1590 2344 1733 2390 amorem
1759 2327 1906 2390 divinum.
1923 2327 1956 2388 Et

422 2423 655 2487 intellectuales
671 2431 830 2485 creaturas
846 2431 940 2506 atque
958 2423 1117 2505 nosipsos
1137 2423 1170 2484 in
1225 2444 1266 2487 ne
1287 2425 1359 2507 quis
1379 2423 1440 2486 sub
1458 2425 1566 2508 specie
1585 2425 1764 2508 spiritualis
1782 2425 1894 2488 amoris
1911 2425 1956 2486 fal·

423 2522 499 2596 Deo,
526 2522 703 2585 seeundum
727 2522 828 2584 Deum
857 2529 889 2583 et
917 2528 1046 2604 propter
1069 2523 1170 2584 Deum
1226 2523 1309 2585 latur
1323 2541 1431 2586 amore
1446 2522 1577 2597 carnali,
1594 2541 1669 2585 eum
1684 2522 1745 2585 suh
1761 2524 1865 2606 speeie
1878 2522 1957 2604 spiri-

424 2620 599 2702 diligimus.
626 2621 711 2682 Inter
735 2637 845 2682 omnes
872 2619 949 2683 istos
974 2637 1098 2682 amores
1122 2638 1171 2682 so·
1225 2622 1321 2685 tualis
1343 2621 1461 2684 amoris
1483 2622 1691 2696 admittendo,
1708 2640 1749 2684 ex
1770 2620 1956 2704 praeinductis
2072 2615 2073 2622 '

423 2719 454 2782 la
477 2718 654 2802 spiritualis
681 2718 811 2781 dilectio
840 2725 888 2781 est
912 2737 969 2800 per
997 2736 1030 2781 se
1054 2719 1171 2782 virtuo
1226 2720 1516 2803 perpendatsignis
1536 2727 1568 2782 et
1586 2718 1760 2783 effectibus
1779 2719 1957 2782 amorisear·

422 2839 468 2894 sa,
491 2819 654 2882 meritoria
675 2826 707 2882 et
729 2819 793 2883 Deo
814 2827 956 2902 accepta.
977 2820 1074 2882 Amor
1095 2837 1171 2882 vero
1225 2818 1318 2892 nalis,
1335 2837 1374 2880 an
1395 2834 1485 2881 amor
1504 2837 1582 2880 suus
1601 2836 1676 2880 vere
1697 2817 1870 2900 spiritualis
1889 2817 1956 2878 ensi·

423 2917 559 2981 carnalis
575 2916 773 2980 detestabilis
791 2925 839 2980 est
858 2925 889 2980 et
908 2917 1023 2992 foedus,
1041 2936 1171 2999 praeser-
1226 2923 1296 2978 stat.
1323 2916 1411 2990 Quod
1441 2916 1468 2978 si
1492 2916 1565 2998 quis
1594 2915 1736 2998 aliquem
1765 2915 1955 2998 spiritualiter

423 3017 482 3080 tim
509 3016 541 3078 in
571 3015 740 3096 religiosis,
767 3015 824 3098 qui
852 3014 1034 3097 spirituales
1058 3033 1170 3078 vocan-
1187 3021 1210 3087 c
1226 3014 1347 3095 diligat,
1373 3022 1405 3076 et
1427 3013 1550 3096 aliquid
1573 3013 1612 3076 de
1636 3014 1776 3076 sensuali
1802 3013 1954 3077 affectione

422 3123 475 3177 tur
500 3122 531 3177 et
554 3132 624 3177 esse
649 3122 808 3177 tenentur.
836 3114 898 3176 Alii
928 3131 1052 3176 amores
1077 3113 1170 3176 indif-
1224 3110 2048 3193 habeatadmixtum,separetpretiosumavilisterstz'»

422 3214 562 3276 ferentes
586 3231 656 3275 esse
676 3212 851 3276 dicuntur:
873 3213 929 3295 qui
948 3220 1054 3274 tamen
1075 3212 1169 3275 facile
1225 3217 1255 3272 et
1278 3210 1434 3292 quidquid
1454 3209 1589 3272 carnalis
1612 3209 1767 3273 foeditatis
1786 3219 1843 3284 est,
1857 3209 1955 3272 exstir-

423 3313 507 3376 fiunt
522 3311 675 3386 carnales,
693 3312 754 3374 nisi
770 3311 905 3392 diligens
926 3310 1008 3373 adsit
1027 3311 1170 3374 custodia
1224 3328 1299 3391 pare
1321 3326 1384 3371 non
1407 3308 1546 3384 differat,
1567 3327 1607 3370 ne
1630 3308 1792 3370 modicum
1812 3325 1953 3370 venenum

423 3412 538 3474 cordis.
1047 3490 1051 3498 Ι
1225 3407 1379 3490 paulatim
1402 3425 1544 3488 serpens,
1561 3405 1685 3469 inficiat
1709 3413 1811 3468 totum
1833 3413 1863 3468 et
1883 3405 1955 3487 peri·
2074 3477 2075 3496 χ

463 3510 634 3584 Postremo,
666 3509 755 3590 signa
785 3508 903 3572 amoris
933 3509 1068 3572 carnalis
1097 3517 1171 3571 sunt
1226 3514 1292 3568 mat
1320 3507 1494 3569 caritatem.
1526 3505 1573 3568 stt
1605 3522 1680 3586 ergo
1707 3503 1834 3568 affectio
1860 3510 1955 3567 nostra
2074 3499 2075 3548 ἕ

376 3661 379 3666 .
424 3609 491 3670 heac
523 3625 530 3669 :
562 3607 742 3690 inquietum
772 3607 966 3670 desiderium
998 3607 1171 3690 corporalis
1226 3605 1330 3668 omnis
1346 3605 1500 3679 ordinata,
1517 3603 1694 3686 spiritualis
1709 3611 1741 3666 et
1755 3622 1841 3687 pura,
1852 3603 1888 3664 ad
1903 3602 1955 3664 lau·

426 3707 613 3789 prasentia,
630 3705 800 3768 collocutio
822 3706 861 3768 de
886 3706 976 3768 vanis
1000 3713 1031 3768 et
1053 3706 1172 3768 inutili·
1226 3706 1299 3767 dem
1321 3712 1353 3766 et
1373 3703 1506 3784 gloriam
1529 3702 1774 3785 omnipotentis.
1795 3701 1898 3764 Amen.
