4206 6258
346 507 494 557 neutrum
514 508 591 556 xxm
611 509 686 555 rcsr
704 509 898 556 antuniana.
919 525 960 540 -
980 509 1022 555 nn
1042 510 1237 574 nntrerosos3
1260 512 1358 561 sanuo
1378 513 1506 570 oumros
1639 496 1698 560 cut

151 694 262 740 eorum
279 691 408 762 peccata
423 691 510 746 tanto
526 683 765 766 periculosiora,
782 691 901 767 quanto
915 682 941 747 Α
956 703 1019 767 que
1039 703 1109 767 quaa
1129 685 1247 768 refugit
1269 687 1406 750 mundus
1427 707 1463 750 ac
1485 687 1608 760 metuit,
1625 693 1702 769 puta

151 778 323 842 secretiora
337 789 369 843 et
387 782 571 865 palliatione
591 785 729 864 quedam
743 784 900 846 virtutum
955 783 1205 865 aspernationes,
1232 786 1480 867 persecutiones,
1512 784 1702 868 increpatio·

152 876 253 956 magis
279 877 413 942 obtecta.
440 881 528 944 Unde
552 888 583 942 ct
608 880 795 945 melioribus
820 882 900 945 invi·
955 899 1023 954 nes,
1050 880 1184 956 labores,
1208 882 1344 964 vigilias,
1366 883 1587 958 abstinentias,
1611 882 1704 945 disci·

149 971 239 1046 dent,
264 975 513 1057 sapientioribus
542 979 723 1054 detrabunt,
749 979 900 1060 justiores
954 978 1071 1061 plinas,
1095 988 1204 1044 ament
1233 990 1264 1044 et
1292 983 1525 1066 amplexentur,
1550 990 1644 1066 atque
1670 982 1703 1044 in

149 1089 183 1133 se
200 1083 447 1156 persequuntur,
464 1077 735 1160 quemadmodum
752 1078 899 1142 Pharisaei
955 1077 1004 1141 his
1027 1078 1116 1160 quasi
1140 1079 1173 1142 in
1195 1081 1345 1144 omnibus
1369 1083 1490 1146 divitiis
1514 1082 1699 1164 glorientur.

148 1177 181 1232 et
200 1171 319 1237 Scribae
341 1176 501 1256 persecuti
525 1183 600 1238 sunt
620 1177 792 1241 Christum.
808 1177 898 1240 Tales
954 1175 1018 1239 lloc
1038 1185 1087 1240 est
1104 1177 1314 1242 saluberrime
1333 1181 1462 1244 vincere
1481 1181 1701 1264 semetipsum,

147 1269 268 1332 etenim
291 1272 431 1354 religiosi
453 1274 512 1336 etsi
535 1274 613 1338 foris
635 1293 669 1337 se
689 1275 774 1358 ipsos
794 1276 898 1339 humi·
954 1281 986 1336 et
999 1275 1184 1340 violentiam
1200 1278 1352 1359 optimam
1368 1279 1505 1361 propriae
1519 1278 1638 1342 inferre
1653 1297 1704 1341 na·

148 1367 228 1430 fient
242 1371 401 1453 nequiter,
416 1372 502 1435 intus
517 1373 604 1455 pleni
620 1382 695 1437 sunt
710 1374 793 1448 dolo,
806 1373 898 1438 famae
953 1379 1042 1446 turca,
1054 1392 1152 1455 seque
1168 1375 1288 1438 mundo
1303 1375 1496 1438 crucifixum
1514 1375 1656 1458 prebere
1671 1383 1702 1438 et

145 1466 342 1550 honorisque
370 1471 490 1554 cupidi,
517 1491 576 1535 nec
601 1480 676 1535 sunt
700 1490 806 1536 coram
834 1474 898 1537 Deo
953 1472 1109 1534 mundum
1135 1472 1197 1535 sibi
1221 1473 1414 1537 crucifixum
1441 1474 1570 1550 habere,
1596 1483 1702 1557 quate-

146 1565 264 1629 sinceri
280 1575 312 1630 et
328 1569 415 1632 recti.
432 1569 523 1633 Tales
539 1578 614 1633 sunt
628 1571 683 1653 qui
700 1579 852 1634 accusant
866 1577 898 1633 et
953 1589 1013 1632 nus
1029 1591 1102 1635 cum
1118 1572 1269 1654 Apostolo
1289 1573 1395 1637 dicere
1411 1575 1524 1649 valeat,
1542 1575 1593 1637 cui
1616 1582 1701 1637 tanta

144 1663 305 1746 dejiciunt
319 1669 518 1750 semetipsos,
535 1677 567 1731 et
581 1677 688 1732 tamen
704 1669 729 1732 si
746 1688 897 1732 accusen-
952 1671 1066 1733 donata
1084 1669 1182 1734 fuerit
1199 1672 1301 1752 gratia
1317 1672 1454 1754 Spiritus
1474 1672 1581 1736 Sancti
1599 1691 1606 1734 :
1623 1672 1698 1736 llihi
1729 1695 1806 1741 etat.
1818 1711 1846 1751 a,

146 1769 200 1824 tur
228 1781 264 1826 ac
289 1765 528 1848 vilipendantur
556 1767 596 1830 ab
623 1767 706 1842 aliis,
732 1768 898 1849 indignan·
952 1768 1036 1830 absit
1058 1769 1198 1850 gloriari,
1221 1770 1283 1832 nisi
1309 1770 1342 1833 in
1364 1789 1459 1833 cruce
1482 1771 1609 1834 Domini
1635 1771 1698 1834 mei
1715 1763 1747 1805 ¹⁴·

145 1869 208 1922 tur.
226 1862 316 1925 Tales
337 1864 466 1927 demum
488 1873 562 1928 sunt
581 1866 680 1947 aliqui
696 1865 894 1948 versipelles
914 1867 1025 1932 BJesu
1040 1866 1168 1942 Christi,
1184 1886 1242 1950 per
1260 1887 1357 1951 quem
1378 1869 1457 1932 mihi
1473 1870 1612 1933 mundus
1629 1889 1699 1933 cru·

144 1961 203 2042 qui
223 1962 360 2025 scientes
379 1982 476 2045 quam
498 1963 656 2028 laudabile
674 1973 706 2028 et
725 1966 895 2028 honestum
952 1965 1068 2028 cifixus
1090 1974 1148 2040 est,
1165 1973 1197 2028 et
1217 1984 1276 2048 ego
1297 1969 1427 2030 mundo.

143 2059 187 2121 sit
201 2061 287 2144 apud
306 2061 471 2144 religiosos
492 2063 679 2146 patientiam
695 2081 894 2138 conservare,
991 2065 1161 2140 Postremo,
1178 2065 1217 2127 ad
1232 2066 1314 2128 hanc
1330 2065 1559 2148 perfectionem
1575 2085 1639 2131 non
1655 2068 1698 2130 ci-

143 2175 242 2239 quam
269 2159 344 2222 item
370 2161 583 2243 vituperabile
613 2162 833 2245 impatientem
861 2181 895 2225 se
951 2169 983 2225 to
1004 2179 1108 2245 neque
1130 2161 1267 2226 faciliter
1289 2163 1361 2245 quis
1380 2165 1542 2247 pertingit,
1560 2165 1622 2228 nisi
1642 2166 1698 2248 qui

143 2254 308 2331 exhibere,
334 2258 410 2320 dum
438 2259 666 2343 corripiuntur,
693 2260 896 2341 corriguntur
951 2279 969 2322 a
988 2261 1108 2343 Spiritu
1128 2261 1242 2324 Sancto
1261 2261 1399 2325 totaliter
1418 2263 1622 2345 praevenitur,
1639 2265 1698 2326 mi·

142 2362 201 2416 aut
222 2356 365 2438 qualibet
388 2358 578 2422 adversitate
603 2366 788 2440 tanguntur,
805 2359 896 2440 signa
950 2359 1201 2422 sericordissima
1226 2368 1477 2442 preoccupatur,
1503 2361 1699 2424 incessanter

144 2453 355 2535 impatientia
370 2456 564 2519 erubescunt
584 2475 690 2520 coram
710 2456 896 2519 hominibus
950 2457 1109 2539 dirigitur,
1124 2458 1354 2539 gratiosissime
1375 2458 1566 2541 possidetur,
1584 2459 1699 2523 indesi-

143 2553 373 2629 demonstrare‚
399 2563 432 2618 et
453 2563 560 2619 tamen
585 2556 671 2619 intus
700 2573 806 2620 coram
831 2557 896 2619 Deo
951 2565 1063 2618 nenter
1083 2555 1237 2632 allicitur,
1259 2557 1302 2620 ita
1323 2564 1358 2619 ut
1382 2557 1487 2620 dicere
1506 2565 1602 2640 queat
1622 2577 1696 2622 cum

143 2669 212 2714 non
244 2661 395 2716 verentur
424 2654 653 2736 indignatione,
683 2654 893 2737 impatientia,
950 2661 1059 2717 sancto
1081 2655 1187 2718 taliter
1207 2643 1428 2738 preoccupato
1444 2673 1451 2718 :
1468 2655 1622 2731 Tenuisti,
1640 2658 1845 2738 benammi

144 2752 410 2826 murmuratione,
426 2753 638 2815 amaritudine
653 2753 774 2834 agitari.
785 2753 897 2817 Cavea·
950 2753 1047 2826 mine,
1069 2771 1200 2816 manum
1222 2753 1383 2816 dexteram
1404 2771 1519 2828 meam,
1536 2761 1568 2816 et
1588 2754 1622 2816 in
1642 2773 1695 2818 vo·

143 2868 219 2912 mus
242 2851 349 2933 itaque
370 2851 522 2914 universa
541 2851 609 2915 haec
628 2852 716 2928 vitia,
732 2859 798 2914 tam
819 2870 895 2915 vcra
949 2851 1070 2914 luntate
1099 2859 1154 2914 tua
1183 2850 1343 2914 deduxisti
1375 2869 1436 2914 me.
1468 2852 1694 2917 Verumtamen

142 2967 203 3011 seu
228 2957 336 3032 aperta
361 2970 456 3034 quam
483 2950 623 3034 palliata,
644 2958 676 3014 et
700 2968 804 3014 coram
830 2952 894 3014 Deo
949 2949 1103 3031 quianon
1123 2956 1172 3012 est
1189 2947 1373 3012 abbreviata
1393 2967 1506 3012 manus
1524 2949 1579 3012 [tei
1595 2953 1696 3016 omni·
1723 2979 1755 3024 1„
1769 2993 1809 3033 m,
1824 2985 1843 3026 ς,

140 3046 271 3110 assidue
300 3048 509 3112 discutiamus
534 3068 570 3114 ac
599 3049 811 3133 purificemus
840 3066 894 3112 cor
909 3053 931 3117 C
949 3056 1061 3131 potens
1090 3054 1186 3130 atque
1209 3046 1397 3129 largissima,
1423 3055 1459 3110 ut
1482 3049 1603 3113 salvare
1631 3066 1696 3112 uon

139 3153 310 3228 nostrum]
949 3146 1059 3228 possit,
1076 3164 1135 3208 nec
1155 3155 1321 3227 aggravata
1340 3154 1389 3209 est
1406 3147 1492 3210 auris
1511 3147 1582 3229 cJus
1601 3148 1696 3234 mise·

184 3245 347 3322 Praeterea,
364 3246 448 3309 sicut
465 3246 607 3312 Salvator
626 3265 691 3312 non
710 3247 772 3311 fuit
786 3246 893 3311 adula-
949 3243 1174 3318 ricordissimn,
1192 3251 1228 3306 ut
1241 3244 1392 3307 exaudire
1407 3262 1471 3308 non
1486 3245 1574 3321 velit,
1591 3263 1696 3328 neque
1710 3267 1843 3321 amau.

139 3344 235 3407 toriis
254 3345 361 3408 verbis
382 3353 415 3408 et
436 3346 585 3409 humanis
606 3346 754 3410 laudibus
777 3353 891 3421 motus,
947 3343 1091 3425 acceptio
1111 3359 1320 3425 personarum
1338 3341 1377 3406 fit
1396 3344 1481 3426 apud
1501 3363 1587 3421 eum,
1604 3363 1696 3409 cone·

140 3444 188 3506 ita
210 3451 242 3507 et
266 3462 323 3507 nos
344 3445 521 3508 adulatoria
543 3446 640 3510 verba
665 3447 892 3529 despiciamus,
949 3459 1022 3504 mur
1037 3440 1196 3504 indefesse
1216 3460 1252 3504 ac
1272 3441 1391 3524 jugiter
1405 3443 1445 3506 ad
1465 3442 1695 3525 perfectionem

140 3561 250 3625 neque
270 3543 360 3606 vanis
384 3543 533 3608 laudibus
553 3545 744 3620 afficiamur,
766 3547 820 3608 sed
839 3564 894 3628 po·
948 3547 1143 3623 prefactam,
1166 3540 1283 3605 divine
1312 3541 1439 3624 pietatis
1468 3543 1592 3606 viscera
1618 3543 1697 3606 affe-

141 3641 209 3704 tius
237 3641 357 3724 ¹corripi
387 3649 418 3704 et
447 3641 607 3726 increpari
635 3651 793 3726 optemus,
819 3663 893 3706 cum
949 3638 1151 3702 ctuosissime
1168 3639 1379 3722 deprecando,
1396 3639 1513 3704 Christi
1534 3640 1567 3703 in
1580 3641 1698 3704 seculo

10 3765 125 3820 affige,
140 3737 301 3822 Propheta
315 3739 459 3803 dicentes
477 3757 484 3803 :
503 3741 660 3824 Corripiet
674 3761 725 3804 me
739 3741 844 3823 justus
860 3742 894 3805 in
950 3737 1010 3800 isto
1034 3738 1319 3813 conversationem,
1344 3737 1538 3820 passionem,
1563 3739 1698 3802 virtutes

142 3839 365 3902 misericordia
385 3847 417 3902 et
432 3840 611 3923 increpabit
628 3858 699 3920 mc;
716 3840 822 3903 oleum
841 3859 894 3903 au·
949 3836 1109 3918 sapienter
1132 3837 1307 3918 pensando,
1333 3837 1522 3900 Sanctorum
1545 3837 1699 3900 intuendo

141 3946 211 4002 tem
231 3937 407 4020 peccatoris
427 3955 491 4001 non
514 3939 694 4021 impinguet
715 3947 811 4021 caput
830 3958 894 4002 me·
949 3935 1106 4018 exempla,
1123 3935 1286 4018 sequendo
1300 3935 1445 4017 vestigia,
1463 3936 1495 4000 in
1512 3936 1567 4001 Dei
1582 3937 1698 4000 timore

141 4056 210 4099 um.
227 4037 458 4117 Religiosorum
483 4055 621 4119 namque
643 4045 691 4100 est
714 4037 893 4119 abjectione
949 4042 980 4096 et
995 4033 1176 4097 humilitate
1196 4033 1355 4116 profunda
1373 4043 1514 4100 nostram
1534 4035 1697 4099 fundando

138 4143 174 4198 et
197 4135 397 4215 subjectione
416 4136 564 4216 gaudere,
581 4136 675 4200 subdi
698 4145 730 4200 et
751 4137 891 4212 obedire,
949 4132 1234 4208 conversationem,
1251 4141 1284 4196 et
1296 4133 1439 4197 divinam
1456 4153 1584 4220 semper
1598 4143 1697 4198 atten-

138 4233 284 4319 probari,
307 4233 483 4308 humiliari,
508 4241 540 4296 et
565 4234 653 4298 mille
678 4236 780 4299 modis
805 4255 893 4299 exer·
908 4239 933 4300 l)
948 4231 1051 4293 dendo
1076 4250 1112 4293 ac
1136 4232 1316 4295 venerando
1340 4233 1553 4314 presentiam.
1580 4234 1695 4317 Sicque

138 4332 210 4395 ceri
233 4350 271 4394 ac
294 4332 487 4408 conculcari,
509 4350 676 4416 quousque
700 4335 738 4396 ad
764 4334 891 4417 plenam
948 4330 980 4392 in
996 4329 1084 4392 omni
1100 4331 1264 4412 patientia,
1281 4332 1698 4406 mansuetudine,obedien·

138 4431 326 4514 pertingant
347 4430 627 4495 mortificationem
651 4433 699 4494 sui
725 4433 836 4515 ipsiuS,
853 4433 892 4495 ad
947 4429 1001 4503 tia,
1028 4427 1209 4503 sobrietate,
1230 4427 1406 4510 diligentia,
1427 4429 1611 4506 stabilitate,
1634 4431 1697 4494 dis·

137 4547 258 4614 puram
283 4529 482 4593 evulsionem
503 4530 618 4613 privati
642 4531 769 4607 amoris,
785 4532 824 4594 ad
845 4549 892 4593 re·
948 4528 1087 4590 cretione
1114 4527 1316 4591 exercitando
1346 4545 1403 4592 nos
1430 4528 1515 4610 ipsos
1540 4530 1693 4612 quotidie,

137 4628 368 4692 formationem
395 4629 570 4712 perfectam
599 4629 738 4692 hominis
768 4628 893 4692 interio
947 4625 1117 4707 diligamus
1139 4643 1196 4690 nos
1220 4645 1301 4708 pure
1325 4625 1358 4688 in
1384 4627 1458 4699 Deo,
1474 4626 1631 4709 quidquid
1655 4629 1694 4691 ad

137 4728 212 4791 ris:
229 4734 386 4809 quatenus
405 4727 514 4791 omnia
532 4747 570 4791 ea
588 4747 659 4810 quae
680 4729 790 4791 mundi
806 4748 891 4791 ama·
947 4725 1211 4807 complacendum
1228 4725 1269 4798 ei,
1285 4725 1324 4788 ad
1340 4724 1575 4807 proficiendum
1594 4725 1626 4788 in
1645 4745 1694 4789 ca-

136 4835 228 4889 tores
257 4827 488 4909 appretiantur,
514 4827 659 4908 eupiunt,
685 4835 831 4908 quaerunt
860 4835 892 4889 et
946 4825 1039 4888 ritate
1058 4833 1089 4886 et
1108 4824 1210 4906 gratia
1230 4824 1311 4906 ejus,
1332 4826 1372 4888 ad
1392 4824 1545 4888 unionem
1567 4833 1599 4889 et
1617 4826 1694 4890 frui·

135 4924 393 5007 amplectuntur,
418 4925 556 4999 divitiae,
582 4924 713 4988 delicias
739 4933 770 4987 et
793 4926 891 4990 hono-
947 4925 1066 4988 tionem
1089 4924 1190 5006 ipsius
1212 4931 1313 4986 exstat
1334 4924 1427 4988 nobis
1449 4925 1691 4990 accommodum

137 5043 206 5100 res,
231 5025 397 5100 vanitates,
427 5025 652 5088 dissolutiones
681 5043 718 5087 ac
747 5026 890 5108 proprias
945 5024 1186 5107 amplectentes,
1203 5030 1236 5086 et
1252 5023 1409 5106 quidquid
1426 5024 1501 5088 inde
1518 5042 1576 5088 nos
1593 5024 1693 5110 impa-

137 5124 320 5201 libertates,
340 5125 504 5189 fastidiant
527 5133 559 5188 et
582 5125 740 5206 refutent;
756 5144 794 5189 ea
815 5144 893 5208 quo
946 5124 994 5187 dit
1011 5125 1213 5187 detestantes.
