4154 6258
308 514 457 563 nouuuos
478 515 534 562 xm
555 514 629 562 rosr
649 513 843 560 mrurrarsu.
863 530 904 542 —
924 513 967 558 an
986 512 1183 576 narrerosos3
1205 513 1303 560 srauo
1324 512 1437 560 suxros
1590 495 1650 560 tto

107 687 225 762 Quinto,
243 686 319 769 quia
338 702 401 748 non
421 685 514 748 alitor
531 684 593 746 nisi
608 703 683 747 eum
698 690 765 747 toto
781 700 848 746 cor·
862 681 888 745 A
902 683 957 765 qui
987 691 1075 746 extra
1102 684 1204 747 Deum
1233 682 1279 746 nil
1307 683 1456 765 diligunt,
1482 701 1586 765 neque
1610 683 1648 745 ad

107 785 309 860 danmando,
336 784 568 847 beatitudinem
594 784 633 846 ad
658 801 754 865 quam
779 783 847 864 ipse
903 789 1008 845 creata
1023 782 1202 846 inordinate
1216 782 1579 864 afficiuntur‚quantum
1594 783 1651 844 hu·

107 903 157 948 nos
178 884 322 948 condidit
344 901 515 967 possumus
533 881 678 964 adipisci.
903 899 997 942 mana
1016 879 1171 960 fragilitas
1192 880 1225 942 in
1245 880 1304 943 bac
1323 881 1388 943 vita
1408 879 1572 962 permittit.
1591 879 1650 952 Qui

141 983 303 1058 Proterea,
319 983 419 1045 Deum
436 986 503 1044 toto
522 980 627 1055 corde,
643 987 708 1043 tota
727 987 845 1054 mente,
903 979 961 1042 etsi
983 979 1175 1062 quandoque
1191 979 1358 1042 venialiter
1378 985 1522 1061 peccent,
1542 986 1649 1041 tamen

107 1090 164 1144 tota
182 1082 291 1144 anima
310 1089 342 1143 et
360 1078 511 1144 omnibus
530 1078 654 1141 viribus
673 1077 775 1160 diligi,
792 1079 847 1140 tri·
903 1097 961 1161 per
975 1078 1116 1140 caritatis
1130 1078 1287 1152 ardorem,
1305 1097 1362 1160 per
1382 1077 1581 1140 contritionis
1597 1096 1649 1140 ve-

108 1180 227 1263 plioiter
257 1187 361 1263 potest
389 1178 535 1259 intelligi.
562 1178 678 1251 Primo,
704 1184 739 1238 ut
765 1176 847 1238 nihil
904 1177 1085 1240 frementem
1109 1177 1263 1258 vigorem,
1284 1195 1342 1258 per
1366 1176 1585 1259 sapientialem
1610 1177 1648 1238 de

107 1279 174 1351 Dec,
191 1279 247 1340 sed
268 1277 336 1360 ipse
352 1276 448 1340 rebus
463 1274 613 1338 omnibus
632 1282 845 1356 preponatur,
902 1294 959 1338 sua
974 1275 1069 1358 culpa
1084 1275 1352 1356 pudorem,atque
1365 1292 1422 1356 per
1433 1273 1495 1337 alia
1509 1273 1650 1337 virtuosa

107 1385 162 1439 tam
188 1377 222 1438 in
245 1377 349 1451 corde,
371 1376 405 1438 id
429 1384 478 1438 est
501 1373 674 1448 voluntate,
695 1391 791 1456 quarn
813 1372 846 1435 in
902 1374 1054 1436 exercitia
1080 1373 1181 1436 multa
1202 1380 1234 1436 et
1255 1390 1379 1454 magna,
1401 1390 1459 1454 pro
1483 1372 1549 1435 suis
1572 1389 1650 1454 quo·

107 1482 207 1537 mente
233 1493 290 1538 seu
319 1473 496 1548 intellectu,
523 1473 556 1534 in
580 1472 695 1535 animat
718 1488 846 1553 quoque
902 1471 1032 1535 tidiauis
1047 1471 1152 1554 culpis
1167 1489 1230 1534 non
1248 1471 1352 1534 solum
1369 1470 1570 1534 satisfaciunt
1584 1470 1650 1552 ple·

107 1573 276 1636 intentione
298 1579 330 1636 et
349 1571 463 1634 ceteris
482 1570 606 1633 viribus
625 1570 715 1651 ejus;
737 1569 846 1632 necin
903 1589 954 1644 ne,
975 1572 1031 1633 sed
1051 1570 1134 1633 ultra
1153 1570 1213 1633 boc
1234 1570 1410 1652 plurimum
1428 1576 1651 1652 promerentur

105 1671 251 1734 omnibus
273 1671 395 1753 aliquid
415 1669 532 1732 divina
553 1669 747 1731 contrarium
768 1667 846 1730 cari·
902 1676 1117 1732 accrescunt.
1139 1669 1217 1731 Nam
1238 1675 1269 1732 et
1294 1668 1355 1751 ipsi
1380 1669 1424 1731 ita
1447 1668 1651 1752 appellantur

17 1825 21 1842 ,
106 1770 155 1832 tati
177 1777 299 1850 agatur,
316 1769 371 1831 sed
393 1770 432 1831 ad
454 1767 562 1830 minus
582 1766 673 1848 juxta
693 1767 748 1829 Dei
768 1785 846 1849 prae-
902 1767 1048 1850 perfecti,
1065 1775 1101 1829 ut
1122 1767 1224 1830 nihilo
1246 1768 1353 1830 minus
1374 1767 1502 1831 assidue
1526 1767 1649 1850 possint

105 1877 190 1950 cepta
212 1869 278 1932 vita
297 1867 437 1933 hominis
459 1866 623 1948 dirigatur.
641 1865 678 1928 llt
694 1865 779 1928 istud
799 1860 882 1929 estB
902 1867 975 1948 plus
998 1866 1123 1949 perfici,
1141 1873 1172 1928 et
1193 1867 1281 1928 omni
1303 1866 1380 1928 bora
1401 1865 1581 1948 proficiant.
1602 1865 1650 1930 ld·

105 1969 139 2028 da
161 1968 349 2030 necessitato
369 1966 492 2039 salutis,
509 1972 541 2028 et
556 1965 640 2028 eadit
658 1964 848 2047 simpliciter
902 1965 988 2028 circo
1018 1965 1152 2046 lignum,
1183 1964 1307 2028 foenum
1338 1965 1554 2046 stipulamque
1584 1982 1648 2027 non
1681 1989 1752 2036 rcar.
1765 2005 1795 2046 m,

105 2065 159 2128 sub
181 2073 351 2148 praecepto,
372 2072 484 2148 estque
505 2065 621 2145 gradus
645 2063 777 2126 infimus
799 2081 847 2124 ea·
902 2063 1068 2145 eolligunt,
1085 2063 1140 2126 sed
1160 2063 1333 2126 morientes
1356 2079 1429 2126 mox
1448 2063 1585 2126 evolant.
1603 2063 1648 2124 Ex
1663 2056 1696 2097 ¹²·

107 2163 213 2226 ritatis.
900 2162 1020 2244 quibus
1040 2161 1177 2234 elicitur,
1195 2162 1279 2244 qnod
1299 2162 1396 2224 etiam
1416 2160 1571 2243 perfectio
1590 2161 1649 2224 ista

140 2261 294 2336 Secundo,
320 2270 355 2324 ut
375 2262 409 2324 in
439 2261 563 2325 cunctis
588 2261 756 2344 pratactis,
782 2277 846 2323 non
902 2259 1042 2322 caritatis
1057 2258 1213 2339 graduum
1230 2259 1431 2321 latitudinem
1446 2259 1605 2332 sortiatur,
1618 2266 1649 2322 et

104 2361 200 2423 solum
227 2359 308 2422 nihil
333 2361 455 2424 caritati
480 2359 676 2424 contrarium
700 2359 769 2434 fiat,
791 2359 847 2422 sod
902 2361 1045 2424 diversos
1073 2360 1188 2423 habeat
1211 2362 1338 2442 gradus,
1363 2362 1540 2424 secundum
1564 2361 1649 2443 quod

103 2458 153 2521 illa
180 2459 278 2522 etiarn
308 2459 531 2542 relinquantur
560 2478 630 2542 qua
659 2479 678 2522 a
707 2458 846 2522 caritatis
903 2477 986 2520 unus
1001 2457 1064 2521 alio
1081 2458 1221 2522 sanctior
1236 2459 1269 2521 in
1286 2458 1346 2522 bae
1360 2459 1426 2522 vita
1444 2459 1506 2523 fuit
1521 2467 1575 2522 aut
1589 2467 1646 2522 ast.

103 2558 243 2639 profectu
268 2564 301 2621 et
324 2557 521 2641 perfectione
550 2558 654 2620 solent
682 2557 846 2621 bominem
902 2557 1067 2639 Siquidem
1087 2558 1219 2640 quidam
1234 2558 1341 2620 Sancti
1360 2566 1433 2641 post
1451 2559 1533 2622 banc
1548 2559 1648 2622 vitam

103 2656 275 2738 impedire;
296 2663 329 2718 et
349 2656 403 2719 illa
423 2662 557 2738 agantur
581 2675 652 2738 qum
675 2655 714 2718 ad
738 2673 847 2738 super·
903 2674 1013 2738 poenas
1035 2656 1211 2739 purgatorii
1231 2656 1270 2719 ad
1290 2665 1417 2738 tempus
1436 2657 1520 2740 passi
1542 2658 1649 2739 legun-

103 2756 312 2836 orogationem
328 2755 542 2838 pertinent,et
556 2755 720 2818 caritatem
735 2773 774 2817 ex
790 2773 847 2816 sua
903 2761 965 2830 tur,
982 2755 1058 2836 quia
1079 2753 1252 2817 cremabile
1274 2755 1363 2836 quid,
1381 2762 1489 2838 utpote
1511 2756 1646 2837 lignum,
1675 2780 1769 2826 ratam.

101 2860 209 2918 natura
233 2871 350 2936 augere
373 2862 469 2938 atque
493 2853 650 2937 perficere
674 2870 847 2916 consueve—
902 2851 1037 2927 foenum,
1053 2852 1218 2935 stipulam,
1234 2870 1344 2915 seeum
1369 2853 1519 2916 tulerunt.

101 2959 179 3014 runt.
206 2952 265 3014 llio
289 2959 397 3016 autem
421 2961 471 3016 est
494 2953 611 3034 gradus
636 2952 776 3015 caritatis
800 2970 847 3015 se-
942 2951 1057 3026 Tartio,
1085 2950 1254 3033 profatum
1283 2951 1422 3014 caritatis
1451 2960 1647 3035 preceptum

101 3051 221 3114 condus
251 3069 287 3114 ae
312 3051 448 3126 medius,
476 3051 509 3114 in
539 3052 598 3114 hac
622 3051 688 3113 vita
711 3050 883 3133 possibili
903 3049 946 3111 ita
960 3048 1160 3131 intelligitur,
1178 3057 1212 3111 ut
1227 3049 1389 3112 rationalis
1404 3058 1547 3114 creatura
1563 3051 1647 3134 jugi·

100 3146 146 3222 lis,
167 3149 205 3212 ad
232 3149 397 3230 religiosos
420 3151 583 3233 precipue
607 3156 766 3231 spectans,
790 3149 845 3231 qui
902 3155 960 3222 ter,
977 3148 1046 3211 sinc
1066 3148 1311 3230 interpolatione
1326 3166 1383 3210 scu
1402 3149 1645 3233 interruptione,

10 3267 85 3316 tuac
99 3253 222 3310 terrena
243 3247 350 3311 omnia
372 3255 403 3310 et
425 3248 622 3330 propinquos
646 3247 843 3330 relinquunt,
902 3247 1079 3310 secundum
1099 3254 1278 3309 extremum
1298 3264 1391 3330 posse
1413 3267 1519 3323 suum,
1535 3268 1647 3312 sccun-

10 3329 84 3378 Μ’·
98 3344 290 3426 abnegantes
310 3346 442 3429 insuper
457 3354 490 3408 et
504 3366 538 3409 se
554 3346 651 3429 ipsos,
668 3365 765 3430 seque
781 3346 845 3410 Deo
901 3345 978 3408 dum
1004 3363 1115 3408 omnes
1140 3364 1213 3408 suas
1238 3346 1395 3428 potentias
1423 3326 1590 3410 actualiter
1614 3349 1648 3410 in

97 3441 128 3504 in
147 3462 246 3506 manu
263 3444 375 3506 vicarii
395 3444 445 3507 sui
460 3444 633 3508 offerentes
649 3445 682 3507 in
698 3445 845 3508 holocau·
901 3445 1002 3507 Deum
1017 3463 1097 3526 pura
1112 3443 1232 3507 feratur
1247 3452 1279 3506 et
1293 3444 1447 3527 quiescat,
1460 3444 1581 3528 absque
1596 3447 1649 3508 ad-

96 3547 189 3616 stum,
218 3549 376 3624 quatenus
400 3562 419 3604 a
442 3542 551 3605 multis
580 3541 742 3618 abstracti,
768 3551 799 3606 et
827 3563 846 3606 a
901 3543 1056 3606 mixtione
1080 3543 1178 3606 totius
1198 3543 1315 3606 erroris
1341 3552 1372 3606 at
1397 3543 1509 3626 culpae.
1532 3545 1570 3607 Et
1589 3545 1648 3608 ista

95 3640 212 3702 carnali
232 3641 355 3704 affeetu
370 3660 406 3704 ae
421 3641 584 3724 voluptate
599 3642 724 3716 remoti,
741 3661 758 3704 a
774 3660 843 3726 pre
901 3649 949 3703 cst
962 3642 1079 3724 gradus
1093 3641 1207 3704 tertius
1223 3641 1458 3717 caritatis,aero
1474 3643 1647 3724 perfectus,

93 3739 161 3820 pria
175 3758 306 3822 queque
321 3740 466 3803 libertate
482 3740 604 3814 nudati,
617 3740 685 3816 uni,
704 3759 843 3818 summo,
901 3748 1048 3822 respectu
1077 3740 1181 3823 eujus,
1207 3740 1324 3821 gradus
1354 3741 1494 3804 caritatis
1521 3743 1648 3806 Sancto·

93 3839 275 3902 necessario
296 3838 381 3902 bono
403 3839 515 3922 purius
535 3839 846 3922 vacent-spirituali·
900 3857 972 3900 rum
998 3839 1030 3901 in
1052 3839 1111 3901 bac
1136 3838 1202 3900 vita
1225 3838 1399 3920 perfectus,
1425 3846 1473 3902 est
1498 3840 1649 3923 imperfe-

91 3934 217 4018 busque
234 3937 461 4013 inbaeroant‚et
474 3939 606 4000 omnino
620 3937 846 4001 transformen-
900 3945 982 4010 etus,
1003 3955 1186 4019 quanquam
1211 3944 1244 3998 et
1267 3936 1321 4000 ille
1341 3937 1503 4020 perfectus
1525 3940 1649 4001 dicatur

91 4041 141 4096 tur
156 4035 189 4096 in
207 4035 316 4118 ipsum
336 4054 373 4099 ac
392 4035 617 4118 possideantur
634 4036 675 4099 ab
691 4037 770 4118 ipso.
787 4037 845 4099 llic
901 4037 932 4099 in
953 4053 1011 4100 suo
1030 4043 1112 4098 statu
1132 4044 1164 4097 et
1183 4054 1308 4117 genere.

89 4133 206 4213 gradus
228 4133 369 4196 caritatis
394 4135 478 4196 cadit
501 4133 561 4196 sub
586 4134 777 4216 evangelicas
801 4135 846 4198 le-
940 4134 1000 4196 Sed
1032 4152 1130 4216 quum
1160 4134 1293 4215 diligere
1318 4135 1360 4196 sit
1383 4144 1472 4198 aetus
1498 4137 1648 4219 proprius

88 4231 136 4310 gis
156 4231 316 4306 consiliis,
333 4233 373 4295 ad
395 4251 465 4314 quae
484 4241 591 4296 tamen
611 4233 752 4314 religiosi
773 4234 883 4315 postll
899 4233 1083 4308 voluntatis,
1101 4231 1153 4294 cui
1174 4232 1233 4295 soli
1253 4251 1338 4308 vere,
1355 4233 1532 4314 subjective
1553 4243 1648 4316 atque

87 4348 178 4393 suam
200 4328 438 4413 professionem
460 4338 617 4408 tenentur,
639 4332 715 4414 quia
729 4339 760 4394 et
776 4333 845 4415 ipsa
900 4331 1077 4394 formaliter
1106 4331 1220 4394 caritas
1249 4331 1342 4405 inest,
1369 4332 1528 4413 quomodo
1557 4335 1649 4397 ratio·

87 4431 225 4492 consilia
241 4439 320 4493 tune
336 4431 382 4494 eis
397 4430 430 4493 in
445 4439 604 4514 praecepta
619 4433 843 4507 vertuntur,ad
900 4430 981 4493 nalis
1001 4437 1145 4492 ereatura
1165 4429 1283 4492 dieitur
1305 4430 1405 4492 Deum
1428 4429 1561 4511 diligere
1583 4438 1649 4496 tota

87 4529 197 4591 minus
220 4529 417 4611 principalia
437 4530 498 4591 tria
520 4529 663 4594 consilia.
900 4536 1006 4591 mente
1031 4529 1218 4609 cunctisque
1243 4527 1366 4590 viribus
1396 4528 1429 4590 in
1458 4529 1575 4611 quibus
1600 4550 1650 4593 ca·

125 4627 362 4690 Verumtamen
382 4627 498 4707 gradus
512 4627 565 4690 bie
580 4627 719 4690 caritatis
738 4628 843 4691 latitu·
900 4628 976 4690 ritas
990 4633 1022 4688 et
1036 4627 1107 4707 ejus
1122 4632 1211 4688 actus
1227 4625 1326 4688 eliciti
1342 4643 1405 4689 non
1422 4627 1648 4692 inveniunturl

83 4723 196 4788 dinem
225 4723 335 4799 habet,
358 4744 460 4807 quum
484 4726 614 4807 quidam
639 4725 672 4788 in
697 4725 755 4790 bae
778 4729 844 4790 vita
898 4727 1128 4808 despondetur,
1151 4725 1235 4806 quod
1260 4741 1324 4787 non
1349 4726 1460 4788 eodem
1486 4728 1581 4791 modo
1603 4729 1649 4792 di-

83 4822 240 4886 dicentur
264 4824 298 4886 in
324 4823 453 4886 caritate
479 4823 624 4906 perfecti,
645 4833 680 4887 ut
703 4825 764 4888 viri
790 4827 845 4889 he·
899 4825 982 4888 citur
1006 4825 1102 4888 homo
1127 4824 1227 4886 Deum
1253 4823 1386 4904 diligere
1408 4831 1474 4888 toto
1496 4829 1591 4890 corde
1615 4836 1647 4892 et

83 4921 175 4996 roici,
204 4921 241 4984 in
270 4921 389 5003 quibus
419 4922 582 5004 passiones
612 4930 687 4985 sunt
715 4925 843 5006 penitus
900 4931 964 4986 tota
994 4929 1112 4996 mente,
1137 4929 1197 4984 etc.
1225 4922 1349 4984 Dicitur
1378 4941 1516 5006 namque
1545 4926 1646 4992 Deum
1666 4951 1792 5006 ateana,

84 5019 295 5082 mortificatae
323 5038 360 5082 ae
388 5019 577 5094 reformata,
607 5027 639 5083 et
667 5022 843 5103 spiritualis
899 5030 965 5086 toto
990 5021 1086 5084 corde
1107 5020 1240 5100 diligere
1263 5019 1440 5084 formaliter
1461 5030 1493 5084 et
1514 5024 1645 5102 directe,

82 5137 174 5181 amor
198 5118 250 5181 sio
274 5117 458 5180 dominatur
481 5118 566 5199 quod
590 5138 679 5182 amor
700 5121 843 5202 privatus
900 5120 955 5183 scd
970 5128 1035 5183 tota
1053 5127 1169 5193 mente,
1187 5127 1219 5181 ct
1234 5126 1298 5181 tota
1316 5119 1433 5195 anima,
1451 5128 1482 5183 et
1496 5123 1646 5188 omnibus

82 5235 221 5298 prorsus
247 5216 425 5280 exstinctus
446 5223 505 5290 est,
522 5217 691 5300 omnisque
713 5218 842 5284 affectio
900 5217 1034 5294 viribus,
1053 5218 1085 5280 in
1105 5225 1261 5299 quantum
1281 5224 1370 5279 actus
1392 5218 1583 5296 intellectus,
1601 5222 1647 5284 in·

81 5317 276 5383 inordinata
295 5315 417 5398 proprii
443 5316 603 5380 commodi
626 5323 674 5380 est
697 5318 821 5401 sepulta
832 5335 841 5400 ;
901 5318 1000 5382 tentio
1019 5317 1134 5382 animas
1149 5324 1181 5379 et
1196 5316 1384 5380 inferiorum
1400 5317 1519 5383 virium
1538 5337 1647 5404 opera-
