4164 6258
452 387 512 452 224
668 403 817 452 botttmca
838 404 869 450 lv
889 404 963 451 POST
982 402 1176 450 murram.
1198 421 1238 432 ··-
1258 403 1300 450 Ab
1321 403 1516 466 sublatosos;
1538 403 1638 450 smo
1658 403 1803 450 sumus

455 574 560 639 sanari
589 579 718 658 potestl
743 573 782 637 Et
810 574 894 638 istud
922 573 1080 656 judicium
1110 572 1244 637 debetd
1259 573 1301 636 sit
1315 574 1370 657 qni
1386 593 1472 636 nunc
1486 573 1590 637 bonus
1604 579 1659 636 aut
1674 572 1776 636 malus
1790 571 1985 654 apparetllon

456 673 594 756 quilibet
608 675 693 737 circa
708 693 742 737 se
757 681 789 737 ει
803 673 887 736 circa
902 672 1063 753 subJectos
1078 691 1205 736 exerce·
1259 691 1334 754 ergo
1354 673 1627 756 reprehendamus
1647 691 1685 734 ea
1706 672 1745 734 de
1766 669 1883 752 quibus
1903 671 1987 734 nesci

456 790 501 846 re,
518 772 546 834 si
567 772 729 855 aliquibus
750 771 866 854 presit.
884 771 1067 833 Secundum
1087 777 1136 832 est
1154 769 1205 852 ju·
1259 790 1331 833 mus
1346 789 1410 854 quo
1430 771 1537 834 animo
1553 771 1636 833 facta
1654 770 1739 848 sint;
1760 787 1820 832 nec
1839 769 1882 830 ita
1899 786 1987 850 repre-

436 869 577 961 dicium
603 869 870 944 commendabile,
894 869 979 950 quod
1003 876 1135 931 vocatur
1156 867 1206 950 ju·
1259 866 1437 929 bendamus
1462 886 1533 949 quaa
1558 865 1726 928 manifesta
1755 871 1830 927 sunt
1853 864 1940 936 mala,
1959 873 1986 925 ut
2018 891 2020 896 v

456 969 577 1031 dicium
609 969 746 1052 proprias
774 967 994 1042 discussionis,
1022 984 1086 1049 qno
1109 967 1205 1030 homo
1259 963 1329 1044 ejus
1346 965 1400 1047 qui
1421 963 1497 1027 fecit
1511 963 1768 1028 emendationem
1787 962 1985 1044 desperemus.

457 1075 529 1150 post
547 1067 685 1150 proprie
704 1067 778 1130 vitae
798 1066 983 1148 diligentem
1001 1065 1206 1128 examinatio-
1299 1063 1461 1138 Praeterea‚
1474 1063 1567 1144 juxta
1589 1063 1746 1135 doctores,
1763 1061 1905 1144 quadam
1927 1069 1987 1122 sunt

456 1185 530 1229 nem
549 1165 674 1246 judicat
692 1185 725 1228 se
747 1165 843 1227 talem
865 1163 969 1245 qualis
991 1171 1039 1226 εει
1056 1181 1062 1225 :
1080 1163 1119 1225 de
1142 1181 1205 1245 quo
1260 1160 1343 1223 mala
1358 1180 1428 1244 quae
1443 1161 1526 1224 bono
1540 1161 1649 1223 animo
1663 1160 1735 1223 fieri
1751 1167 1988 1242 nequeunt,quo

456 1265 500 1327 ait
514 1264 696 1347 Apostolus,
713 1264 745 1327 si
761 1280 818 1326 nos
840 1263 926 1345 ipsos
942 1262 1203 1343 dijudicaremus,
1260 1259 1345 1320 niam
1361 1260 1394 1320 in
1414 1279 1471 1322 sua
1490 1259 1611 1322 ratione
1631 1257 1865 1322 deformitatem
1883 1259 1987 1340 peceati

336 1373 342 1384 '
457 1380 519 1424 non
536 1362 647 1444 utique
662 1361 888 1443 judicaremur.
906 1359 1047 1423 Tertium
1063 1367 1111 1422 est
1124 1360 1206 1440 judi·
1261 1356 1439 1430 includunt,
1457 1365 1491 1419 ut
1510 1356 1743 1440 blasphemare,
1759 1356 1934 1438 desperare,
1949 1356 1987 1418 fu·

457 1461 545 1523 cium
574 1460 750 1533 tolerabile,
776 1467 853 1542 puta
879 1458 1037 1540 judicium
1066 1458 1206 1520 definiti·
1260 1455 1333 1529 rari,
1351 1455 1530 1519 latmcinari
1549 1475 1556 1518 :
1573 1455 1612 1518 de
1632 1455 1751 1538 quibus
1768 1455 1911 1536 judicare
1931 1474 1988 1537 per·

456 1577 534 1621 vum
550 1578 606 1622 seu
620 1559 811 1621 assertivum
827 1557 866 1620 de
885 1557 1019 1619 aliorum
1041 1556 1205 1620 inexcusa·
1260 1554 1408 1630 mittitur,
1421 1574 1521 1636 quum
1537 1563 1659 1618 certum
1676 1556 1717 1617 sit
1731 1554 1818 1638 quod
1833 1554 1897 1617 sint
1911 1555 1987 1617 mala

457 1657 578 1720 bilibus
600 1658 703 1732 malis,
720 1675 791 1740 quae
812 1656 896 1719 bono
915 1662 1079 1737 nequeunt
1097 1657 1205 1720 animo
1259 1652 1328 1714 Alia
1343 1661 1417 1715 sunt
1432 1653 1515 1717 bona
1529 1673 1567 1716 ex
1582 1672 1788 1736 genereque
1803 1661 1907 1716 tamen
1922 1653 1989 1714 malr

456 1755 529 1818 fieri
554 1773 560 1818 :
585 1756 624 1818 de
654 1755 772 1838 quibus
796 1755 949 1828 Salvator,
977 1755 1021 1815 Ex
1046 1753 1204 1817 fructibus
1222 1750 1332 1818 Bfieri
1358 1759 1502 1833 possunt,
1519 1760 1554 1813 ut
1574 1753 1649 1814 dare
1669 1751 1793 1834 aliquid
1813 1752 1990 1814 mendicanti

336 1875 342 1886 ·
455 1853 588 1936 (inquit)
612 1871 722 1917 eorum
749 1852 946 1934 cognoscetis
970 1868 1033 1914 eos.
1051 1852 1203 1924 Quartum
1260 1867 1317 1930 pro
1340 1849 1433 1912 laude
1456 1850 1605 1912 bumana.
1627 1850 1746 1912 Tamen
1770 1849 1849 1932 quia
1870 1848 1989 1911 aliumm

456 1961 505 2014 est
524 1952 683 2033 judicium
704 1952 793 2026 utile,
809 1951 933 2014 scilicet
948 1949 1107 2031 judicium
1127 1969 1205 2032 prae-
1259 1965 1315 2010 nos
1336 1947 1412 2010 latet
1431 1948 1576 2022 intentio,
1593 1947 1668 2011 talia
1687 1956 1762 2012 sunt
1779 1949 1947 2030 judicanda
1963 1948 1988 2010 in

370 2071 373 2076 ·
456 2051 601 2126 sidentis,
627 2051 804 2114 secundum
828 2049 954 2130 regulas
977 2048 1059 2129 juris
1084 2065 1091 2110 :
1113 2048 1205 2129 juxta
1258 2045 1352 2122 bono,
1369 2055 1400 2110 et
1421 2045 1630 2129 probabiliter
1650 2046 1735 2110 bona
1756 2049 1924 2121 censenda,
1938 2047 1988 2110 nisi

457 2151 541 2232 quod
568 2150 600 2213 in
626 2147 804 2213 Proverbiis
828 2147 974 2222 habetur,
1000 2148 1064 2210 Rex
1090 2149 1144 2229 qui
1170 2149 1203 2210 in
1257 2146 1446 2208 verisimilia
1458 2146 1497 2209 ad
1516 2146 1701 2228 oppositum
1718 2155 1909 2229 apparerent
1922 2147 1988 2208 indi·

336 2269 343 2280 ·
457 2248 590 2312 veritate
603 2248 726 2330 judicat
745 2264 911 2329 pauperes,
928 2246 1060 2308 thronus
1079 2247 1149 2327 ejus
1170 2247 1202 2308 in
1258 2245 1316 2306 cia.
1332 2247 1425 2308 Juxta
1444 2245 1529 2326 quod
1553 2245 1585 2306 in
1605 2245 1778 2328 Evangelio
1797 2244 1936 2328 loquitur
1952 2245 1988 2307 Fi·

458 2354 613 2410 aetemum
643 2345 834 2409 firmabitur.
864 2343 1015 2418 Quintum
1044 2353 1092 2408 est
1118 2345 1203 2426 judi·
1258 2343 1320 2405 lius
1342 2343 1399 2405 liei
1416 2359 1424 2404 t
1440 2344 1544 2417 Ouum
1568 2343 1647 2406 facis
1671 2343 1919 2426 eleemosynam,
1935 2345 1988 2408 noli
2004 2365 2076 2407 vars.

458 2446 544 2508 cium
562 2443 685 2517 inutile,
703 2450 811 2526 utpote
824 2442 982 2524 judicium
998 2441 1201 2526 suspicionis,
1257 2441 1334 2503 tuba
1347 2449 1419 2505 ante
1435 2447 1466 2504 ιε
1481 2460 1605 2516 canere,
1622 2442 1682 2505 boc
1696 2449 1746 2504 est
1763 2443 1856 2524 signa
1870 2430 2012 2507 ostenta-²

458 2552 564 2606 tamen
589 2542 710 2625 absque
734 2543 829 2624 pleno
853 2559 1009 2606 consensu
1036 2542 1166 2605 rationis
1193 2560 1200 2604 :
1257 2540 1353 2603 tionis
1368 2547 1554 2604 monstrare.
1570 2540 1762 2604 Aliaautem
1778 2550 1855 2605 sunt
1869 2541 1989 2606 bonaex

357 2699 362 2710 .
398 2680 411 2709 v
456 2643 496 2704 de
515 2661 579 2725 quo
599 2648 666 2704 orat
686 2641 860 2714 Psalmista,
876 2639 975 2703 Aufer
993 2641 1201 2723 opprobrium
1257 2658 1313 2701 sua
1334 2647 1447 2702 natura
1470 2647 1501 2702 et
1525 2639 1654 2722 propria
1677 2640 1899 2723 rationeque
1922 2641 1990 2703 male

336 2761 342 2774 ·
458 2758 566 2802 meum
587 2739 673 2822 quod
697 2738 876 2820 suspicatus
901 2757 982 2801 snm.
1000 2738 1130 2801 Sextum
1154 2747 1203 2802 est
1257 2736 1330 2800 fieri
1354 2745 1518 2820 nequeunt
1535 2755 1542 2799 :
1558 2744 1594 2799 ut
1615 2745 1690 2800 sunt
1713 2737 1815 2801 eliciti
1839 2748 1872 2801 et
1896 2741 1991 2802 imme·

454 2838 612 2921 judicium
628 2837 920 2911 detestabile.0uod
936 2836 975 2900 fit
989 2845 1125 2919 quatuor
1140 2857 1201 2902 mo
1256 2837 1333 2900 diali
1362 2845 1452 2900 actus
1480 2837 1647 2911 virtutum,
1676 2837 1796 2920 quibus
1827 2839 1989 2902 secundum

455 2938 514 3000 dis.
541 2937 656 3011 Primo,
680 2938 757 2999 dum
782 2935 884 2999 fertur
912 2937 1069 3000 sententia
1093 2937 1132 3000 de
1156 2957 1202 3000 se
1218 2940 1239 3004 G
1256 2936 1481 3018 angustinum,
1507 2934 1615 2998 nullus
1639 2935 1759 2998 directe
1784 2937 1887 2999 utitur
1910 2937 1989 3008 male,

454 3036 549 3098 cretis
578 3035 683 3098 cordis
707 3035 777 3098 sine
800 3033 1039 3113 sufficientibus
1066 3035 1166 3118 signis
1192 3054 1199 3099 :
1256 3035 1340 3098 sicut
1359 3035 1491 3117 diligere
1511 3035 1624 3110 Deum,
1640 3043 1736 3118 atque
1754 3035 1893 3099 aliarum
1907 3037 1991 3098 virtu·

454 3134 539 3217 quod
570 3134 609 3196 ad
641 3133 848 3196 temerarium
880 3140 1002 3214 spectat
1030 3133 1200 3214 judicium,
1256 3141 1324 3196 tum
1348 3152 1444 3216 opera
1462 3132 1638 3214 adimplere
1657 3134 1836 3197 secundum
1859 3135 1991 3197 intentio
2080 3129 2081 3132 ’

454 3233 539 3314 quod
554 3251 618 3295 non
633 3231 778 3314 procedit
798 3250 837 3293 cx
857 3239 942 3294 certa
958 3232 1081 3306 notitia,
1097 3252 1201 3316 neque
1256 3251 1341 3305 nem,
1358 3231 1494 3295 formam
1509 3239 1540 3293 et
1556 3231 1686 3295 modum
1702 3232 1758 3294 Dei
1774 3232 1990 3316 precipientis,

453 3349 492 3392 ex
517 3349 592 3393 vera
616 3329 796 3413 prudentia.
820 3329 976 3404 Secundo,
1002 3330 1079 3393 dum
1103 3330 1202 3394 dubia
1256 3339 1332 3413 puta
1345 3349 1384 3393 ex
1399 3331 1464 3393 fide
1479 3335 1511 3392 et
1525 3331 1666 3404 caritate,
1678 3330 1717 3393 ad
1735 3331 1874 3412 gloriam
1889 3331 1991 3395 Deilit

453 3428 623 3490 trabuntur
638 3427 670 3489 in
687 3435 808 3510 partem
826 3427 979 3508 pejorem.
992 3428 1106 3504 Tertio,
1123 3430 1200 3491 dum
1254 3429 1330 3491 talia
1352 3435 1427 3491 sunt
1445 3427 1589 3491 absolute
1610 3426 1692 3492 bona
1713 3436 1745 3491 et
1765 3429 1937 3493 laudabilia
1952 3429 1991 3509 ju·

451 3525 615 3606 judicatur
635 3525 675 3586 de
693 3524 802 3587 futuro
817 3525 958 3587 bominis
978 3532 1072 3600 statu,
1088 3527 1199 3590 videli-
1254 3527 1389 3590 dicanda
1411 3527 1442 3590 in
1462 3526 1621 3608 generali3
1638 3533 1745 3589 umen
1766 3527 1799 3589 in
1819 3525 1990 3610 particulari
2079 3553 2080 3600 i

454 3631 505 3684 cet
523 3622 609 3704 quod
629 3622 747 3703 aliquis
768 3622 809 3684 sit
828 3622 861 3684 in
881 3622 968 3684 vitiis
987 3623 1054 3685 suis
1074 3644 1200 3688 mansu·
1254 3643 1311 3688 nos
1328 3626 1402 3688 latet
1422 3644 1463 3687 an
1483 3631 1572 3686 actus
1591 3624 1691 3688 nostri
1711 3644 1768 3687 seu
1788 3625 1925 3689 aliorum
1939 3625 1991 3687 sint

453 3739 520 3795 rus,
536 3727 590 3782 aut
605 3719 694 3782 filius
714 3720 902 3803 perditionis
918 3719 1054 3783 futurus.
1071 3723 1197 3799 Quarto,
1253 3723 1463 3805 tales,absque
1479 3723 1671 3786 revelatione
1685 3723 1803 3795 divina,
1811 3743 1908 3807 quum
1923 3725 1993 3804 igno

452 3819 529 3880 dum
547 3825 656 3881 contra
674 3818 727 3899 jus
746 3818 920 3881 assumitur
939 3819 1101 3882 exsecutio
1113 3821 1198 3900 judi·
1253 3840 1360 3884 remus
1375 3840 1415 3884 an
1432 3821 1464 3884 in
1481 3823 1611 3884 caritate
1625 3821 1727 3884 simus
1743 3828 1776 3884 et
1790 3823 1902 3904 gratia.
1910 3823 1991 3885 Porro

304 3939 436 3993 temnas.
452 3917 542 3979 cialis
560 3934 567 3978 :
584 3923 693 3980 contra
712 3916 797 3998 quod
820 3916 898 3978 dicit
916 3917 1096 3998 Apostolus,
1117 3919 1197 3991 Ouid
1252 3921 1314 3983 alia
1339 3927 1413 3982 sunt
1436 3937 1533 4002 opera
1557 3917 1787 3994 indifferentia,
1811 3929 1921 4003 utpote
1942 3939 1990 3982 nec
2078 3959 2079 3990 ι

452 4016 533 4079 mibi
550 4016 589 4078 de
601 4015 650 4078 bis
666 4035 737 4098 quae
753 4015 830 4077 foris
845 4021 920 4077 sunt
932 4015 1098 4095 judicaret
1253 4018 1336 4081 bona
1350 4037 1409 4081 nec
1425 4018 1508 4080 mala
1527 4037 1566 4080 ex
1581 4036 1709 4100 genere,
1726 4026 1762 4080 ut
1782 4019 1890 4082 levare
1906 4019 1992 4082 festu·
2078 3991 2079 4050 3

489 4116 634 4198 Insuper,
650 4132 748 4196 super
762 4112 852 4187 illud,
869 4113 972 4176 Nolite
986 4113 1140 4194 judicare,
1152 4135 1198 4179 as·
1212 4117 1237 4180 D
1252 4136 1334 4192 cam,
1357 4117 1469 4180 fricare
1491 4115 1633 4179 barbam.
1650 4117 1694 4179 De
1717 4116 1837 4198 quibus
1856 4118 1990 4200 judicare

449 4212 1199 4296 seritAugustinus:Nilaliudnobisbocloco
1253 4216 1400 4279 illicitum
1426 4223 1484 4290 εει,
1509 4234 1609 4298 quum
1638 4215 1763 4296 agentis
1788 4216 1989 4280 intentionem

449 4313 580 4396 praecipi
597 4321 685 4396 puto,
695 4312 758 4374 nisi
775 4319 809 4373 ut
823 4329 860 4373 ea
875 4311 914 4373 de
929 4311 1047 4394 quibus
1062 4313 1196 4377 dubium
1253 4333 1315 4378 uon
1331 4314 1511 4394 videamus3
1528 4313 1582 4376 sed
1599 4314 1837 4396 interpretanda
1852 4316 1992 4378 dicuntur

448 4420 497 4476 εει
517 4430 581 4494 quo
600 4412 707 4474 animo
727 4410 818 4484 fiant,
837 4410 869 4474 in
887 4417 1009 4492 partem
1031 4413 1195 4476 meliorem
1252 4415 1284 4476 in
1302 4413 1497 4486 melius,non
1514 4413 1625 4495 utique
1640 4431 1714 4475 cum
1729 4413 1991 4496 assertiona,quia

448 4511 706 4592 interpretemur.
725 4509 873 4584 Quaedam
899 4529 1037 4592 namque
1060 4519 1092 4574 et
1113 4511 1197 4576 bono
1252 4513 1311 4575 hoc
1335 4519 1419 4574 esset
1444 4512 1619 4584 incautum,
1636 4530 1738 4593 quum
1762 4513 1804 4574 sit
1827 4513 1989 4582 incertum,

448 4617 481 4672 et
504 4609 588 4672 malo
610 4609 718 4673 animo
742 4609 815 4671 fieri
840 4617 997 4691 possunt:
1015 4610 1054 4672 de
1078 4610 1196 4693 quibus
1251 4611 1305 4673 sed
1327 4629 1400 4672 cum
1420 4610 1557 4693 quadam
1577 4611 1630 4693 pia
1648 4611 1861 4674 estimatione
1880 4621 1912 4674 et
1931 4628 1989 4694 spe,

446 4707 593 4789 judicare
606 4707 812 4770 temerarium
832 4714 891 4782 est,
910 4707 1047 4770 maxime
1062 4716 1097 4770 ut
1111 4709 1197 4772 dam·
1251 4729 1314 4793 qua
1328 4727 1456 4792 semper
1470 4709 1509 4771 de
1525 4709 1680 4791 proximis
1696 4709 1828 4773 meliora
1845 4710 1989 4774 debemus

448 4814 577 4880 nentur,
594 4806 699 4881 idest,
717 4806 750 4869 in
771 4805 913 4888 pejorem
931 4814 1053 4888 partem
1070 4809 1195 4872 traban-
1251 4807 1414 4871 confidere
1438 4815 1470 4871 ει
1493 4807 1622 4881 sentire,
1648 4807 1711 4870 nisi
1735 4808 1903 4872 evidentia
1925 4805 1989 4870 mali
2075 4799 2077 4810 ’

447 4915 508 4970 tur.
536 4907 604 4968 Duo
628 4913 735 4967 autem
765 4912 840 4967 sunt
864 4906 896 4967 in
922 4905 1040 4988 quibus
1064 4913 1197 4970 temera·
1250 4906 1389 4990 oppositi
1410 4914 1584 4988 appareant
1604 4906 1704 4987 signa.

447 5006 530 5068 rium
549 5003 709 5086 judicium
729 5003 829 5066 vitare
850 5002 1005 5066 debemus
1022 5022 1029 5066 :
1046 5005 1196 5069 videlicet
1290 5006 1381 5080 Hinc,
1407 5013 1442 5067 ut
1466 5005 1728 5086 preclarissimus
1753 5005 1809 5069 ille
1831 5007 1988 5087 theologus

446 5105 524 5167 dum
545 5103 703 5165 incertum
725 5108 773 5164 est
794 5119 857 5183 quo
878 5102 987 5165 animo
1008 5103 1129 5185 aliquid
1151 5104 1197 5167 fa·
1249 5113 1281 5167 et
1295 5104 1405 5167 doctor
1419 5102 1841 5185 irrefragabilisdlexander
1857 5123 1987 5186 magnus,

446 5212 534 5269 otum
556 5201 608 5278 sit,
625 5209 680 5264 aut
697 5201 854 5265 incertum
875 5209 924 5264 est
942 5201 1046 5286 qualis
1067 5201 1195 5266 futurus
1249 5203 1399 5268 videlicet
1422 5202 1600 5266 Alexander
1624 5203 1663 5265 de
1686 5202 1791 5280 Hales,
1812 5204 1940 5280 fatetur,
1955 5201 1988 5263 ad
