4288 6264
563 494 711 544 nounucr
733 493 763 542 rr
785 493 857 542 rosa
878 491 1007 542 casana.
1028 511 1069 522 -
1090 492 1188 542 sunno
1208 495 1333 544 rnarrus
1684 479 1723 544 lo

176 685 233 729 sua
261 667 397 749 epistola
424 667 537 731 scribit
565 669 700 731 loannes
729 667 890 750 apostolus
914 682 921 728 ε
937 665 963 728 Α
979 665 1118 728 hominis
1134 667 1160 729 si
1175 667 1273 730 fucrit
1288 675 1410 731 rectum
1425 673 1457 730 et
1469 666 1722 749 justumvideus

176 764 234 838 Oui
262 766 329 828 odit
354 766 484 830 fratrem
510 785 616 842 suum,
640 767 672 828 in
697 766 838 829 tenebris
859 784 924 827 am·
978 782 1074 846 opera
1088 765 1149 827 viri
1163 765 1253 846 justi,
1269 767 1466 848 audiensque
1485 765 1662 828 doctrinam
1680 783 1724 827 sa-

176 862 276 936 hulat,
302 871 334 926 et
358 865 460 928 nescit
488 883 551 948 quo
578 873 637 938 eat,
664 865 814 947 quoniam
839 871 924 926 tene·
978 863 1106 944 pientiae
1126 863 1207 944 ejus,
1224 863 1364 946 amplius
1383 863 1613 942 confirmatur;
1629 862 1656 924 si
1671 881 1724 925 ve-

176 960 240 1024 brra
265 960 507 1026 obcecaverunt
535 962 644 1026 oculos
672 963 752 1042 ejus.
779 961 924 1025 Secunda
978 978 1013 1024 ro
1035 979 1221 1043 perversum
1242 980 1296 1025 cor
1314 960 1422 1036 fuerit,
1443 979 1507 1024 non
1526 961 1629 1024 solum
1649 959 1723 1022 inde

175 1058 255 1121 ratio
270 1067 329 1134 est,
345 1060 421 1142 quia
436 1059 556 1123 invidia
575 1059 695 1122 directe
713 1058 924 1122 contrariatur
978 1077 1041 1122 non
1065 1059 1285 1134 confirmatur,
1306 1060 1360 1122 sed
1386 1060 1486 1140 magis
1508 1059 1547 1121 ad
1568 1059 1722 1121 invidiam

175 1175 309 1220 summae
323 1158 433 1221 virtuti
450 1158 634 1240 theologica
649 1177 685 1221 ao
701 1156 825 1232 infusae,
839 1156 925 1220 vide·
978 1157 1144 1230 excitatur,
1170 1165 1200 1219 θῖ
1227 1158 1325 1238 magis
1350 1158 1550 1239 pervertitur.
1576 1157 1650 1220 ldco
1672 1156 1723 1219 Sa·

176 1254 249 1316 licet
265 1255 400 1331 caritati,
414 1257 483 1318 sine
498 1275 561 1338 qua
577 1257 665 1318 nulla
679 1256 781 1318 virtus
797 1263 845 1318 est
860 1255 924 1316 lieo
979 1255 1070 1336 piens
1090 1257 1134 1318 ait
1150 1274 1157 1318 :
1174 1256 1283 1338 Neque
1302 1274 1375 1318 cum
1398 1254 1580 1318 tabescente
1603 1255 1722 1317 invidia
1736 1273 1868 1332 sapaces.

175 1359 305 1435 accepta
323 1361 378 1415 aut
398 1354 568 1418 meritoria.
590 1354 673 1426 ideo,
695 1354 779 1416 sicut
798 1371 855 1434 per
874 1370 925 1414 ca·
978 1354 1231 1416 communicabo.
1259 1353 1296 1415 Et
1321 1353 1435 1416 iterum
1460 1353 1639 1416 Salomon:
1665 1353 1723 1416 Pu·
1749 1373 1870 1425 emam,

175 1451 301 1514 ritatem
327 1452 465 1514 maxime
494 1452 591 1514 homo
619 1451 824 1533 conjungitur
848 1450 922 1524 Deo,
979 1450 1067 1512 tredo
1090 1450 1223 1532 (inquit)
1245 1451 1377 1524 ossium,
1403 1450 1532 1513 invidia.
1559 1449 1613 1512 Est
1635 1450 1722 1512 enim
1738 1440 1771 1481 ³⁰·

176 1549 218 1611 ita
233 1569 291 1632 per
306 1549 456 1612 iuvidiam
470 1551 604 1613 maxime
620 1557 783 1632 separatur
797 1555 828 1611 et
843 1549 925 1611 elon·
978 1549 1114 1629 putredo
1134 1549 1255 1612 ossium
1275 1548 1401 1624 anima,
1419 1549 1479 1611 hoc
1498 1556 1546 1610 est
1567 1548 1723 1612 virtutum

174 1655 267 1728 gatar
284 1647 324 1711 ah
344 1665 391 1712 eo.
414 1648 528 1723 Tertia,
549 1649 625 1732 quia
642 1649 726 1710 sicut
746 1647 866 1710 invidia
885 1647 924 1708 de
978 1645 1096 1727 quihus
1120 1647 1228 1709 anima
1255 1647 1494 1726 consolidatur3
1520 1654 1568 1710 est
1596 1665 1723 1730 quoque

174 1745 309 1810 aliorum
323 1747 533 1830 prosperitate
549 1755 581 1810 et
594 1746 695 1828 gratia
709 1745 921 1816 contristatur,
980 1745 1114 1826 putredo
1134 1746 1255 1810 ossium
1275 1748 1428 1829 corporis,
1449 1747 1601 1829 quoniam
1616 1765 1724 1830 corpo-

176 1844 219 1906 ita
247 1844 344 1908 homo
374 1863 431 1928 per
460 1864 530 1908 cam
561 1853 702 1908 meretur
726 1852 761 1906 ut
786 1843 922 1926 Spiritus
942 1841 1037 1906 Brali
1058 1843 1131 1906 vitae
1155 1852 1186 1906 et
1211 1844 1424 1927 complexioni
1449 1845 1586 1908 maxime
1605 1852 1721 1908 nocet:

176 1943 309 2005 Sanctus
325 1943 447 2006 nnllam
463 1944 492 2006 ei
508 1944 659 2006 virtutem
681 1951 712 2006 ct
730 1941 863 2024 gratiam
883 1941 926 2004 fa·
978 1942 1088 2024 sicque
1109 1960 1224 2024 corpus
1246 1943 1364 2006 occidit
1384 1951 1416 2006 et
1435 1943 1586 2006 animam.

175 2049 248 2103 veat
266 2048 321 2103 aut
340 2041 516 2123 impendat,
537 2041 592 2104 scd
615 2041 825 2124 spiritualiter
844 2059 923 2122 pau·
1017 2039 1180 2113 Praeterea,
1196 2040 1333 2122 Spiritus
1353 2041 1459 2104 Sancti
1476 2041 1671 2104 inlusionem
1686 2060 1723 2105 ac

176 2158 285 2221 peram
317 2140 599 2224 miserrimumque
631 2139 800 2221 relinquat.
832 2139 922 2213 Nam,
978 2136 1240 2200 inhabitationem
1256 2138 1348 2202 valde
1363 2139 1544 2221 specialiter
1557 2139 1662 2202 aufert
1677 2140 1722 2202 lu-

175 2237 259 2300 siout
276 2238 372 2302 horno
393 2257 427 2300 sc
450 2237 546 2301 hahet
565 2239 650 2301 circa
669 2238 851 2320 proximum
874 2256 924 2298 su·
977 2235 1077 2297 nuria.
1094 2235 1210 2309 Primo,
1222 2236 1371 2319 quoniam
1389 2237 1518 2319 puritati
1534 2237 1640 2300 Sancti
1655 2238 1724 2319 Spi-

175 2355 242 2412 um,
269 2337 313 2398 ita
341 2343 482 2400 meretur
509 2344 541 2400 et
562 2337 685 2420 justum
709 2345 758 2400 est
782 2344 817 2398 ut
840 2336 924 2398 circa
978 2335 1057 2396 ritus
1082 2335 1242 2417 precipue
1267 2336 1485 2398 contrariatur.
1508 2336 1563 2398 Est
1582 2335 1668 2398 enim
1691 2337 1723 2398 in

176 2435 282 2517 ipsum
298 2455 332 2498 se
347 2437 462 2499 haheat
477 2438 569 2500 Deus.
587 2437 690 2510 Quum
705 2452 780 2517 crgo
796 2435 923 2497 invidus
977 2433 1056 2494 vitio
1076 2433 1135 2497 hoc
1155 2433 1337 2515 specialiter
1356 2453 1469 2516 magna
1484 2433 1660 2517 turpitudo,
1677 2434 1724 2496 in-

176 2534 358 2616 specialiter
378 2535 486 2618 cupiat
505 2535 576 2599 aliis
599 2535 730 2610 malum,
751 2541 846 2616 atquc
865 2532 924 2596 dif-
977 2530 1125 2594 honestas
1156 2538 1187 2594 θῖ
1217 2531 1354 2595 foeditas.
1383 2532 1516 2605 idcirco,
1547 2533 1724 2595 secundum

176 2631 280 2695 faveat
299 2633 345 2696 eis
367 2633 499 2708 honum,
520 2633 701 2716 specialiter
723 2640 923 2716 promeretur
977 2629 1175 2711 Apostolum,
1202 2631 1259 2704 Qui
1287 2631 1473 2705 fornicatur,
1499 2631 1531 2693 in
1558 2630 1724 2713 proprium
1739 2651 1872 2704 reeens.

177 2738 211 2792 nt
226 2731 308 2794 Deus
324 2730 412 2794 omni
432 2750 506 2794 eum
527 2732 641 2814 spoliet
660 2732 771 2813 gratia,
788 2738 820 2794 et
834 2731 923 2794 dese·
977 2745 1093 2811 corpus
1114 2736 1235 2811 peccat,
1252 2729 1404 2812 quoniam
1427 2729 1506 2792 illud
1528 2729 1723 2792 dehonestat.

176 2835 222 2890 rat
243 2847 280 2891 ac
299 2837 489 2892 contemnat.
978 2826 1016 2888 Et
1040 2827 1162 2890 crimen
1186 2826 1247 2890 hoc
1277 2845 1341 2891 nou
1366 2828 1506 2890 animam
1531 2835 1664 2901 tantum,
1691 2834 1727 2889 ut

214 2926 413 3008 Ahjiciamus
429 2927 527 3010 igitur
541 2926 735 2990 diabolicum
755 2927 816 2990 hoc
831 2946 924 2990 vene·
978 2933 1082 2988 cetera
1097 2926 1185 3000 vitia,
1202 2926 1257 2988 sed
1277 2942 1393 3008 corpus
1412 2925 1509 2988 simul
1524 2944 1598 2988 cum
1618 2925 1726 2988 anima

176 3044 266 3101 num,
282 3026 479 3108 quodetiam
495 3026 526 3088 in
548 3025 708 3108 prasenti,
725 3043 783 3088 suo
801 3043 923 3107 posses·
942 3029 963 3094 C
980 3024 1134 3107 inquinat.
1158 3025 1314 3098 Secundo,
1335 3024 1411 3106 quia
1433 3023 1559 3086 luxuria
1582 3023 1726 3106 speciali-

176 3125 240 3187 sori
254 3124 331 3188 facit
346 3123 519 3188 infamum.
537 3127 570 3187 ln
586 3125 701 3188 ceteris
718 3125 837 3208 quippe
853 3143 924 3207 pec·
980 3130 1027 3184 ter
1042 3123 1158 3205 ingerit
1173 3123 1296 3185 homini
1312 3121 1476 3184 fastidium
1494 3123 1673 3185 divinarum
1689 3141 1726 3185 ac

177 3223 255 3286 catis
274 3223 489 3286 communiter
507 3223 676 3287 delectatio
696 3224 841 3306 quaedam
864 3231 922 3297 est,
979 3221 1194 3302 spiritualium
1215 3239 1333 3295 rerum,
1350 3227 1382 3282 et
1401 3220 1553 3302 deprimit
1573 3228 1725 3297 mentam,

177 3322 209 3383 in
226 3322 345 3385 invidia
359 3339 435 3386 vero
450 3321 586 3385 afflictio
601 3321 775 3384 infernalis.
795 3319 874 3385 Nam
890 3330 925 3384 ut
979 3319 1190 3402 obtusamque
1214 3319 1318 3381 efficit
1339 3336 1345 3380 :
1366 3319 1477 3400 sicque
1502 3318 1633 3382 omnino
1654 3337 1727 3383 con·

176 3420 289 3482 asserit
316 3420 525 3502 Augustinus,
555 3420 658 3482 lnvidi
687 3420 774 3483 color
803 3419 923 3502 pallore
979 3417 1083 3480 stituit
1107 3436 1177 3480 eam
1208 3417 1349 3499 ineptam
1378 3424 1474 3500 atque
1500 3416 1663 3498 indignam
1687 3416 1727 3480 ad

176 3518 389 3600 perfunditur,
410 3519 495 3581 oculi
515 3519 747 3601 deprimuntur,
769 3537 859 3581 mens
876 3537 924 3582 ae
980 3515 1115 3597 Spiritus
1139 3515 1245 3578 Sancti
1276 3515 1472 3579 infusionem
1497 3534 1534 3578 ac
1556 3515 1727 3597 gratiosam

177 3617 333 3692 conditur,
358 3617 504 3680 mamhra
532 3617 720 3699 frigescunt,
746 3616 785 3680 fit
816 3617 846 3679 in
873 3635 925 3680 co-
979 3614 1190 3696 praescntiam.
1208 3614 1324 3688 Tertio,
1340 3613 1417 3696 quia
1436 3614 1469 3676 in
1485 3613 1611 3676 luxuria
1629 3614 1727 3677 maxi-

176 3715 327 3796 gitatione
349 3717 464 3792 rahics,
488 3715 521 3778 in
543 3715 693 3778 dentibus
715 3715 840 3778 stridor.
864 3714 923 3788 Qui
980 3730 1031 3774 me
1045 3713 1154 3793 vigent
1173 3729 1263 3774 amor
1278 3711 1413 3774 carnalis
1427 3719 1459 3774 et
1477 3710 1644 3774 delectatio
1659 3731 1727 3774 sen-

176 3831 252 3895 ergo
279 3814 389 3878 livoris
420 3822 509 3896 peste
539 3813 633 3896 plene
665 3831 772 3876 carere
801 3813 925 3875 deside-
979 3811 1088 3886 sualis,
1105 3831 1175 3893 quae
1195 3810 1355 3893 spirituali
1375 3809 1476 3872 amori
1490 3817 1522 3872 et
1542 3810 1727 3874 consolatio

176 3920 235 3987 rat,
260 3913 422 3976 coelestem
446 3913 655 3975 hereditatem
680 3911 801 3992 diligat,
827 3930 922 3995 quarn
980 3911 1012 3972 ni
1044 3909 1182 3991 Spiritus
1211 3909 1318 3972 Sancti
1350 3908 1478 3991 penitus
1509 3916 1724 3991 opponuntur.

177 4011 370 4074 coheredum
395 4030 548 4073 numerus
575 4029 637 4072 non
662 4017 817 4090 angustat.
844 4011 923 4074 Nam
978 4008 1052 4070 ldeo
1080 4007 1158 4070 dicit
1188 4007 1357 4088 Gregorius
1384 4024 1391 4068 :
1417 4007 1515 4071 Tanto
1543 4007 1680 4089 quisque
1708 4025 1727 4070 a

175 4117 264 4172 tanto
284 4110 421 4192 quisquc
441 4109 563 4172 invidet
581 4109 672 4171 alteri
691 4108 774 4170 bona
789 4127 924 4191 praesen·
980 4124 1119 4187 superno
1142 4123 1250 4169 amore
1274 4105 1480 4187 disjungitur,
1505 4113 1624 4187 quanto
1649 4105 1728 4169 infe-

176 4208 230 4282 tia,
246 4216 365 4291 quanto
381 4208 488 4271 minus
508 4227 545 4270 ea
562 4208 799 4290 contempserit.
817 4207 963 4274 Hiero-[l
980 4203 1047 4266 rius
1066 4205 1250 4267 delectatur.
1267 4203 1393 4278 Quarto,
1411 4204 1486 4285 quia
1505 4222 1563 4285 per
1584 4203 1728 4286 inquina-

176 4326 293 4390 nymus
307 4325 435 4390 quoque
453 4325 459 4369 :
477 4307 537 4370 Oro
552 4313 594 4382 te,
611 4307 726 4389 inquit,
742 4305 819 4388 quid
837 4307 923 4369 dele·
981 4311 1087 4365 menta
1114 4303 1247 4366 luxuriae
1271 4302 1367 4366 homo
1390 4300 1492 4364 brutis
1516 4310 1670 4384 aequatur,
1695 4310 1727 4366 et

177 4406 324 4468 stationis
340 4413 466 4488 praestat
481 4407 590 4468 invido
604 4424 662 4468 sua
680 4405 810 4480 invidia,
827 4425 923 4488 quem
979 4402 1110 4464 omnino
1132 4419 1205 4464 earo
1227 4399 1370 4464 eflicitur
1386 4416 1393 4462 :
1411 4400 1521 4482 sicque
1540 4419 1559 4462 a
1580 4401 1726 4482 spiritua·

175 4504 369 4586 quibusdam
384 4505 586 4568 conscientiae
607 4504 735 4584 ungulis
755 4503 836 4566 livor
855 4505 924 4586 ipse
980 4502 1067 4563 litate
1095 4509 1126 4562 ct
1155 4500 1292 4582 Spiritus
1321 4499 1426 4562 Sancti
1457 4497 1661 4562 deificatione
1690 4519 1726 4562 ac

175 4604 340 4685 discerpit,
366 4611 398 4666 θῖ
420 4602 525 4666 aliena
550 4603 743 4685 prosperitas
768 4602 838 4683 ejus
863 4610 924 4665 tor-
980 4599 1156 4664 elevatione
1183 4597 1464 4660 vehementissime
1494 4597 1668 4679 impeditur
1689 4617 1726 4662 ac

177 4710 321 4764 mentum
346 4705 416 4764 estf
439 4702 494 4764 Est
517 4702 647 4764 demum
669 4700 761 4762 valde
784 4700 924 4764 notabile
979 4699 1153 4777 elongatur.
1176 4696 1263 4759 Unde
1287 4696 1319 4758 in
1342 4695 1456 4758 Genesi
1478 4695 1632 4758 Dominus
1653 4698 1724 4760 ait:

176 4801 262 4883 quod
286 4801 330 4862 ait
353 4800 594 4884 chrysostomus
620 4817 627 4861 :
650 4800 924 4873 Quemadmodum
980 4797 1046 4860 Non
1063 4794 1264 4878 permanehit
1282 4793 1415 4876 spiritus
1435 4812 1524 4856 meus
1544 4793 1577 4856 in
1595 4795 1725 4860 homine
1751 4824 1871 4876 ema,

176 4899 327 4964 columna
346 4899 373 4960 si
393 4905 479 4961 recta
498 4898 606 4972 fuerit,
623 4905 755 4980 accepto
775 4917 871 4980 supra
891 4917 925 4960 se
980 4896 1013 4958 in
1038 4903 1203 4968 aetcmum,
1220 4893 1296 4975 quia
1319 4911 1391 4956 caro
1415 4900 1472 4956 est.
1492 4893 1590 4968 Unde,
1606 4903 1726 4976 quanto

177 4999 318 5083 pondere
341 4997 480 5079 amplius
501 4996 721 5069 confirmatur,
745 5002 777 5058 et
798 4995 925 5058 firmius
980 4993 1052 5075 plus
1067 5010 1125 5073 per
1138 4991 1216 5054 vitia
1230 4991 1335 5054 carnis
1349 4989 1491 5053 afficitur
1505 4991 1611 5066 homo,
1629 4998 1661 5053 et
1674 4990 1727 5052 de·

177 5104 259 5178 stat3
285 5097 312 5159 si
336 5105 444 5160 autem
474 5095 596 5158 modice
624 5094 786 5176 obliquata
816 5092 923 5168 fuerit,
981 5093 1115 5156 lectatur
1133 5091 1166 5154 in
1186 5090 1282 5154 rebus
1302 5091 1414 5153 creatis
1435 5108 1472 5152 ac
1492 5089 1622 5164 vilihuS,
1639 5096 1727 5152 tanto

177 5215 242 5261 non
262 5197 365 5260 solum
385 5213 449 5258 non
469 5192 687 5268 confirmatur,
705 5193 759 5255 sed
779 5193 924 5254 incurva·
980 5210 1038 5274 per
1052 5209 1088 5252 ea
1103 5189 1246 5251 tenacius
1262 5190 1414 5251 creaturis
1430 5189 1620 5268 inhaeret3et
1632 5207 1729 5271 quan-

178 5307 241 5374 tur,
262 5303 294 5359 ct
317 5294 455 5380 amplius
479 5291 581 5356 tendit
604 5292 643 5354 ad
667 5290 748 5354 latus
770 5308 778 5354 ι
803 5291 846 5352 ita
871 5307 925 5354 cor
980 5297 1012 5352 to
1027 5286 1170 5352 tenacius
1185 5286 1339 5349 creaturis
1355 5285 1498 5361 inhaeret,
1516 5293 1603 5351 tanto
1617 5287 1727 5369 plusa
