4206 6258
429 467 491 536 ιιι
629 489 776 538 ιιοιιιιιιιιι
797 491 858 538 ιιι
878 490 953 538 nosr
971 489 1166 537 mmmmm.
1186 509 1227 520 -
1245 490 1289 537 an
1308 489 1482 539 antrorosos
1493 491 1503 556 ;
1524 492 1623 539 sannio
1643 493 1781 550 putaras

429 665 496 721 crat
512 675 566 721 cor
581 679 692 736 unum,
702 668 734 724 et
748 661 855 725 omnia
869 667 959 724 eraut
974 661 1020 724 eis
1035 659 1217 724 commu-A
1233 661 1352 725 tudinis
1382 668 1504 726 secreta
1532 662 1667 744 ingressi
1694 669 1780 736 sunt,
1805 660 1961 724 solitariam

428 756 491 832 uia,
507 757 771 843 dividebaturque
786 759 920 841 singulis
941 767 1036 842 prout
1054 759 1178 822 unicui·
1231 761 1362 824 omnino
1386 761 1485 824 vitam
1509 768 1638 842 agentes
1656 779 1663 823 :
1681 777 1743 823 non
1768 760 1902 824 contenti
1924 761 1962 823 ri-

426 873 490 936 que
518 873 599 938 opus
628 865 705 920 erat.
736 858 904 941 Quumque
932 866 1076 941 tempore
1105 875 1178 940 pro·
1232 859 1331 923 ctoria
1349 877 1414 941 qua
1433 859 1515 923 inter
1534 859 1681 922 homines
1700 857 1841 923 occultas
1859 857 1960 922 diaboli

426 952 569 1029 cedente,
595 962 667 1036 post
690 955 913 1038 Apostolorum
938 956 1115 1018 discessum
1139 974 1176 1018 ac
1231 958 1435 1021 calcaverunt
1461 958 1604 1034 iusidias,
1630 958 1685 1020 sed
1710 956 1878 1020 manifesto
1899 975 1960 1019 cun

426 1049 629 1128 divisionem,
646 1053 867 1136 multiplicatis
884 1053 1099 1128 credentibus,
1115 1071 1176 1117 cce·
1231 1054 1431 1119 daemonibus
1451 1054 1606 1118 conflictu
1627 1055 1778 1136 congredi
1800 1055 1958 1136 cupientes.

425 1148 526 1229 pisset
540 1148 647 1215 fervor
662 1150 717 1213 ille
730 1151 915 1234 primitivus
930 1160 1103 1263 tepescere,
1112 1169 1176 1215 non
1231 1154 1370 1228 Quorum
1388 1153 1550 1236 principos
1565 1152 1680 1216 Paulus
1695 1153 1908 1235 Antoniusque
1920 1154 1960 1215 fu-

426 1246 562 1309 solum'
554 1269 586 1310 ιιι
609 1247 746 1312 subditis
770 1249 823 1312 sed
847 1249 975 1312 etiam
968 1271 1000 1312 ιιι
1025 1249 1174 1332 prelatis,
1231 1259 1333 1316 erunt.
1342 1251 1511 1316 Sarabaitae
1525 1259 1632 1314 autem
1648 1269 1706 1334 per
1720 1251 1872 1314 Ananiam
1883 1253 1961 1315 etSa
1979 1275 2027 1319 ιιι.
2029 1281 2060 1322 ιι

427 1345 586 1426 quidam
579 1365 612 1408 ιιι
632 1364 769 1429 quorum
791 1347 953 1409 mentibus
973 1348 1089 1410 mansit
1104 1365 1177 1430 apo-
1231 1351 1356 1434 phiram
1372 1349 1568 1432 dequibus
1561 1370 1593 1412 ιιι
1608 1349 1741 1414 Actibus
1752 1349 1892 1425 habetur,
1898 1359 1961 1414 snut
1972 1349 2005 1393 ¹⁸*

428 1442 559 1506 stolicus
584 1444 701 1520 fervor,
724 1463 881 1508 memores
907 1445 1051 1528 pristinae
1073 1444 1176 1528 perfe·
1231 1449 1372 1530 figurati,
1388 1449 1540 1531 quoniam
1561 1448 1803 1511 instarillorum
1822 1449 1962 1530 cvangeli-

428 1541 554 1617 ctionis,
571 1542 612 1605 ab
630 1543 766 1608 aliorum
786 1553 988 1607 recesserunt
1004 1544 1174 1620 consortio,
1231 1565 1302 1610 cam
1324 1547 1555 1631 perfectionem
1576 1563 1640 1610 non
1660 1547 1844 1610 inveritate
1863 1553 1892 1610 et
1907 1547 1962 1609 sin·

428 1646 523 1722 atque
544 1641 576 1704 in
593 1640 786 1706 suburbanis
802 1651 833 1706 et
853 1642 1079 1706 secretioribus
1099 1641 1177 1706 locis
1231 1647 1372 1722 ceritate,
1397 1647 1454 1710 sed
1478 1645 1676 1710 simulatorie
1703 1645 1912 1728 arripuemnt,
1934 1654 1964 1708 ut

428 1740 545 1804 morari
560 1748 738 1824 coeperunt,
754 1741 916 1824 talemque
931 1742 1029 1805 vitam
1047 1742 1175 1818 ducere,
1232 1745 1370 1809 carnalia
1384 1744 1552 1809 commoda
1567 1752 1598 1808 et
1613 1744 1722 1808 laudes
1737 1753 1965 1827 assequerentur

427 1838 556 1921 qualem
570 1839 630 1902 sub
645 1840 804 1922 Apostolis
820 1858 931 1904 omnes
946 1841 1110 1904 eredentes
1126 1841 1177 1904 ha·
1194 1840 1217 1904 B
1233 1843 1396 1906 humanas.
1419 1879 1461 1892 -
1483 1843 1528 1905 Ex
1552 1842 1603 1906 his
1628 1843 1801 1906 innotescit
1823 1842 1964 1906 institutio

427 1936 566 2000 buerunt
582 1939 866 2013 communiteroni
882 1957 920 2004 eo
935 1938 1020 2022 quod
1035 1959 1053 2002 a
1068 1939 1178 2021 conju·
1231 1941 1304 2005 vita
1319 1942 1513 2026 monastica,
1530 1949 1562 2005 et
1581 1941 1813 2006 monachorum
1833 1941 1915 2023 origo
1928 1949 1965 2003 at-

426 2036 487 2117 giis
502 2036 736 2113 abstinuerunt,
750 2046 781 2101 et
796 2058 814 2101 a
830 2047 998 2122 parentum
1017 2038 1177 2102 consortio
1232 2059 1294 2123 que
1316 2040 1489 2104 distinctio.

427 2135 627 2218 aliorumque
656 2137 897 2200 conversatione
922 2155 955 2200 se
978 2135 1177 2200 abalienave-
1272 2138 1332 2201 Sed
1348 2126 1589 2214 advertendum,
1606 2137 1691 2222 quod
1710 2138 1817 2202 omnis
1834 2138 1966 2220 religiosa

428 2242 512 2310 runt,
531 2235 613 2298 inter
628 2254 661 2298 se
678 2253 881 2298 communem
898 2236 995 2298 vitam
1011 2237 1175 2312 ducentes,
1233 2255 1270 2299 ac
1287 2237 1481 2300 monachalis
1500 2238 1564 2301 vita
1578 2256 1615 2300 ao
1631 2237 1714 2300 Ordo
1734 2237 1768 2299 in
1787 2237 1966 2318 evangelicis

427 2352 465 2396 ex
482 2335 708 2397 communione
723 2334 874 2397 consortii
893 2334 1059 2398 coenobitaa
1074 2334 1176 2397 vocati
1233 2335 1349 2399 Christi
1377 2334 1530 2398 fundatur
1558 2335 1714 2410 consiliis,
1741 2335 1914 2417 prasertim
1938 2334 1966 2396 in

429 2439 522 2510 sunt3
538 2449 714 2515 eorumque
734 2432 915 2496 habitacula
935 2432 1081 2497 coenobia
1103 2440 1178 2495 sunt
1232 2433 1335 2496 tribus
1353 2452 1359 2496 :
1378 2435 1410 2496 in
1434 2451 1572 2515 quorum
1597 2451 1662 2496 uno
1687 2433 1827 2496 consulit
1850 2451 1967 2516 pauper·

427 2531 640 2594 vocatalstnd
656 2531 761 2614 itaque
777 2541 824 2594 est
838 2533 1099 2614 antiquissimum
1114 2548 1178 2595 mo
1232 2539 1341 2606 tatem,
1358 2531 1391 2594 in
1406 2530 1469 2594 alio
1485 2531 1672 2606 castitatem,
1690 2531 1722 2593 in
1744 2531 1840 2594 tertio
1854 2531 1967 2614 plenam

428 2629 603 2691 nachorum
618 2631 819 2713 genus,quod
835 2649 892 2713 per
906 2649 1005 2694 annos
1021 2630 1178 2713 plurimos
1232 2629 1457 2693 obedientiam.
1483 2629 1624 2692 Praetica
1652 2647 1729 2693 vero
1759 2638 1792 2693 et
1820 2630 1967 2692 exsecutio

428 2727 531 2790 solum
553 2745 654 2810 usque
673 2728 711 2790 ad
727 2727 851 2791 abbatis
870 2728 959 2792 Pauli
978 2729 1030 2794 vel
1047 2727 1177 2792 Antonii
1232 2728 1439 2792 consiliorum
1455 2728 1592 2803 illorum,
1600 2728 1768 2791 exordium
1783 2728 1893 2792 habuit
1905 2737 1968 2791 tem·

427 2826 555 2888 duravit
573 2833 708 2889 atatem.
1232 2843 1320 2909 pore,
1339 2826 1407 2892 loeo
1431 2845 1467 2889 ac
1492 2827 1587 2891 modo
1611 2825 1762 2909 praefatis.
1779 2827 1870 2890 Nunc
1893 2843 1966 2908 ergo,

466 2926 600 3007 lnsnper
615 2924 665 2988 his
685 2926 855 2989 concordat
874 2927 957 3008 quod
978 2925 1008 2989 S.
1025 2925 1177 3009 Hierony·
1232 2943 1252 2989 ο
1266 2925 1418 3009 religiosi,
1434 2943 1453 2988 ο
1468 2925 1612 3000 solitarii,
1629 2943 1648 2988 o
1664 2925 1812 2988 monachi
1828 2926 1967 2998 universi,

427 3042 499 3087 mus
524 3023 607 3090 libro
631 3025 670 3087 de
694 3024 876 3088 illustribus
895 3025 973 3088 viris
993 3025 1038 3088 ait
1059 3042 1066 3088 :
1087 3025 1213 3089 PhiloC
1232 3023 1455 3087 admirabilem
1471 3031 1584 3088 vestrae
1599 3024 1776 3087 vocationis
1793 3023 1967 3106 dignitatem

425 3122 698 3197 iudans,natione
711 3122 954 3199 Alexandrinus,
962 3123 1081 3186 idcirco
1096 3141 1178 3188 ano·
1233 3129 1374 3205 pensate,
1393 3141 1463 3205 quae
1479 3120 1512 3184 in
1532 3121 1726 3204 evangelicis
1745 3129 1871 3186 aeternae
1889 3130 1919 3187 et
1931 3124 1968 3184 in-

427 3221 477 3284 bis
493 3221 577 3284 inter
592 3221 762 3304 scriptores
781 3221 1013 3286 ecclesiasticos
1034 3223 1175 3305 ponitur,
1233 3228 1344 3286 creata
1368 3219 1534 3303 sapientia
1558 3219 1717 3302 unigeniti
1742 3220 1815 3284 Filii
1834 3221 1889 3284 Dei
1908 3220 1968 3283 fun·

427 3319 503 3402 quia
517 3320 551 3382 in
567 3319 649 3383 libro
664 3339 760 3403 quem
775 3321 814 3384 de
829 3321 933 3405 prima
944 3322 1040 3385 ldarci
1052 3339 1179 3404 evange
1232 3319 1325 3384 datur
1340 3318 1494 3394 consiliis,
1511 3337 1582 3402 qua
1600 3338 1620 3381 a
1637 3318 1757 3382 sanctis
1770 3319 1925 3403 Apostolis
1938 3337 1969 3382 ac

428 3417 508 3482 listas
529 3418 612 3501 apud
632 3417 851 3482 Alexandriam
876 3419 1006 3502 scripsit
1023 3419 1175 3496 Ecclesia,
1232 3417 1417 3482 beatissima
1433 3416 1487 3480 illa
1506 3415 1671 3499 primitiva
1686 3416 1830 3481 Ecclesia
1845 3418 1969 3501 sumpsit

427 3517 462 3582 in
484 3525 665 3582 nostrorum
691 3517 784 3582 laude
807 3525 952 3582 versatus
976 3526 1034 3593 est,
1061 3519 1092 3581 id
1117 3527 1175 3596 est,
1230 3516 1499 3598 exordiumque
1521 3534 1541 3579 a
1562 3522 1608 3578 tot
1631 3515 1821 3598 praeelectis,
1836 3517 1969 3600 gloriosis

429 3615 622 3680 Christianos
649 3616 800 3692 laudavit,
823 3634 887 3680 non
910 3617 1014 3680 solum
1039 3634 1094 3681 eos
1117 3617 1176 3694 ibi,
1231 3633 1269 3680 ac
1284 3615 1403 3678 sanetis
1418 3614 1563 3698 patribus
1581 3621 1630 3677 est
1648 3622 1783 3691 servata,
1801 3635 1872 3697 quaa
1889 3633 1970 3697 ange-

428 3715 483 3780 sed
499 3715 532 3778 ιιι
548 3715 658 3778 multis
674 3733 801 3799 quoque
816 3716 991 3798 provinciis
1006 3735 1076 3780 esse
1091 3735 1177 3781 com·
1233 3713 1327 3777 licam
1351 3713 1522 3796 puritatem
1547 3720 1697 3788 sectatur,
1713 3719 1811 3796 atque
1832 3714 1865 3778 in
1887 3713 1969 3778 terris

428 3831 616 3888 memorans,
625 3822 657 3876 et
668 3813 850 3877 habitacula
861 3832 972 3877 eorum
987 3815 1178 3880 monasteria
1232 3811 1330 3876 vitam
1360 3811 1483 3875 orditur
1506 3811 1680 3874 coelestem.
1705 3811 1829 3875 ldcirco
1851 3811 1969 3893 satagite

427 3929 553 3975 vocans
564 3912 608 3974 Ex
625 3929 688 3994 quo
703 3920 842 3995 apparet,
854 3913 950 3976 talem
965 3912 1063 3978 vitam
1078 3913 1178 3978 fnisse
1232 3910 1328 3993 digne
1343 3909 1508 3974 ambulare
1523 3910 1690 3974 vocatione
1706 3927 1770 3993 qua
1783 3910 1888 3974 vocati
1903 3910 1968 3974 estis
1987 3921 2054 3978 ula

427 4009 577 4075 Ecclesia
592 4011 696 4093 primo
710 4010 742 4073 iu
755 4011 915 4074 Christum
932 4012 1090 4075 credentis
1091 4033 1179 4097 ,qua
1231 4028 1251 4073 a
1275 4009 1396 4092 Spiritu
1419 4008 1543 4072 Sancto.
1568 4009 1637 4072 Non
1661 4008 1842 4090 fatigemini
1865 3990 1994 4072 animis*
1978 4047 2055 4094 w,

429 4107 492 4172 lem
509 4126 594 4171 nune
608 4107 779 4171 monachi
771 4109 948 4186 imitantur,
965 4118 1001 4173 ut
1020 4111 1102 4174 nihil
1123 4131 1178 4174 cu·
1232 4108 1358 4183 vestris,
1375 4125 1434 4170 uec
1456 4126 1496 4170 cx
1518 4107 1727 4171 diuturnitate
1748 4115 1781 4171 et
1802 4107 1968 4192 frequentia
2079 4103 2080 4200 l

427 4206 577 4289 jusquam
594 4206 828 4289 sitproprium,
845 4207 953 4270 nullus
971 4207 1458 4276 intereossitltexereitiorum
1492 4214 1686 4290 actuumque
1720 4205 1877 4271 bonorum
1909 4225 1968 4290 qua
2079 4205 2080 4262 l

430 4305 530 4379 dives,
555 4304 663 4368 nullus
688 4324 821 4388 pauper,
842 4305 1035 4387 patrimonia
1058 4309 1178 4389 egenti·
1232 4305 1377 4390 quotidie
1392 4305 1659 4388 agitis,tepescat,
1672 4306 1891 4370 lassescataut
1904 4325 1970 4390 praa-

431 4403 491 4467 bus
506 4404 698 4480 dividantur,
710 4404 845 4467 orationi
860 4412 973 4468 vacent
988 4413 1020 4468 et
1034 4407 1177 4488 psalmis,
1234 4411 1339 4468 sumat
1362 4421 1417 4468 cor
1437 4412 1605 4468 vestrum·
1622 4403 1688 4467 imo
1709 4421 1774 4486 quo
1795 4403 1925 4480 diutius,
1938 4421 1970 4468 eo

432 4503 583 4567 doctrinas
612 4521 739 4616 quoque
768 4511 801 4566 ct
828 4504 1042 4580 continentiae,
1068 4505 1178 4588 quales
1233 4503 1409 4568 ferventius
1429 4503 1594 4585 magisque
1612 4503 1761 4568 timorate
1780 4504 1844 4568 fleo
1865 4507 1970 4568 servite
1987 4521 2060 4568 ιιιι

285 4623 337 4669 ιιι.
348 4637 375 4678 ιι,
385 4626 418 4678 aa
432 4607 532 4670 Lucas
561 4603 658 4666 refert
686 4603 827 4686 primum
852 4603 1054 4685 ierosolymae
1078 4604 1177 4668 fnisse
1234 4623 1267 4665 ιιι
1279 4620 1368 4666 omni
1381 4602 1498 4665 mentis
1511 4602 1739 4666 custodraNou
1752 4613 1856 4668 cesset
1867 4586 2055 4668 manuam

286 4690 320 4732 ⁸⁵
432 4705 606 4769 credentes
1233 4708 1348 4778 vestra,
1365 4702 1419 4766 sed
1436 4701 1592 4812 quidquid
1610 4709 1725 4784 potest,
1742 4702 1898 4766 instanter
1911 4702 2033 4766 effi-set

472 4806 616 4887 insuper,
631 4803 723 4884 juxta
741 4802 865 4864 abbatis
885 4801 1079 4866 Piammonis
1102 4801 1179 4866 rela·
1232 4800 1320 4864 ciat:
1337 4800 1398 4863 erit
1417 4800 1504 4862 euim
1524 4818 1657 4876 merces,
1675 4808 1708 4864 et
1728 4801 1840 4885 utique
1859 4787 2005 4866 merces*
1987 4844 2053 4890 Μ,

432 4905 564 4978 tionem,
581 4920 619 4965 ex
642 4901 772 4983 optimis
795 4899 963 4964 coeuohitis
988 4901 1106 4982 prodiit
1128 4919 1179 4983 gc·
1232 4905 1350 4964 aeterna
1368 4918 1406 4962 ac
1425 4898 1564 4975 infinita,
1580 4899 1670 4982 operi
1688 4909 1805 4964 vestro.
1822 4901 1892 4964 Non
1908 4907 2031 5018 sumtu
2078 4973 2079 4980 ἵ

433 5022 493 5066 nus
508 5001 780 5072 anachoretarum,
797 4998 852 5080 qni
873 5016 911 5061 ex
932 4999 1098 5074 coenobiis,
1114 5018 1178 5062 non
1233 4998 1399 5079 condignae
1414 4998 1577 5082 passiones
1592 4998 1665 5062 vita
1684 5001 1851 5081 praesentis
1865 5002 1905 5064 ad
1917 4975 2055 5082 glo
1983 5041 2006 5082 4,

433 5121 472 5165 ex
495 5098 705 5182 impatientia,
721 5097 826 5171 taedio,
842 5096 1106 5179 pusillanimitate
1125 5103 1179 5160 aut
1234 5097 1314 5160 riam
1331 5096 1424 5160 vobis
1442 5105 1609 5180 paratam:
1626 5097 1697 5161 ideo
1717 5107 1845 5181 patrum
1864 5109 1973 5163 vestro

432 5199 582 5273 vanitate,
599 5197 654 5260 sed
671 5195 800 5277 majoris
816 5195 978 5278 profectus
994 5195 1179 5279 altiorisque
1233 5215 1305 5258 rum
1321 5196 1456 5279 vestigia
1471 5196 1669 5260 incessanter
1682 5199 1875 5280 sequamini,
1887 5207 1917 5262 et
1931 5215 1973 5262 co

433 5295 712 5380 contemplationis
727 5293 885 5360 desiderio
900 5295 1095 5372 recedentes,
1107 5295 1179 5360 soli·
1233 5313 1306 5359 rum
1319 5300 1436 5358 statum
1446 5314 1520 5360 cum
1530 5295 1618 5360 omni
1630 5295 1799 5379 diligentia
1810 5297 1973 5362 obseruate
