4164 6258
465 449 525 516 246
684 471 834 520 noxrnrcx
854 474 874 518 v
896 473 968 520 rosr
988 471 1183 519 mmrrxrrrr.
1204 489 1245 500 —
1265 472 1307 518 xn
1326 471 1523 536 nncrorosos3
1545 471 1645 520 sanxo
1665 471 1794 529 oumrns

466 645 537 703 tuos
553 643 672 707 mundo
691 652 786 727 atque
805 645 837 707 iu
858 642 1008 706 omnihus
1028 643 1254 723 resignatosh
1310 643 1463 707 Praeterea
1482 644 1515 706 in
1536 644 1596 707 ista
1617 643 1753 727 epistola
1774 641 1909 723 tangitur
1927 643 1990 706 ratio

466 755 525 800 nec
554 739 675 822 aliquid
703 743 812 806 seculi
840 742 938 822 hujus
965 748 1127 824 appetere,
1158 741 1214 804 sed
1269 760 1327 803 cur
1347 751 1478 825 propter
1499 743 1706 806 adversitates
1727 749 1759 805 et
1778 741 1989 824 persecutiones

466 835 667 918 subiectione
690 848 722 903 ct
745 840 925 921 abjectione
948 841 1086 922 gaudere
1104 857 1111 902 :
1127 840 1213 922 quod
1269 858 1332 902 non
1355 841 1529 904 debeamus
1553 841 1594 904 ab
1616 841 1741 905 actibus
1765 840 1857 904 bonis
1877 859 1988 902 cessare.

465 941 497 995 et
517 953 626 998 eorum
644 940 812 1020 praetendit
830 938 958 1001 habitus
978 947 1073 1021 atque
1093 938 1213 1020 profes·
1269 957 1369 1020 quum
1390 939 1509 1001 dicitur
1526 957 1533 1001 :
1549 939 1626 1012 Quis
1644 939 1765 1021 estqui
1782 938 1871 1002 vohis
1889 947 1988 1012 noceat,
2008 953 2078 998 roera

465 1033 521 1096 sio.
546 1034 620 1097 ideo
644 1036 746 1100 elatus
768 1038 943 1100 monachus
967 1045 1016 1100 est
1036 1043 1213 1100 monstrum
1269 1037 1295 1098 si
1316 1036 1403 1111 boni,
1420 1037 1452 1100 id
1474 1046 1521 1100 est
1540 1038 1679 1113 virtutis,
1696 1056 1753 1100 seu
1773 1037 1886 1100 Christi
1904 1019 2022 1099 essen-¹²

465 1132 690 1214 turpissimum
721 1152 826 1198 coram
853 1137 944 1215 Deo;
970 1136 1134 1198 humilitas
1158 1154 1212 1197 au·
1269 1134 1386 1197 tialiter
1415 1135 1491 1199 boui
1521 1136 1698 1198 secundum
1728 1135 1814 1218 quod
1844 1135 1921 1196 Deus
1945 1144 1988 1206 esf,

466 1236 532 1292 tem
546 1229 624 1293 facit
639 1232 825 1312 religiosum
840 1234 904 1295 Deo
919 1240 951 1294 et
966 1234 1032 1296 suis
1048 1231 1212 1295 confratri·
1268 1233 1480 1307 emulatores,
1497 1233 1529 1295 id
1544 1241 1592 1296 est
1607 1241 1763 1296 amatores
1777 1251 1814 1295 ao
1830 1233 1990 1305 imitatores,

467 1326 527 1390 hus
544 1328 635 1391 valde
650 1329 833 1405 amabilem,
850 1338 881 1392 ct
899 1331 938 1392 ad
957 1349 1086 1393 ornnem
1107 1331 1211 1413 dispo·
1269 1329 1395 1393 fueritis
1412 1333 1424 1392 l
1449 1331 1540 1412 qnasi
1565 1332 1659 1406 dicat,
1685 1331 1799 1394 Nullus
1825 1348 1832 1392 :
1858 1331 1927 1412 quia
1946 1331 1991 1392 etsi

467 1425 516 1487 nit
531 1427 720 1508 profectum.
1269 1427 1372 1508 iniqui
1393 1435 1625 1510 persequantur
1643 1447 1680 1490 ac
1700 1428 1840 1510 spolient
1858 1435 1943 1508 atquc
1959 1428 1993 1489 in-

508 1525 666 1607 Amplius,
683 1527 721 1588 ad
738 1525 913 1609 perlectam
929 1527 1114 1608 patientiam
1130 1547 1213 1589 snm·
1268 1527 1419 1588 terimant
1446 1525 1560 1606 justos,
1586 1533 1689 1589 totum
1718 1526 1779 1589 hoc
1809 1524 1993 1588 ineffabiliter

469 1641 540 1686 mus
559 1623 728 1706 Apostolus
748 1642 805 1686 nos
820 1625 974 1698 hortatur,
992 1625 1024 1686 in
1039 1633 1162 1687 tantum
1179 1633 1214 1687 ut
1269 1625 1398 1707 prodest
1421 1624 1479 1694 eis,
1501 1631 1532 1686 et
1555 1624 1594 1686 ad
1619 1625 1874 1706 copiosissimam
1896 1625 1937 1686 eis
1956 1642 1994 1686 ro

330 1735 413 1780 urea.
424 1749 452 1786 ιιι.
468 1720 547 1783 nulli
569 1722 689 1784 malum
707 1723 862 1804 promulo
877 1724 1057 1796 reddamus,
1074 1743 1132 1785 nec
1149 1743 1212 1785 ma·
1268 1729 1420 1802 operatur
1438 1721 1585 1795 salutem,
1603 1722 1778 1785 dummodo
1795 1721 1994 1804 equanimiter

321 1799 341 1842 ⁹·
468 1819 620 1882 ledictum
641 1839 698 1901 pro
720 1821 899 1894 maledicto,
920 1822 975 1883 sed
996 1821 1212 1884 maledicenti·
1231 1822 1254 1884 B
1270 1819 1382 1882 ferant.
1401 1820 1488 1882 Unde
1508 1819 1537 1882 S.
1554 1820 1664 1882 Petrus
1685 1819 1876 1900 subjungit:
1892 1819 1993 1900 Siquid
2014 1835 2068 1876 raro

467 1918 527 1981 hus
549 1919 886 2002 benedicamus:quia
907 1921 938 1982 in
960 1921 1018 1982 hoc
1040 1921 1140 1982 vocati
1162 1940 1212 1982 su·
1269 1917 1417 2000 patimini
1447 1925 1578 1999 propter
1605 1917 1774 1998 justitiam,
1802 1917 1886 1980 beati
1913 1916 1992 1978 critis.

467 2037 538 2079 mus
558 2017 762 2100 potissimum
788 2036 845 2080 nos
870 2019 1021 2099 religiosi,
1044 2026 1078 2080 ut
1099 2018 1154 2080 tali
1177 2037 1213 2080 ac
1269 2016 1307 2077 Et
1335 2016 1478 2078 Christus
1506 2035 1513 2080 :
1539 2016 1625 2078 Beati
1651 2016 1785 2098 (inquit)
1809 2017 1887 2078 estis
1913 2035 1993 2096 qurum
2010 2032 2077 2072 ιαμ.

466 2123 553 2178 unta
572 2115 725 2197 patientia
741 2116 998 2180 benedictionem
1014 2117 1068 2179 Dei
1091 2117 1213 2179 heredi·
1269 2113 1492 2175 maledixerint
1514 2113 1605 2176 vobis
1628 2114 1787 2188 homines,
1804 2123 1838 2176 et
1858 2112 1993 2196 persecuti
2006 2097 2048 2138 '¹³²

468 2221 582 2287 femus,
602 2221 635 2275 et
654 2214 845 2277 aelernaliter
865 2216 1095 2296 possideamus.
1117 2215 1213 2296 Opor-
1269 2229 1325 2274 vos
1355 2211 1494 2291 luerint;
1519 2213 1654 2292 gaudete
1682 2214 1713 2273 in
1744 2213 1798 2275 illa
1829 2213 1914 2285 hora,
1936 2211 1995 2292 qnia

466 2319 511 2374 tet
526 2311 644 2374 etenim
666 2320 701 2374 ut
720 2312 887 2393 religiosus
910 2313 941 2374 in
961 2313 1112 2376 omnibus
1132 2312 1215 2376 fran-
1270 2330 1392 2373 merces
1417 2318 1521 2373 vestra
1545 2310 1674 2392 copiosa
1697 2319 1745 2373 est
1768 2311 1800 2373 in
1826 2310 1914 2374 coelo.
1934 2311 1995 2372 Sunt

466 2408 655 2489 gat,vincat,
667 2409 1025 2492 abneget,vitaliterque
1042 2411 1215 2474 mortificet
1269 2418 1375 2471 autem
1395 2410 1540 2491 quedam
1561 2409 1646 2473 bona
1664 2410 1806 2472 hominis
1821 2429 1896 2472 vere
1914 2417 1940 2471 et
1955 2408 1995 2469 ab·

467 2507 688 2588 semetipsum,
705 2508 867 2590 propriam
888 2508 1096 2584 voluntatem,
1118 2529 1215 2592 appe·
1269 2507 1383 2582 solute,
1401 2527 1471 2589 quae
1486 2509 1515 2569 ei
1537 2507 1639 2570 invito
1659 2506 1778 2570 auferri
1800 2525 1865 2570 non
1884 2513 1996 2588 queunt,

467 2606 562 2668 titum
591 2613 722 2679 naturae,
749 2607 907 2669 desideria
932 2608 1058 2690 culpae3
1083 2609 1214 2672 subsan-
1270 2611 1305 2667 ut
1326 2613 1401 2668 sunt
1423 2605 1607 2687 spirituales
1629 2605 1760 2679 divitiae,
1782 2605 1886 2686 gratia
1905 2614 1934 2667 ct
1952 2605 1998 2664 rir-

466 2705 610 2766 nationes
631 2722 768 2787 quoque,
790 2705 935 2786 injurias,
952 2707 1138 2782 derisiones,
1160 2708 1213 2769 tri·
1269 2711 1364 2778 tutes,
1380 2722 1416 2765 ac
1439 2704 1521 2765 dona
1543 2712 1575 2765 et
1596 2703 1720 2766 fructus
1740 2703 1881 2785 Spiritus
1901 2703 1997 2766 Sancti.

466 2801 656 2876 balationes,
688 2803 944 2880 exercitationes,
973 2805 1065 2886 quasi
1097 2823 1213 2887 aquam
1269 2820 1305 2864 ac
1328 2801 1441 2862 merita
1463 2820 1530 2863 sua.
1549 2801 1658 2864 Cetera
1680 2809 1755 2863 sunt
1776 2820 1851 2883 quae
1872 2802 1900 2864 ei
1920 2801 1997 2862 etiarn

466 2900 655 2962 dulcifluam
681 2900 780 2976 bibat,
803 2909 899 2983 atque
924 2903 957 2964 in
982 2903 1100 2966 talibus
1123 2906 1214 2986 quasi
1269 2916 1333 2962 non
1349 2899 1467 2962 volenti
1484 2905 1618 2980 possunt
1632 2899 1763 2974 auferri,
1780 2919 1853 2981 quac
1868 2917 1928 2963 non
1941 2905 1998 2960 sunl

323 3019 452 3074 roceam.
467 2997 500 3060 in
519 2997 670 3062 omnihus
691 2999 811 3062 divitiis
829 3000 993 3081 glorietur,
1009 3019 1104 3064 omne
1124 3021 1215 3085 repn-
1230 3001 1252 3064 C
1270 2998 1353 3060 bona
1373 2997 1442 3078 ejus
1465 2997 1527 3059 nisi
1550 2998 1727 3060 secundum
1748 2999 1839 3080 quid.
1856 2998 1965 3080 ltaque,
1978 2997 1998 3057 si

465 3103 536 3158 tans
555 3095 708 3177 gaudium
728 3115 828 3178 quum
849 3097 881 3159 in
901 3099 1004 3161 varias
1025 3101 1214 3163 tentationes
1270 3096 1342 3179 quis
1365 3097 1472 3158 Frater
1494 3096 1628 3158 devotus
1649 3103 1681 3158 et
1699 3114 1775 3158 vere
1794 3095 1957 3178 religiosus
1971 3113 1998 3156 ao

468 3194 627 3268 inciderit,
651 3202 686 3256 ut
710 3194 826 3258 Christi
851 3203 990 3258 sectetur
1014 3198 1157 3279 vestigia,
1184 3207 1215 3261 et
1270 3193 1402 3277 speciali
1430 3193 1532 3274 gratia
1555 3193 1733 3269 decoratus,
1759 3203 1892 3276 propter
1913 3194 1997 3256 zelun

334 3315 419 3360 rnen.
431 3329 452 3368 n,
467 3310 525 3356 suo
540 3293 675 3356 Domino
691 3311 748 3375 pro
763 3311 796 3355 se
813 3293 912 3356 multa
927 3313 1019 3375 passo
1034 3295 1215 3377 aliqualiter
1270 3313 1335 3357 suae
1353 3292 1485 3373 justitian
1505 3299 1535 3354 et
1554 3299 1685 3375 propter
1704 3310 1801 3374 opera
1818 3293 1955 3356 virtuosa
1967 3291 2000 3353 ri-

321 3381 355 3423 ²¹·
468 3391 695 3454 conformetur.
1270 3392 1342 3454 deat
1361 3411 1395 3453 se
1420 3390 1594 3465 contemni,
1614 3391 1750 3472 gravari,
1771 3399 1828 3452 aut
1850 3411 1869 3455 a
1888 3389 2000 3473 quibus·

509 3488 662 3563 Subinde,
680 3489 712 3550 in
727 3488 880 3551 hodierna
894 3489 1028 3571 epistola
1043 3491 1216 3554 introducit
1271 3489 1350 3552 libet
1371 3488 1640 3570 promotiunculis
1661 3488 1700 3550 ad
1722 3487 1836 3552 officia
1857 3487 1999 3572 impediri,

335 3586 594 3669 ra.m=.1,primus
614 3593 646 3649 et
664 3604 809 3648 summus
828 3586 998 3668 Apostolus
1016 3587 1114 3650 verba
1133 3589 1215 3651 Psal-
1271 3606 1334 3651 non
1349 3587 1523 3669 frangatur,
1541 3605 1600 3651 nec
1616 3587 1832 3662 contristetur,
1845 3607 1903 3651 neo
1918 3595 2000 3650 cesset

323 3673 356 3716 ¹⁴·
471 3685 584 3758 miste,
600 3685 639 3747 ad
658 3683 940 3747 demonstrandum
955 3705 1049 3768 quam
1073 3706 1215 3750 necessa·
1270 3685 1407 3760 abonis,
1424 3686 1479 3749 sed
1495 3687 1560 3749 lleo
1575 3685 1775 3767 regratietur,
1791 3687 1851 3768 qui
1866 3687 2000 3769 quosdam
2079 3757 2080 3776 χ

321 3805 362 3848 ro.
373 3818 457 3854 01:111,
471 3783 518 3846 ria
538 3783 576 3844 ad
600 3782 735 3845 salutern
759 3783 800 3844 sit
824 3781 994 3847 refrenatio
1014 3784 1139 3866 linguae.
1160 3787 1216 3849 Vir
1270 3804 1337 3848 asc
1352 3784 1443 3847 valdc
1464 3785 1581 3848 electos
1600 3793 1695 3866 atque
1710 3784 1846 3848 dilectos
1866 3803 1926 3848 non
1945 3801 2000 3866 prr·
2079 3777 2080 3780 ’

324 3869 357 3910 ¹²·
471 3881 559 3945 enim
574 3880 738 3962 linguosus
754 3899 818 3943 non
833 3881 989 3962 dirigetur
1007 3883 1038 3944 in
1062 3891 1165 3964 terra;
1185 3893 1217 3947 et
1269 3883 1366 3946 mittit
1381 3883 1587 3946 exterioribus
1604 3883 1761 3965 implicari
1777 3885 1927 3966 nequead
1942 3903 2002 3965 prae

321 4001 457 4052 nanno.
471 3979 527 4063 qui
545 3978 652 4042 multis
668 3979 769 4041 utitur
782 3979 899 4055 verbis,
912 3979 998 4044 laedit
1011 3981 1150 4044 animam
1166 4003 1216 4044 su·
1270 3982 1404 4046 lotiones
1425 3981 1568 4063 perduci,
1585 3981 1640 4044 sed
1660 3981 1767 4062 potins
1783 3981 1816 4044 in
1832 3981 2000 4044 abscondito
2011 3995 2071 4036 rio·-

322 4098 455 4150 rmmxa.
470 4099 531 4142 arn.
549 4079 608 4152 Qui
627 4086 735 4142 autem
755 4078 936 4141 moderatur
956 4079 1040 4142 labia
1059 4099 1126 4154 sua,
1144 4100 1216 4163 prn-
1269 4080 1377 4144 vultus
1392 4080 1441 4142 sui
1457 4079 1519 4142 sibi
1534 4079 1594 4142 soli
1608 4097 1732 4152 vacare,
1748 4086 1781 4142 et
1795 4079 2000 4163 spiritualibus

470 4177 678 4241 dentissimus
699 4184 758 4250 est,
780 4177 862 4239 sicut
881 4177 920 4238 de
939 4178 999 4240 boc
1019 4179 1119 4241 multa
1141 4189 1215 4243 sunt
1229 4178 1254 4241 D
1269 4198 1306 4242 ac
1325 4179 1454 4253 divinis,
1473 4186 1565 4242 nocte
1586 4195 1623 4239 ac
1644 4177 1708 4250 die,
1729 4197 1821 4259 pura,
1841 4178 1916 4252 fixa,
1931 4195 2001 4240 amo

469 4276 501 4338 in
517 4274 773 4358 precedentibus
792 4274 995 4338 sermonibus
1010 4276 1151 4358 allegata.
1270 4294 1340 4339 rosa
1360 4295 1397 4338 ac
1419 4276 1520 4339 libera
1540 4283 1648 4340 mente
1670 4273 1848 4339 intendere.
