4154 6258
466 461 526 525 lt8
805 481 953 530 noumrca
973 483 1015 529 xv
1035 482 1109 529 rosr
1129 481 1322 530 ruminarunt.
1342 499 1384 512 -
1404 482 1502 530 annuo
1523 482 1674 532 serranus

466 650 621 731 jurantes,
655 670 719 715 non
753 653 962 735 occidentes;
993 662 1214 719 verumtamen
1229 653 1256 719 Α
1270 654 1357 718 simae
1372 655 1476 718 carnis
1491 673 1553 720 suaa
1568 655 1726 718 desideriis
1740 656 1949 727 satisfaciantsca

467 767 568 831 quum
592 751 801 832 spiritualiter
826 753 943 816 mortui
968 753 1043 828 siut,
1065 753 1146 816 nihil
1171 753 1216 817 el·
1271 751 1378 816 lerata.
1404 753 1449 816 Dc
1473 753 1590 836 quibus
1611 754 1655 815 ait
1675 755 1825 836 Apostolus
1844 776 1851 819 :
1869 759 1911 830 Oui
1927 739 2034 830 umeri

466 845 585 909 ficiunt
598 848 663 911 Dec
681 854 850 932 acceptum
869 858 965 934 atque
984 858 1109 914 aeternac
1125 849 1217 914 meri·
1270 870 1365 914 carne
1390 859 1474 926 sunt,
1496 851 1628 927 scilicet,
1646 853 1810 916 ramalibus
1829 855 1948 920 desideriis
2033 831 2034 908 l

467 945 585 1008 torium
608 947 690 1010 vitae.
900 1005 902 1008 .
1270 950 1488 1034 aequiescunt,
1505 950 1570 1014 Deo
1584 952 1705 1034 placere
1718 971 1775 1016 uon
1789 957 1949 1036 possuntblii

501 1043 645 1126 lienique
658 1045 724 1126 jarn
738 1046 938 1128 pensandum
954 1046 1089 1129 qualiter
1103 1046 1217 1109 debeat
1270 1049 1415 1111 serviunt
1444 1049 1563 1112 mundo
1588 1049 1688 1132 magis
1711 1069 1797 1132 quarn
1817 1052 1877 1124 Deo,
1895 1054 1950 1116 sieut

466 1142 561 1206 homo
577 1162 755 1225 praeparare
769 1161 824 1207 cor
838 1164 931 1208 suurn
945 1146 1020 1220 Deo,
1035 1145 1159 1228 etquid
1175 1145 1216 1206 sit
1270 1146 1368 1221 avari,
1385 1144 1440 1228 qui
1455 1146 1646 1209 transitoriis
1661 1146 1752 1210 rebus
1765 1155 1794 1210 et
1809 1150 1911 1212 terranis
1921 1151 1950 1212 di·

466 1241 525 1303 soli
551 1242 615 1304 Deo
640 1242 769 1304 servire.
791 1242 838 1305 Ad
863 1262 934 1325 quaa
959 1242 1215 1326 respondendum
1270 1243 1368 1318 vitiis,
1396 1245 1496 1325 magis
1521 1263 1617 1326 quarn
1641 1245 1715 1320 Deo,
1736 1245 1826 1308 cordis
1845 1247 1884 1308 sui
1901 1247 1951 1310 alle

466 1346 525 1414 est,
542 1340 626 1422 quod
649 1340 713 1403 Deo
733 1359 787 1404 cor
807 1361 995 1424 praeparare,
1017 1349 1065 1405 est
1085 1361 1122 1404 ea
1142 1361 1160 1403 a
1181 1360 1215 1404 se
1271 1349 1358 1405 ctum
1380 1343 1590 1424 conjungunt,
1605 1350 1638 1406 et
1660 1345 1755 1424 magis
1774 1344 1879 1408 solliciti
1893 1357 1950 1422 sunt,

466 1455 632 1501 removere
648 1458 705 1520 per
721 1458 791 1521 quae
808 1440 935 1522 inaptus
955 1447 1004 1503 εει
1018 1448 1049 1503 ει
1065 1440 1215 1520 indignus
1271 1441 1371 1522 magis
1387 1441 1527 1522 cogitant
1546 1449 1578 1504 et
1597 1449 1748 1505 conantur
1765 1450 1868 1505 terrena
1880 1462 1951 1528 acpe·

466 1538 504 1600 ad
520 1537 683 1600 caritatem
704 1546 735 1600 et
754 1537 887 1619 gratiam
907 1539 976 1613 Dei,
993 1540 1031 1602 ad
1051 1539 1134 1602 dona
1148 1539 1217 1622 Spi-
1270 1540 1369 1602 ritura
1384 1540 1560 1624 acquirere,
1573 1558 1765 1616 conservare,
1776 1560 1950 1624 augere,quau

467 1636 546 1698 ritus
562 1635 726 1711 Sancti,ad
742 1636 913 1699 salutarem
930 1638 1082 1700 unionem
1098 1637 1215 1700 mentis
1270 1639 1334 1702 Deo
1349 1641 1486 1722 placere,
1498 1659 1594 1722 quam
1609 1640 1718 1703 divina
1732 1649 1866 1722 precepta
1877 1642 1952 1723 inpla-

467 1754 532 1798 suae
561 1753 634 1797 curn
666 1735 795 1818 proprio
824 1735 980 1799 Creatore.
1007 1737 1078 1799 llaec
1106 1744 1214 1798 autern
1270 1757 1315 1813 re,
1331 1757 1427 1820 quarn
1450 1739 1585 1801 salutern
1604 1738 1737 1821 adipisci
1755 1739 1952 1812 aeternanduo

467 1851 530 1896 non
546 1840 621 1896 sunt
635 1833 697 1896 nisi
718 1842 849 1916 peccata
866 1834 1021 1910 mortalia,
1037 1853 1119 1917 quae,
1135 1835 1251 1901 lsaiaB
1271 1856 1342 1899 rurn
1357 1836 1486 1900 fatuitas
1501 1844 1549 1900 est
1564 1837 1735 1917 immensa;
1749 1843 1779 1900 ct
1790 1837 1885 1900 mirum
1895 1839 1952 1919 qnod

330 1951 443 2005 rauna.
466 1939 612 2007 testante,
629 1932 776 1995 dividunt
801 1932 884 1994 inter
906 1933 1004 1995 Deum
1028 1941 1059 1995 et
1083 1951 1151 2007 nos,
1168 1941 1213 1995 at·
1270 1953 1324 1999 cor
1338 1935 1478 1998 hominis
1493 1935 1695 1999 obtenebrari
1710 1937 1754 1998 sic
1767 1935 1952 2018 potastlstiad

329 2048 452 2102 caasa.
467 2050 530 2115 que
554 2039 590 2094 ut
613 2030 754 2114 loquitur
776 2032 940 2107 teremias,
965 2032 1138 2115 prohibent
1162 2033 1214 2096 bo·
1269 2041 1394 2096 vertant
1416 2034 1502 2117 quod
1526 2034 1656 2097 divinus
1681 2035 1723 2097 ait
1745 2033 2026 2116 Apostoluszouirrap,

466 2150 545 2194 num
567 2150 585 2193 a
609 2130 713 2206 nabla,
738 2130 849 2206 idest,
872 2150 890 2193 a
914 2132 1115 2214 susceptione
1141 2132 1213 2194 cha·
1268 2133 1380 2196 volunt
1401 2133 1516 2197 divites
1540 2131 1623 2206 lieri,
1648 2133 1787 2196 incidunt
1805 2133 1833 2195 in
1851 2133 1952 2194 tenhtio

465 2231 632 2293 rismatum
648 2229 785 2312 Spiritus
801 2230 906 2294 Sancti
924 2231 1105 2313 impediunt
1118 2233 1213 2295 corda
1268 2251 1341 2295 nem
1366 2239 1398 2295 et
1421 2231 1570 2315 laqueum
1596 2231 1727 2306 diaboli,
1742 2239 1772 2294 et
1793 2232 1821 2293 in
1840 2231 1953 2294 desideria

465 2336 580 2392 nostra.
598 2330 706 2412 ltaque
722 2346 776 2391 cor
791 2329 855 2393 Deo
869 2348 991 2411 parare,
1008 2336 1057 2391 εει
1071 2338 1211 2394 mentem
1267 2333 1379 2408 multa,
1397 2331 1480 2394 mala
1498 2339 1529 2394 et
1548 2331 1769 2415 inutiliaque
1788 2337 1906 2411 mergunt
1917 2329 1954 2392 bo

464 2449 482 2492 a
507 2428 646 2511 peccatis
670 2446 805 2510 purgare
822 2446 829 2490 :
846 2428 931 2511 quod
955 2427 1032 2490 lacit
1052 2437 1210 2511 peccator,
1268 2431 1387 2494 minem
1410 2431 1443 2492 in
1464 2431 1689 2513 perditionem.

462 2527 503 2589 de
525 2527 592 2588 suis
612 2525 752 2609 peccatis
774 2525 910 2589 dolendo
932 2532 963 2588 et
983 2527 1094 2589 eadem
1114 2527 1212 2590 confi·
1306 2529 1462 2611 Deinceps
1477 2529 1528 2591 his
1543 2529 1646 2591 avaris
1661 2528 1750 2592 valdo
1768 2526 1912 2590 timendum
1921 2532 1953 2586 cst

461 2624 570 2700 tendo,
587 2643 645 2707 pro
660 2624 707 2686 eis
722 2641 849 2708 quoque
865 2623 1100 2700 satisfaciendo,
1117 2632 1150 2688 ct
1164 2645 1211 2688 ca·
1266 2627 1345 2690 illud
1368 2627 1582 2691 Ecclesiastici
1599 2645 1606 2690 :
1623 2626 1726 2690 Avaro
1746 2626 1819 2689 nibil
1835 2633 1874 2688 est
1887 2624 1953 2686 scale
1964 2643 2025 2686 mar.

461 2725 566 2787 vendo
595 2742 632 2786 ea
657 2723 690 2785 in
720 2730 893 2806 posterum.
921 2724 1039 2786 lterum
1065 2742 1118 2787 cor
1147 2725 1211 2787 Deo
1266 2725 1450 2800 stius,nihil
1465 2733 1514 2788 est
1529 2725 1673 2808 iniquius
1689 2741 1879 2808 quamamaro
1890 2710 1980 2805 pecu-¹⁸·

462 2841 584 2906 parare,
594 2830 643 2887 est
656 2822 736 2884 illud
751 2823 790 2884 ad
805 2823 938 2904 gratiam
954 2830 986 2884 ει
1001 2822 1133 2886 virtutes
1149 2823 1212 2886 dis-
1265 2825 1371 2904 niam;
1390 2844 1504 2888 avarus
1528 2825 1614 2887 enim
1639 2824 1775 2888 animam
1797 2841 1871 2885 suam
1889 2820 1954 2882 babet

463 2939 592 3006 ponere,
614 2929 646 2984 et
669 2940 702 2984 se
723 2922 787 2984 Deo
809 2939 867 3003 pro
891 2921 1015 2985 viribus
1037 2922 1209 3005 applicare,
1265 2923 1420 2986 venalem.
1439 2923 1499 2986 Sed
1514 2923 1613 3006 queri
1630 2930 1745 3006 potest,
1760 2940 1812 2985 our
1826 2916 1953 2983 aramsdi·

463 3022 566 3084 dando
591 3039 625 3084 se
655 3020 694 3082 ad
719 3037 816 3103 opera
846 3021 910 3082 Deo
939 3020 1138 3102 complacita.
1164 3020 1210 3083 Ad
1226 3025 1247 3089 G
1266 3030 1355 3084 catur
1378 3022 1519 3084 animam
1544 3041 1634 3085 suam
1661 3022 1775 3085 babere
1796 3015 1954 3082 venalemlt

462 3119 659 3202 quodetiam
680 3117 884 3182 beatissimus
900 3117 1015 3181 Christi
1034 3137 1212 3202 praecursor
1265 3121 1534 3203 respondendum,
1551 3120 1636 3203 quod
1658 3121 1741 3196 ideo,
1755 3119 1825 3203 quia
1836 3133 1881 3201 pro
1892 3131 1954 3178 nun·

321 3230 447 3286 natrano,
461 3218 638 3292 admonuit,
664 3216 774 3281 dicens
800 3235 807 3279 :
833 3217 941 3280 Parate
964 3217 1049 3279 viam
1071 3218 1209 3294 Domini,
1266 3239 1319 3283 mo
1342 3219 1453 3284 vendit
1480 3238 1550 3283 eam
1579 3238 1616 3282 ac
1644 3219 1741 3282 tradit
1766 3216 1881 3280 diabolo.
1900 3214 1953 3276 Dun

315 3298 336 3339 ³·
462 3325 564 3380 rectas
579 3316 674 3379 laeite
690 3315 819 3379 semitas
834 3316 890 3378 Dei
910 3316 1019 3379 nostri.
1037 3316 1117 3379 llinc
1136 3317 1211 3380 scri·
1264 3319 1351 3381 enim
1366 3318 1406 3381 ad
1427 3319 1552 3380 lucrum
1572 3336 1628 3381 seu
1649 3334 1813 3380 nummum
1830 3314 1954 3376 intantum

328 3428 438 3486 aaran
462 3425 554 3500 ptum
573 3424 622 3479 est
639 3433 645 3477 :
662 3415 771 3478 Ponite
791 3415 886 3477 corda
905 3423 1010 3478 vestra
1030 3434 1126 3498 super
1141 3415 1209 3478 vias
1263 3415 1417 3492 allicitur,
1433 3417 1518 3499 quod
1537 3416 1608 3499 ejus
1630 3415 1787 3479 desiderio
1805 3409 1907 3476 mentiri
1919 3413 1954 3468 aut

462 3523 600 3596 vestras3
623 3515 655 3577 id
680 3523 738 3589 est,
763 3532 859 3597 opera
883 3522 987 3576 vestra
1012 3515 1209 3577 considerate
1264 3514 1646 3597 perjurare,decipere,et
1661 3514 1729 3578 dies
1747 3506 1954 3576 festivosrioua

461 3632 501 3675 an
528 3614 592 3676 siut
614 3612 765 3686 virtuosa,
782 3631 822 3673 an
845 3611 960 3675 vitiosa
976 3630 983 3674 :
1000 3620 1158 3694 quatenus
1181 3613 1208 3675 si
1263 3613 1331 3676 sive
1351 3611 1536 3694 infringere,
1553 3619 1608 3675 aut
1628 3612 1693 3675 alio
1708 3612 1797 3675 modo
1810 3611 1953 3692 preceptum

461 3712 602 3773 virtuosa
630 3711 704 3785 sint,
731 3709 939 3792 perseveretis
968 3729 1004 3772 ac
1033 3710 1209 3793 proficiatis
1263 3709 1319 3773 Dei
1341 3709 1392 3774 vel
1417 3709 1568 3772 Ecclesia
1586 3709 1763 3792 transgredi
1785 3724 1840 3770 non
1856 3707 1953 3768 veretur,

462 3809 496 3872 in
511 3809 574 3888 eis;
591 3809 617 3871 si
632 3809 756 3883 vitiosa,
774 3807 954 3890 poeniteatis
969 3827 1005 3872 ac
1019 3809 1206 3873 emendetis.
1263 3809 1341 3891 quid
1356 3808 1443 3871 aliud
1458 3808 1691 3890 operatur,nisi
1706 3807 1788 3890 quod
1800 3801 1902 3868 diabolo
1912 3797 1954 3858 ιιι

501 3908 653 3970 Praeterea
683 3907 767 3969 istud
796 3914 844 3968 est
872 3907 956 3988 quod
983 3907 1016 3970 in
1044 3909 1208 3990 evangelio
1263 3926 1347 3970 marn
1371 3907 1534 3990 propriam
1556 3906 1653 3968 tradit
1675 3905 1856 3987 venditque?

462 4008 522 4070 isto
538 4007 630 4069 docet
649 4023 707 4069 nos
722 4005 908 4086 Unigenitns
927 4006 993 4069 Dei.
1010 4007 1108 4070 Docet
1121 4008 1207 4070 enirn
1303 4004 1422 4069 Deinde
1441 4012 1558 4087 quanta
1579 4011 1611 4067 ει
1628 4024 1727 4087 quarn
1748 3999 1891 4066 horribilia
1904 3993 1955 4057 vitia

319 4124 407 4170 aaran.
417 4139 446 4180 u,
461 4105 576 4190 primo,
587 4111 622 4168 ιιι
636 4103 801 4168 avaritiam
818 4103 993 4187 fugiamus;
1010 4106 1160 4181 seeundo,
1173 4112 1209 4168 ut
1262 4123 1300 4168 er
1315 4104 1448 4168 avaritia
1461 4109 1665 4185 generentur,
1677 4102 1787 4186 pandit
1798 4095 1954 4180 Augustinus,

313 4189 387 4234 ²⁴⁴³·
460 4205 710 4269 sollicitudinem
726 4203 965 4267 immoderatam
982 4204 1206 4287 temporalium
1220 4208 1246 4270 D
1261 4203 1397 4267 dicendo
1419 4219 1426 4264 :
1448 4202 1522 4275 Quae
1543 4209 1592 4264 est
1614 4201 1676 4264 ista
1699 4199 1826 4264 aviditas
1845 4190 1954 4261 avaritia,

459 4323 568 4368 rerum
590 4303 799 4385 abjiciamus3
815 4302 919 4376 tertio,
936 4309 972 4365 ut
992 4303 1098 4385 primo
1122 4322 1206 4385 quae-
1262 4321 1362 4386 quum
1387 4309 1418 4364 et
1447 4300 1523 4383 ipsae
1551 4299 1662 4364 bestiae
1690 4298 1821 4363 habeant
1844 4288 1955 4358 modunl

459 4422 567 4466 ramus
585 4420 721 4482 regnum
739 4399 796 4463 Dei
819 4407 850 4462 et
869 4400 1026 4481 justitiam
1050 4400 1131 4482 ejus,
1148 4401 1207 4464 sic·
1261 4402 1349 4465 'lunc
1369 4400 1455 4463 enim
1476 4399 1605 4482 rapiunt
1623 4399 1751 4482 quando
1767 4396 1899 4466 esuriunt,
1911 4403 1956 4471 ptr·

460 4521 522 4584 quo
546 4501 747 4564 confidamus
769 4499 801 4561 in
824 4499 888 4562 Deo
912 4499 997 4582 quod
1018 4500 1206 4582 temporalia
1262 4507 1401 4582 euntque
1417 4499 1530 4582 praedae
1545 4499 1622 4561 dum
1637 4499 1779 4562 sentiunt
1796 4492 1954 4559 saturitatem.

459 4599 637 4664 necessaria
665 4599 757 4662 nobis
785 4598 985 4680 adjicientur.
1012 4599 1070 4674 Qui
1098 4607 1205 4664 autem
1261 4598 1453 4662 Insatiabilis
1476 4605 1524 4662 est
1552 4596 1619 4661 sola
1644 4597 1775 4661 avaritia
1801 4591 1954 4658 hominum:

458 4700 527 4763 brac
540 4700 616 4781 agit,
633 4699 691 4762 soli
712 4698 823 4781 utique
842 4697 907 4761 Deo
922 4697 1030 4772 servit,
1047 4699 1122 4780 quia
1141 4717 1205 4762 non
1261 4698 1355 4780 rapit,
1371 4716 1431 4761 nec
1455 4698 1604 4777 satiatur3
1620 4715 1680 4760 nec
1704 4697 1802 4759 Deum
1824 4693 1905 4760 timet,
1917 4699 1956 4746 nat

458 4800 558 4864 servit
581 4798 679 4873 carni,
703 4817 761 4862 uec
785 4798 916 4872 mundo,
940 4816 1044 4880 neque
1067 4797 1203 4861 diabolo.
1261 4795 1425 4859 bominem
1444 4803 1625 4876 reveretur;
1641 4813 1701 4858 nco
1721 4794 1801 4878 patri
1815 4788 1956 4876 parcit,lec

458 4900 592 4975 Quidam
616 4899 734 4962 etenim
760 4897 904 4962 serviunt
927 4897 1026 4972 carni,
1043 4904 1079 4960 ut
1101 4897 1205 4979 gulosi
1262 4903 1395 4958 matrem
1419 4896 1578 4976 agnoscit3
1601 4915 1659 4959 neo
1683 4895 1774 4958 fratri
1794 4887 1956 4969 otenpeat

458 5005 490 5063 et
506 4996 671 5073 luxuriosi,
688 4997 839 5080 quoniam
855 4995 959 5059 carnis
974 5015 1040 5060 suaa
1055 4997 1205 5079 concupi·
1260 5014 1320 5059 nec
1334 4994 1435 5057 iidem
1449 4993 1553 5057 arnico
1567 5001 1685 5074 servat;
1697 4994 1823 5057 viduam
1835 4979 1957 5072 opprimit

458 5097 589 5163 scentiis
609 5096 709 5178 magis
728 5095 883 5159 obediunt
902 5114 998 5177 quam
1014 5095 1069 5157 Dei
1089 5113 1205 5177 praee·
1261 5094 1422 5178 pupillum
1443 5093 1575 5168 invadit,
1591 5093 1709 5156 liberos
1725 5093 1759 5156 in
1775 5087 1958 5186 servitiumrr

458 5197 522 5280 ptis
547 5213 555 5260 τ
581 5196 647 5260 ἰιιιο
676 5195 732 5258 Dei
757 5200 917 5277 praecepta
940 5193 1116 5274 transgredi
1141 5212 1204 5258 non
1259 5202 1352 5256 vocat
1360 5211 1369 5273 3
1386 5192 1603 5255 testimonium
1618 5191 1735 5254 falsum
1751 5188 1870 5274 profert,
1880 5184 1959 5246 nenb-

457 5303 618 5372 verentur,
635 5303 792 5380 quatenus
807 5291 971 5357 vilissimae
989 5300 1084 5382 atque
1100 5291 1207 5356 loedis-
1260 5299 1323 5369 tur,
1335 5291 1487 5375 perjurat,
1500 5298 1696 5356 mortuorum
1712 5309 1762 5353 res
1775 5279 1959 5368 occupat-0⁰⁸³
