4154 6258
460 498 608 548 nonnius
628 499 684 546 xnr
705 499 778 548 rosr
797 499 993 547 munerun.
1013 517 1053 530 ·-
1074 501 1173 550 suano
1192 501 1317 550 rennos
1603 483 1664 552 toa

111 671 260 736 omnium
279 677 409 734 actuum
429 670 558 736 illorum
577 671 658 734 ratio
674 690 681 736 :
699 672 783 754 quod
802 671 903 736 arith
917 672 1042 747 cedant,
1058 672 1184 736 dicente
1198 671 1360 756 Apostolo,
1376 673 1490 739 Omnia
1505 677 1610 737 vestra
1629 673 1663 738 in
1686 691 1757 736 icor.
1768 705 1812 745 xvi,

111 771 146 833 in
161 770 277 844 Bestia,
289 769 494 852 potissimum
510 777 582 852 post
596 770 862 834 resurrectionem
916 770 1045 834 caritate
1060 770 1158 852 liant3
1174 772 1285 854 sicque
1301 771 1435 836 intentio
1450 779 1535 836 reeta
1554 771 1596 836 sit
1613 789 1664 835 co-
1680 757 1713 799 ¹⁴·

111 869 266 942 suturam,
283 870 412 951 quando
431 886 543 933 ornnes
560 870 760 952 operationes
777 877 863 934 exte-
916 887 983 932 ram
999 869 1118 945 Deo,ut
1132 869 1202 951 ejus
1217 871 1372 936 honorem
1386 879 1419 936 et
1432 871 1567 954 gloriam
1581 871 1666 954 prin·

111 969 237 1032 riorum
257 968 510 1051 interiorumque
530 987 684 1032 sensuum
700 975 733 1032 et
747 969 863 1032 utrius·
917 967 1063 1050 cipaliter
1078 968 1292 1045 intendamus,
1300 970 1391 1052 juxta
1408 971 1487 1033 illud
1501 969 1662 1052 Apostoli:

111 1086 175 1150 que
190 1066 350 1150 appetitus
365 1067 706 1150 sensitivi,omnesque
721 1068 862 1150 corporis
917 1065 990 1130 Sive
1007 1067 1216 1142 manducatis,
1233 1068 1302 1131 sive
1317 1068 1438 1142 bibitis,
1455 1069 1524 1132 sive
1542 1067 1664 1151 aliquid
1681 1077 1739 1125 llio.
1750 1082 1812 1132 att·

111 1173 219 1228 motus
233 1171 265 1228 et
279 1172 379 1240 actus,
387 1165 616 1229 ordinatissimi
632 1172 726 1228 erunt
740 1166 773 1228 in
788 1167 860 1240 Deo,
917 1164 1004 1228 aliud
1019 1164 1136 1240 facitis,
1152 1167 1261 1229 omnia
1275 1167 1308 1229 in
1326 1167 1459 1248 gloriam
1480 1167 1536 1230 Dei
1557 1166 1663 1230 tacite.

110 1271 207 1346 atque
223 1262 262 1326 ad
277 1263 347 1345 ejus
366 1262 532 1327 conserent
546 1263 858 1346 contemplationem,
918 1261 957 1325 Et
981 1261 1033 1325 hie
1053 1263 1169 1344 gradus
1190 1264 1330 1328 caritatis
1352 1270 1400 1328 est
1418 1265 1458 1328 de
1477 1264 1665 1327 necessitate

110 1379 267 1436 eruorem,
293 1361 419 1424 laudem
449 1369 481 1424 et
509 1362 756 1425 venerationem.
784 1363 859 1426 Uni·
919 1361 1209 1426 salutisPostremo
1225 1371 1312 1444 patet
1326 1382 1364 1426 en
1380 1363 1550 1446 his,quam
1565 1363 1667 1444 gravi-

111 1479 268 1542 versaque
290 1459 349 1523 ista
371 1459 593 1542 implebuntur
613 1461 644 1523 in
668 1461 780 1543 patria,
796 1478 860 1524 non
919 1467 967 1522 ter
981 1468 1116 1542 peccent
1135 1461 1278 1524 carnales
1298 1468 1458 1544 parentes,
1479 1461 1664 1544 propinqui,

110 1558 218 1621 solum
238 1557 358 1639 absque
377 1557 580 1632 difficultate,
598 1559 765 1622 sedetiam
786 1578 860 1622 cum
918 1558 1014 1622 amici
1030 1565 1061 1620 et
1076 1559 1166 1634 socii,
1184 1559 1238 1642 qui
1255 1559 1398 1623 sobolem
1413 1579 1516 1634 suam,
1528 1559 1579 1623 vel
1594 1576 1666 1642 pro·

111 1656 320 1719 inenarrabili
348 1655 500 1719 facilitate
524 1665 555 1720 et
577 1657 787 1738 iucunditate.
814 1659 862 1721 ld·
919 1657 1088 1739 pinquum‚
1107 1665 1162 1719 aut
1183 1657 1306 1720 socium
1325 1677 1343 1721 a
1363 1658 1526 1740 religionis
1546 1657 1666 1739 ingres-

110 1757 198 1818 circo
214 1761 401 1837 praeceptum
416 1755 501 1818 istud
517 1756 655 1818 caritatis
671 1756 785 1820 divinae
801 1774 863 1820 non
919 1774 955 1817 su
983 1754 1138 1836 impedire
1163 1763 1327 1818 conantur.
1349 1755 1414 1818 lloc
1436 1755 1522 1818 enim
1542 1756 1665 1819 caritati

111 1853 268 1936 impletur
289 1853 428 1936 perlecte
450 1854 512 1916 nisi
534 1853 566 1916 in
588 1855 699 1936 patria.
880 1851 974 1915 Bllei
990 1871 1026 1914 ac
1044 1853 1180 1934 proximi
1197 1854 1456 1928 contrariatur,et
1472 1854 1563 1916 valde
1578 1855 1665 1917 dam·

152 1953 319 2016 Secundus
336 1959 368 2014 et
382 1953 507 2015 medius
523 1953 639 2033 gradus
656 1953 862 2035 perfectionis
918 1949 1025 2013 nobile
1044 1969 1062 2012 a
1082 1951 1199 2013 sanctis
1222 1951 1367 2014 Patribus
1386 1951 1557 2032 judicatur.
1575 1952 1665 2015 Tales

111 2050 254 2114 caritatis
271 2056 328 2126 est,
345 2052 420 2113 dum
436 2050 545 2113 ornnia
564 2050 618 2113 illa
638 2051 863 2134 relinquuntur
918 2068 1056 2131 namque
1072 2057 1146 2112 sunt
1161 2049 1307 2112 homines
1324 2050 1477 2124 carnales,
1494 2050 1581 2112 omni
1603 2049 1666 2132 spi-

111 2156 144 2212 et
168 2155 418 2212 contemnuntur
443 2167 513 2230 quse
536 2148 639 2211 solent
661 2149 695 2211 in
717 2149 775 2212 hae
797 2149 863 2212 vite
918 2147 1024 2210 rituali
1050 2147 1207 2229 sapientia
1225 2147 1369 2210 destituti
1392 2156 1424 2210 et
1443 2167 1518 2210 vera
1536 2148 1666 2210 caritate

111 2247 202 2310 aDei
224 2245 493 2329 contemplatione
513 2254 544 2308 et
563 2264 670 2310 amore
693 2247 860 2330 impedire,
918 2253 1073 2320 carentes,
1094 2246 1150 2328 qui
1170 2245 1313 2308 consiliis
1334 2245 1450 2309 Christi
1476 2253 1664 2329 repugnant.

112 2353 272 2428 quatenus
295 2363 385 2406 meus
404 2344 469 2407 Deo
492 2343 664 2427 perfectius
686 2353 781 2429 atque
801 2355 862 2410 ste·
957 2344 1087 2425 Legitur
1106 2344 1138 2406 in
1154 2344 1219 2406 vita
1237 2344 1295 2406 ΒΒ.
1313 2344 1449 2427 Epicteti
1469 2353 1501 2407 et
1513 2345 1665 2420 Astionis,

112 2445 213 2506 bilius
237 2461 295 2525 per
316 2443 522 2506 dilectionem
546 2444 861 2526 contemplationem·
918 2443 1001 2524 quod
1028 2443 1112 2506 idern
1134 2443 1243 2506 Astion
1269 2461 1308 2506 ex
1332 2443 1506 2525 gentilibus
1530 2443 1667 2526 parenti-

112 2562 178 2625 que
193 2549 293 2604 vacet.
311 2542 348 2603 Et
364 2540 415 2604 hic
430 2542 546 2624 gradus
562 2541 767 2624 perlectionis
784 2545 862 2606 cari·
917 2541 978 2604 hus
1000 2549 1104 2616 natus,
1121 2549 1153 2603 et
1174 2559 1286 2605 eorum
1311 2542 1427 2604 unicus
1452 2542 1552 2616 lilius,
1574 2543 1667 2624 cujus

112 2641 189 2704 tatis
209 2639 294 2703 cadit
315 2639 375 2702 sub
397 2639 540 2703 consiliis
562 2641 752 2722 evangelice
773 2642 861 2723 legis,
918 2646 1019 2702 mater
1039 2639 1100 2702 luit
1120 2639 1189 2702 lilia
1208 2640 1373 2714 senatoris,
1390 2659 1491 2722 quum
1511 2649 1594 2704 esset
1614 2641 1667 2703 de·

113 2749 145 2802 et
180 2745 303 2821 spectat
335 2739 373 2800 ad
408 2737 584 2820 religiosos,
616 2739 672 2821 qui
705 2740 863 2803 desiderio
918 2755 987 2800 cem
1009 2745 1130 2800 etocto
1149 2745 1365 2812 annorum,et
1385 2738 1667 2820 eloquentissimus

6 2860 97 2905 areae
112 2844 273 2921 praetactae
298 2836 515 2918 perfectionis,
536 2837 627 2918 juxta
651 2837 767 2900 Christi
792 2857 864 2902 con·
917 2843 1012 2918 atque
1037 2834 1272 2917 pulcherrimus
1301 2835 1497 2910 adolescens,
1524 2837 1666 2918 ingenio·

8 2921 92 2968 ’Μ’
112 2937 226 2999 silium
251 2935 409 3016 abnegant
432 2936 632 3017 semetipsos,
658 2943 690 2998 et
713 2937 864 3002 omnihus
918 2953 983 3007 sus,
1010 2940 1195 2995 mansuetus
1225 2941 1256 2995 et
1285 2933 1318 2994 in
1349 2933 1547 2995 naturalibus
1574 2933 1667 2996 valde

111 3054 187 3116 quae
201 3033 321 3096 hahent
334 3032 529 3106 renuntiant,
547 3033 779 3116 carnaliterque
795 3035 900 3117 proC
920 3031 1101 3114 praeclarus,
1124 3049 1142 3092 a
1172 3031 1203 3093 S.
1231 3030 1374 3112 Epicteto
1404 3031 1590 3115 presbytero
1619 3038 1668 3094 est

111 3133 254 3215 pinques
274 3139 305 3194 et
322 3132 516 3194 contoralem
536 3131 732 3214 relinquunt,
750 3141 784 3195 ut
804 3136 862 3198 soli
918 3131 957 3192 ad
982 3129 1082 3191 iidem
1107 3147 1289 3192 conversus.
1317 3129 1355 3190 Et
1379 3136 1414 3191 ut
1439 3129 1563 3192 Christo
1587 3130 1666 3194 libe-

110 3231 179 3294 Deo
210 3229 343 3293 liberius
372 3229 614 3312 amerosiusque
642 3230 823 3294 adhaereant
854 3249 861 3293 :
919 3229 985 3291 rius
1000 3227 1186 3300 deserviret,
1203 3245 1277 3288 cum
1293 3226 1426 3308 praelato
1441 3227 1586 3310 Epicteto
1601 3228 1667 3291 lon-

110 3329 267 3411 quoniam
280 3346 371 3390 mens
386 3327 525 3390 humana
540 3335 627 3390 tanto
643 3329 792 3390 intensius
808 3327 862 3390 uni
918 3327 1070 3408 ginquam
1096 3325 1258 3406 regionem
1284 3325 1414 3388 intravit
1434 3342 1442 3387 τ
1465 3327 1497 3388 in
1519 3346 1583 3409 qua
1602 3327 1666 3390 Deo

110 3427 272 3508 infigitur,
293 3435 412 3508 quanto
437 3426 509 3508 plus
533 3445 551 3488 a
575 3427 685 3489 multis
709 3427 864 3490 abstrahi·
919 3425 952 3486 in
968 3424 1056 3486 omni
1075 3424 1241 3486 sanctitate
1259 3431 1290 3484 et
1306 3423 1502 3505 perfectione
1522 3425 1665 3500 servivit,

109 3533 174 3588 tur.
197 3525 390 3607 Certumque
414 3527 568 3607 estquod
590 3525 758 3607 occupatio
779 3525 863 3588 circa
919 3523 952 3585 in
972 3529 1095 3585 tanturn
1115 3522 1201 3605 quod
1223 3522 1319 3585 etiam
1344 3541 1457 3602 magna
1476 3522 1553 3584 lecit
1572 3523 1666 3586 rnira-

108 3623 282 3696 erteriora,
307 3630 339 3686 et
362 3623 498 3685 carnalis
526 3622 656 3687 allectio
678 3625 763 3686 circa
792 3643 862 3706 pro·
919 3621 999 3682 cula.
1021 3621 1169 3683 Parentes
1190 3636 1266 3682 vero
1288 3620 1401 3701 ipsius,
1423 3620 1462 3682 de
1482 3620 1552 3701 ejus
1573 3621 1667 3684 amis·

107 3723 264 3804 pinques,
282 3721 510 3803 potissimeque
524 3721 692 3785 delectatio
707 3721 863 3784 sensualis
919 3719 1008 3782 sione
1023 3717 1255 3780 incredibiliter
1270 3718 1449 3781 doluerunt.
1462 3719 1535 3782 Post
1550 3720 1665 3783 multos

107 3821 141 3882 in
158 3826 236 3882 actu
251 3819 382 3893 carnali,
396 3837 415 3882 a
429 3837 510 3901 pura
524 3827 556 3883 et
570 3819 676 3882 stabili
692 3819 863 3883 allectione
918 3835 994 3880 vero
1012 3834 1123 3890 annos,
1140 3816 1226 3878 beati
1245 3816 1306 3879 viri
1327 3816 1490 3898 Epictetus
1510 3824 1542 3880 et
1556 3817 1665 3880 Astion

107 3917 232 3980 mentis
252 3917 285 3978 in
304 3917 369 3980 Deo
383 3917 590 3980 vehementer
609 3917 791 4000 impediunt
808 3918 862 3980 ho·
919 3933 978 3998 pro
991 3914 1057 3977 fide
1073 3915 1189 3978 Christi
1209 3916 1397 3998 martyrium
1415 3924 1490 3978 sunt
1509 3917 1665 3998 perpessi,

106 4017 261 4078 minem:
280 4014 351 4077 ideo
373 4015 472 4077 Filius
496 4015 564 4089 Dei,
585 4015 741 4097 sapientia
764 4015 863 4078 Patris
920 4013 951 4076 in
972 4032 1036 4096 quo
1058 4013 1296 4076 crudelissimas
1321 4032 1431 4095 poenas
1457 4016 1614 4078 constanti
1636 4023 1667 4078 et

104 4112 237 4187 aeterni,
259 4112 420 4175 consuluit
443 4113 552 4176 omnia
576 4113 631 4174 ille
655 4113 805 4195 relinqui,
830 4123 864 4175 ut
918 4112 1014 4176 alacri
1039 4111 1146 4175 animo
1170 4112 1380 4194 pertulerunt.
1409 4112 1447 4174 Et
1471 4113 1557 4175 eirca
1581 4114 1665 4176 idern

104 4212 169 4276 soli
195 4212 262 4275 Deo
283 4209 456 4294 perieotius
479 4212 671 4275 intendatur.
878 4207 1046 4293 Dtempus
1066 4218 1278 4292 perceperunt
1298 4217 1445 4292 parentes
1467 4211 1496 4274 S.
1513 4212 1664 4287 Astionis,

148 4311 280 4374 'l'ertius
305 4327 381 4373 vero
407 4317 439 4372 et
464 4310 597 4374 iniimus
620 4311 736 4392 gradus
761 4311 863 4392 perle-
920 4310 952 4371 in
974 4329 1037 4391 qua
1056 4309 1183 4371 civitate
1207 4308 1262 4369 diu
1288 4308 1466 4370 mansisset.
1488 4309 1546 4383 Qui
1569 4311 1667 4391 proti-

103 4409 230 4473 ctionis
246 4407 385 4470 caritatis
401 4414 504 4482 estut
516 4408 563 4470 sic
578 4409 661 4471 Deus
676 4415 742 4471 toto
757 4410 860 4482 corde,
918 4428 979 4471 nus
1002 4408 1078 4470 illuc
1101 4412 1267 4470 venerunt.
1289 4407 1457 4488 Quumque
1477 4407 1598 4469 civitati
1618 4409 1665 4471 illi

103 4516 176 4572 tota
193 4514 315 4582 mente,
329 4514 394 4570 tota
409 4507 596 4571 tortitudine
610 4507 771 4589 diligatur,
788 4528 862 4590 qua·
919 4507 1181 4590 propinquarent,
1197 4505 1229 4566 B.
1242 4505 1352 4566 Astion
1371 4507 1519 4587 apparuit
1539 4507 1664 4570 cuidam

104 4617 208 4670 tenus
233 4606 266 4668 in
286 4605 436 4670 omnibus
458 4607 509 4669 his
534 4606 615 4668 nihil
640 4607 681 4668 sit
705 4607 789 4688 quod
813 4626 862 4669 ca·
919 4605 1097 4669 Christiano
1113 4605 1145 4666 in
1162 4602 1240 4666 urbe
1256 4603 1321 4677 illa,
1339 4621 1453 4686 rogans
1470 4612 1505 4667 ut
1519 4615 1667 4687 parentes

101 4705 197 4769 ritati
234 4705 455 4780 contrarietur,
486 4706 541 4767 scd
570 4705 679 4767 omnia
709 4712 782 4767 actu
811 4706 861 4768 vel
918 4720 991 4766 suos
1012 4703 1064 4784 pie
1087 4701 1275 4784 susciperet,
1296 4700 1379 4765 hene
1398 4707 1557 4777 tractaret,
1577 4711 1609 4766 et
1628 4705 1667 4767 de

100 4805 225 4868 habitu
246 4801 434 4866 ordinentur
456 4803 488 4864 in
512 4804 612 4866 Deum
634 4803 719 4866 sieut
737 4803 769 4865 in
792 4805 863 4867 ulti·
917 4802 983 4864 fide
1013 4801 1130 4865 Christi
1160 4801 1331 4882 diligenter
1361 4801 1533 4864 instrueret
1560 4821 1566 4865 :
1597 4823 1668 4886 quae

100 4922 202 4966 mum
229 4901 342 4975 linem,
363 4910 395 4965 et
416 4901 596 4964 intellectus
621 4903 685 4966 Deo
708 4902 863 4965 subdatur
917 4901 1025 4964 omnia
1041 4900 1238 4964 Christianus
1254 4900 1307 4962 ille
1323 4899 1452 4963 nomine
1467 4901 1665 4983 vigilantius,

100 5021 165 5085 per
186 5000 302 5072 iidem,
319 4999 465 5063 voluntas
484 5019 542 5082 per
556 5001 756 5082 spiritualem
775 5019 862 5064 amo·
918 4999 1058 5062 fideliter
1078 4998 1162 5062 lecit.
1180 4999 1252 5062 Post
1272 5017 1390 5080 paucos
1409 5017 1485 5061 vero
1506 5000 1585 5074 dies,
1602 5003 1667 5082 glo·

99 5119 178 5164 rem
204 5115 211 5161 :
235 5105 392 5181 quatenus
414 5117 473 5162 nec
494 5117 608 5161 senec
632 5099 753 5182 aliquid
774 5100 862 5163 aliud
918 5099 993 5161 riosi
1023 5106 1177 5182 martyres
1205 5098 1368 5179 Epictetus
1397 5105 1429 5160 et
1455 5098 1566 5161 Astion
1592 5101 1666 5162 visi-

98 5200 226 5281 diligat
247 5197 354 5269 homo,
372 5197 434 5260 nisi
458 5197 490 5260 in
514 5197 589 5272 Dee,
607 5199 762 5261 exteriora
786 5217 863 5281 quo
918 5198 1026 5261 biliter
1049 5205 1266 5280 apparuerunt
1294 5197 1328 5259 in
1357 5197 1452 5279 plena
1473 5198 1583 5279 vigilia
1614 5219 1666 5280 pa·

97 5317 170 5382 que
188 5314 292 5379 opero
305 5294 375 5376 ejus
389 5314 425 5359 ac
441 5295 539 5360 verbe
553 5315 592 5359 ex
604 5297 660 5361 Dei
675 5315 782 5361 amore
794 5316 863 5381 pro
918 5295 1062 5360 rentibus
1091 5295 1241 5369 Astionis,
1268 5296 1352 5358 circa
1380 5314 1489 5360 eorum
1520 5297 1666 5379 sepulcra
