4140 6258
425 459 485 526 294
782 475 929 524 nonnum
950 476 1005 523 vm
1026 476 1099 522 rosr
1119 474 1312 522 mmrmrau.
1333 493 1373 504 -
1394 473 1493 522 saauo
1513 472 1623 520 ramus

427 650 495 714 vire
514 651 547 713 in
569 649 661 713 bonis
681 647 833 730 operibus
851 647 890 709 ad
913 645 1098 710 felicitatem
1118 646 1174 707 du·
1188 646 1213 710 Α
1229 652 1260 708 te
1281 645 1404 708 interna
1423 662 1460 706 ao
1480 643 1738 727 spiritualique
1757 648 1805 705 est
1817 641 1948 706 virtutum

426 748 584 812 centibus.
602 747 724 810 ldcirco
746 761 862 829 corpus
886 763 945 807 nee
968 744 1175 807 immoderata
1229 743 1379 817 carentia,
1405 759 1604 826 operumque
1627 742 1785 806 bonorum
1813 740 1949 823 negligen·

426 848 619 911 abstinentia
633 853 681 909 est
695 843 939 919 debilitandum,
956 863 1015 906 nec
1029 842 1174 907 delicatis
1228 843 1281 904 tia.
1298 841 1381 905 Talis
1397 859 1536 922 namque
1549 848 1678 924 tempus
1692 858 1787 902 suum
1802 838 1950 902 iniructuo
2053 831 2054 840 ’

325 945 339 964 “
425 945 665 1029 superfluisque
689 942 918 1006 refectionibus
947 941 1173 1020 nutriendum;
1229 960 1263 1004 se
1282 940 1445 1023 expendit,
1462 939 1562 1002 multa
1581 938 1666 1002 bona
1683 937 1948 1009 omittit‚etetiarn

426 1045 481 1108 sed
498 1044 639 1107 medium
655 1050 764 1105 tenere
781 1040 940 1104 laudabile
956 1040 1074 1104 estAit
1088 1059 1175 1102 nam·
1230 1039 1262 1102 in
1283 1039 1409 1102 diversa
1432 1045 1562 1121 peccata
1582 1037 1746 1100 dilabitur.

424 1161 488 1225 que
512 1140 723 1224 Hieronymus
750 1156 757 1202 :
783 1138 930 1219 Corporis
954 1137 1103 1200 debilitas
1127 1137 1175 1200 ni·
1269 1141 1402 1220 lnsuper
1421 1137 1575 1200 debemus
1600 1154 1718 1219 corpus
1737 1143 1874 1198 nostrum
1894 1135 1951 1198 sub

426 1240 490 1302 mia
518 1239 615 1302 etiam
644 1238 760 1301 animm
789 1237 874 1300 vires
902 1234 1031 1317 frangit,
1057 1236 1174 1298 mentis
1227 1239 1328 1319 jicere
1346 1237 1472 1310 animas,
1490 1254 1552 1299 non
1573 1233 1676 1299 solum
1700 1234 1733 1295 in
1759 1233 1950 1315 praeinductis,

424 1355 553 1420 quoque
573 1336 738 1417 ingenium
760 1352 956 1398 marcescere
977 1333 1061 1396 lacit.
1080 1333 1174 1408 Quid·
1228 1336 1379 1400 videlicet
1402 1334 1601 1399 observando
1625 1331 1852 1396 moderantiam
1875 1331 1902 1393 in
1919 1333 1952 1395 oi·
2054 1381 2055 1388 ,

425 1436 504 1520 quid
526 1453 600 1497 cum
624 1433 718 1496 modo
737 1441 769 1496 et
789 1439 1042 1515 temperamento
1061 1431 1109 1504 lit,
1127 1450 1174 1493 sa·
1229 1435 1281 1510 bo,
1306 1443 1394 1516 potu,
1420 1450 1544 1507 somno,
1568 1432 1698 1504 vestitu,
1725 1431 1781 1496 sed
1806 1430 1894 1492 etiam
1913 1449 1953 1492 er·
2054 1415 2055 1432 ¹

425 1533 517 1596 lubre
532 1539 591 1594 est.
609 1531 755 1614 Optimus
776 1531 808 1593 in
830 1530 918 1594 omni
935 1549 968 1592 re
984 1529 1097 1593 modus
1113 1537 1173 1603 est,
1230 1533 1361 1596 teriores
1391 1549 1503 1594 sensus
1532 1529 1572 1592 ab
1597 1528 1783 1594 excessibus
1812 1529 1890 1590 circa
1909 1546 1954 1588 sua

426 1640 458 1696 et
473 1630 641 1694 laudabilis
658 1638 706 1693 est
721 1629 841 1711 ubique
858 1647 1016 1691 mensura.
1035 1629 1114 1690 Hine
1130 1628 1176 1689 ait
1229 1631 1356 1713 objecta
1377 1629 1542 1702 frenando,
1559 1637 1591 1690 et
1611 1626 1737 1710 singula
1756 1645 1885 1709 quiaque
1901 1644 1954 1688 cor·

426 1730 620 1811 Gregorius:
639 1728 716 1793 Caro
738 1735 845 1791 nostra
867 1726 1007 1808 adjutrix
1028 1745 1098 1789 esse
1121 1726 1173 1788 de·
1230 1731 1316 1814 poris
1341 1728 1485 1792 membra
1508 1727 1628 1790 abusu
1654 1727 1768 1790 illicito
1789 1726 1953 1790 coercendo.

425 1828 479 1891 bet
499 1827 614 1890 animae
637 1827 669 1889 in
689 1844 785 1908 opere
809 1824 912 1904 bono;
928 1824 1099 1906 aliquando
1120 1843 1173 1884 au·
1192 1825 1462 1893 Btlustodiendus
1482 1832 1608 1906 ergoet
1628 1824 1851 1907 reprimendus
1866 1831 1907 1886 est
1919 1824 1954 1887 ri·

426 1935 489 1988 tem
522 1933 569 1988 est
599 1924 760 1988 seductrix
790 1923 822 1984 in
853 1922 947 1985 malo
978 1922 1009 1985 Si
1040 1940 1115 2004 ergo
1145 1921 1173 1984 ei
1230 1947 1284 1990 sus
1313 1925 1461 1999 anterior,
1487 1941 1527 1986 ne
1557 1922 1684 1985 incaute
1712 1921 1866 2005 adspiciat
1887 1921 1955 2004 quod
2055 1907 2056 1984 l

426 2023 499 2107 plus
528 2041 625 2105 quam
655 2022 809 2084 debemus
839 2019 1022 2095 tribuimus,
1048 2020 1172 2084 bostem
1229 2025 1411 2088 desiderare
1427 2038 1490 2085 non
1506 2021 1591 2095 licet,
1608 2039 1649 2083 ne
1664 2019 1725 2082 viri
1746 2027 1779 2083 et
1795 2019 1913 2084 lemine
1929 2037 1955 2080 sa

425 2121 605 2202 nutrimus;
625 2128 657 2183 et
679 2121 706 2182 si
728 2119 910 2182 necessitati
933 2119 1003 2199 ejus
1028 2138 1100 2201 quae
1121 2119 1174 2181 de·
1230 2131 1341 2187 mutuo
1358 2122 1542 2184 indecenter
1561 2119 1756 2192 intueantur,
1774 2118 1955 2200 potissimum

425 2218 539 2282 bemus
555 2236 617 2281 non
634 2217 800 2290 tradimus,
818 2216 921 2279 civem
938 2235 1099 2279 necamus.
1117 2217 1173 2279 lle-
1230 2222 1263 2284 in
1285 2220 1422 2283 ecclesia
1442 2225 1474 2282 et
1493 2219 1526 2281 in
1549 2217 1659 2294 divino
1678 2215 1843 2298 obsequio.
1858 2215 1901 2278 Ab
1919 2215 1955 2276 in·

426 2315 566 2378 licienda
589 2323 637 2379 est
660 2315 777 2397 itaque,
793 2314 849 2376 sed
871 2332 972 2396 usque
996 2314 1035 2376 ad
1057 2314 1117 2378 boo
1139 2323 1174 2377 ut
1229 2320 1313 2381 tuitu
1332 2336 1461 2401 qnoque
1485 2317 1684 2388 chorearum,
1706 2313 1954 2397 spectaculorum,

426 2413 459 2476 in
482 2432 578 2496 opere
598 2413 684 2477 bono
705 2413 797 2474 nobis
819 2411 970 2475 sufficiat.
1227 2417 1373 2499 jocorum
1388 2424 1420 2478 et
1435 2414 1621 2477 illicitorum
1643 2413 1805 2486 ludorum,
1821 2420 1909 2495 atque
1924 2411 1956 2474 si·
2056 2491 2057 2506 χ

467 2510 622 2592 Denique,
655 2510 738 2573 sicut
771 2511 944 2592 regendum
979 2517 1027 2572 est
1056 2529 1173 2593 corpus
1230 2515 1356 2578 milium
1376 2513 1564 2587 vanitatum,
1581 2510 1763 2574 refrenandi
1784 2510 1955 2580 suntoculi,

427 2617 582 2693 quantum
606 2610 646 2672 ad
670 2608 780 2671 cibum
805 2616 837 2670 et
860 2617 982 2690 potum,
1010 2609 1052 2670 ita
1075 2609 1172 2672 etiam
1229 2615 1312 2678 sicut
1331 2619 1399 2676 orat
1413 2613 1514 2674 Deum
1528 2611 1694 2674 Psalmista
1711 2629 1718 2674 :
1735 2609 1851 2673 Averte
1864 2609 1956 2672 oculos
1975 2625 2046 2667 aaa

425 2716 582 2791 quantum
601 2707 641 2770 ad
656 2706 806 2770 vestitum
827 2714 859 2769 et
874 2724 1034 2781 somnum,
1052 2715 1087 2769 ut
1102 2707 1172 2769 nul·
1229 2731 1316 2775 meos
1337 2730 1377 2774 ne
1397 2710 1524 2773 videant
1544 2709 1727 2772 vanitatem.
1745 2708 1784 2770 Et
1799 2708 1881 2772 istud
1893 2691 1990 2790 pra⁵·

426 2808 475 2870 lus
505 2808 696 2870 vestimenta
724 2806 899 2888 superflua,
927 2807 1062 2882 curiosa,
1086 2826 1173 2888 pom·
1228 2811 1322 2893 cipue
1337 2817 1385 2872 est
1400 2807 1757 2890 servandum,quoniam
1773 2807 1800 2868 si
1815 2806 1885 2888 quis
1899 2804 1958 2866 talia

425 2924 513 2988 posa,
530 2906 734 2988 provocativa
751 2913 806 2967 aut
821 2905 956 2968 nimium
979 2906 1116 2986 pretiosa
1131 2906 1172 2967 si·
1227 2906 1481 2990 adspiciendo,in
1496 2904 1574 2988 ipsis
1587 2905 1852 2987 complacentiam
1864 2902 1959 2965 babae

425 3004 457 3067 bi
474 3003 547 3066 lieri
562 3003 669 3078 iaciat,
681 3004 795 3066 babeat
809 3011 864 3065 aut
879 3004 1004 3082 induat;
1020 3003 1075 3065 sed
1091 3004 1174 3066 sicut
1191 3008 1212 3072 G
1228 3007 1269 3068 rit
1284 3025 1341 3068 seu
1355 3023 1559 3078 consensum,
1569 3003 1728 3085 particeps
1746 3002 1786 3064 lit
1801 3001 1959 3084 iniquitatis
2057 3021 2058 3056 l

280 3119 412 3172 nuaram.
425 3101 630 3164 beatissimus
654 3100 764 3164 docuit
784 3099 924 3183 Baptista
947 3100 1093 3175 loannes,
1114 3101 1172 3175 Qui
1229 3103 1504 3177 illornm‚dicente
1518 3100 1762 3184 Apostolo:Non
1779 3101 1881 3163 solum
1896 3116 2042 3160 mor-ms.

425 3200 522 3262 babet
545 3199 623 3261 duas
648 3199 783 3272 tunicas,
810 3199 841 3261 id
865 3206 913 3261 est
938 3217 1033 3260 unam
1064 3218 1172 3281 snper·
1229 3209 1259 3263 te
1275 3207 1349 3262 sunt
1364 3199 1451 3281 digni
1468 3199 1523 3281 qui
1538 3198 1661 3260 iaciunt
1675 3217 1723 3272 ea,
1737 3198 1794 3260 sed
1809 3198 1900 3260 etiam
1914 3195 1959 3279 qui

426 3298 538 3372 fluam,
555 3299 609 3361 det
630 3316 694 3361 non
716 3297 858 3370 babenti,
875 3305 907 3360 et
928 3298 983 3379 qui
1009 3298 1105 3360 babet
1126 3317 1173 3360 es·
1229 3299 1432 3361 consentiunt
1447 3296 1870 3360 iacientibusConsimiliter
1884 3295 1961 3358 reira-

427 3414 480 3458 cas
510 3394 702 3477 superfluas,
733 3394 881 3457 similiter
909 3394 1014 3456 iaciat.
1046 3394 1175 3459 Conlor·
1227 3398 1352 3460 naudus
1366 3404 1414 3459 est
1428 3396 1556 3458 auditus
1569 3395 1610 3458 ab
1625 3394 1858 3458 auscultatione
1872 3393 1961 3456 verbo

428 3493 522 3556 miter
552 3493 787 3556 observandum
822 3499 869 3554 est
902 3493 1106 3555 moderamen
1140 3494 1173 3555 in
1228 3515 1300 3558 rum
1325 3494 1540 3569 detractionis,
1559 3493 1728 3569 irrisionis,
1746 3491 1959 3563 mendositatis,

428 3608 550 3665 somno,
568 3609 608 3653 ne
624 3591 696 3674 plus
712 3609 809 3672 quam
825 3598 937 3652 natura
951 3589 1086 3671 requirit
1101 3591 1174 3672 quis
1228 3593 1581 3674 lascivimomniumque
1592 3591 1774 3655 illicitorum
1787 3608 1960 3654 sermonum.
2058 3673 2059 3676 Ἴ

429 3689 565 3752 dormiat
587 3697 642 3750 aut
664 3689 697 3750 in
722 3689 805 3751 lecto
826 3688 979 3771 quiescat,
997 3689 1174 3770 presertim
1229 3691 1497 3776 quemadmodum
1519 3691 1550 3752 in
1572 3691 1796 3754 Ecclesiastico
1816 3690 1958 3754 babetur:
2058 3703 2059 3744 l

429 3807 470 3851 ne
492 3786 679 3850 dormiendo
702 3807 757 3850 seu
778 3787 914 3868 jacendo
933 3795 965 3850 et
983 3787 1173 3869 pigritando,
1230 3791 1304 3874 Sepi
1323 3809 1416 3852 aures
1434 3798 1505 3851 tuas
1524 3789 1637 3872 spinis,
1654 3797 1685 3852 et
1701 3788 1767 3852 noli
1785 3790 1894 3853 audire
1914 3788 1960 3849 lin·
1988 3801 2031 3845 aaa

429 3885 575 3946 divinum
605 3884 730 3946 omittat
757 3883 919 3948 Ollicium.
950 3884 1017 3947 lmo
1045 3902 1175 3947 somnus
1229 3908 1324 3971 gnam
1344 3906 1503 3970 nequam;
1523 3895 1555 3950 et
1575 3887 1622 3950 ori
1642 3897 1697 3952 tuo
1716 3887 1814 3952 lacito
1831 3889 1916 3960 ostia,
1935 3879 2010 3948 et¹¹l³
2025 3866 2059 3936 ²,

430 3983 485 4044 ille
509 3981 693 4064 superfluus
715 3989 747 4045 et
766 3983 974 4045 immoderata
998 3983 1177 4065 repausatio
1228 4005 1314 4050 seras
1333 3986 1464 4048 auribus
1484 3987 1558 4048 tuis.
1576 3986 1607 4050 Si
1631 3995 1738 4050 autem
1754 3988 1828 4069 quis
1843 4007 1875 4050 se
1889 4005 1961 4048 arer-

430 4080 709 4162 carnis‚oorporali
724 4081 797 4144 vitra
812 4087 843 4142 et
858 4080 983 4143 sanitati
1001 4081 1176 4162 plurimum
1231 4092 1297 4148 tere
1319 4091 1456 4166 nequeat
1477 4103 1517 4146 ne
1537 4083 1644 4146 audiat
1662 4084 1849 4165 hujusmodi
1868 4083 1961 4154 verba,

429 4178 531 4253 obest,
555 4187 586 4242 et
609 4177 756 4241 obtusam
781 4178 884 4241 allicit
909 4186 1060 4252 mentem,
1082 4187 1178 4260 atque
1192 4185 1217 4246 l)
1232 4203 1287 4246 cor
1311 4203 1404 4246 suum
1426 4183 1583 4245 custodiat
1606 4190 1638 4245 et
1659 4191 1790 4258 avertat,
1808 4203 1848 4246 ne
1871 4183 1963 4245 audiat

430 4276 604 4340 multorum
631 4277 829 4339 incentivum
854 4285 902 4339 est
924 4277 1084 4339 vitiorum.
1106 4277 1178 4340 Pro·
1232 4301 1270 4347 ea
1284 4281 1422 4344 libenter
1439 4288 1495 4344 aut
1513 4281 1750 4363 complacentar
1766 4299 1774 4344 :
1791 4281 1868 4345 alias
1883 4279 1963 4364 parti·
2058 4277 2059 4282 ’

429 4383 501 4459 pter
522 4375 607 4458 quod
632 4375 677 4438 ait
698 4375 774 4439 Cato
796 4394 802 4438 :
1233 4399 1308 4462 ceps
1330 4380 1423 4442 lieret
1442 4379 1624 4442 vitiositatis
1643 4380 1816 4443 verborum
1839 4381 1961 4444 illomm.

1232 4479 1300 4540 lmo
1315 4485 1347 4540 et
1361 4477 1485 4540 tristem
1500 4479 1645 4540 ostendat
1659 4477 1798 4553 vultum,
1815 4497 1879 4561 quo
1893 4479 1965 4540 inno

1231 4583 1331 4638 tesoat
1346 4594 1442 4657 prave
1458 4576 1599 4658 loquenti
1615 4595 1711 4659 quam
1729 4577 1808 4640 male
1824 4577 1962 4660 loquatur.

1232 4683 1263 4738 et
1287 4693 1383 4758 qnam
1413 4675 1512 4737 invite
1539 4675 1710 4738 audiantur
1738 4676 1836 4739 verba
1865 4676 1962 4759 ipsius.

283 4794 417 4844 emtas.
431 4769 580 4833 Salomon
595 4787 721 4852 quoque
736 4769 854 4832 ellatur
866 4789 872 4834 :
886 4771 1066 4852 Usquequo,
1076 4771 1175 4853 piger,
1231 4775 1361 4857 Propter
1376 4774 1460 4855 quod
1478 4773 1509 4836 in
1525 4773 1703 4838 Proverbiis
1717 4777 1888 4840 asseritur:
1899 4775 1964 4836 l'en
1980 4795 2045 4837 avar

430 4867 588 4931 dormiesl
599 4867 727 4940 Quando
739 4886 909 4950 consurges
925 4887 964 4930 ex
980 4887 1092 4930 somno
1105 4873 1177 4932 tuot
1231 4880 1282 4934 tus
1298 4871 1412 4953 Aquilo
1426 4871 1560 4954 dissipat
1575 4872 1749 4954 pluvias,et
1763 4873 1863 4938 iacies
1879 4872 1963 4936 tristis
1974 4860 1997 4902 ἢ

284 4991 415 5043 reuma.
431 4965 509 5027 llinc
536 4965 651 5028 iterum
674 4966 829 5047 scriptum
855 4975 930 5028 est:
952 4966 1021 5030 Noli
1044 4966 1176 5049 diligere
1231 4969 1373 5049 linguam
1402 4968 1630 5032 detrahentem.
1662 4970 1869 5035 Ecclesiastes
1898 4987 1963 5052 quo

430 5081 591 5137 somnum,
608 5082 649 5125 ne
670 5072 700 5126 te
722 5071 844 5145 egestas
866 5065 1034 5146 opprimat.
1056 5065 1176 5148 Nempe
1231 5085 1293 5151 que
1309 5067 1387 5129 dicit
1404 5084 1411 5129 :
1427 5067 1485 5130 Per
1499 5067 1662 5131 tristitiam
1678 5068 1788 5132 vultus
1807 5069 2053 5151 corrigitursaral

430 5163 486 5246 qui
501 5162 606 5243 diligit
621 5180 781 5236 somnum,
798 5163 857 5224 etsi
874 5163 1022 5227 exteriori
1038 5173 1176 5244 egestate
1230 5168 1357 5228 animus
1378 5166 1600 5248 delinquentis.

429 5281 492 5326 non
508 5261 718 5343 opprimatur,
728 5262 922 5344 opprimitur
936 5270 1042 5324 tamen
1058 5270 1177 5344 egesta·
1270 5263 1486 5326 Parilormiter
1508 5266 1731 5348 reprimendus
1749 5267 1840 5331 valde
1862 5275 1907 5330 est
1928 5273 1963 5327 ta·

447 4536 515 4586 Plus
530 4535 616 4599 vigila
631 4549 750 4600 semper,
767 4549 915 4587 somnone
932 4535 1043 4587 deditus
1059 4541 1120 4588 esto
1137 4551 1142 4588 :

446 4617 518 4668 Nam
534 4616 667 4666 diuturna
681 4617 761 4682 quiea
776 4617 851 4668 vitiis
866 4617 1000 4668 alimenta
1014 4617 1162 4669 ministrat.
