4192 6258
325 489 473 539 ooumrcs
494 489 547 537 xrs
568 489 642 536 ross
662 488 855 537 rammam.
877 505 917 518 -
937 487 980 534 an
999 487 1195 552 nusromscs3
1218 488 1317 536 smc
1336 488 1464 547 ormrus
1608 469 1670 534 tut

117 663 173 738 cit,
196 671 233 725 ut
258 681 321 728 non
345 664 506 747 possimus
530 661 591 726 sub
617 678 656 726 eo
681 659 866 744 conspicere
880 659 907 723 A
921 661 1023 724 denuo
1045 660 1165 724 iterare.
1180 660 1282 735 Quum
1305 677 1378 742 ergo
1397 658 1561 742 religiosos
1581 675 1671 742 opor

112 761 295 826 veritatem.
920 765 985 822 teat
999 758 1138 822 venialia
1152 758 1244 842 quasi
1259 758 1406 822 mortalia
1419 757 1602 832 abhorrere,
1617 757 1670 820 de

155 859 263 935 Sexto,
278 859 432 943 quoniam
453 859 538 922 sicut
556 857 649 922 navis
670 857 786 941 purtim
806 856 866 920 irn-
920 857 1001 920 llere
1033 877 1071 920 ac
1105 857 1228 940 ingere,
1263 877 1364 940 quum
1398 858 1437 921 ad
1469 856 1670 940 spiritualem

115 957 273 1038 mergitur
303 959 406 1040 aquis,
437 965 469 1021 et
497 957 614 1039 partim
648 955 867 1039 supereminet
921 963 1090 1020 tencantur
1120 955 1300 1040 proiectum
1332 955 1536 1038 caritatisque
1565 956 1669 1018 incre-

114 1057 162 1119 eis
189 1077 196 1120 :
222 1056 269 1120 sic
293 1056 467 1120 christiana
496 1055 608 1138 religio
638 1055 754 1138 partim
782 1055 867 1118 circa
922 1064 1078 1132 mentum,
1106 1076 1123 1120 a
1153 1056 1271 1139 quibus
1302 1064 1425 1120 certum
1455 1062 1503 1119 est
1532 1054 1670 1118 venialia

114 1155 293 1236 corporalia
312 1155 457 1238 quaedam
473 1160 629 1228 versatur,
646 1161 677 1217 et
694 1153 786 1235 quasi
805 1160 865 1216 ter·
922 1155 1088 1219 hominem
1113 1155 1270 1238 impedire
1291 1176 1297 1219 :
1320 1155 1424 1237 qualis
1446 1162 1494 1218 est
1515 1153 1669 1236 poeniten·

114 1254 226 1315 restris
246 1261 312 1332 est3
334 1253 451 1336 partim
466 1271 553 1328 vero,
571 1254 636 1317 imo
655 1260 688 1315 et
707 1252 866 1334 principa·
921 1254 965 1316 tia
989 1261 1106 1328 nostra,
1131 1253 1258 1337 quando
1282 1260 1353 1336 post
1377 1252 1611 1316 contessionem
1635 1259 1667 1314 et

113 1352 188 1415 liter
208 1352 326 1416 divinis
350 1351 637 1435 spiritualibusque
659 1351 806 1426 intendit,
823 1359 867 1413 at·
921 1351 1181 1428 celebrationem,
1199 1369 1272 1416 mox
1295 1352 1335 1415 ad
1359 1357 1527 1414 consuetas
1548 1369 1585 1414 ac
1607 1351 1669 1433 pri-

114 1470 178 1534 quc
204 1451 343 1515 coelestis
368 1459 425 1514 est.
450 1451 604 1533 Septimo,
625 1450 701 1532 quia
725 1449 809 1512 sicut
833 1450 865 1512 in
921 1451 1021 1514 stinas
1045 1451 1282 1526 dissolutiones,
1305 1450 1537 1523 distractiones,
1560 1449 1668 1532 loqua-

113 1549 190 1612 navi
216 1568 299 1612 unus
323 1548 516 1630 gubernator
540 1556 598 1622 est,
624 1548 669 1612 sic
695 1547 867 1612 christiana
921 1549 1043 1622 chates,
1061 1547 1281 1622 verbositates,
1302 1547 1475 1610 cachinnos
1499 1547 1668 1612 redimusl

113 1647 229 1728 religio
253 1648 345 1711 docet
369 1665 470 1709 unum
494 1665 658 1709 summum
681 1646 797 1710 Christi
822 1645 867 1708 vi·
920 1646 969 1709 Ab
988 1647 1075 1710 omni
1097 1646 1215 1709 etenim
1236 1665 1317 1709 vanc
1336 1646 1552 1709 consolatione
1574 1654 1668 1727 atque

113 1744 239 1808 carium
261 1745 419 1807 universis
440 1764 577 1826 praeesse
596 1743 758 1821 fidelibus.
777 1744 866 1807 Octa-
921 1745 1034 1808 illicita
1050 1743 1259 1808 delectatione
1280 1745 1488 1827 poenitentem
1508 1743 1668 1806 abstinere

112 1860 165 1916 ro,
187 1843 341 1925 quoniam
361 1843 446 1906 sicut
469 1843 560 1906 navis
581 1843 759 1905 transvehit
780 1842 866 1905 navi·
882 1841 906 1904 li
921 1863 1051 1907 necesse
1073 1851 1129 1906 est.
1151 1845 1224 1906 Ideo
1245 1843 1289 1905 ait
1313 1843 1491 1906 Bernardus
1512 1859 1519 1904 :
1542 1841 1666 1924 Equum

112 1949 225 2023 gantos
249 1942 289 2004 ad
314 1941 419 2004 locum
445 1941 602 2022 cupitum,
623 1941 669 2003 sic
694 1941 866 2003 christiana
922 1942 1112 2005 indomitum
1139 1943 1269 2005 domant
1292 1940 1429 2022 ilagella,
1456 1948 1488 2003 et
1511 1940 1667 2023 poeniten-

114 2041 229 2122 religio
244 2058 316 2105 suos
332 2040 528 2122 professores
543 2059 580 2102 ac
595 2039 728 2103 viatores
742 2041 781 2102 ad
796 2058 866 2123 por·
921 2048 986 2104 tem
1008 2041 1157 2102 contritio
1176 2039 1309 2122 spiritus
1329 2057 1366 2100 ac
1387 2038 1557 2102 assiduitas
1579 2038 1669 2102 lacri-

113 2145 184 2200 tum
209 2138 339 2202 deducit
364 2139 476 2200 salutis
504 2145 638 2202 aeternae.
665 2138 765 2212 Nouo,
790 2156 867 2220 quo
922 2158 1056 2202 marum.
1070 2139 1229 2203 Climacus
1244 2155 1373 2220 quoque
1390 2157 1397 2202 :
1414 2138 1612 2211 Paenitentia,
1625 2139 1669 2200 in·

112 2236 202 2299 niam
218 2238 303 2300 sicut
317 2237 408 2300 navis
424 2244 535 2299 contra
551 2255 705 2318 aquarum
722 2237 866 2318 pericula
920 2238 1001 2320 quit,
1018 2245 1067 2300 est
1087 2235 1272 2299 indesinens
1295 2235 1475 2318 desperatio
1495 2236 1668 2319 corporalis

113 2335 368 2420 compaginatur,
380 2335 479 2399 clavis
496 2335 711 2414 connectitur3
722 2336 769 2398 sic
783 2335 865 2399 chri·
921 2334 1155 2408 consolationis,
1162 2341 1257 2416 atque
1272 2333 1408 2396 aiilictio
1423 2333 1538 2398 animae
1553 2333 1586 2396 in
1602 2352 1669 2396 sen·

111 2436 216 2496 stione
235 2433 347 2516 religio
363 2439 474 2496 contra
493 2453 558 2497 suae
572 2433 649 2497 iidci
669 2434 865 2498 adversarios
921 2454 958 2497 su
983 2432 1176 2498 vehementi.
1200 2431 1265 2495 lloc
1290 2440 1338 2496 est
1363 2432 1448 2514 quod
1471 2432 1516 2495 ait
1539 2432 1669 2495 Bernar-

111 2533 232 2596 vcteris
261 2550 298 2594 ac
327 2531 402 2595 novi
427 2532 622 2596 Testamenti
651 2531 866 2595 consolidatur
921 2534 980 2595 dus
993 2551 1000 2596 :
1012 2533 1112 2595 Verus
1128 2531 1287 2614 poeuitens
1307 2549 1435 2613 semper
1450 2531 1482 2593 in
1499 2531 1607 2594 dolore
1621 2539 1669 2594 est

111 2630 295 2712 scripturis,
311 2637 407 2712 atque
428 2629 718 2693 innumerabilibus
739 2629 865 2694 robora·
921 2639 953 2694 et
973 2629 1080 2693 labore
1098 2647 1104 2691 :
1123 2648 1197 2692 nam
1217 2629 1300 2692 sicut
1319 2629 1359 2692 de
1381 2629 1550 2712 praeteritis
1570 2628 1666 2703 dolet,

112 2735 165 2790 tur
180 2727 300 2791 divinis
316 2727 479 2790 miraculis
496 2727 555 2790 soli
575 2727 785 2810 omnipotenti
802 2727 867 2790 Dec
922 2730 964 2792 ita
985 2747 1042 2811 pro
1059 2728 1177 2790 tuturis
1195 2728 1344 2790 cavendis
1366 2727 1503 2806 laborat;
1519 2727 1565 2789 sic
1581 2727 1669 2809 plau·

111 2825 335 2909 possibilibus,
347 2845 383 2888 ac
398 2827 496 2889 variis
511 2827 719 2908 argumentis,
731 2827 865 2889 diversis
920 2827 965 2909 git
995 2827 1176 2900 commissa,
1202 2845 1242 2888 ne
1271 2826 1450 2888 committat
1478 2825 1664 2907 plangenda.

112 2943 244 3007 quoque
272 2925 444 3005 gratiarum
474 2924 731 2998 charismatibus,
761 2924 863 2998 donis,
920 2926 1032 2988 lrrisor
1052 2943 1191 3008 namque
1212 2932 1244 2988 et
1267 2941 1333 2986 non
1353 2923 1514 3007 poenitens
1532 2930 1591 2998 est,
1611 2924 1666 3006 qui

112 3021 301 3097 virtutibus,
319 3021 476 3084 iructibus
494 3022 632 3105 Spiritus
653 3022 759 3086 Sancti
778 3042 866 3087 orna·
881 3025 903 3090 d
921 3024 1025 3086 adbuc
1044 3023 1110 3105 agit
1128 3024 1213 3106 quod
1233 3022 1396 3106 poeniteat.

114 3129 178 3196 tur,
193 3140 232 3184 ac
251 3139 325 3184 suos
345 3120 501 3184 confortat
521 3121 668 3184 cultores.
962 3123 1125 3197 Praeterea,
1142 3123 1217 3204 quia
1238 3121 1277 3184 ad
1300 3121 1508 3204 poenitentem
1530 3120 1669 3204 pertinet

154 3221 290 3302 lnsuper
305 3238 361 3302 per
380 3219 559 3283 naviculam
581 3221 769 3302 poenitentia
784 3221 866 3284 desi·
922 3228 1052 3304 peccata
1067 3220 1184 3302 quibus
1200 3220 1297 3282 lleum
1312 3218 1449 3282 offendit
1463 3220 1668 3282 vehementer

112 3327 242 3402 gnatur,
259 3337 329 3400 quae
344 3336 418 3380 vere
438 3337 495 3400 per
513 3319 573 3381 boo
594 3337 680 3382 mare
701 3337 863 3402 magnum,
920 3319 1081 3394 detestari,
1111 3327 1144 3382 et
1171 3319 1210 3381 ad
1241 3318 1568 3399 recompensationem
1598 3337 1667 3381 csse

113 3436 173 3501 per
197 3417 351 3480 saeculum
374 3435 523 3498 nequam,
545 3418 585 3479 de
610 3417 864 3500 peregrinatione
921 3427 1078 3502 paratum,
1102 3426 1137 3480 ut
1160 3436 1218 3500 pro
1242 3418 1380 3500 peccatis
1403 3417 1522 3499 quibus
1546 3418 1668 3482 Cranto

113 3515 265 3598 praesenti
290 3516 329 3577 ad
354 3515 489 3597 patriam
517 3516 605 3596 regui
631 3516 768 3578 coelestis
794 3536 864 3599 per·
920 3536 988 3580 rem
1014 3535 1106 3579 suum
1133 3516 1344 3590 inhonoravit,
1370 3515 1506 3578 libenter
1529 3516 1668 3598 patiatur

113 3615 213 3677 ducit.
231 3614 266 3676 ln
286 3633 349 3695 qua
370 3614 480 3696 utique
501 3613 687 3695 poenitentia
707 3622 864 3696 praetactae
919 3635 1032 3698 aspera
1047 3623 1078 3678 et
1093 3616 1224 3678 adversa
1239 3615 1278 3677 ad
1299 3615 1400 3697 ipsius
1419 3615 1584 3690 bonorem,
1602 3615 1666 3677 imo

113 3712 325 3795 proprietates
341 3712 558 3776 inveniuntur.
581 3712 686 3776 Primo
701 3712 861 3790 videlicet,
920 3712 959 3775 ab
982 3713 1069 3775 omni
1093 3720 1237 3775 creatura
1258 3713 1379 3795 despici
1402 3719 1433 3775 et
1457 3712 1559 3794 afiligi
1582 3713 1665 3775 arbi-

111 3811 255 3874 tenuitas
277 3811 391 3873 victus.
412 3811 542 3893 Propter
561 3812 646 3893 quod
670 3811 782 3874 asserit
804 3812 864 3877 (lli-
919 3819 1021 3874 tratur
1040 3829 1074 3874 se
1094 3811 1245 3892 dignum3
1262 3811 1381 3876 idcirco
1399 3813 1439 3874 ad
1457 3812 1665 3894 poenitcutem

113 3927 226 3972 macus
253 3909 475 3972 :Paenitentia
503 3915 550 3971 est
578 3908 670 3972 fortis
699 3909 863 3974 tribulatio
919 3911 1058 3992 pertinet
1082 3909 1227 3991 injurias,
1243 3909 1461 3986 adversitates,
1478 3911 1664 3986 derisiones,

112 4007 258 4086 ventris;
283 4007 359 4088 quia
381 4006 420 4069 ad
445 4026 515 4069 eam
541 4007 679 4089 pertinet
703 4009 799 4072 etiam
824 4010 863 4072 dc
919 4009 1157 4091 persecutiones
1176 4010 1398 4091 aequanimiter
1416 4011 1585 4083 sustinere,
1601 4010 1666 4072 imo

111 4105 305 4168 necessariis
319 4106 445 4187 corpori
461 4105 648 4169 subtrahere
662 4107 784 4190 aliquid
799 4126 863 4190 poe-
919 4126 993 4169 cum
1008 4108 1124 4188 gaudio
1138 4127 1191 4170 eas
1206 4109 1368 4190 amplecti,
1386 4126 1444 4172 nec
1464 4126 1523 4191 pro
1537 4109 1666 4191 expiau-

111 4203 241 4278 nitenti,
259 4210 293 4264 ut
314 4202 373 4265 liat
395 4204 650 4286 recompensatio
672 4222 728 4287 pro
754 4223 863 4287 pecca·
879 4207 903 4270 D
919 4206 967 4268 dis
989 4206 1075 4268 vitiis
1090 4207 1156 4269 suis
1177 4226 1230 4270 ees
1251 4215 1398 4289 reputare
1419 4207 1600 4288 condignas.
1618 4208 1665 4270 ld-

112 4308 201 4375 to‚ut
215 4299 328 4364 asserit
342 4301 487 4364 Thomas.
497 4302 693 4377 Secundo,in
711 4303 864 4384 poeniten·
919 4305 1005 4367 circo
1033 4305 1078 4367 ait
1106 4304 1292 4368 Ambrosius
1321 4323 1328 4367 :
1356 4307 1413 4379 Qui
1443 4306 1664 4387 poenitentiem

111 4400 157 4463 tia
173 4418 248 4462 vera
263 4407 311 4462 est
326 4400 498 4464 continuus
516 4401 620 4476 timor,
632 4421 672 4465 ne
689 4402 862 4465 recidivare
917 4404 992 4485 agit,
1010 4411 1138 4486 paratus
1154 4422 1223 4466 esse
1242 4403 1337 4465 debet
1355 4404 1393 4466 ad
1409 4404 1595 4467 sustinenda
1608 4423 1664 4488 op·

110 4498 287 4580 contingat,
311 4506 344 4560 et
365 4500 494 4580 grandis
521 4501 663 4564 custodia
688 4501 804 4576 cordis,
827 4509 862 4563 ut
918 4501 1057 4584 probria,
1074 4502 1114 4564 ad
1129 4501 1309 4564 subeundas
1325 4501 1471 4582 injurias,
1486 4520 1545 4565 nec
1561 4520 1665 4565 move-

108 4598 152 4660 de
174 4603 279 4660 cetero
298 4605 428 4680 peccata
447 4599 592 4662 contessa
607 4599 757 4662 vitentur.
774 4601 863 4664 Unde
919 4601 944 4663 ri
964 4601 991 4664 si
1014 4601 1086 4684 quis
1112 4600 1141 4663 ei
1167 4600 1288 4683 peccati
1309 4601 1358 4662 sui
1381 4601 1503 4664 crimen
1522 4601 1663 4683 objiciat.

108 4695 156 4758 ait
172 4695 362 4776 Gregorius:
380 4696 486 4758 lnauis
501 4704 549 4759 est
564 4697 751 4780 poenitentia
765 4717 861 4780 quam
918 4700 957 4761 llt
980 4699 1138 4763 Climaous
1163 4707 1358 4762 contestatur
1379 4717 1386 4762 :
1407 4700 1595 4764 Poenitentia
1618 4710 1666 4765 est

108 4813 252 4876 sequens
269 4793 454 4877 coinquinat
468 4795 571 4878 culpa.
590 4795 628 4858 Et
643 4796 758 4859 iterum
776 4816 783 4860 :
800 4798 863 4862 Poe·
917 4797 1096 4860 voluntaria
1117 4797 1262 4860 omnium
1286 4797 1509 4862 tribulantium
1534 4807 1566 4862 et
1583 4799 1667 4862 ailli-

107 4891 260 4967 niteutia,
277 4893 392 4975 inquit,
409 4901 457 4956 est
478 4895 637 4976 praeterita
658 4903 789 4977 peccata
809 4897 862 4960 de·
916 4897 1059 4978 gentium
1082 4896 1243 4978 patientia.
1262 4896 1322 4960 Sed
1339 4897 1414 4979 quia
1433 4915 1490 4960 nos
1510 4898 1618 4960 miseri
1634 4906 1666 4960 ct

106 4992 204 5066 flere,
221 4998 253 5054 et
267 4990 415 5055 dellenda
434 5011 498 5056 non
519 5012 629 5057 rursus
649 4995 858 5058 committere.
917 4993 1127 5068 obtenebrati,
1155 5011 1212 5056 nos
1242 4993 1439 5075 negligentes
1466 5003 1497 5057 et
1523 4995 1666 5078 quotidie

105 5095 187 5157 Ideo
217 5092 358 5174 loquitur
385 5091 580 5173 Augustinus
612 5110 618 5156 :
650 5091 700 5154 Nil
732 5094 861 5174 prodest
916 5092 1139 5167 recidivantes,
1157 5093 1277 5174 peccati
1293 5093 1480 5174 gravitatem
1496 5112 1558 5157 non
1575 5095 1666 5157 intel·

107 5190 310 5264 lamentatio,
336 5189 362 5252 si
388 5189 583 5272 replicantur
607 5197 754 5272 peecata3
780 5191 859 5253 nibil
916 5191 1046 5272 ligimus
1061 5210 1120 5253 nec
1141 5210 1324 5273 pensamus
1341 5211 1400 5254 nco
1420 5193 1520 5255 Deum
1540 5193 1663 5256 sincere

104 5290 198 5354 valet
222 5289 261 5353 de
286 5288 378 5352 malis
401 5287 528 5352 veniam
553 5306 696 5372 poscere,
722 5297 754 5352 et
778 5289 860 5352 mala
916 5290 1091 5371 diligimus,
1107 5309 1166 5352 nec
1186 5297 1377 5354 nocumenta
1398 5309 1469 5373 quae
1489 5311 1527 5354 ex
1547 5293 1663 5356 nostris
