4214 6254
500 523 647 572 noamtcn
668 525 690 572 u
711 524 785 572 rosr
804 522 998 570 rnrnrrnraa.
1019 541 1060 554 -
1080 524 1180 571 annno
1200 525 1310 574 rnraus
1624 502 1684 568 tot

135 713 220 768 nere,
236 694 291 758 sed
312 694 346 757 in
365 695 507 758 adversis
525 694 700 776 gloriemur
719 702 751 758 et
766 691 921 776 gratiasA
975 695 1122 778 Amplius
1141 714 1180 760 ex
1201 695 1349 778 prasenti
1370 695 1522 758 docemur
1536 691 1681 774 epistola,

54 823 99 852 an
135 793 198 856 Deo
221 811 353 874 agamus
378 813 387 858 :
412 795 487 876 quia
512 802 547 856 ut
570 795 615 857 ait
638 794 791 868 Salvator,
812 793 880 856 Nou
935 813 1032 876 quam
1052 813 1177 856 summa
1193 801 1225 857 et
1240 793 1474 876 perfectissima
1493 791 1555 854 luit
1569 789 1682 854 caritas

28 906 33 916 ·
134 899 181 954 est
195 911 307 956 servus
323 893 425 974 maior
439 891 569 956 domiuo
584 911 652 956 suo.
663 889 708 955 'Et
721 892 798 955 alibi
814 892 881 955 suis
935 892 1051 956 Christi
1071 893 1111 955 ad
1131 909 1199 966 nos,
1216 892 1368 974 quoniam
1388 911 1422 954 se
1440 891 1545 974 ipsum
1567 887 1684 952 obtulit

134 990 280 1074 predixit
301 990 470 1073 discipulis
491 1009 498 1054 :
521 991 617 1054 Eritis
638 991 712 1056 odio
730 990 881 1054 omnibus
935 1009 993 1073 pro
1007 999 1114 1054 nostra
1132 991 1245 1064 salute,
1261 990 1500 1053 acerbissimam
1521 987 1682 1050 sustinens

20 1099 32 1110 '¹
133 1089 320 1153 hominibus
342 1097 472 1172 propter
494 1107 609 1152 nomen
633 1109 751 1152 meum.
768 1089 881 1171 Grego
935 1097 1071 1152 mortem
1100 1097 1135 1151 ut
1162 1095 1313 1152 aeternam
1342 1087 1475 1170 gloriam
1505 1103 1680 1167 consequa·

133 1187 199 1250 rius
215 1206 343 1270 quoque
358 1187 475 1250 latetur
492 1205 499 1250 :
516 1187 577 1251 llos
592 1188 688 1269 elegit
702 1189 786 1250 Deus
800 1206 880 1270 quos
935 1207 1017 1262 mur,
1043 1188 1126 1250 sicut
1155 1207 1212 1270 per
1240 1188 1353 1250 isaiam
1383 1186 1501 1249 ellatur
1526 1203 1533 1247 :
1560 1184 1681 1266 Corpus
1718 1201 1746 1246 n.
1760 1216 1778 1252 ι.
1791 1205 1811 1244 a.

132 1285 270 1368 despicit
298 1287 447 1349 mundus.
474 1287 620 1350 Timeant
649 1287 756 1369 itaque
785 1286 879 1350 vehe·
934 1306 1042 1349 meum
1058 1286 1130 1349 dcdi
1151 1285 1417 1369 percutientibus,
1434 1292 1576 1365 etgenas
1595 1299 1681 1344 meas

132 1393 268 1459 menter,
290 1385 345 1467 qui
367 1385 443 1448 huic
465 1386 667 1468 complacent
688 1385 816 1447 mundo.
934 1385 1145 1464 vellentibus3
1166 1384 1282 1448 laciem
1307 1402 1410 1446 meam
1435 1401 1499 1446 non
1519 1381 1618 1445 averti
1640 1379 1681 1442 ab

170 1483 305 1565 insuper
327 1483 479 1546 docemur
503 1483 534 1547 in
560 1483 708 1565 praesenti
732 1482 877 1566 epistola,
933 1482 1173 1566 increpantibus
1189 1491 1219 1546 et
1234 1481 1483 1565 conspuentibus
1499 1481 1531 1542 in
1548 1498 1605 1542 me.
1615 1478 1682 1542 Pro

130 1581 268 1662 qualiter
291 1580 501 1664 probabiliter
522 1582 684 1644 valeamus
708 1598 878 1662 agnoscere
933 1590 1004 1664 pter
1019 1583 1104 1664 quod
1118 1582 1163 1644 ait
1178 1581 1347 1664 Apostolus
1365 1599 1371 1643 :
1389 1581 1422 1642 lu
1439 1579 1504 1642 lide
1520 1578 1594 1641 vivo
1609 1577 1679 1640 Filii
1715 1593 1792 1636 aaut.
1804 1607 1826 1644 tt,

129 1699 170 1740 an
186 1679 333 1742 vivamus
349 1697 456 1742 coram
476 1679 541 1742 lieo
556 1698 613 1762 per
631 1681 776 1760 gratiam,
793 1687 824 1741 et
838 1699 877 1741 an
933 1681 1000 1754 liei,
1012 1680 1068 1763 qui
1083 1680 1194 1743 dilexit
1212 1699 1262 1742 me
1278 1687 1309 1742 et
1325 1679 1454 1741 tradidit
1470 1677 1680 1760 semetipsum
1696 1659 1730 1700 ²⁰·

131 1777 306 1840 habeamus
328 1778 463 1840 virtutes
486 1777 617 1841 inlusas.
638 1777 738 1858 liujus
760 1779 877 1841 etenim
934 1796 992 1862 pro
1012 1797 1072 1841 me.
1091 1779 1197 1841 Simus
1218 1778 1315 1860 igitur
1330 1777 1454 1840 Christo
1473 1776 1553 1858 grati
1574 1775 1679 1848 corde,

130 1875 259 1957 signum
284 1884 343 1950 est,
369 1876 396 1938 si
421 1875 583 1958 proximos
613 1876 779 1938 universos
803 1894 878 1938 vere
896 1877 920 1939 B
935 1877 1033 1941 verbo
1051 1885 1083 1940 et
1101 1895 1209 1959 opere,
1226 1877 1372 1949 amando,
1391 1875 1546 1937 laudando
1567 1892 1604 1936 ac
1627 1873 1680 1935 bo-

130 1973 599 2056 spiritualiterquediligimus
621 1973 681 2036 Sed
703 1974 801 2056 quaeri
825 1990 877 2056 po·
934 1976 1075 2038 uorando
1099 1993 1173 2036 eum
1203 1975 1235 2036 in
1261 1973 1422 2046 omnibus,
1449 1979 1480 2034 et
1504 1971 1683 2034 obediendo

130 2079 204 2144 test,
225 2071 304 2153 quid
326 2072 368 2134 sit
382 2071 599 2154 'spiritualiter
622 2071 755 2152 diligere
777 2071 880 2153 proxi·
934 2071 1005 2151 ejus
1029 2071 1206 2152 praeceptis.
1229 2070 1289 2132 Sed
1311 2077 1344 2132 et
1365 2069 1480 2132 Christi
1507 2068 1623 2130 intuitu
1645 2087 1682 2129 ac

131 2187 211 2232 mos.
226 2169 263 2232 Et
278 2169 641 2252 respondendum,quod
657 2168 716 2232 boc
732 2169 777 2232 nil
792 2169 879 2233 aliud
934 2189 1042 2232 amore
1059 2170 1157 2252 parati
1174 2169 1276 2231 simus
1293 2168 1372 2232 mori
1389 2186 1446 2250 pro
1462 2166 1680 2250 proximorum

131 2275 180 2330 est
195 2267 259 2330 nisi
274 2286 383 2330 eorum
401 2267 536 2331 salutem
552 2274 673 2350 optare,
685 2267 796 2350 eisquc
811 2268 882 2330 cha·
936 2267 1048 2341 salute,
1075 2267 1151 2329 dum
1176 2267 1300 2329 scilicet
1324 2284 1416 2328 casus
1440 2283 1474 2327 se
1498 2264 1594 2328 oilert
1616 2280 1623 2325 :
1649 2271 1682 2325 ut

131 2366 264 2428 rismata
276 2366 385 2447 gratias
400 2365 433 2428 in
448 2365 507 2428 bac
522 2364 587 2428 vita
601 2373 762 2448 appetere,
770 2375 801 2428 et
816 2385 883 2428 ver-
936 2367 1012 2428 dum
1034 2365 1081 2428 illi
1102 2364 1357 2447 periclitarentur
1373 2364 1405 2426 in
1425 2362 1543 2437 anima,
1560 2362 1621 2424 nisi
1637 2363 1684 2424 eis

132 2464 174 2527 bo
197 2482 236 2526 ac
261 2481 356 2546 opere
380 2463 427 2526 eis
452 2463 616 2545 cooperari
640 2463 679 2526 ad
704 2463 786 2528 bona
816 2464 882 2527 baec
937 2481 1108 2547 proposse
1133 2463 1389 2536 subveniremus,
1406 2461 1571 2534 hortando,
1589 2461 1684 2524 inior·
1722 2473 1724 2478 '

133 2562 204 2643 ipsa
219 2561 424 2644 acquirenda,
440 2581 495 2624 seu
516 2563 733 2624 conservanda
754 2581 791 2624 ac
812 2581 882 2645 per·
938 2563 1065 2637 mando,
1081 2569 1136 2624 aut
1150 2561 1214 2624 alio
1229 2562 1332 2623 modo.
1349 2560 1387 2622 Et
1401 2560 1533 2624 omnino
1548 2558 1684 2641 quilibet

133 2659 285 2722 licienda.
307 2661 371 2724 lloc
393 2667 452 2734 est,
471 2659 563 2740 juxta
584 2659 760 2722 doctrinam
785 2660 883 2741 bujus
937 2660 1135 2724 Christianus
1159 2659 1254 2722 debet
1278 2659 1325 2720 sic
1349 2666 1442 2731 stare,
1468 2659 1553 2740 quod
1578 2657 1684 2740 potius

79 2808 83 2818 .
133 2757 289 2842 epistolae,
312 2775 374 2820 nou
397 2757 495 2820 verbo
515 2765 546 2820 et
569 2757 687 2839 lingua,
708 2759 763 2821 sed
787 2776 882 2841 opere
937 2759 1018 2823 mori
1034 2757 1279 2839 eligeret,quam
1297 2757 1531 2838 cujuscumque
1547 2755 1683 2837 proximi

18 2859 27 2878 ¹·
133 2875 169 2920 ac
193 2855 329 2919 veritate
350 2855 493 2936 diligere.
516 2855 547 2919 Si
568 2856 675 2939 itaque
697 2856 754 2920 bos
775 2857 885 2920 carita·
936 2856 1077 2920 animam
1099 2856 1314 2920 condemnari.

133 2955 174 3018 tis
194 2961 284 3017 actus
299 2953 484 3035 experimur
504 2953 536 3016 in
554 2953 658 3028 nobis,
674 2963 706 3016 et
721 2955 882 3018 neminem
977 2957 1138 3019 Postremo
1152 2955 1244 3018 docet
1259 2970 1316 3016 uos
1332 2971 1471 3036 praesens
1487 2951 1631 3035 epistola,
1650 2959 1684 3014 ut

95 3069 101 3140 j
133 3051 348 3116 scandalizare
363 3071 399 3114 ac
416 3052 604 3134 perturbare
619 3053 795 3126 studemus,
813 3071 883 3135 pro·
898 3057 920 3120 C
939 3053 1156 3135 indigentibus
1176 3070 1412 3126 succurramus,
1429 3058 1461 3113 et
1479 3051 1602 3114 viscera
1621 3050 1684 3134 pie·

133 3151 287 3215 habiliter
302 3151 384 3214 scire
400 3151 544 3214 valemus
559 3152 644 3233 quod
659 3153 760 3214 simus
775 3151 807 3215 in
822 3161 882 3214 sta·
938 3151 1011 3214 tatis
1026 3169 1124 3233 super
1137 3169 1191 3214 eos
1209 3149 1401 3233 aperiamus,
1419 3148 1684 3212 communicando

133 3258 167 3312 tu
189 3251 301 3332 gratia
320 3267 357 3312 ac
379 3247 500 3312 salutis.
938 3251 985 3313 eis
1004 3249 1043 3312 de
1061 3248 1154 3312 bonis
1175 3247 1267 3312 nobis
1281 3266 1300 3309 a
1314 3248 1379 3310 Deo
1394 3246 1528 3321 collatis,
1544 3245 1627 3308 sicut
1641 3246 1685 3309 ait

174 3350 339 3422 Praeterea,
355 3366 451 3430 quarn
471 3365 566 3430 grave
587 3349 691 3410 scelus
713 3348 754 3412 sit
772 3349 882 3411 odium
938 3349 1080 3412 Salvator
1103 3365 1110 3410 :
1136 3347 1223 3420 Quod
1249 3354 1395 3428 superest
1417 3346 1489 3408 date
1512 3345 1684 3428 eleemosy·
1698 3366 1831 3417 amnti.

133 3446 286 3530 proximi,
302 3453 425 3508 constat
444 3465 482 3508 ex
501 3447 562 3510 boc
582 3446 666 3528 quod
685 3445 731 3508 ait
748 3446 883 3509 loannes
938 3466 1025 3520 nam,
1046 3446 1078 3508 id
1102 3453 1161 3519 est,
1183 3445 1267 3527 quod
1291 3443 1383 3509 vobis
1407 3443 1589 3526 superfluit,
1611 3462 1684 3525 pau-

131 3542 463 3629 apostoluschmnis
477 3544 532 3626 qui
548 3545 615 3608 odit
629 3544 760 3608 tratrem
776 3564 881 3620 suum,
938 3545 1070 3628 peribus
1099 3551 1234 3625 erogate.
1262 3544 1297 3605 ln
1326 3550 1467 3606 extrema
1497 3543 1684 3606 necessitate

131 3643 296 3708 homicida
307 3643 546 3717 estnouocirca
558 3644 881 3716 commemorandum,
938 3643 1078 3706 dandum
1106 3650 1155 3704 est
1179 3641 1326 3724 proximo
1348 3641 1432 3722 quod
1462 3648 1607 3722 superest
1632 3659 1685 3702 ne-

130 3744 211 3826 quia
234 3749 270 3804 ut
294 3749 423 3804 sanctus
453 3749 582 3824 martyr,
609 3741 691 3824 Papa
713 3761 750 3804 ac
774 3741 884 3804 doctor
938 3741 1077 3805 cessitati
1101 3740 1235 3822 propriae
1255 3741 1344 3819 vitae;
1366 3741 1398 3802 in
1417 3738 1488 3801 aliis
1508 3757 1583 3802 vero
1605 3739 1685 3802 indi·

131 3842 164 3904 Β.
182 3840 332 3905 Clemens
348 3846 491 3912 testatur,
508 3838 712 3902 beatissimus
734 3840 883 3922 princeps
937 3840 1053 3922 gentiis
1083 3838 1261 3902 minoribus
1290 3838 1430 3902 dandum
1459 3845 1508 3899 est
1531 3837 1685 3919 proximis

128 3939 358 4023 Apostolorum
375 3939 484 4001 Petrus
504 3937 585 4000 dixit
603 3957 674 4002 esse
693 3939 810 4020 triplex
831 3939 883 4002 bo
937 3938 1023 4020 quod
1044 3945 1190 4019 superest
1211 3935 1391 4000 necessario
1413 3934 1524 4009 victui,
1542 3935 1684 4000 conside·

131 4037 257 4101 micidii
277 4055 377 4121 genus
395 4055 402 4100 :
420 4054 520 4098 unum
544 4036 628 4099 reale
652 4043 684 4100 et
703 4036 882 4119 corporale3
938 4036 1014 4098 ratis
1029 4035 1279 4098 circumstantiis
1294 4033 1414 4116 proprii
1431 4041 1543 4106 status,
1559 4051 1622 4096 uon
1638 4051 1685 4096 so·

129 4136 311 4200 secundum
336 4134 417 4197 dixit
441 4153 510 4196 esse
535 4133 666 4212 odium3
686 4142 717 4198 et
739 4133 881 4206 tertium,
939 4135 1005 4196 lum
1035 4133 1139 4216 quoad
1170 4141 1297 4214 tempus
1326 4151 1476 4214 praesens,
1503 4132 1557 4194 sed
1587 4131 1682 4194 ctiam

128 4231 371 4297 detractionem.
379 4231 437 4294 Per
451 4231 591 4313 primum
607 4231 817 4294 homicidium
832 4250 884 4293 au·
898 4235 923 4298 D
937 4241 1092 4315 quantum
1114 4233 1154 4294 ad
1174 4249 1212 4294 ea
1230 4251 1301 4313 quae
1323 4230 1531 4312 probabiliter
1553 4239 1685 4312 possunt

129 4331 236 4394 lertur
264 4329 330 4392 vita
357 4337 493 4408 naturae;
518 4347 576 4412 per
605 4329 793 4402 secundum,
818 4330 883 4391 vita
936 4349 1104 4395 occurrere
1127 4337 1158 4392 ct
1180 4329 1365 4412 frequenter
1385 4337 1567 4391 occurrunt.

127 4428 259 4512 gratiae3
284 4445 342 4509 per
371 4427 513 4502 tertium,
539 4445 609 4489 esse
640 4425 797 4489 laudabile
826 4445 881 4488 seu
976 4433 1015 4493 At
1030 4448 1105 4492 vero
1121 4430 1149 4492 S.
1160 4431 1295 4492 loannes
1311 4429 1484 4512 apostolus,
1498 4437 1571 4490 ante
1588 4429 1683 4492 verba

128 4529 225 4592 bonae
248 4525 351 4600 lamas,
368 4525 452 4608 quod
473 4524 567 4588 babet
587 4525 660 4607 quis
680 4525 712 4587 in
732 4525 882 4588 cordibus
936 4529 1033 4610 hujus
1049 4527 1191 4610 epistolae
1205 4528 1399 4590 mentionem
1417 4526 1543 4590 lacitde
1559 4527 1637 4591 Abel
1652 4537 1683 4590 et
1698 4551 1830 4598 raanan.

126 4625 506 4708 aliorumPorroaliquis
521 4633 625 4708 potest
639 4643 708 4688 esse
721 4625 882 4689 homicida
936 4628 1024 4702 Cain,
1041 4635 1072 4690 et
1091 4626 1169 4688 dicit
1192 4625 1277 4707 quod
1300 4627 1370 4688 ideo
1390 4626 1467 4690 Cain
1486 4627 1604 4690 occidit
1623 4628 1682 4691 ira·
1699 4619 1730 4658 ¹²·

126 4735 268 4810 quatuor
288 4724 389 4789 modis
411 4741 418 4786 :
440 4725 555 4807 primo,
576 4723 716 4806 aliquem
743 4724 781 4786 ad
802 4725 880 4787 iram
935 4734 1016 4789 trem
1033 4745 1128 4788 suum
1143 4724 1233 4798 Abel,
1250 4725 1401 4806 quoniam
1421 4742 1518 4807 opera
1537 4745 1594 4790 sua
1614 4726 1681 4790 iue-

126 4835 158 4890 et
175 4824 422 4906 impatientiam,
439 4831 471 4886 et
490 4843 529 4886 ex
548 4823 755 4905 consequenti
771 4824 810 4885 ad
829 4824 882 4886 ho·
936 4833 1008 4887 runt
1020 4823 1246 4906 vitiosaopera
1261 4839 1336 4886 vero
1348 4822 1427 4886 Abel
1443 4822 1573 4888 luerunt
1585 4826 1678 4907 justa.

128 4926 300 4992 micidium
326 4923 549 5006 provocando;
572 4924 723 4996 secundo,
745 4931 880 4988 mortem
935 4925 1012 4988 Nam
1034 4923 1117 4986 sicut
1138 4922 1169 4986 in
1190 4923 1304 4986 Genesi
1323 4923 1449 5003 legitur,
1467 4925 1543 4988 Cain
1566 4926 1680 4990 obtulit
1710 4945 1831 4992 semna-

127 5024 328 5108 corporalem
357 5029 413 5084 aut
442 5021 641 5104 spiritualem
667 5021 804 5103 alicujus
828 5039 882 5105 op·
935 5025 999 5088 Deo
1019 5025 1059 5086 de
1077 5022 1224 5104 frugibus
1244 5031 1346 5097 terrae,
1364 5024 1423 5086 boc
1443 5032 1492 5087 est
1509 5025 1547 5087 de
1562 5026 1680 5089 viliori·
1696 5012 1745 5059 ⁵¹⁸·

127 5125 243 5201 tando;
256 5123 359 5196 tertio,
369 5129 504 5186 mortem
518 5120 649 5184 alterius
665 5121 880 5202 procurand03
935 5121 995 5186 bus
1011 5121 1107 5186 rebus
1123 5121 1189 5184 suis
1207 5140 1214 5184 ε
1232 5121 1348 5194 etheo,
1364 5121 1485 5203 absque
1500 5123 1678 5188 devotione.

129 5221 398 5305 quartoaliqncm
411 5219 615 5302 corporaliter
627 5218 808 5282 occidendo.
817 5219 882 5283 οη]-
934 5219 1013 5284 Abel
1029 5228 1136 5282 autem
1152 5217 1268 5282 obtulit
1285 5219 1347 5280 Deo
1363 5219 1560 5282 sacrificium
1576 5223 1614 5285 de
1629 5241 1682 5306 op-

130 5321 187 5384 uia
201 5319 309 5404 itaque
321 5319 388 5384 bec
400 5317 564 5382 homicidii
580 5334 696 5399 genera
710 5317 878 5381 evitemus.
935 5317 1022 5382 timis
1042 5317 1108 5381 suis
1128 5315 1322 5399 pecoribus:
1340 5323 1372 5378 et
1391 5316 1461 5392 hoc,
1478 5317 1684 5382 devotissima
