4140 6258
384 503 531 552 ΒΟΙΙΝΙΒΛ
552 504 607 554 vili
628 502 916 552 rostratarum.
936 520 977 532 ·-
997 503 1172 550 manante
1192 503 1224 550 ΙΝ
1244 503 1440 552 statuturo!
1624 485 1686 552 Μ

133 677 260 741 animas
278 677 427 742 iidelium
447 677 656 762 spiritualiter
675 677 882 760 strangulare,
897 675 924 740 Α
940 677 1060 740 minem
1080 677 1272 752 virtuosum,
1289 697 1345 741 seu
1365 677 1561 742 voluntatem
1579 677 1686 742 lauda-

135 777 320 841 inducendo
344 795 397 841 eas
421 778 460 840 ad
484 776 563 841 vitia
585 785 617 840 et
645 793 777 840 errores.
804 777 885 840 Sunt
938 775 1053 854 bilem3
1070 783 1102 838 et
1117 794 1174 859 per
1189 775 1335 839 arborem
1351 775 1684 850 malam,voluntatem

135 892 265 958 quoque
286 897 303 935 α
320 875 388 959 lupi
409 893 539 958 rapaces
554 897 583 949 a,
603 875 680 958 quia
699 874 884 958 frequenter
940 893 1134 956 perversam,
1146 893 1202 936 seu
1218 874 1381 939 bominem
1397 874 1559 939 vitiosum.
1576 875 1685 958 ltaque

135 974 288 1056 luporum
308 973 409 1036 instar
426 973 530 1056 gulosi
548 981 634 1048 sunt,
651 981 746 1055 atque
763 973 884 1037 idcirco
939 973 1163 1048 bonushomo,
1181 973 1212 1034 in
1232 981 1387 1055 quantum
1408 973 1605 1055 hujusmodi,
1622 973 1686 1036 iru-

134 1073 296 1135 virtuosos
310 1091 345 1136 se
360 1073 524 1147 simulant,
541 1080 576 1134 ut
595 1071 784 1156 temporalia
797 1089 883 1135 corn-
939 1079 1008 1134 ctus
1024 1089 1080 1134 seu
1095 1079 1185 1134 actus
1201 1071 1304 1135 elficit
1319 1071 1440 1151 bonos;
1456 1081 1488 1135 et
1508 1073 1611 1136 maius
1630 1073 1686 1136 bo-

136 1171 231 1234 moda
259 1177 508 1253 consequantur,
538 1170 658 1253 quibus
689 1170 884 1252 ingurgitent
939 1188 1003 1244 mo,
1024 1170 1200 1234 secundum
1223 1170 1308 1252 quod
1331 1169 1414 1245 talis,
1436 1170 1540 1233 elficit
1562 1169 1685 1233 lructus

135 1267 339 1351 semetipsos.
356 1269 400 1332 lle
415 1268 534 1332 talibus
552 1269 598 1332 ait
617 1269 648 1331 in
664 1268 796 1332 Actibus
811 1269 883 1332 bea-
940 1269 1049 1332 malos.
1071 1267 1151 1331 iiiuc
1173 1267 1322 1331 subditur
1344 1286 1351 1329 :
1372 1271 1448 1330 Non
1464 1278 1566 1346 potest
1588 1270 1686 1329 arbor

5 1385 121 1432 manaa
135 1376 188 1429 tus
209 1366 405 1450 Apostolus:
427 1367 500 1431 Scio
520 1368 604 1450 quod
627 1375 698 1451 post
718 1367 883 1432 discessio·
940 1369 1021 1428 bona
1034 1369 1168 1444 fructus
1184 1370 1285 1427 maios
1302 1369 1420 1443 [arere.
1444 1368 1490 1429 ita
1509 1384 1568 1430 nec
1590 1367 1686 1430 bomo

134 1483 212 1528 nem
230 1483 334 1528 meam
357 1464 522 1528 intrabunt
544 1465 576 1528 in
597 1483 653 1529 vos
673 1465 741 1548 lupi
758 1484 882 1548 mares,
939 1465 1111 1538 virtuosus,
1129 1464 1162 1528 iu
1180 1472 1335 1547 quantum
1356 1464 1440 1540 talis,
1458 1464 1563 1528 lacere
1582 1471 1687 1547 potest

135 1581 200 1627 non
223 1571 390 1646 parcentes
411 1563 508 1646 gregi.
938 1564 1062 1626 tructus
1079 1562 1188 1627 malos.
1206 1563 1430 1626 Potesttamen
1448 1563 1550 1626 maius
1565 1562 1639 1627 lieri
1654 1570 1686 1626 et

174 1665 203 1724 A
220 1663 388 1739 sravctibus
400 1662 449 1744 (id
467 1668 516 1725 est
535 1679 574 1725 ex
592 1661 759 1745 operibus)
771 1683 884 1724 eorum
939 1681 1083 1746 peccare,
1101 1661 1134 1724 in
1153 1668 1308 1744 quantum
1330 1661 1426 1724 habet
1446 1661 1583 1725 liberum
1601 1660 1685 1724 arbi-

133 1762 331 1838 copnoscetis
354 1780 417 1830 eos,
440 1759 551 1842 quales
581 1759 774 1824 intrinsecus
797 1768 881 1824 sunt.
939 1759 1037 1823 trium
1057 1759 1199 1822 nondum
1222 1759 1254 1821 in
1276 1759 1376 1841 gratia
1398 1759 1635 1834 confirmatum,
1654 1766 1686 1823 et

132 1857 282 1940 Operatio
297 1857 416 1921 etenim
432 1858 537 1939 arguit
551 1858 698 1931 formam,
714 1867 746 1921 et
760 1877 818 1941 per
832 1877 883 1921 ex·
901 1860 925 1924 Β
940 1858 1115 1943 prasertim
1142 1857 1174 1919 in
1196 1865 1351 1940 quantum
1375 1876 1413 1920 ex
1433 1857 1536 1921 nihilo
1554 1865 1611 1920 est.
1633 1858 1685 1921 Sic

132 1958 251 2020 teriora
276 1955 427 2020 interiora
449 1965 625 2020 noscuntur
648 1975 654 2018 :
682 1975 754 2019 nam
779 1957 883 2040 qualis
939 1958 1025 2022 eninr
1046 1963 1201 2038 quantum
1227 1956 1259 2019 in
1284 1975 1318 2020 se
1338 1963 1397 2031 est,
1417 1956 1521 2020 tendit
1538 1957 1577 2019 ad
1602 1956 1686 2020 deie-

132 2055 273 2136 quisque
293 2063 353 2128 est,
373 2053 449 2117 talia
467 2062 626 2137 operatur.
647 2055 711 2118 Nec
733 2055 788 2118 diu
810 2056 883 2138 quis
939 2063 1026 2118 ctum
1049 2061 1081 2116 et
1101 2054 1241 2135 cuipam,
1258 2053 1320 2116 nisi
1342 2072 1360 2115 a
1381 2054 1539 2137 superiori
1560 2071 1687 2118 conser-

133 2159 240 2235 potest
264 2151 348 2214 ierre
371 2170 539 2235 personam
562 2152 682 2226 iictam,
706 2153 882 2216 secundum
938 2161 1032 2216 vetur
1052 2159 1084 2214 et
1106 2151 1300 2234 perficiatur.
1319 2151 1398 2215 ilinc
1417 2152 1522 2215 omnis
1542 2158 1685 2214 creatura
1712 2171 1831 2223 nmini,

133 2251 302 2324 Senecam,
319 2251 373 2314 sed
391 2251 423 2312 in
439 2269 529 2314 suam
545 2251 608 2314 cito
624 2250 811 2314 relabuntur
830 2270 883 2314 na·
939 2251 1058 2316 dicitur
1076 2250 1208 2313 vanitati
1229 2249 1385 2332 subjecta,
1404 2250 1609 2332 intelligendo
1629 2269 1685 2333 per
1699 2236 1733 2277 ²⁰·

132 2357 252 2423 turam,
269 2348 388 2432 quibus
409 2367 473 2412 non
492 2348 603 2412 subest
617 2349 743 2414 veritas.
760 2349 884 2412 'i'uiiius
939 2349 1111 2413 vanitatem
1131 2348 1291 2412 deiectum
1314 2348 1381 2411 sive
1403 2347 1585 2410 distantiam
1600 2367 1619 2410 a
1633 2367 1685 2410 ve-

135 2465 265 2530 quoque
288 2464 296 2509 :
318 2447 434 2510 liucata
451 2447 586 2529 (inquit)
603 2455 635 2510 et
652 2447 802 2510 simulata
821 2449 885 2512 cito
940 2465 975 2511 ro
1005 2454 1037 2508 et
1066 2445 1322 2510 incommutabili
1348 2465 1427 2508 esse.
1453 2448 1566 2525 Neque
1587 2447 1686 2506 arbor

133 2545 331 2628 panduntur.
358 2545 447 2608 Unde
469 2544 591 2629 praeiati
614 2544 685 2608 lalsi
709 2545 882 2628 prophetae,
939 2549 1027 2605 mala
1042 2547 1174 2621 [ructus
1190 2546 1285 2604 bonos
1299 2547 1409 2621 [acere
1423 2550 1535 2627 potest.
1555 2543 1606 2606 Sic
1627 2562 1685 2606 nec

133 2643 161 2704 si
193 2642 365 2723 diiigenter
394 2642 646 2717 considerentur,
677 2641 885 2706 inveniuntur
940 2645 1036 2707 homo
1060 2643 1194 2706 vitiosus
1219 2641 1323 2705 iacere
1348 2650 1452 2724 potest
1480 2659 1578 2725 opera
1603 2642 1686 2706 bona

15 2759 217 2810 1..v.ai.vane
238 2739 381 2822 gloriosi,
405 2757 469 2803 non
494 2740 644 2815 humiles,
667 2741 827 2824 sapientes
854 2750 885 2804 et
940 2751 972 2806 et
988 2741 1161 2814 meritoria,
1179 2741 1210 2802 iu
1232 2748 1386 2822 quantum
1403 2747 1451 2802 cst
1465 2740 1621 2820 vitiosus;
1638 2741 1685 2802 ni-

133 2839 244 2919 magoi
266 2839 299 2900 in
319 2837 421 2901 oculis
441 2839 519 2912 suis,
535 2846 630 2921 atque
650 2839 682 2900 in
702 2858 797 2902 sensu
815 2858 886 2922 pro-
941 2841 1007 2904 hilo
1032 2841 1138 2902 minus
1167 2838 1299 2921 perlici
1319 2838 1453 2918 gratiam
1483 2838 1685 2920 liberumque

132 2937 208 3020 prio
232 2935 423 3019 pertinaces,
448 2936 536 3018 pieni
560 2937 686 3019 privato
709 2955 828 3011 amore,
854 2946 885 3000 et
938 2937 1120 3010 arbitrium,
1137 2943 1240 3019 potest
1255 2935 1326 2998 lieri
1345 2934 1448 2998 bonus
1468 2943 1500 2998 ct
1518 2953 1611 3017 agere
1631 2935 1685 2998 bo-

131 3034 267 3118 propria
282 3034 451 3097 commoda
464 3051 501 3096 ac
513 3033 672 3116 praeconia
686 3033 881 3098 allectantes.
902 3038 924 3102 c
940 3055 989 3098 na.
1006 3035 1161 3118 Loquitur
1176 3051 1251 3115 ergo
1265 3033 1408 3096 Christus
1423 3034 1462 3096 de
1483 3034 1612 3097 homine
1632 3033 1685 3096 bo-

131 3131 293 3214 Deinceps
308 3131 447 3195 declarat
462 3131 613 3207 Salvator,
622 3133 707 3215 quod
722 3151 820 3216 opera
834 3151 885 3196 ve·
939 3152 981 3198 no
1005 3143 1037 3196 et
1061 3133 1145 3196 malo
1168 3131 1355 3206 formaliter,
1380 3150 1443 3196 non
1469 3132 1682 3196 materialiter.

131 3249 169 3292 re
193 3230 338 3293 virtuosa
358 3248 422 3295 non
447 3230 579 3293 iaciunt.
601 3233 775 3311 Numquid
797 3235 885 3293 cotii-
939 3233 1107 3316 Propterea
1136 3231 1320 3313 hujusmodi
1351 3230 1584 3314 propositiones
1611 3239 1686 3294 sunt

127 3338 217 3407 punt
237 3328 385 3392 homines
405 3331 446 3389 de
464 3331 570 3405 spinis
589 3349 681 3398 uvas,
696 3337 754 3388 aut
768 3333 809 3390 de
823 3333 884 3391 tri·
939 3351 1022 3395 vern
1038 3332 1069 3393 in
1086 3348 1182 3393 sensu
1198 3328 1385 3412 composito,
1402 3347 1465 3392 non
1482 3329 1514 3392 in
1530 3347 1625 3392 sensu
1641 3331 1686 3392 di-

131 3429 222 3488 hstiis
230 3425 410 3505 ficuslNon
423 3426 541 3510 utique.
551 3427 602 3490 Sic
615 3445 673 3489 nec
686 3427 725 3490 de
737 3427 884 3492 cordibus
939 3431 1017 3493 viso.
1041 3431 1154 3493 Omnis
1175 3429 1287 3498 arbor,
1306 3427 1338 3489 id
1359 3435 1409 3491 est
1429 3427 1566 3509 quilibet
1590 3428 1685 3492 bomo

131 3524 341 3588 mendacium
366 3526 594 3608 prophetarum
619 3525 791 3608 procedere
812 3543 883 3609 pos·
937 3528 1066 3591 adultus
1086 3527 1282 3608 rationisque
1302 3543 1444 3609 compos,
1460 3546 1532 3605 quae
1551 3546 1616 3586 non
1634 3529 1685 3604 fa-

130 3631 211 3686 sunt
229 3641 326 3706 opera
345 3624 501 3687 veraciter
519 3623 668 3688 virtuosa.
686 3625 774 3688 Unde
792 3633 825 3688 et
837 3627 884 3689 ia·
937 3631 982 3688 cit
996 3628 1146 3704 fructum
1162 3627 1291 3696 omum,
1302 3624 1500 3688 observando
1515 3632 1683 3706 praecepta,

8 3747 68 3826 acq-
129 3721 236 3786 cobus
251 3721 329 3784 dicit
347 3739 354 3784 :
371 3721 534 3804 Numquid
555 3721 627 3784 ions
646 3723 684 3786 de
705 3723 816 3786 codem
836 3724 882 3787 io
938 3727 1122 3795 excidetur,
1148 3723 1179 3785 id
1200 3731 1258 3796 est,
1284 3741 1303 3784 a
1326 3723 1485 3786 consortio
1509 3721 1682 3786 electorum

8 3827 13 3844 '
36 3827 56 3841 ‘¹
128 3821 258 3883 nmine
273 3827 399 3883 emanat
410 3819 538 3884 dulcem
551 3827 583 3882 et
594 3839 735 3884 amarum
748 3825 882 3904 aquami
937 3822 1075 3906 pelletur
1092 3840 1098 3884 :
1117 3822 1200 3884 sicut
1216 3840 1272 3903 per
1290 3821 1404 3883 isaiam
1420 3820 1607 3904 praedictum
1623 3829 1681 3894 est,

125 3917 295 4001 Numquid
312 3924 413 4000 potest
427 3917 510 3980 ficus
526 3937 603 3981 uvas
618 3918 792 3994 lacere,aut
806 3920 880 3983 vitis
936 3921 1077 3985 Toiiatur
1093 3919 1224 4002 impius,
1235 3939 1275 3982 ne
1291 3919 1397 3981 videat
1409 3919 1543 4001 gloriam
1559 3919 1614 3981 Dei
1627 3937 1636 3999 ;
1651 3929 1681 3980 et
1695 3943 1829 3994 reunia,

125 4014 557 4099 licusliieniqueialsorum
573 4017 800 4100 propbetamm
817 4036 882 4081 cor·
936 4022 971 4080 in
997 4022 1106 4097 ignem
1130 4018 1331 4094 infernalem,
1355 4018 1416 4080 nisi
1439 4037 1473 4080 se
1494 4005 1821 4080 emendate-''⁰¹²⁸m·

124 4117 320 4198 da,propter
334 4133 424 4178 suam
439 4112 636 4179 ferocitatem
651 4123 683 4177 et
699 4116 879 4197 passionum
936 4118 987 4192 rit,
1004 4119 1167 4187 mittetur,
1188 4116 1294 4178 statim
1317 4116 1394 4178 dum
1418 4116 1562 4188 moritur,
1582 4135 1683 4198 quan-

124 4231 264 4278 suarum
292 4212 430 4287 aculeos,
462 4213 522 4276 rite
552 4213 653 4296 spinis
682 4231 719 4276 ac
752 4213 879 4278 tribulis
895 4216 920 4279 D
935 4221 1004 4276 tum
1024 4216 1062 4277 ad
1083 4215 1235 4288 animam,
1252 4221 1348 4296 atque
1371 4215 1403 4276 in
1423 4215 1475 4276 die
1494 4214 1679 4286 novissimo,

123 4319 379 4396 cornparantur3
396 4329 493 4394 opera
507 4330 583 4375 vero
599 4312 738 4375 virtuosa
754 4313 825 4374 uvis
842 4333 879 4376 ac
936 4332 1009 4376 cum
1025 4331 1157 4395 corpore
1172 4321 1203 4375 et
1222 4313 1340 4386 anima,
1356 4331 1455 4394 quum
1473 4311 1617 4375 Christus
1636 4312 1681 4374 di-

121 4410 274 4484 iieubus,
297 4409 375 4491 quia
398 4411 539 4472 suaviter
563 4417 702 4472 mentem
727 4411 880 4475 reficiunt
935 4419 1045 4473 cturus
1060 4419 1109 4473 est
1126 4429 1132 4472 :
1150 4411 1205 4482 lte,
1223 4410 1395 4484 maledicti,
1412 4411 1444 4472 in
1465 4409 1570 4491 ignem
1591 4417 1679 4472 aeter-
1694 4432 1826 4479 navam,

121 4517 156 4574 et
180 4506 375 4572 confortant.
935 4529 1023 4572 num.
1042 4511 1073 4573 Si
1089 4527 1163 4590 ergo
1182 4518 1348 4593 peccatum
1368 4507 1552 4572 omissionis
1573 4507 1679 4590 ignem
1694 4500 1727 4539 ⁴¹·

166 4609 230 4670 Sic
253 4607 359 4666 mania
382 4607 481 4666 arbor
509 4608 603 4674 bona,
626 4609 760 4682 fructus
785 4609 879 4670 bonos
935 4609 1053 4672 inferni
1077 4615 1227 4681 meretur,
1254 4615 1420 4690 peccatum
1445 4605 1681 4670 commissionis

119 4707 224 4784 satit.
246 4703 333 4778 Quod
360 4702 604 4785 intelligendum
629 4713 677 4767 est
700 4705 740 4767 de
760 4705 879 4768 arbori·
936 4726 1031 4790 quam
1051 4706 1246 4768 horribiliter
1266 4705 1438 4789 punieturl
1453 4705 1533 4768 ilinc
1552 4705 1597 4768 ait
1616 4705 1682 4768 Sal-

120 4803 188 4866 bus
215 4821 287 4884 qum
310 4802 350 4864 ad
375 4801 616 4885 producendum
642 4802 765 4865 iructus
790 4804 878 4886 pian-
934 4813 1053 4868 vator:
1075 4804 1207 4868 Omnem
1231 4804 1397 4887 palmitem
1421 4805 1453 4867 in
1476 4823 1527 4867 me
1550 4821 1614 4868 non
1636 4805 1716 4873 ior
1716 4843 1826 4882 nnnnnnnn

118 4911 248 4966 tantur.
266 4899 321 4964 Vel
337 4919 395 4984 per
408 4899 550 4963 fructum
566 4899 755 4982 intelligitur
773 4903 878 4966 omnis
934 4913 1057 4966 rentem
1074 4903 1226 4977 fructum,
1242 4903 1332 4966 Pater
1352 4903 1452 4978 tollet,
1469 4910 1501 4966 et
1520 4904 1553 4966 in
1575 4903 1680 4986 ignem
1695 4897 1715 4944 ²·
1726 4897 1746 4936 ⁰·

119 5001 252 5064 utilitas
267 5017 307 5062 ex
320 4997 434 5063 arbore
448 4999 651 5081 proveniens.
663 5003 755 5061 Maia
770 5011 877 5062 autem
935 5003 1048 5064 mittet.
1066 5001 1104 5063 Et
1121 5021 1160 5064 ex
1179 5000 1229 5063 bis
1249 5002 1394 5065 Christus
1412 5001 1574 5064 concludit
1591 5019 1599 5064 :
1614 5004 1681 5080 Iyt-

118 5101 229 5162 arbor
251 5099 384 5175 fructus
407 5101 509 5159 meaios
530 5101 626 5176 facit.
652 5099 877 5162 Verumtamen
934 5111 991 5161 tur
1005 5121 1046 5160 em
1059 5101 1225 5177 fructibus
1240 5121 1351 5161 eorum
1367 5103 1559 5178 cognoscetis
1573 5121 1634 5161 eos.

117 5199 161 5262 de
189 5194 380 5259 hominibus
407 5195 467 5258 ista
490 5194 711 5280 principaliter
734 5215 878 5260 asserun-
972 5199 1145 5272 Postremo,
1161 5197 1246 5281 quod
1268 5198 1389 5281 absque
1410 5198 1568 5261 iructibus
1587 5198 1680 5262 bonis

116 5293 417 5376 tursinteiligendo
438 5313 496 5378 per
517 5294 663 5359 arborem
679 5296 807 5372 bonam,
824 5298 877 5362 iro
934 5315 1029 5361 uerno
1044 5297 1171 5360 adultus
1186 5304 1282 5380 queat
1297 5297 1423 5370 salvari,
1434 5305 1567 5360 testatur
1581 5297 1679 5359 Filius
