4214 6254
517 505 665 554 ooarnrca
687 506 698 556 1
718 505 792 552 rosc
811 504 1005 552 mmrrarau.
1026 525 1066 536 -
1087 507 1186 556 ssnuo
1206 507 1360 559 succuum
1656 491 1714 556 ιιι

162 671 279 755 judicii
295 692 407 740 omues
422 675 566 752 exibunt,
584 695 657 742 mox
673 676 835 742 infelicius
851 676 914 740 rui·
930 681 955 744 A
970 678 1223 744 consideratione
1239 681 1287 744 sui
1302 681 1476 763 judicando
1490 683 1529 746 de
1545 681 1627 745 aliis.
1642 681 1714 746 Por-

164 773 230 836 turi
251 775 285 837 iu
306 775 478 857 pristinum
499 777 614 840 lacum.
969 795 1016 852 ro,
1033 797 1071 840 ex
1094 796 1133 841 eo
1151 780 1236 861 quod
1255 779 1413 843 Abraham
1436 781 1475 844 de
1494 779 1647 843 iratribus
1669 780 1714 842 di-

207 875 252 936 ll't
274 875 323 934 ait
338 895 350 934 .·
363 877 452 954 Rogo
473 895 550 954 erqo
567 885 609 947 te,
620 887 730 954 pater,
746 887 783 938 ut
802 879 915 938 mittas
969 876 1044 940 vitis
1059 877 1150 953 dixit,
1160 900 1177 938 ιι
1186 877 1308 942 Habent
1323 879 1449 963 lloyseu
1465 887 1497 942 et
1510 880 1714 963 Prophetas»,

164 991 253 1042 eum,
270 971 394 1035 scilicet
418 971 580 1048 Lazarum,
602 977 638 1035 in
658 977 788 1036 domum
804 979 915 1053 patria
969 975 1097 1038 elicitur
1118 977 1203 1059 quod
1226 977 1314 1040 dives
1338 979 1396 1040 iste
1420 997 1456 1041 ac
1477 976 1591 1040 fratres
1614 977 1715 1060 ipsius

163 1072 232 1129 mei
246 1089 258 1129 .·
272 1071 371 1132 habeo
390 1072 478 1131 enim
497 1075 643 1152 pariaque
657 1074 805 1150 fratres,·
819 1083 856 1134 ut
871 1084 913 1135 te·
968 1074 1148 1138 israelitica]
1168 1075 1278 1158 stirpis
1297 1076 1437 1140 fuerunt.
1454 1079 1521 1138 Sed
1540 1079 1569 1136 si
1587 1078 1661 1156 quis
1675 1097 1716 1135 ecc

164 1176 284 1238 stetur,
300 1167 332 1230 id
352 1176 410 1242 est,
426 1168 565 1232 firmiter
581 1169 676 1244 dicat,
693 1173 762 1232 illis
781 1190 817 1233 ac
838 1191 915 1254 prae·
968 1176 1108 1234 mortuis
1127 1175 1205 1234 ierit
1224 1177 1268 1236 ad
1287 1177 1587 1252 commanentiam
1607 1184 1715 1252 agent,

164 1265 253 1328 dicct
268 1266 461 1348 pertinentia
479 1269 518 1331 ad
539 1268 722 1332 salutemet
740 1269 818 1352 quid
834 1271 913 1333 mihi
969 1270 1045 1353 quia
1066 1289 1104 1334 ex
1127 1271 1313 1335 inconsueta
1333 1273 1532 1355 apparitione
1554 1280 1585 1335 et
1604 1273 1715 1336 exhor-

164 1363 336 1444 aeciderit3
362 1385 402 1426 nc
430 1375 460 1426 et
490 1368 556 1444 ipsi
581 1368 714 1428 ueniant
744 1370 780 1428 in
810 1371 913 1430 locum
969 1368 1087 1432 tatione
1110 1369 1189 1452 ipsis
1207 1370 1388 1452 specialiter
1407 1370 1500 1444 facta,
1516 1370 1630 1434 lortius
1650 1388 1716 1433 mo

164 1462 256 1521 hunc
277 1471 525 1536 tormentorum
541 1463 694 1528 scilicet'
685 1483 719 1526 m
738 1464 912 1540 internum,
969 1466 1140 1530 vehuntur
1158 1468 1218 1531 Sed
1237 1468 1423 1551 frequenter
1443 1469 1598 1551 contingit
1617 1487 1714 1552 oppo-

5 1571 85 1614 ιιι
90 1577 149 1626 ιι,
164 1560 223 1642 qui
240 1568 275 1623 ut
289 1569 417 1624 sanctus
431 1561 488 1626 lob
503 1563 558 1636 art
575 1571 623 1626 est
636 1570 720 1626 terra
734 1563 912 1639 tenebrosa
969 1565 1100 1628 situm:
1126 1585 1201 1629 nam
1230 1576 1261 1630 et
1290 1567 1474 1648 hujusmodi
1499 1567 1715 1650 apparitiones

164 1665 198 1720 et
212 1665 324 1740 operta
339 1659 450 1723 mortis
465 1659 612 1742 cahgrne
629 1669 712 1724 terra
728 1681 864 1726 maserias
883 1671 915 1726 et
970 1682 1053 1747 saepe
1071 1665 1256 1746 judicantur
1276 1666 1500 1747 phantasticae;
1517 1672 1548 1728 et
1568 1667 1715 1749 quamvis

163 1757 382 1832 tenebrarum,
400 1757 455 1820 ubi
477 1759 591 1821 umbra
612 1759 734 1834 mortis,
751 1767 783 1822 et
806 1760 914 1822 nullus
969 1762 1007 1824 ad
1029 1764 1139 1825 horam
1161 1763 1284 1846 aliquos
1307 1772 1466 1838 moveant,
1479 1763 1646 1828 multoties
1671 1772 1714 1826 ta·

163 1855 255 1930 ordo,
281 1856 336 1918 sed
364 1857 578 1939 sempiternus
607 1858 719 1922 horror
747 1857 911 1922 inhabitat.
928 1857 951 1920 B
970 1880 1042 1924 men
1072 1869 1215 1944 tempore
1240 1862 1442 1944 procedente,
1468 1881 1580 1946 parurn
1604 1861 1715 1926 fructi-

163 1953 290 2018 Coelum
318 1962 424 2018 autem
455 1955 543 2018 locus
573 1963 621 2019 est
652 1956 853 2038 gaudiorum,
883 1966 915 2020 et
968 1959 1077 2023 licant.

164 2052 306 2114 mundus
330 2051 389 2116 iste
415 2053 503 2116 locus
528 2062 577 2117 est
598 2055 784 2119 meritorum
806 2075 843 2118 ac
865 2056 915 2118 de
1009 2059 1087 2122 llinc
1102 2057 1250 2121 subditur
1264 2077 1270 2122 :
1285 2062 1328 2122 at
1343 2061 1391 2120 ait
1407 2061 1462 2120 illi
1475 2060 1633 2123 Abraham
1652 2078 1658 2122 :
1675 2062 1717 2122 st

163 2150 367 2225 meritorum,
380 2151 582 2214 tristitiarum
598 2171 634 2215 ac
650 2153 911 2216 consolationum.
968 2159 1103 2236 Moysen
1122 2167 1151 2217 et
1171 2160 1365 2234 Prophetas,
1381 2158 1436 2240 qui
1457 2165 1551 2222 tantan
1570 2158 1716 2222 sauctita-

162 2249 310 2331 Denique
334 2250 423 2312 dives
447 2251 614 2313 damnatus
639 2252 698 2314 istc
723 2251 837 2334 petivit
860 2273 915 2316 nc-
968 2255 1008 2316 tis
1034 2261 1065 2316 et
1088 2255 1285 2318 auctoritatis
1310 2256 1450 2329 luerunt,
1470 2277 1535 2317 non
1558 2259 1714 2324 audiunt,

161 2367 326 2430 quaquam
342 2367 380 2411 ex
401 2349 542 2424 caritate,
558 2350 614 2412 sed
634 2368 673 2412 er
693 2351 801 2413 servili
821 2352 915 2416 timo
969 2351 1147 2416 obediendo
1174 2370 1285 2416 eorum
1311 2354 1511 2417 documentis
1541 2373 1577 2416 ac
1603 2355 1713 2435 jussis,

160 2465 210 2521 re,
227 2464 268 2510 ne
289 2465 347 2510 sua
368 2453 537 2529 augeretur
557 2447 694 2511 afflictio
715 2467 754 2511 ex
778 2449 911 2512 fratrum
969 2472 1071 2532 neque
1086 2453 1203 2532 siquis
1222 2473 1263 2512 ecc
1278 2454 1417 2513 mortuis
1433 2455 1668 2523 resurreocerit,
1684 2460 1717 2516 et

159 2563 296 2608 suorum
320 2546 533 2620 damnatione,
558 2565 695 2629 quorum
721 2548 827 2611 socius
851 2548 913 2612 luit
968 2550 1007 2612 ad
1030 2568 1084 2612 ecs
1113 2549 1284 2625 transierit,
1310 2553 1442 2612 credent
1471 2551 1512 2624 ci,
1538 2551 1714 2633 praesertim

159 2643 196 2706 iu
221 2642 320 2718 vitiis,
341 2643 460 2726 quibus
484 2651 516 2707 et
539 2643 661 2708 vitiose
685 2645 758 2708 vitae
782 2646 913 2728 reliquit
968 2649 1155 2712 credulitate
1178 2649 1369 2731 procedente
1395 2649 1428 2710 in
1449 2656 1538 2711 actus
1558 2649 1712 2712 virtutum

159 2740 322 2823 exempla,
348 2741 578 2825 materiamque
604 2743 768 2825 peccandi.
794 2747 838 2807 lit
862 2747 911 2805 ait
968 2766 1069 2830 usque
1101 2748 1133 2809 in
1165 2747 1278 2810 linem.
1310 2748 1397 2811 Unde
1428 2747 1538 2822 Judaei,
1571 2755 1714 2830 tempore

158 2841 218 2900 illi
240 2841 410 2902 Abraham
433 2861 444 2898 .·
465 2843 593 2902 Habent
617 2845 752 2920 Moysen
776 2853 807 2904 et
831 2846 911 2906 Pre
967 2845 1091 2920 Christi,
1108 2846 1223 2908 Lazaro
1239 2845 1326 2908 tratri
1342 2845 1445 2908 llarise
1461 2854 1492 2907 et
1506 2845 1633 2908 hlarthae
1648 2865 1715 2908 sus-

152 2939 286 3014 phetas,
302 2937 361 3000 hoc
377 2945 426 3000 est
446 2937 544 3002 libros
558 2939 672 3023 Moysis
692 2947 724 3002 et
742 2941 911 3023 Propheta·
966 2944 1062 3006 citato
1091 2963 1154 3008 non
1184 2943 1287 3007 solum
1320 2961 1383 3006 nou
1413 2944 1627 3018 crediderunt,
1657 2945 1713 3006 sed

156 3054 247 3110 rum,
263 3035 296 3098 iu
312 3034 431 3118 quibus
446 3037 485 3099 de
500 3037 667 3100 credendis
682 3047 714 3101 ct
727 3039 858 3119 agendis
873 3059 910 3102 ae
926 3044 948 3108 C
966 3061 1039 3104 eum
1066 3043 1196 3126 iusuper
1224 3042 1369 3105 occidere
1395 3043 1616 3116 decreverunt,
1642 3061 1712 3125 pro·
1734 3068 1859 3122 amnem,

154 3132 300 3196 vitandis
324 3134 497 3214 docentur;
515 3138 656 3197 audiant
681 3139 754 3196 illos
777 3138 909 3201 auribus
965 3148 1001 3202 ut
1014 3141 1098 3224 apud
1117 3141 1270 3204 loannem
1287 3139 1408 3222 legitur.
1426 3140 1556 3204 Mortuis
1571 3158 1709 3223 quoque,
1727 3134 1759 3174 ¹⁰·

156 3233 278 3308 cordis,
295 3231 327 3295 id
349 3239 407 3307 est,
423 3232 575 3296 obediant
595 3235 652 3296 eis,
965 3239 1020 3322 qui
1037 3245 1279 3302 resurrexerunt
1300 3257 1374 3301 cum
1395 3239 1529 3314 Christo,
1545 3246 1576 3302 et
1601 3239 1711 3302 multis
1751 3263 1839 3308 narra.

199 3333 246 3393 At
262 3332 426 3392 illedixit
442 3352 453 3390 .·
466 3331 554 3402 Non,
567 3342 664 3408 pater
676 3335 858 3404 Abraham,
875 3334 906 3396 id
965 3338 997 3400 in
1019 3345 1126 3400 sancta
1146 3337 1274 3400 civitate
1290 3337 1463 3401 Jerusalem
1484 3343 1710 3419 apparuerunt,
1724 3329 1860 3379 ¹¹l¹¹·⁵²=⁵²·

154 3435 219 3503 est,
235 3429 363 3512 Moysen
379 3437 411 3492 et
424 3429 595 3512 Prophetas
610 3449 673 3494 non
688 3431 831 3494 audiunt.
849 3433 910 3496 lsta
965 3435 1125 3499 Christum
1140 3435 1352 3499 resurrexisse
1366 3436 1632 3508 testantibusnou
1649 3454 1712 3498 cre-

154 3525 250 3590 dives
279 3528 339 3590 iste
369 3528 536 3592 damnatus
564 3529 693 3610 agnovit
721 3549 760 3593 er
789 3532 908 3594 receuti
964 3534 1114 3598 diderunt
1128 3533 1372 3598 obstinatissimi
1389 3533 1434 3596 illi
1450 3534 1560 3608 ludaei,
1577 3535 1632 3597 sed
1651 3553 1709 3598 nec

153 3633 358 3690 sensatorum
384 3627 548 3702 memoria,
571 3647 628 3691 scu
651 3629 847 3710 conjectura,
869 3649 908 3692 ex
964 3631 1089 3694 Christo
1108 3639 1155 3696 tot
1177 3632 1339 3695 miraculis
1360 3631 1548 3696 coruscanti.

673 4057 865 4144 SEllllO
903 4058 1199 4146 SECUNDUS

355 4321 474 4369 comm
495 4323 744 4370 rnosrluurarslt
764 4323 951 4384 appulsu,
971 4325 1008 4370 st
1029 4325 1069 4371 DE
1090 4324 1267 4374 CONTEHPTU
1287 4329 1380 4374 uetus
1401 4328 1507 4375 llllllltl.

226 4607 276 4666 AE'
291 4605 379 4664 cobis
397 4603 569 4674 diuitibus,
586 4605 646 4684 qui
661 4605 785 4664 habetis
802 4623 909 4665 coneo-
923 4610 948 4673 Ι)
962 4605 1127 4688 redempta
1151 4615 1207 4670 est.
1235 4608 1388 4681 Quoniam
1414 4609 1520 4691 itaque
1548 4610 1707 4692 peregrini
1722 4639 1855 4692 numm,

242 4703 397 4763 larionem
412 4711 563 4764 cestram.
580 4702 656 4765 Luc.
673 4720 715 4776 vr,
731 4700 780 4766 rt.
962 4722 1074 4767 sumus
1091 4705 1122 4766 in
1143 4706 1259 4769 saeculo
1279 4707 1350 4780 isto,
1366 4707 1547 4771 videliceta
1567 4710 1708 4772 terrestri
1724 4706 1756 4746 ¹⁵·

199 4800 271 4865 llaec
300 4807 349 4863 est
373 4800 489 4864 veritas
512 4808 544 4863 et
572 4800 716 4864 doctriua
743 4801 908 4882 sapientiae
963 4802 1109 4884 paradiso
1124 4804 1229 4883 ejecti,
1246 4813 1277 4867 et
1292 4805 1330 4868 ad
1347 4804 1508 4870 coelestem
1525 4807 1707 4890 paradisum

153 4899 351 4973 christianae,
361 4899 446 4980 quod
460 4906 590 4981 propter
605 4899 783 4981 primorum
798 4917 908 4981 paren·
963 4909 1141 4982 pergentes,
1158 4910 1282 4985 oportet
1302 4911 1336 4964 ut
1352 4903 1450 4966 instar
1468 4906 1707 4986 peregrinorum

156 5005 230 5061 tum
262 4997 469 5080 primordiale
501 5006 666 5080 peccatum
701 5005 766 5061 tola
795 5016 905 5060 eorum
962 5006 993 5060 et
1013 5000 1159 5062 exsulum
1181 5019 1238 5064 nos
1258 5001 1443 5076 habeamus,
1460 5003 1486 5064 si
1509 5004 1547 5066 ad
1570 5004 1708 5067 coelestis

154 5095 329 5180 posteritas
353 5095 501 5178 paradiso
522 5096 664 5159 terrestri
688 5095 821 5178 expulsa
846 5103 905 5170 est,
962 5098 1099 5179 paradisi
1115 5100 1249 5180 patriam
1265 5101 1493 5183 pertingemus.
1511 5103 1604 5165 Porro
1620 5122 1709 5185 perc-

155 5191 299 5256 coelestis
319 5209 447 5274 quoque
466 5191 604 5273 paradisi
625 5191 778 5255 felicitate
796 5200 828 5254 et
842 5193 907 5274 glo·
962 5197 1045 5277 grini
1061 5205 1092 5259 ct
1107 5198 1232 5260 exsules
1248 5218 1310 5263 non
1327 5200 1382 5262 diu
1399 5201 1431 5262 in
1453 5217 1516 5264 uuo
1536 5200 1605 5265 loco
1620 5202 1709 5282 quie-

155 5290 207 5354 ria
221 5289 283 5352 luit
297 5288 432 5374 privata,
448 5289 503 5352 sed
517 5308 576 5375 per
590 5290 705 5354 Christi
726 5291 907 5376 passionem
962 5302 1073 5374 scuut3
1090 5302 1121 5358 et
1142 5296 1249 5378 gravia
1270 5314 1367 5361 onera
1390 5297 1473 5361 terre
1492 5299 1652 5378 devituut3
1667 5300 1706 5361 ad
