4214 6254
448 496 507 564 ¹8²
707 517 857 565 nourrius
878 519 912 565 nr
932 518 1006 566 rosr
1025 519 1220 565 rnrnrrarnu.
1240 536 1280 548 —
1302 516 1477 565 semanno
1497 516 1529 563 nv
1550 515 1745 563 vulnerarunt

449 696 535 752 creta
550 687 699 764 scientes,
710 698 743 754 et
756 691 821 753 Deo
836 689 869 752 in
886 691 1009 753 cunctis
1024 689 1195 773 promptis·
1213 689 1238 752 A
1254 689 1415 772 praecipuo
1430 689 1617 751 declaratur.
1636 687 1752 762 Tertio,
1768 685 1911 767 quoniam
1923 683 1971 748 fru-

449 789 530 850 sime
554 788 751 864 obedientes,
777 797 873 872 atque
897 808 971 852 curn
996 807 1034 852 eo
1059 789 1091 852 in
1116 790 1197 852 coelo
1253 795 1322 849 ctus
1338 787 1506 851 dominica
1523 787 1679 868 passionis
1697 786 1730 848 in
1748 784 1971 847 illoevidentins

450 894 609 950 morantes
638 888 786 970 (propter
813 887 898 970 quod
928 895 1013 950 recte
1041 888 1137 950 amici
1166 896 1198 950 et
1253 887 1503 949 commendatur.
1526 886 1652 958 Quarto,
1673 885 1749 965 quia
1771 883 1802 944 in
1825 882 1973 964 peccatoris
2063 863 2064 890 ¹

450 983 549 1046 vicini
569 984 684 1048 Christi
706 985 873 1066 vocantur)
887 1003 894 1047 :
910 1003 991 1067 quos
1012 985 1197 1048 hortabatur
1253 985 1460 1047 conversione
1485 984 1659 1046 adversarii
1684 981 1800 1046 Christi
1824 999 1858 1043 ac
1881 989 1972 1042 nostra

449 1090 485 1144 ut
499 1081 560 1144 sibi
580 1082 619 1146 da
638 1083 706 1146 ovis
727 1103 791 1148 sum
811 1085 1051 1166 recuperatione
1070 1101 1198 1164 congra—
1253 1083 1364 1146 salutis
1384 1082 1564 1165 specialiter
1583 1081 1832 1145 confunduntur.
1849 1114 1886 1124 —
1904 1079 1972 1140 lusn-

449 1180 636 1244 tularentur.
654 1184 688 1244 ln
704 1201 768 1264 qno
783 1189 870 1265 patet
884 1183 1013 1246 dilectio
1027 1182 1143 1247 Christi
1158 1182 1196 1244 ad
1254 1200 1321 1263 per,
1351 1181 1495 1243 absolute
1525 1180 1694 1262 loquendo,
1721 1179 1747 1240 si
1777 1195 1973 1258 comparemus

450 1277 609 1353 homines,
625 1287 657 1342 et
671 1288 827 1362 quantum
847 1288 988 1343 nostram
1009 1287 1097 1362 optet
1115 1281 1197 1342 salu·
1254 1289 1370 1343 statum
1390 1280 1428 1342 ad
1449 1287 1577 1353 statum,
1594 1285 1717 1342 constat
1731 1277 1817 1359 quod
1836 1283 1925 1338 status
1940 1275 1975 1336 in·
2064 1329 2065 1348 ,

320 1390 353 1437 n.
366 1401 436 1440 savin.
450 1383 526 1439 tem.
543 1377 674 1460 Propter
689 1378 774 1460 quod
794 1377 934 1441 fatetur:
952 1379 1077 1441 Utinam
1097 1386 1196 1441 atten-
1254 1378 1409 1441 nocentia
1429 1377 1646 1460 praeferendus
1669 1377 1709 1438 sit
1730 1374 1825 1438 statui
1848 1373 1976 1455 poeniten

305 1457 338 1500 ¹⁸·
450 1475 551 1538 disses
568 1476 714 1540 mandata
730 1496 809 1539 mea.
821 1513 861 1522 —
876 1477 1008 1551 lnterea,
1019 1477 1195 1539 secundum
1253 1478 1358 1550 timeo
1373 1477 1458 1558 quod
1474 1476 1577 1556 majus
1593 1475 1648 1537 Dei
1665 1475 1784 1537 donum
1799 1473 1842 1535 sit
1854 1473 1977 1534 innocen-

449 1572 673 1656 Theophilum,
691 1593 836 1656 supernae
858 1575 991 1638 virtutes
1015 1593 1071 1636 sen
1093 1575 1196 1654 angeli
1254 1576 1297 1637 tia
1312 1594 1407 1657 quam
1425 1574 1622 1656 poenitentia.
1640 1573 1672 1636 Si
1687 1591 1763 1635 vero
1778 1589 1977 1652 comparemus

449 1688 525 1735 oves
550 1681 713 1746 vocantur,
739 1691 777 1735 eo
805 1673 890 1754 quod
920 1673 1024 1735 omnis
1054 1681 1197 1735 ereatura
1255 1692 1421 1756 personam
1443 1673 1538 1735 unius
1559 1679 1658 1734 status
1677 1671 1715 1733 ad
1738 1687 1902 1752 personam
1918 1667 1977 1731 alte-

449 1778 596 1852 respectu
617 1771 684 1844 Dei,
702 1771 743 1832 sit
762 1769 913 1833 bestialis.
1254 1773 1331 1846 rius,
1353 1771 1472 1834 habent
1495 1791 1529 1834 se
1553 1771 1636 1833 sicut
1659 1769 1819 1832 excedens
1840 1775 1870 1829 et
1889 1786 1977 1829 exces-

490 1869 569 1930 Dico
592 1871 692 1937 vobis,
709 1871 796 1948 quod
818 1871 865 1928 ita
887 1871 1050 1946 posidium
1072 1871 1136 1929 erit
1161 1871 1196 1927 in
1216 1864 1396 1932 Bsum:ita
1411 1870 1496 1951 quod
1511 1869 1642 1950 quidam
1657 1868 1697 1931 de
1712 1874 1793 1930 statu
1812 1883 1876 1928 uno
1888 1865 1978 1948 prefe-

449 1969 525 2026 codo
554 1985 653 2042 super
683 1987 749 2026 uno
775 1977 942 2042 peccatore
967 1969 1196 2042 peonitentiam
1253 1975 1362 2030 runtur
1377 1968 1563 2050 quibusdam
1575 1967 1614 2030 de
1625 1975 1706 2028 statu
1719 1963 1979 2038 alterosecundnm

450 2073 577 2140 ⁰9&th
593 2084 692 2143 quam
708 2083 806 2140 svper
821 2067 1003 2140 tretraptota
1019 2085 1129 2124 novem
1141 2067 1197 2141 ju·
1232 2067 1338 2148 -quod
1364 2073 1439 2128 suut
1463 2065 1494 2127 in
1520 2065 1634 2146 majori
1654 2072 1709 2126 aut
1731 2062 1849 2126 minori
1872 2062 1979 2123 caritate

450 2164 509 2222 atta
524 2164 584 2241 qui
597 2183 661 2222 non
680 2165 829 2238 dereliceat
841 2165 1046 2239 perrrittmtia.
1066 2163 1096 2225 Si
1115 2163 1198 2224 istud
1254 2172 1286 2226 et
1300 2164 1409 2244 gratia.
1428 2164 1506 2225 llinc
1521 2163 1665 2225 absolute
1681 2161 1853 2244 loquendo,
1868 2161 1904 2222 de
1919 2159 1980 2220 roul-

450 2259 641 2340 generaliter
665 2261 704 2322 do
729 2279 932 2343 quocumque
962 2261 1137 2341 poenitente
1168 2268 1199 2322 et
1253 2262 1294 2323 tis
1308 2262 1404 2341 justis
1419 2280 1454 2322 ac
1472 2260 1866 2340 innocentibus‚tanquam
1882 2257 1981 2338 simpli·

451 2357 711 2440 quibuscumque
726 2358 820 2438 justis
838 2377 893 2420 seu
913 2358 1136 2420 innocentibus
1152 2359 1198 2423 in·
1255 2359 1334 2421 citer
1355 2359 1541 2422 melioribus
1561 2367 1593 2421 et
1607 2360 1672 2421 Deo
1692 2357 1881 2430 carioribus,
1897 2355 1980 2435 majus
2066 2405 2067 2422 ,

451 2457 623 2536 telligatur,
641 2475 703 2518 non
724 2464 771 2518 est
791 2456 934 2518 absolute
956 2455 1198 2537 intelligendum
1254 2465 1302 2520 cst
1321 2458 1472 2538 gaudium
1489 2457 1612 2520 Christo
1632 2456 1847 2538 supernisque
1866 2454 1980 2522 civibus,

448 2551 487 2617 int
502 2563 603 2628 sonat,
620 2555 711 2636 quasi
727 2555 874 2616 videlieet
890 2553 1079 2636 simpliciter
1094 2555 1199 2634 angeli
1254 2575 1350 2636 quam
1366 2556 1405 2617 de
1420 2555 1679 2636 quibuscumque
1695 2552 1914 2636 peccatoribus
1931 2569 1981 2632 pce

452 2653 554 2715 sancti
571 2652 642 2735 plus
659 2653 817 2733 gaudeant
833 2653 872 2714 de
887 2652 1031 2734 quolibet
1046 2653 1201 2734 poeniten·
1255 2655 1441 2716 nitentibus,
1471 2654 1710 2726 Verumtamen,
1740 2653 1893 2734 quoniam
1919 2658 1982 2712 teste

452 2759 495 2821 te,
512 2769 608 2834 quam
624 2751 663 2812 de
679 2751 937 2832 quibuscumque
958 2751 1130 2831 nonaginta
1150 2769 1202 2813 no
1256 2752 1417 2833 Apostolo,
1434 2751 1493 2814 l'bi
1515 2751 1690 2813 abundavit
1710 2750 1878 2823 delictum,
1896 2767 2068 2830 supernae,

452 2869 525 2912 vern
546 2849 652 2930 justis.
669 2849 737 2911 h'on
760 2848 846 2910 enirn
872 2849 944 2930 plus
968 2847 1143 2928 gloriantur
1162 2849 1200 2910 de
1255 2848 1396 2911 abundat
1416 2857 1447 2911 et
1466 2849 1577 2929 gratia,
1595 2848 1781 2930 frequenter
1795 2847 1944 2926 contingit
1958 2854 1983 2906 ut
2067 2819 2068 2910 i

453 2957 618 3030 peccatore
635 2947 810 3028 poenitente
825 2948 880 3028 qui
897 2955 966 3030 post
982 2947 1201 3028 poenitentiam
1257 2947 1348 3027 impii
1365 2946 1567 3029 poenitentes,
1579 2953 1666 3008 tanto
1680 2945 1761 3008 fiant
1776 2945 1812 3007 in
1827 2945 1882 3008 Dei
1896 2961 1983 3006 aurore

453 3065 544 3108 snam
564 3063 628 3108 non
649 3045 801 3128 pertingit
815 3046 854 3108 ad
873 3064 1018 3126 magnam
1036 3044 1201 3127 perfectio
1219 3047 1241 3110 C
1256 3053 1288 3107 et
1303 3045 1391 3107 cultu
1412 3044 1633 3118 ferventiores,
1650 3052 1682 3107 et
1697 3050 1784 3106 tanto
1800 3044 1836 3106 in
1852 3063 1885 3106 se
1898 3043 1984 3104 hunti-

454 3163 540 3218 nem,
557 3163 653 3228 quam
669 3145 708 3206 de
723 3143 952 3224 gloriosissima
972 3145 1068 3206 hlatre
1083 3144 1198 3207 Christi
1256 3144 1363 3216 lionae,
1393 3151 1512 3224 quanto
1540 3161 1575 3206 se
1602 3142 1732 3223 gravius
1761 3141 1941 3224 deliquisse,
1961 3147 1984 3201 et

454 3261 491 3306 ao
516 3243 633 3306 sanetis
656 3241 814 3323 Apostolis
837 3241 938 3323 gavisi
963 3249 1048 3311 sunt,
1074 3243 1201 3324 quando
1255 3250 1376 3324 quanto
1390 3242 1490 3304 Deum
1510 3241 1595 3303 circa
1613 3260 1648 3303 se
1665 3239 1905 3303 misericordius
1921 3239 1985 3319 egis-

454 3341 557 3404 adhuc
572 3341 702 3404 fuerunt
717 3339 750 3402 in
765 3347 859 3413 terra,
876 3340 926 3402 vel
941 3359 1037 3422 quam
1053 3341 1147 3403 modo
1162 3342 1201 3404 de
1256 3360 1290 3403 sc
1310 3339 1535 3402 considerant:
1555 3340 1665 3420 sicque
1685 3340 1857 3401 decorum
1876 3355 1986 3401 conver·
2068 3405 2069 3408 Ἴ

457 3439 535 3522 ipsis
554 3440 701 3502 letentur
718 3455 725 3500 ε
742 3439 808 3501 imo
827 3457 886 3500 nec
907 3438 946 3500 de
961 3439 1067 3511 Paulo,
1084 3458 1143 3502 uec
1161 3441 1201 3502 de
1256 3439 1345 3502 sione
1364 3437 1513 3521 specialis
1532 3456 1628 3499 causa
1647 3437 1776 3500 laetandi
1789 3438 1895 3500 oritur
1911 3454 1986 3516 ange-

456 3536 552 3600 hlaria
573 3535 765 3616 hlagdalene‚
787 3552 845 3596 uec
867 3534 906 3596 de
927 3533 1084 3598 ambobus
1104 3536 1201 3598 simul
1257 3537 1296 3600 lis
1315 3537 1381 3598 Dei.

458 3635 563 3714 majus
580 3634 733 3714 gandium
748 3641 794 3694 est
814 3633 846 3694 in
862 3633 953 3704 coelo,
971 3652 1066 3714 quam
1082 3635 1121 3697 de
1135 3635 1202 3698 sola
1297 3635 1384 3697 l'ude
1400 3642 1432 3697 et
1445 3634 1583 3716 qualiter
1598 3633 1762 3715 majoritas
1782 3635 1893 3716 gaudii
1907 3635 1986 3714 hujus

456 3731 586 3812 l'irgine
606 3731 754 3813 gloriosa.
1256 3735 1297 3798 sit
1322 3733 1537 3813 intelligenda,
1561 3731 1593 3794 iu
1618 3732 1763 3796 llattbaeo
1787 3733 1914 3814 plenius
1934 3741 1987 3794 tan-

496 3829 722 3912 ldoirco,quod
737 3829 889 3911 gaudium
904 3829 943 3892 de
958 3838 1124 3911 peccatore
1138 3851 1203 3914 pce·
1256 3834 1352 3914 gitur,
1368 3849 1432 3913 quo
1451 3830 1586 3892 habetur
1602 3851 1610 3893 :
1627 3831 1659 3892 Si
1675 3829 1797 3893 fuerint
1817 3831 1912 3894 alicui
1930 3850 1987 3893 een·
2013 3849 2053 3892 aaz·

459 3929 581 3992 nitente
605 3927 723 3990 dicitur
748 3927 863 4008 majus,
890 3927 1132 4008 intelligendum
1157 3931 1203 3993 vi·
1258 3940 1326 3993 tum
1341 3949 1428 4003 oves,
1439 3937 1471 3991 ct
1485 3929 1511 3991 si
1527 3929 1681 3991 erraverit
1695 3949 1759 3991 una
1774 3949 1815 3992 ex
1830 3911 2063 4004 eis,nonue¹‘*'²¹'

458 4028 552 4090 detur
579 4045 641 4090 non
671 4025 873 4108 simpliciter,
898 4025 954 4088 sed
983 4035 1137 4108 quantum
1163 4029 1202 4090 ad
1258 4029 1409 4110 relinquit
1424 4027 1724 4108 nonagintanovem
1742 4028 1775 4092 in
1794 4029 1988 4109 mpntibus‚et

457 4125 590 4208 aliquid.
611 4133 642 4188 et
663 4125 767 4207 quoad
790 4131 950 4186 recentem
971 4126 1142 4206 quamdam
1166 4145 1202 4188 ac
1258 4129 1344 4189 vadit
1357 4127 1395 4188 ad
1410 4145 1481 4188 eam
1501 4146 1572 4208 quse
1590 4128 1731 4189 erravitt
1746 4127 1786 4189 Et
1800 4128 1828 4190 si
1851 4126 1988 4190 invenerit

457 4223 686 4288 evidentiorem
701 4222 809 4304 gaudii
827 4221 1127 4289 manifestationem.
1141 4244 1204 4305 qua
1219 4225 1244 4288 b
1258 4245 1340 4291 eam.
1351 4225 1466 4306 gaudet
1481 4243 1662 4306 supeream
1679 4226 1781 4306 magis
1796 4245 1893 4307 quarn
1908 4244 1988 4306 super

456 4341 491 4386 se
511 4321 653 4386 Christus
675 4322 715 4385 de
737 4321 903 4385 hominnm
924 4320 1097 4384 salvatione
1117 4322 1203 4386 laeta·
1259 4325 1430 4404 nonaginta
1445 4341 1560 4386 novem
1577 4343 1648 4405 quae
1663 4341 1726 4386 nou
1742 4325 1989 4387 erraveruntlta·

457 4421 484 4484 ri
508 4421 646 4484 tetendit
673 4437 681 4482 ε
708 4419 844 4502 quiade
869 4419 1046 4501 peccatoris
1074 4439 1204 4482 conver·
1260 4443 1333 4504 que.
1358 4423 1440 4484 sicut
1464 4420 1695 4504 paterfamilias
1720 4421 1794 4504 plus
1819 4423 1938 4486 laetatur
1957 4421 1988 4482 de

455 4519 544 4582 sione
569 4527 616 4580 est
639 4517 669 4581 ei
693 4517 842 4599 specialis
865 4535 903 4578 ac
928 4516 1096 4599 multiplex
1123 4519 1203 4580 ratio
1259 4541 1322 4583 una
1342 4539 1401 4582 ove
1424 4529 1494 4601 post
1516 4521 1729 4602 perditionem
1739 4522 1894 4596 inventa,
1908 4539 1988 4604 quarn

454 4615 622 4698 gloriandi.
643 4615 758 4678 Primo.
779 4615 931 4696 qnoniam
952 4615 1030 4677 dum
1056 4625 1203 4697 peccator
1258 4621 1298 4680 de
1323 4617 1456 4699 reliquis
1480 4618 1606 4678 cunctis
1629 4637 1700 4699 quae
1730 4637 1794 4681 non
1819 4623 1988 4682 erraverunt

455 4713 663 4778 convertitur.
679 4715 718 4776 de
735 4714 878 4796 periculo
896 4715 1034 4796 graviori
1054 4716 1199 4796 eripitur.
1257 4724 1335 4796 (non
1355 4716 1440 4798 quod
1463 4715 1551 4777 illam
1575 4715 1648 4797 plus
1670 4715 1782 4796 diligat
1803 4737 1900 4799 qoam
1922 4725 1988 4778 cete·

456 4811 741 4876 Consuetissirnuru
756 4812 843 4874 enirn
860 4821 906 4874 est
924 4821 956 4874 nt
973 4815 1013 4875 de
1028 4831 1067 4875 eo
1081 4815 1201 4894 specia-
1259 4836 1308 4878 ras
1332 4833 1456 4877 onmes.
1480 4814 1536 4876 sed
1560 4814 1638 4896 quia
1659 4815 1699 4876 de
1723 4814 1795 4895 ejus
1821 4815 1988 4878 inventione

457 4911 529 4974 liter
543 4919 572 4972 et
588 4909 822 4993 quolarnmodo
836 4911 976 4993 amplius
993 4912 1200 4979 exsultemus.
1258 4915 1403 4996 quadam
1423 4913 1572 4994 specialis
1585 4931 1623 4974 ac
1639 4931 1751 4975 recens
1767 4914 1939 4976 consolatio
1953 4912 1988 4971 in-

456 5029 554 5092 qnern
575 5007 615 5071 de
636 5009 748 5088 rrrajttri
774 5008 917 5090 periente
935 5010 1004 5071 eriri
1027 5011 1201 5076 intuemur.
1258 5013 1400 5074 nascitur
1424 5011 1466 5074 ei.
1489 5011 1594 5092 primo
1617 5011 1773 5093 quoniam
1798 5029 1893 5074 ovem
1916 5009 1988 5070 illam

457 5105 767 5188 qtrarnvisabsolute
783 5106 1034 5188 loqrrernlo.eurn
1051 5127 1114 5169 rivin
1131 5108 1203 5189 plns
1260 5111 1359 5189 tnagis
1381 5111 1571 5172 considerat.
1592 5110 1733 5172 seeundo
1756 5111 1910 5191 quoniam
1932 5125 1988 5189 pro-

457 5225 554 5290 quam
570 5213 692 5268 eeteros
706 5205 885 5284 diligentus.
903 5207 1060 5270 Steeundo.
1077 5208 1152 5288 qnia
1171 5207 1201 5268 iu
1259 5219 1329 5289 pter
1348 5209 1580 5288 precedentem
1599 5208 1639 5269 de
1659 5208 1730 5288 ejus
1751 5207 1928 5289 perditione
1945 5203 1988 5265 tri-

458 5303 634 5390 pnnvatoris
662 5303 869 5368 conversione
899 5303 1116 5367 miseriornlia
1146 5305 1201 5368 [tei
1258 5305 1544 5386 stitiam.gaudium
1558 5324 1599 5366 ex
1613 5305 1684 5385 ejus
1700 5305 1887 5369 inventione
1901 5311 1988 5368 ortum
