4140 6258
328 521 475 570 neuturus
497 521 529 568 rx
549 520 622 568 ross
642 517 837 567 rammam.
858 536 899 550 -
919 518 961 566 sn
980 517 1176 582 asarerosos3
1199 519 1297 566 annno
1317 517 1455 576 numios
1612 496 1674 563 329

137 695 230 761 solum
245 699 300 757 aut
314 693 534 777 principaliter
548 693 580 756 in
597 700 751 776 quantum
767 690 869 755 bonus
884 689 911 754 A
925 689 1001 774 quia
1016 697 1052 753 ut
1066 689 1110 754 ait
1125 690 1378 775 chrysostomus,
1395 689 1454 753 Pro
1467 695 1586 772 quanta
1601 708 1671 772 par·

137 801 179 858 est
192 792 259 868 sibi,
275 811 333 855 seu
348 799 478 876 propter
492 789 651 856 beneficia
670 808 738 864 sua,
755 796 791 853 ut
807 788 869 852 sihi
926 795 956 853 te
980 805 1035 852 cor
1058 797 1150 852 tuum
1175 787 1272 852 fuerit
1291 790 1331 853 ad
1354 787 1495 871 aliquam
1517 805 1597 863 rem,
1614 805 1672 870 pro

136 890 346 970 accommodem
362 890 422 953 iste
442 907 506 952 non
525 908 600 953 vere
619 908 678 952 nec
698 887 870 972 spirituali·
924 895 1011 952 tante
1032 887 1138 951 minus
1158 894 1207 951 est
1220 888 1260 950 ad
1275 889 1387 961 Deum,
1404 886 1564 962 videlicet,
1580 886 1608 948 si
1626 885 1672 950 af-

137 999 179 1054 ter
204 990 301 1052 lleum
330 988 488 1071 diligeret,
518 988 573 1052 sed
605 986 724 1050 coleret
755 993 869 1050 semet·
924 986 1020 1050 factio
1042 987 1097 1050 illa
1117 987 1156 1050 ad
1176 994 1353 1050 creaturam
1375 1003 1439 1050 non
1459 992 1596 1068 ponatur
1611 985 1671 1048 sub

137 1089 231 1172 ipsum
252 1093 284 1150 et
305 1095 389 1150 esset
413 1085 504 1170 quasi
527 1085 693 1148 idololatra
714 1085 775 1160 sui,
792 1101 869 1168 quo·
923 1085 1035 1150 ordine
1057 1085 1159 1149 divini
1180 1085 1307 1148 amoris.
1324 1084 1456 1158 ldcireo,
1473 1083 1499 1146 si
1521 1082 1613 1146 nohis
1638 1083 1670 1146 in

137 1188 213 1250 niam
233 1185 304 1269 plus
325 1193 446 1248 amaret
465 1193 497 1248 et
517 1185 690 1248 honoraret
706 1203 740 1247 se
763 1184 869 1266 ipsum
925 1184 1034 1249 divino
1056 1182 1171 1248 Officio
1190 1183 1365 1266 occupatis,
1381 1189 1413 1246 et
1434 1181 1478 1245 ibi
1501 1180 1582 1245 forte
1606 1200 1671 1264 praa

136 1303 221 1368 quam
237 1283 387 1358 [leumet
402 1281 567 1366 preferret
581 1301 614 1344 se
630 1283 747 1356 lieo,se
762 1281 869 1364 ipsum
925 1281 1018 1346 solito
1034 1281 1252 1344 laborantibus
1271 1300 1308 1345 ac
1328 1279 1461 1354 lassatis,
1478 1278 1608 1342 suborta
1623 1279 1671 1341 fu-

136 1383 243 1446 faciens
261 1382 324 1444 sihi
339 1381 440 1444 finem
455 1387 488 1445 et
502 1381 601 1444 ileum
617 1380 707 1464 quasi
726 1380 868 1443 medium
925 1381 986 1443 erit
1013 1379 1120 1463 aliqua
1148 1379 1296 1461 cogitatio
1322 1379 1362 1442 de
1386 1378 1470 1440 lauta
1499 1374 1671 1440 refectione

133 1483 167 1544 ad
181 1500 212 1544 sa
226 1481 444 1563 ipsum,atque
459 1498 517 1562 per
531 1479 592 1542 hoe
604 1478 668 1542 lleo
683 1485 775 1542 utens
789 1485 869 1540 etse
924 1477 1080 1552 habenda,
1105 1479 1145 1542 de
1174 1477 1334 1560 colloquio
1361 1483 1416 1540 aut
1439 1475 1670 1558 spatiamentis,

134 1579 243 1652 fruens,
259 1597 320 1642 nec
342 1580 380 1642 ad
406 1578 507 1642 mum
531 1595 565 1640 se
590 1575 732 1642 referens
755 1594 762 1640 :
784 1577 869 1659 quod
925 1583 960 1639 ut
983 1577 1029 1639 sic
1058 1595 1097 1639 ex
1125 1576 1238 1638 talium
1262 1574 1526 1648 consideratione,
1551 1572 1670 1636 affeetu

132 1686 225 1741 totum
248 1695 436 1760 perversum
461 1682 545 1739 esset
567 1695 604 1738 ac
634 1693 763 1758 prorsus
791 1693 869 1758 pra-
924 1681 956 1738 et
979 1693 1036 1758 spe
1061 1674 1263 1738 consolemur
1288 1681 1383 1756 atque
1413 1673 1591 1736 inordinate
1619 1672 1671 1735 de·

133 1784 296 1860 posterum.
313 1775 435 1838 Idcirco
453 1791 512 1837 nos
534 1775 620 1858 ipsos
641 1781 673 1836 et
695 1773 803 1837 omnia
824 1791 869 1835 sa·
925 1773 1090 1847 laetemur,
1117 1790 1190 1836 mox
1219 1791 1293 1835 curn
1321 1779 1429 1834 sancta
1453 1770 1671 1853 indignatione

133 1875 256 1957 pienter,
274 1873 458 1956 frequenter
472 1879 504 1936 et
523 1880 614 1936 caute
634 1871 810 1936 referamus
829 1871 868 1934 ad
887 1871 1114 1952 Bahjiciamus
1132 1871 1171 1934 de
1190 1871 1285 1935 corde
1302 1869 1561 1952 imaginationem
1583 1867 1670 1931 vilis·

133 1975 223 2036 lleum
241 1979 273 2035 et
293 1973 332 2035 ad
351 1972 422 2053 ejus
442 1973 606 2046 honorem,
623 1971 706 2034 sicut
724 1972 763 2034 ad
783 1990 869 2033 sum·
924 1971 1050 2044 simam,
1066 1989 1126 2034 nec
1140 1969 1320 2053 spiritualia
1333 1970 1371 2032 ad
1393 1967 1570 2051 corporalia
1591 1966 1671 2030 refe-

132 2091 212 2133 mum
234 2088 271 2134 ac
297 2069 448 2132 ultimum
475 2068 587 2144 finem,
608 2069 667 2133 hoc
691 2087 816 2132 summe
838 2075 869 2130 et
923 2087 1040 2132 ramus.

131 2168 261 2232 finaliter
275 2168 467 2250 appetendo,
480 2176 513 2230 ut
530 2169 611 2231 Deus
624 2167 792 2249 gloriosus,
804 2183 869 2230 om·
963 2168 1126 2242 Praeterea,
1145 2175 1252 2231 monet
1265 2166 1434 2249 Apostolus
1454 2183 1494 2228 ne
1509 2164 1668 2229 Christum
1687 2185 1812 2236 traaas.

130 2269 270 2349 nipotens
293 2275 325 2329 et
348 2265 493 2329 excelsus
517 2267 689 2330 honoretur
713 2266 746 2328 in
767 2265 869 2328 omni·
924 2273 1095 2340 tentemus,
1114 2265 1286 2348 quaerendo
1306 2265 1563 2346 experimentum
1588 2263 1670 2345 sapi·

131 2365 324 2428 busanohis
344 2365 538 2428 etaceteris
555 2364 734 2444 universis;
751 2363 871 2446 ipsum·
924 2363 1017 2426 entire
1046 2382 1102 2428 seu
1134 2363 1373 2446 omnipotentie
1402 2361 1472 2444 ejus
1501 2381 1508 2426 :
1537 2361 1602 2424 imo
1632 2362 1670 2425 de

130 2483 186 2546 que
200 2464 300 2526 ileum
315 2463 421 2546 primo
438 2471 470 2526 et
486 2462 706 2546 principaliter
721 2462 762 2526 ob
778 2481 868 2526 suam
925 2461 1136 2544 providentia,
1157 2461 1309 2536 bonitate,
1327 2459 1560 2543 omnipotentia
1578 2466 1611 2522 ct
1632 2459 1669 2522 fi-

131 2581 234 2643 puram
258 2569 290 2625 et
316 2561 478 2625 inlinitum
503 2561 677 2625 bonitatem
702 2562 869 2624 sinceriter
925 2559 1054 2624 delitate
1079 2561 1180 2643 ipsius
1204 2560 1305 2623 simus
1329 2558 1510 2622 certissimi.
1535 2558 1672 2640 Ideoque

130 2659 300 2742 diligamus.
924 2677 1052 2740 semper
1072 2661 1202 2740 agamds
1225 2658 1341 2721 melius
1361 2665 1506 2720 nostrum
1531 2663 1563 2720 et
1587 2656 1672 2739 quod

17 2777 116 2828 ream.
164 2757 318 2841 Amplius,
342 2766 450 2820 monet
473 2757 643 2840 Apostolus
667 2775 708 2820 ne
732 2757 867 2820 fornice·
925 2756 957 2819 in
979 2756 1094 2819 nostris
1110 2763 1158 2820 est
1173 2755 1307 2830 viribus,
1325 2756 1431 2838 ipsum
1449 2755 1568 2836 jugiter
1585 2755 1672 2818 invo-

130 2874 201 2918 mur.
218 2857 306 2930 Quod
327 2873 438 2918 rursus
458 2855 484 2918 si
506 2857 545 2919 de
561 2855 717 2938 corporali
733 2855 868 2918 fornica-
924 2861 1042 2929 cantes,
1068 2855 1097 2917 ei
1127 2871 1185 2917 nos
1210 2853 1457 2926 committentes,
1483 2861 1514 2916 et
1539 2853 1572 2914 in
1601 2853 1671 2935 ipso

128 2954 207 3016 tione
222 2953 430 3035 intelligatur,
448 2952 540 3016 nohis
561 2971 624 3016 non
642 2961 788 3035 oportere
803 2952 866 3014 dici
923 2952 1133 3016 immobiliter
1147 2952 1357 3027 confidentes,
1369 2952 1447 3014 certi
1463 2952 1538 3033 quia
1553 2958 1589 3013 ut
1603 2969 1671 3033 pro-

127 3052 225 3114 forsau
241 3071 421 3116 censemus.
440 3051 500 3115 Sed
516 3058 564 3114 est
579 3050 755 3134 spiritualis
771 3049 867 3113 forni·
884 3054 906 3118 (l
923 3057 1056 3113 testatur
1070 3051 1243 3133 Scriptura,
1261 3050 1323 3133 ipsi
1343 3069 1419 3112 cura
1439 3057 1490 3112 est·
1505 3050 1545 3112 de
1565 3049 1668 3124 nohis,
1716 3068 1771 3124 sap.
1788 3083 1817 3119 a,

127 3151 212 3224 catio,
238 3170 311 3234 qum
336 3158 385 3214 est
408 3150 522 3213 vitiosa
547 3149 662 3212 mentis
687 3157 799 3212 creata
828 3149 866 3212 ad
923 3157 954 3212 et
978 3149 1062 3231 quod
1092 3148 1203 3230 diligat
1232 3149 1381 3212 universa
1403 3167 1475 3231 qum
1498 3147 1585 3222 fecit,
1610 3134 1816 3236 nec,⁸},2¹}{:,¹³²

125 3249 238 3312 honum
259 3247 491 3312 commutabile
506 3254 538 3310 et
553 3254 695 3312 creatum
715 3247 865 3322 adhaesio,
922 3248 1083 3329 relinquat
1106 3246 1247 3310 finaliter
1271 3254 1434 3329 sperantes
1459 3246 1492 3309 in
1517 3265 1561 3319 se,
1579 3247 1668 3310 velit·
1683 3225 1817 3328 Sor-,¹135

124 3355 212 3430 atque
236 3347 341 3430 ipsius
366 3365 440 3408 cum
464 3345 592 3410 diaholo
614 3365 711 3428 prava
735 3363 866 3408 consen·
922 3365 985 3428 que
1000 3345 1146 3408 homines
1164 3363 1276 3408 omnes
1294 3344 1418 3408 salvari.
1436 3344 1544 3408 Nihilo
1563 3345 1668 3408 minus
1683 3317 1816 3432 iiiiii}

123 3446 167 3508 sio
186 3453 217 3509 et
235 3445 410 3509 voluntatis
431 3443 625 3508 communio.
650 3444 766 3525 Sioque
784 3462 867 3506 asse·
923 3443 1024 3506 simus
1048 3461 1176 3526 semper
1204 3442 1333 3506 solliciti
1358 3461 1399 3506 ne
1424 3461 1595 3526 peccemus
1605 3460 1624 3522 3,
1638 3450 1670 3506 et

123 3543 161 3606 rit
175 3543 384 3625 Augustinus,
401 3543 486 3625 quod
505 3542 611 3605 omnis
629 3541 736 3605 anima
752 3548 801 3604 est
815 3542 866 3604 vel
922 3541 978 3624 qui
998 3558 1032 3604 se
1052 3541 1084 3604 in
1105 3541 1236 3604 caritate
1255 3549 1287 3604 et
1300 3541 1401 3623 gratia
1420 3549 1502 3603 stare
1522 3540 1667 3616 confidit,

125 3641 234 3705 Christi
256 3659 386 3724 sponsa,
403 3641 433 3704 ei
449 3658 506 3723 per
522 3640 686 3703 caritatem
705 3639 866 3704 adheren-
923 3640 1083 3702 videatne
1102 3659 1141 3703 ex
1161 3639 1319 3703 diabolica
1337 3639 1511 3703 tentatione
1530 3646 1585 3702 aut
1600 3656 1670 3721 pro·

123 3739 170 3815 do,
186 3740 237 3804 vel
256 3739 378 3803 diaboli
397 3739 551 3813 adultera,
567 3739 597 3802 ei
616 3740 650 3801 in
671 3739 777 3821 pravis
793 3755 866 3801 eon·
923 3739 993 3822 pria
1014 3739 1162 3822 passione
1182 3727 1245 3802 seu'
1261 3737 1432 3820 fragilitate
1451 3737 1620 3820 dejiciatur
1638 3747 1670 3801 et

123 3840 295 3903 sentiendo.
330 3837 373 3900 lle
402 3856 466 3920 qua
493 3836 702 3900 fornicatione
730 3836 774 3899 ait
804 3837 867 3900 Deo
923 3845 1033 3921 pereat
1053 3855 1060 3900 :
1084 3838 1159 3921 quia
1179 3837 1211 3900 in
1234 3837 1338 3901 medio
1358 3837 1544 3919 laqueorum
1565 3857 1668 3901 vorsa-

17 3961 109 4008 ..maan
124 3937 274 4020 Propheta
292 3957 300 4001 :
319 3937 401 4000 Eece
419 3935 475 4019 qui
495 3936 645 4018 elongant
665 3953 698 3998 se
713 3954 732 3998 a
746 3941 777 3999 te
796 3953 866 4018 per·
924 3955 1006 4010 mur,
1033 3942 1065 3998 et
1088 3935 1207 3999 diaboli
1231 3942 1382 4017 tanquam
1414 3934 1584 3998 latrunculi
1613 3953 1669 4000 no·

122 4035 228 4116 ibunt3
254 4035 425 4119 perdidisti
447 4052 560 4098 omnes
584 4033 639 4116 qui
668 4032 867 4098 fornicantur
922 4042 1023 4098 strum
1039 4033 1186 4098 obsident
1201 4034 1314 4098 iter.1n
1330 4033 1399 4116 ipso
1415 4051 1542 4116 quoque
1558 4034 1669 4098 mortis

17 4155 107 4203 meua.
120 4133 173 4197 ahs
192 4143 230 4198 te.
249 4135 296 4198 De
311 4153 377 4218 qua
391 4133 527 4196 habetur
543 4133 575 4195 in
590 4133 668 4196 Osee
686 4151 693 4197 :
710 4132 866 4196 Fornicati
921 4133 1057 4198 articulo
1072 4153 1127 4196 seu
1144 4133 1176 4196 in
1192 4135 1343 4197 extremis
1362 4134 1466 4198 adhue
1481 4134 1668 4215 gravissima

121 4241 231 4296 sunta
252 4235 322 4297 Deo
343 4249 410 4295 suo.
432 4231 520 4295 llnde
539 4239 571 4294 et
590 4250 648 4314 per
667 4231 865 4295 Ezechielem
881 4232 906 4296 D
922 4233 1069 4296 imminet
1099 4251 1214 4316 pugna.
1245 4233 1319 4296 Ideo
1347 4231 1458 4294 beatus
1486 4232 1583 4295 homo
1611 4233 1666 4314 qui
1707 4255 1776 4299 eras.

17 4343 106 4403 amaa
119 4332 228 4396 asserit
244 4331 402 4396 Dominus
419 4349 426 4394 ε
444 4330 584 4394 (lontrivi
600 4347 655 4394 cor
674 4348 785 4393 eorum
804 4329 865 4393 for·
922 4351 1050 4415 semper
1071 4340 1119 4395 est
1139 4333 1291 4415 pavidus3
1312 4339 1344 4396 et
1362 4332 1490 4415 sapiens
1513 4333 1545 4394 in
1567 4334 1667 4396 omni·
1681 4323 1810 4428 {lillis

118 4430 225 4493 nicans
241 4437 275 4494 et
291 4429 445 4492 recedens
460 4448 478 4492 a
493 4429 647 4493 mellanc
663 4429 758 4511 igitur
772 4429 866 4492 fomi-
921 4431 981 4494 hus
1005 4432 1127 4494 metuit.
1144 4433 1274 4513 Propter
1293 4431 1378 4514 quod
1399 4449 1478 4494 vana
1498 4431 1667 4496 securitate
1681 4448 1716 4491 ετ.
1811 4416 1818 4436 “

117 4529 328 4604 cationem‚et
342 4545 470 4591 omnem
486 4527 524 4590 ad
540 4546 610 4590 eam
625 4527 863 4610 dispositionem
920 4536 976 4594 aut
990 4530 1184 4612 negligentia
1198 4529 1381 4592 nullatenus
1397 4529 1667 4606 resolvamur,sed

116 4634 145 4688 et
160 4627 402 4691 inchoationem
422 4627 550 4709 penitus
569 4626 741 4707 fugiamus,
759 4634 866 4709 quate·
920 4629 1037 4692 divinae
1052 4627 1273 4691 subventionis
1293 4629 1565 4692 conservationem
1584 4629 1667 4711 jugi-

18 4771 19 4774 ,
115 4746 173 4789 nus
202 4727 330 4790 nullius
361 4731 513 4790 creatura
540 4724 670 4788 affectio
701 4725 865 4789 caritatem
920 4734 969 4790 ter
993 4727 1213 4809 imploremus,
1236 4734 1268 4788 et
1290 4725 1525 4810 omnipotentis
1549 4727 1668 4792 auxilio

114 4833 253 4889 nostram
279 4826 322 4889 ad
348 4825 449 4888 Deum
474 4823 597 4886 minuat
620 4833 677 4888 aut
701 4824 863 4888 retardet:
921 4825 1154 4888 incessabiliter
1176 4825 1360 4888 innitamur.
