4288 6264
428 463 469 528 bt
743 481 891 528 noururcs
913 480 987 529 rosr
1007 480 1219 527 xsunnsrounu
1240 481 1357 528 neuim.
1379 499 1418 509 -
1440 482 1538 528 saeuo
1560 481 1670 528 rnrnus

430 652 522 734 simi;
542 661 575 715 et
597 651 759 715 ambulate
782 652 816 715 in
839 650 1021 726 dilectione,
1042 651 1127 714 siout
1147 659 1179 714 et
1193 653 1219 717 Α
1234 652 1288 715 Dei
1311 651 1425 715 timore
1447 671 1483 715 ac
1503 651 1641 734 proximi
1664 651 1794 714 caritate
1815 658 1880 712 tam
1903 648 1973 711 alie-

430 750 574 814 Christus
590 750 703 814 dilexit
716 767 784 813 uos.
803 750 841 812 Et
856 751 966 832 utique
980 769 1077 833 quam
1097 749 1179 812 desi·
1234 751 1278 826 ni,
1291 758 1326 814 ut
1341 751 1516 834 peregrinis
1533 759 1564 814 et
1579 750 1687 833 egenis
1703 749 1820 813 iaciant
1835 747 1974 811 fraudem

430 848 569 912 deranda
587 857 620 911 et
638 850 853 914 conservanda
872 848 965 911 nobls
985 857 1034 911 est
1053 849 1177 921 caritas,
1235 849 1266 911 in
1285 850 1451 912 vendendo
1473 857 1684 932 sumptusque
1710 846 1932 930 computando.
1953 847 1973 909 0

429 955 494 1009 tam
511 948 694 1010 detestanda
712 966 749 1009 ac
770 946 920 1028 fugienda
938 955 986 1009 est
1006 947 1098 1009 nobis
1115 966 1179 1009 ma·
1234 967 1330 1029 quam
1350 949 1456 1011 vitiosi
1477 957 1551 1010 sunt
1573 948 1646 1010 istil
1667 946 1791 1009 Habent
1809 944 1895 1008 enim
1915 945 1974 1006 ani·
1986 964 2074 1012 uerno.

429 1045 545 1108 ledicta
567 1046 697 1120 invidia,
718 1065 788 1128 quar
811 1053 859 1107 est
881 1045 999 1108 diaboli
1023 1046 1127 1128 proles
1147 1053 1179 1107 et
1234 1065 1301 1108 mas
1320 1065 1393 1108 suas
1408 1045 1548 1120 venales,
1565 1054 1596 1108 ct
1610 1045 1738 1108 diabolo
1754 1045 1897 1107 vendunt
1914 1061 1971 1105 eas.

429 1144 573 1207 omnium
596 1162 681 1209 mors
701 1144 866 1207 virtutum.
884 1145 979 1207 Porro
998 1144 1179 1207 desiderari·
1272 1144 1424 1207 Praeterea
1444 1143 1667 1226 unusquisque
1689 1142 1772 1204 dona
1793 1141 1854 1203 sibi
1877 1159 1895 1203 a
1916 1141 1974 1203 Deo

428 1243 467 1305 da
482 1261 609 1327 semper
625 1251 673 1307 est
687 1243 809 1318 caritas,
818 1243 969 1325 quoniam
982 1243 1087 1326 operit
1102 1243 1179 1305 mul·
1234 1260 1384 1305 concessa
1402 1243 1510 1323 gratis,
1527 1250 1559 1304 et
1578 1241 1741 1304 caritative
1760 1249 1792 1302 ct
1807 1239 1975 1303 liberaliter

426 1341 595 1405 titudinem
610 1350 820 1424 peccatorum.
829 1341 948 1404 Caritas
964 1360 1103 1423 namque
1118 1358 1179 1403 mo
1234 1342 1300 1404 suis
1320 1341 1536 1405 communicet
1554 1340 1709 1423 proximis
1728 1359 1801 1402 cum
1822 1339 1910 1402 omni
1925 1338 1977 1399 hu·

427 1447 480 1503 vet
503 1447 535 1502 et
559 1439 671 1502 incitat
695 1439 860 1502 hominem
883 1440 923 1502 ad
948 1439 1176 1521 ignoscendum
1234 1439 1368 1502 militate
1383 1447 1415 1503 et
1429 1447 1515 1502 reeta
1530 1439 1716 1513 intentione,
1733 1445 1769 1499 ut
1783 1439 1809 1500 si
1825 1437 1902 1519 quid
1918 1455 1976 1498 me

426 1537 573 1618 proximo
595 1555 653 1600 suo
675 1544 707 1600 et
727 1538 766 1598 ad
787 1537 1024 1619 deprecandum
1045 1555 1104 1619 pro
1123 1547 1176 1616 eo‘;
1234 1538 1295 1600 lius
1319 1538 1419 1612 novit,
1443 1538 1469 1600 si
1494 1538 1571 1620 quid
1595 1536 1734 1619 amplius
1759 1542 1873 1619 potest,
1896 1535 1922 1597 si
1947 1535 1976 1596 in

426 1641 459 1697 et
480 1634 553 1717 plus
577 1635 663 1698 dolet
683 1635 722 1697 de
745 1635 884 1718 proximi
906 1635 1000 1718 culpa
1022 1636 1177 1717 quamde
1233 1636 1405 1699 virtutihus
1426 1636 1499 1719 plus
1520 1635 1670 1708 abundat,
1688 1635 1849 1717 proximos
1870 1633 1977 1696 exhor·

427 1733 545 1813 injuria
567 1734 706 1816 propria,
725 1734 863 1796 maxime
884 1751 960 1796 vero
982 1734 1021 1796 de
1046 1732 1177 1796 inhono-
1233 1741 1328 1809 tetur,
1349 1733 1510 1808 informet,
1531 1733 1701 1816 corripiat3
1719 1740 1751 1794 et
1770 1731 1851 1795 sicut
1874 1731 1977 1812 ipsea

427 1831 548 1894 ratione
567 1833 623 1894 llci
644 1839 676 1894 et
695 1831 765 1913 ejus
785 1831 918 1894 oflensa.
937 1832 998 1895 Sed
1019 1831 1103 1893 sicut
1120 1831 1212 1895 110-ss
1234 1834 1298 1894 Deo
1313 1831 1563 1895 misericordiam
1581 1837 1771 1893 consecutus
1786 1837 1844 1904 est,
1861 1829 1908 1891 sie
1925 1829 1977 1890 mi-

427 1947 479 1994 mo
494 1949 528 1993 se
544 1930 640 1992 habet
661 1931 745 1992 circa
764 1930 926 2012 proximos
948 1948 1033 2004 suos,
1051 1930 1094 1992 ita
1111 1949 1175 1992 mc·
1233 1931 1438 1994 sericordiam
1461 1929 1615 2012 proximis
1637 1929 1704 1991 suis
1727 1929 1890 2011 impendat
1912 1936 1976 1990 eta

426 2036 525 2104 retur,
547 2035 579 2091 et
603 2029 736 2110 dignum
763 2035 822 2103 est,
843 2038 879 2090 ut
902 2028 988 2091 circa
1012 2028 1119 2111 ipsum
1143 2047 1177 2090 se
1232 2031 1297 2092 Deo
1323 2029 1466 2113 impendi
1495 2035 1651 2111 peroptet.
1677 2027 1773 2090 Valde
1803 2027 1977 2110 complacet

426 2126 541 2189 habeat
560 2126 665 2205 Daus3
687 2127 771 2188 sicut
790 2134 822 2189 et
846 2126 990 2190 Christus
1014 2132 1174 2188 testatur:
1232 2129 1306 2203 Deo,
1329 2127 1445 2190 habere
1464 2145 1518 2189 cor
1538 2127 1664 2208 pietatis
1685 2124 1863 2188 visceribus
1885 2123 1976 2187 alllu-

426 2225 492 2298 Qua
516 2243 666 2288 mensura
696 2225 799 2287 mensi
828 2224 964 2298 lueritiS,
991 2224 1177 2287 remetietur
1231 2246 1299 2300 ens,
1316 2227 1505 2289 liberalitate
1521 2234 1553 2287 et
1568 2225 1697 2287 caritate
1712 2223 1896 2302 abundaus;
1912 2223 1977 2285 tali·

426 2321 527 2386 vobis.
545 2323 818 2397 Quemadmodum
838 2341 914 2404 ergo
936 2341 994 2405 per
1013 2323 1176 2384 caritatem
1230 2345 1293 2407 que
1316 2325 1438 2388 homini
1458 2326 1540 2387 Deus
1563 2323 1692 2405 copiosa
1714 2323 1847 2404 largitur
1866 2323 1976 2404 gratia-

426 2423 522 2485 homo
538 2421 682 2503 indulget
701 2420 944 2502 injuriatoribus
963 2421 1041 2496 suis,
1058 2422 1102 2483 ita
1120 2441 1177 2503 per
1231 2444 1302 2486 rum
1331 2424 1530 2487 charismata.
1558 2423 1722 2505 Siquidem
1752 2422 1835 2484 siout
1862 2421 1916 2483 ille
1945 2440 1976 2484 se

426 2521 590 2584 ceritatem
613 2520 758 2584 eamdem
783 2527 924 2582 meretur
944 2527 980 2581 ut
1005 2517 1089 2582 Deus
1114 2519 1175 2583 sibi
1230 2523 1326 2586 habet
1340 2525 1425 2586 circa
1444 2523 1606 2606 proximos
1626 2539 1710 2596 suos,
1729 2522 1771 2584 ita
1790 2529 1821 2583 et
1842 2522 1924 2584 Deus
1944 2540 1976 2583 se

425 2620 598 2701 indulgeat,
614 2627 646 2682 et
661 2627 791 2701 peccata
805 2618 875 2700 ejus
891 2619 1025 2701 operiat,
1037 2619 1099 2682 hoc
1115 2627 1173 2694 est,
1228 2622 1325 2685 habet
1346 2623 1431 2685 eirca
1455 2622 1556 2684 illum.

425 2717 464 2780 ad
487 2718 686 2801 puniendum
710 2736 774 2781 non
798 2718 913 2781 videat.
935 2719 1008 2782 ldeo
1031 2718 1175 2782 Christos
1268 2722 1440 2796 Postremo,
1458 2740 1558 2802 quum
1573 2720 1734 2802 apostolus
1750 2719 1865 2783 Paulus
1881 2718 1976 2782 dixis-

278 2839 411 2892 uucarar.
425 2817 470 2879 ait
486 2834 493 2879 :
511 2817 677 2892 Dimittite,
693 2825 725 2880 et
740 2816 956 2880 dimittemini.
1228 2829 1286 2893 set,
1310 2820 1561 2902 Hospitalitatem
1586 2819 1684 2881 nolite
1709 2817 1869 2892 oblivisci,
1891 2818 1976 2898 adje-
1998 2835 2084 2879 aean.

464 2915 622 2998 Amplius,
632 2916 723 2997 juxta
738 2915 902 2997 praesentis
918 2915 1094 2978 doctrinam
1111 2916 1175 2997 epi·
1228 2920 1272 2981 cit
1294 2937 1300 2980 :
1322 2919 1380 2981 Per
1405 2918 1485 2980 hanc
1508 2918 1594 2980 enim
1619 2917 1808 3000 placuerunt
1832 2916 1973 2999 quidam,
1988 2901 2006 2942 ²·

425 3013 523 3089 stolae,
540 3013 658 3078 debent
680 3013 850 3077 Christiani
875 3014 1047 3096 hospitales
1071 3015 1172 3077 consi·
1188 3021 1209 3084 C
1227 3016 1348 3098 angelis
1364 3017 1501 3099 hospitio
1516 3016 1682 3098 susceptis.
1696 3015 1794 3096 Cujus
1809 3015 1898 3078 verbi
1915 3015 1973 3077 iste

425 3121 518 3188 stcre,
539 3120 571 3175 et
596 3112 756 3176 Christum
781 3112 814 3174 in
839 3113 905 3174 suis
932 3112 1094 3186 membris
1111 3113 1171 3174 hoc
1227 3125 1275 3179 est
1299 3135 1422 3190 sensus,
1446 3115 1521 3197 quia
1543 3116 1625 3177 sicut
1649 3115 1681 3176 in
1707 3113 1821 3178 Genesi
1846 3113 1971 3195 legitur,
1999 3127 2102 3182 casui

425 3219 472 3274 est
501 3211 677 3294 peregrinis
701 3211 971 3293 pauperibusque,
997 3211 1169 3293 suscipere.
1226 3214 1384 3277 Abraham
1405 3212 1593 3296 patriarcha,
1610 3213 1665 3294 qui
1684 3211 1746 3274 luit
1764 3211 1973 3295 hospitalitati
1986 3215 2022 3247 ¹¹²

424 3311 494 3392 lpse
510 3310 628 3373 etenim
649 3310 716 3372 ait:
734 3309 854 3393 Hospes
875 3309 932 3382 lui,
949 3317 981 3372 et
1000 3310 1171 3391 collegistis
1226 3314 1318 3376 valde
1343 3313 1492 3386 intentus,
1509 3312 1585 3374 dum
1608 3311 1745 3392 quadam
1767 3310 1819 3372 die
1841 3310 1975 3374 sedisset

305 3415 311 3428 ·
425 3426 486 3470 me.
503 3407 581 3470 Nam
597 3407 681 3489 quod
697 3414 826 3490 propter
841 3425 915 3468 eum
932 3406 997 3468 suis
1014 3407 1170 3488 impendi·
1227 3411 1259 3473 in
1275 3412 1356 3474 ostio
1371 3409 1567 3473 tabernaculi
1587 3409 1648 3482 sui,
1665 3408 1745 3472 vidit
1765 3415 1829 3470 tres
1844 3427 1974 3471 venera·

424 3514 476 3569 tur
501 3505 665 3579 membris,
682 3513 745 3567 tam
769 3513 936 3588 acceptum
957 3513 1005 3567 est
1028 3507 1057 3566 ei
1082 3524 1119 3568 ac
1144 3506 1171 3568 si
1226 3509 1308 3572 biles
1324 3528 1485 3592 personas
1499 3527 1577 3589 quas
1593 3507 1738 3570 homines
1754 3525 1823 3570 esse
1839 3509 1974 3590 putavit,

423 3624 489 3667 suae
509 3603 714 3667 exhiberetur
728 3623 881 3686 personae.
900 3603 1069 3667 Christiani
1085 3623 1171 3666 nam·
1227 3609 1430 3690 occurritque
1451 3607 1508 3680 eis,
1526 3625 1638 3688 rogans
1654 3613 1690 3667 ut
1708 3606 1747 3668 ad
1767 3625 1861 3668 suum
1877 3605 1979 3668 declie

423 3721 486 3786 quc
501 3702 539 3765 ed
555 3703 682 3785 pictatis
697 3721 794 3785 opera
808 3702 1012 3785 potissimum
1031 3702 1172 3785 ohligan·
1226 3716 1339 3769 nerent
1359 3705 1553 3789 hospitium3
1570 3712 1602 3767 et
1627 3705 1757 3766 luerunt
1781 3712 1845 3767 tres
1869 3705 1974 3786 angeli

421 3809 485 3876 tur,
515 3819 573 3883 pro
602 3819 695 3884 posse
725 3819 783 3864 suo
810 3801 944 3881 agendo.
974 3800 1038 3863 Nec
1067 3802 1170 3865 solum
1227 3806 1259 3868 in
1282 3806 1421 3867 humana
1443 3803 1550 3886 specie
1573 3810 1773 3884 apparentes,
1790 3809 1822 3865 ct
1845 3804 1977 3866 transie-

422 3900 540 3963 debent
554 3901 802 3984 eleemosynam,
819 3900 879 3962 hoo
895 3908 944 3962 est
957 3900 1078 3982 aliquid
1093 3901 1168 3976 cibi,
1227 3912 1301 3966 runt
1325 3923 1398 3965 oum
1420 3901 1579 3965 Abraham
1603 3901 1641 3963 ad
1666 3920 1761 3962 suum
1786 3901 1973 3983 hospitium.

421 3999 507 4073 dare,
524 4000 578 4061 sed
595 4006 626 4061 et
641 4006 746 4061 cetera
762 3997 989 4061 misericordiae
1008 4016 1103 4080 opera
1119 4018 1172 4062 ex·
1226 4002 1346 4065 Deinde
1371 4001 1433 4063 duo
1458 3998 1562 4080 angeli
1586 4017 1625 4061 cx
1649 3999 1724 4074 illis,
1743 3999 1855 4062 relicto
1879 3999 1977 4063 Abra-

422 4115 541 4170 ereere,
557 4096 706 4160 videlieet
725 4097 826 4160 nudos
843 4096 969 4170 vestire,
986 4098 1170 4179 peregrinos
1226 4101 1311 4175 ham,
1329 4099 1463 4181 ingressi
1486 4105 1560 4160 sunt
1582 4097 1768 4177 Sodomam;
1783 4104 1816 4160 et
1838 4097 1882 4159 ibi
1905 4097 1974 4174 Lot,

422 4202 454 4258 et
469 4214 625 4277 pauperes
640 4195 805 4277 hospitari,
822 4204 895 4269 etc,
912 4202 944 4257 et
959 4195 1112 4277 proximis
1128 4195 1170 4258 la·
1185 4199 1210 4260 D
1226 4216 1325 4280 nepos
1341 4196 1483 4270 Abrahae,
1494 4196 1618 4279 accepit
1632 4214 1685 4258 eos
1701 4195 1975 4279 hospitio,putans

423 4311 494 4355 cere
524 4300 560 4354 ut
583 4291 645 4354 sibi
669 4291 742 4354 lieri
767 4291 897 4366 vellent,
923 4293 950 4353 si
980 4292 1167 4374 indigerent.
1225 4295 1471 4379 quodhomines
1487 4293 1864 4376 essent.Unde,quoniam
1879 4294 1976 4356 Abra·

423 4390 494 4464 Sed,
516 4390 599 4452 heut
618 4389 710 4472 pauci
735 4389 796 4451 boc
822 4389 966 4471 implent.
985 4390 1052 4453 lmo
1076 4391 1169 4452 multi
1226 4396 1299 4457 ham
1315 4403 1346 4456 at
1361 4394 1418 4456 Lot
1434 4392 1605 4475 hospitales
1626 4391 1766 4466 luerunt,
1782 4393 1886 4473 angeli
1901 4411 1974 4455 san-

423 4497 488 4550 tam
509 4488 595 4550 avari
618 4494 713 4569 atque
737 4487 846 4568 injusti
869 4495 953 4562 sunt,
971 4496 1003 4550 et
1022 4488 1061 4550 ab
1081 4489 1170 4551 omni
1226 4493 1268 4555 cti
1290 4493 1328 4555 ad
1351 4511 1404 4555 eos
1426 4493 1583 4554 divertere
1606 4491 1828 4572 dignabantur.
