<?xml version="1.0" encoding="UTF-8"?>
<!DOCTYPE html PUBLIC "-//W3C//DTD XHTML 1.0 Transitional//EN"
    "http://www.w3.org/TR/xhtml1/DTD/xhtml1-transitional.dtd">
<html xmlns="http://www.w3.org/1999/xhtml" xml:lang="en" lang="en">
 <head>
  <title>
</title>
<meta http-equiv="Content-Type" content="text/html;charset=utf-8" />
  <meta name='ocr-system' content='tesseract 3.04.00' />
  <meta name='ocr-capabilities' content='ocr_page ocr_carea ocr_par ocr_line ocrx_word'/>
</head>
<body>
  <div class='ocr_page' id='page_1' title='image "./doctorisecstati01unkngoog_0486.png"; bbox 0 0 4154 6258; ppageno 0'>
   <div class='ocr_carea' id='block_1_1' title="bbox 329 477 1669 561">
    <p class='ocr_par' dir='ltr' id='par_1_1' title="bbox 329 477 1669 561">
     <span class='ocr_line' id='line_1_1' title="bbox 329 477 1669 561; baseline 0.003 -23"><span class='ocrx_word' id='word_1_1' title='bbox 329 489 478 540; x_wconf 72' lang='lat' dir='ltr'><strong>normias</strong></span> <span class='ocrx_word' id='word_1_2' title='bbox 498 493 539 540; x_wconf 85' lang='lat' dir='ltr'><strong>xv</strong></span> <span class='ocrx_word' id='word_1_3' title='bbox 560 493 634 540; x_wconf 85' lang='lat' dir='ltr'><strong>rosr</strong></span> <span class='ocrx_word' id='word_1_4' title='bbox 653 492 848 540; x_wconf 80' lang='lat' dir='ltr'><strong>mmmarru.</strong></span> <span class='ocrx_word' id='word_1_5' title='bbox 869 511 909 523; x_wconf 92' lang='lat'><strong>—</strong></span> <span class='ocrx_word' id='word_1_6' title='bbox 929 493 972 540; x_wconf 83' lang='lat' dir='ltr'><strong>an</strong></span> <span class='ocrx_word' id='word_1_7' title='bbox 991 494 1165 544; x_wconf 83' lang='lat' dir='ltr'><strong>nnnrcrosos</strong></span> <span class='ocrx_word' id='word_1_8' title='bbox 1176 497 1186 561; x_wconf 90' lang='lat'>;</span> <span class='ocrx_word' id='word_1_9' title='bbox 1207 497 1307 546; x_wconf 75' lang='lat' dir='ltr'><strong>sunno</strong></span> <span class='ocrx_word' id='word_1_10' title='bbox 1327 498 1464 555; x_wconf 79' lang='lat' dir='ltr'><strong>ousnrus</strong></span> <span class='ocrx_word' id='word_1_11' title='bbox 1609 477 1669 542; x_wconf 76' lang='lat' dir='ltr'><strong>illd</strong></span> 
     </span>
    </p>
   </div>
   <div class='ocr_carea' id='block_1_2' title="bbox 7 661 1820 3894">
    <p class='ocr_par' dir='ltr' id='par_1_2' title="bbox 7 661 1813 752">
     <span class='ocr_line' id='line_1_2' title="bbox 7 661 1813 752; baseline 0.003 -28"><span class='ocrx_word' id='word_1_12' title='bbox 7 678 105 728; x_wconf 65' lang='lat' dir='ltr'><strong>aaran</strong></span> <span class='ocrx_word' id='word_1_13' title='bbox 120 679 173 734; x_wconf 91' lang='lat' dir='ltr'><strong>na,</strong></span> <span class='ocrx_word' id='word_1_14' title='bbox 203 661 242 724; x_wconf 89' lang='lat' dir='ltr'><strong>de</strong></span> <span class='ocrx_word' id='word_1_15' title='bbox 266 681 330 745; x_wconf 89' lang='lat' dir='ltr'><strong>qua</strong></span> <span class='ocrx_word' id='word_1_16' title='bbox 353 663 393 726; x_wconf 91' lang='lat' dir='ltr'><strong>ad</strong></span> <span class='ocrx_word' id='word_1_17' title='bbox 419 662 567 728; x_wconf 82' lang='lat' dir='ltr'><strong>Hebraeos</strong></span> <span class='ocrx_word' id='word_1_18' title='bbox 596 663 699 727; x_wconf 87' lang='lat' dir='ltr'><strong>fertur</strong></span> <span class='ocrx_word' id='word_1_19' title='bbox 725 683 732 728; x_wconf 93' lang='lat'><strong>:</strong></span> <span class='ocrx_word' id='word_1_20' title='bbox 759 663 866 728; x_wconf 87' lang='lat' dir='ltr'><strong>Consi·</strong></span> <span class='ocrx_word' id='word_1_21' title='bbox 881 663 906 727; x_wconf 99' lang='lat' dir='ltr'><strong>A</strong></span> <span class='ocrx_word' id='word_1_22' title='bbox 922 673 971 728; x_wconf 92' lang='lat' dir='ltr'><strong>ter</strong></span> <span class='ocrx_word' id='word_1_23' title='bbox 994 672 1188 730; x_wconf 88' lang='lat' dir='ltr'><strong>contestatur</strong></span> <span class='ocrx_word' id='word_1_24' title='bbox 1213 687 1220 730; x_wconf 92' lang='lat'>:</span> <span class='ocrx_word' id='word_1_25' title='bbox 1247 669 1384 752; x_wconf 89' lang='lat' dir='ltr'><strong>Spiritus</strong></span> <span class='ocrx_word' id='word_1_26' title='bbox 1407 667 1508 731; x_wconf 92' lang='lat' dir='ltr'><strong>tristis</strong></span> <span class='ocrx_word' id='word_1_27' title='bbox 1530 667 1668 730; x_wconf 81' lang='lat' dir='ltr'><strong>exsiccat</strong></span> <span class='ocrx_word' id='word_1_28' title='bbox 1687 683 1813 738; x_wconf 63' lang='lat' dir='ltr'><strong>raam,</strong></span> 
     </span>
    </p>

    <p class='ocr_par' dir='ltr' id='par_1_3' title="bbox 119 749 1814 864">
     <span class='ocr_line' id='line_1_3' title="bbox 119 749 1814 864; baseline 0.002 -43"><span class='ocrx_word' id='word_1_29' title='bbox 119 758 271 822; x_wconf 81' lang='lat' dir='ltr'><strong>donemus</strong></span> <span class='ocrx_word' id='word_1_30' title='bbox 291 759 430 824; x_wconf 90' lang='lat' dir='ltr'><strong>invicem</strong></span> <span class='ocrx_word' id='word_1_31' title='bbox 454 761 488 823; x_wconf 94' lang='lat' dir='ltr'><strong>in</strong></span> <span class='ocrx_word' id='word_1_32' title='bbox 509 761 769 843; x_wconf 90' lang='lat' dir='ltr'><strong>provocationem</strong></span> <span class='ocrx_word' id='word_1_33' title='bbox 790 763 868 825; x_wconf 90' lang='lat' dir='ltr'><strong>cari·</strong></span> <span class='ocrx_word' id='word_1_34' title='bbox 922 779 1010 842; x_wconf 87' lang='lat' dir='ltr'><strong>ossa;</strong></span> <span class='ocrx_word' id='word_1_35' title='bbox 1032 763 1184 846; x_wconf 79' lang='lat' dir='ltr'><strong>itemque,</strong></span> <span class='ocrx_word' id='word_1_36' title='bbox 1200 764 1288 828; x_wconf 91' lang='lat' dir='ltr'><strong>Siout</strong></span> <span class='ocrx_word' id='word_1_37' title='bbox 1303 766 1389 828; x_wconf 90' lang='lat' dir='ltr'><strong>tinea</strong></span> <span class='ocrx_word' id='word_1_38' title='bbox 1403 764 1604 837; x_wconf 89' lang='lat' dir='ltr'><strong>vestimento,</strong></span> <span class='ocrx_word' id='word_1_39' title='bbox 1621 763 1668 826; x_wconf 91' lang='lat' dir='ltr'><strong>sic</strong></span> <span class='ocrx_word' id='word_1_40' title='bbox 1681 749 1751 854; x_wconf 48' lang='lat'><strong>²335,</strong></span> <span class='ocrx_word' id='word_1_41' title='bbox 1763 823 1814 864; x_wconf 72' lang='lat' dir='ltr'><strong>xxv,</strong></span> 
     </span>
    </p>

    <p class='ocr_par' dir='ltr' id='par_1_4' title="bbox 120 857 1716 942">
     <span class='ocr_line' id='line_1_4' title="bbox 120 857 1716 942; baseline 0.002 -22"><span class='ocrx_word' id='word_1_42' title='bbox 120 857 195 921; x_wconf 89' lang='lat' dir='ltr'><strong>tatis</strong></span> <span class='ocrx_word' id='word_1_43' title='bbox 219 866 251 921; x_wconf 91' lang='lat' dir='ltr'><strong>et</strong></span> <span class='ocrx_word' id='word_1_44' title='bbox 270 858 428 922; x_wconf 92' lang='lat' dir='ltr'><strong>bonorum</strong></span> <span class='ocrx_word' id='word_1_45' title='bbox 447 878 592 942; x_wconf 91' lang='lat' dir='ltr'><strong>operum.</strong></span> <span class='ocrx_word' id='word_1_46' title='bbox 615 861 688 924; x_wconf 92' lang='lat' dir='ltr'><strong>ldeo</strong></span> <span class='ocrx_word' id='word_1_47' title='bbox 708 860 815 924; x_wconf 88' lang='lat' dir='ltr'><strong>verbis</strong></span> <span class='ocrx_word' id='word_1_48' title='bbox 837 869 869 924; x_wconf 90' lang='lat' dir='ltr'><strong>et</strong></span> <span class='ocrx_word' id='word_1_49' title='bbox 923 859 1051 922; x_wconf 89' lang='lat' dir='ltr'><strong>tristitia</strong></span> <span class='ocrx_word' id='word_1_50' title='bbox 1071 870 1165 925; x_wconf 91' lang='lat' dir='ltr'><strong>nocet</strong></span> <span class='ocrx_word' id='word_1_51' title='bbox 1185 864 1282 927; x_wconf 90' lang='lat' dir='ltr'><strong>cordi.</strong></span> <span class='ocrx_word' id='word_1_52' title='bbox 1300 864 1359 938; x_wconf 86' lang='lat' dir='ltr'><strong>Qui</strong></span> <span class='ocrx_word' id='word_1_53' title='bbox 1380 871 1488 926; x_wconf 91' lang='lat' dir='ltr'><strong>autem</strong></span> <span class='ocrx_word' id='word_1_54' title='bbox 1508 863 1548 925; x_wconf 93' lang='lat' dir='ltr'><strong>ad</strong></span> <span class='ocrx_word' id='word_1_55' title='bbox 1570 861 1667 924; x_wconf 91' lang='lat' dir='ltr'><strong>tristi·</strong></span> <span class='ocrx_word' id='word_1_56' title='bbox 1681 873 1716 916; x_wconf 80' lang='lat'><strong>¹⁰.</strong></span> 
     </span>
    </p>

    <p class='ocr_par' dir='ltr' id='par_1_5' title="bbox 120 957 1666 1045">
     <span class='ocr_line' id='line_1_5' title="bbox 120 957 1666 1045; baseline 0.003 -25"><span class='ocrx_word' id='word_1_57' title='bbox 120 957 279 1040; x_wconf 91' lang='lat' dir='ltr'><strong>exemplis</strong></span> <span class='ocrx_word' id='word_1_58' title='bbox 305 958 475 1022; x_wconf 82' lang='lat' dir='ltr'><strong>incitemus</strong></span> <span class='ocrx_word' id='word_1_59' title='bbox 500 977 558 1022; x_wconf 91' lang='lat' dir='ltr'><strong>nos</strong></span> <span class='ocrx_word' id='word_1_60' title='bbox 586 967 699 1022; x_wconf 92' lang='lat' dir='ltr'><strong>mutuo</strong></span> <span class='ocrx_word' id='word_1_61' title='bbox 726 960 765 1022; x_wconf 90' lang='lat' dir='ltr'><strong>ad</strong></span> <span class='ocrx_word' id='word_1_62' title='bbox 789 959 868 1022; x_wconf 85' lang='lat' dir='ltr'><strong>eari-</strong></span> <span class='ocrx_word' id='word_1_63' title='bbox 922 959 1000 1023; x_wconf 87' lang='lat' dir='ltr'><strong>tiam</strong></span> <span class='ocrx_word' id='word_1_64' title='bbox 1024 969 1056 1024; x_wconf 89' lang='lat' dir='ltr'><strong>et</strong></span> <span class='ocrx_word' id='word_1_65' title='bbox 1079 961 1233 1026; x_wconf 89' lang='lat' dir='ltr'><strong>invidiam</strong></span> <span class='ocrx_word' id='word_1_66' title='bbox 1258 963 1439 1045; x_wconf 76' lang='lat' dir='ltr'><strong>specialiter</strong></span> <span class='ocrx_word' id='word_1_67' title='bbox 1464 961 1666 1044; x_wconf 79' lang='lat' dir='ltr'><strong>prouisum,</strong></span> 
     </span>
    </p>

    <p class='ocr_par' dir='ltr' id='par_1_6' title="bbox 119 1055 1669 1144">
     <span class='ocr_line' id='line_1_6' title="bbox 119 1055 1669 1144; baseline 0.002 -26"><span class='ocrx_word' id='word_1_68' title='bbox 119 1057 196 1118; x_wconf 87' lang='lat' dir='ltr'><strong>tatis</strong></span> <span class='ocrx_word' id='word_1_69' title='bbox 214 1055 385 1132; x_wconf 89' lang='lat' dir='ltr'><strong>fervorem,</strong></span> <span class='ocrx_word' id='word_1_70' title='bbox 402 1056 441 1120; x_wconf 90' lang='lat' dir='ltr'><strong>ad</strong></span> <span class='ocrx_word' id='word_1_71' title='bbox 460 1057 660 1139; x_wconf 90' lang='lat' dir='ltr'><strong>spiritualem</strong></span> <span class='ocrx_word' id='word_1_72' title='bbox 675 1057 867 1139; x_wconf 90' lang='lat' dir='ltr'><strong>profectum,</strong></span> <span class='ocrx_word' id='word_1_73' title='bbox 924 1066 1032 1122; x_wconf 90' lang='lat' dir='ltr'><strong>contra</strong></span> <span class='ocrx_word' id='word_1_74' title='bbox 1051 1079 1104 1123; x_wconf 90' lang='lat' dir='ltr'><strong>eas</strong></span> <span class='ocrx_word' id='word_1_75' title='bbox 1124 1061 1305 1143; x_wconf 82' lang='lat' dir='ltr'><strong>specialiter</strong></span> <span class='ocrx_word' id='word_1_76' title='bbox 1324 1069 1477 1144; x_wconf 78' lang='lat' dir='ltr'><strong>pugnent,</strong></span> <span class='ocrx_word' id='word_1_77' title='bbox 1494 1061 1594 1124; x_wconf 86' lang='lat' dir='ltr'><strong>Deum</strong></span> <span class='ocrx_word' id='word_1_78' title='bbox 1611 1077 1669 1142; x_wconf 89' lang='lat' dir='ltr'><strong>pro</strong></span> 
     </span>
    </p>

    <p class='ocr_par' dir='ltr' id='par_1_7' title="bbox 118 1154 1669 1239">
     <span class='ocr_line' id='line_1_7' title="bbox 118 1154 1669 1239; baseline 0.003 -23"><span class='ocrx_word' id='word_1_79' title='bbox 118 1154 160 1217; x_wconf 90' lang='lat' dir='ltr'><strong>ad</strong></span> <span class='ocrx_word' id='word_1_80' title='bbox 185 1161 348 1218; x_wconf 90' lang='lat' dir='ltr'><strong>strenuam</strong></span> <span class='ocrx_word' id='word_1_81' title='bbox 377 1173 518 1237; x_wconf 88' lang='lat' dir='ltr'><strong>pugnam</strong></span> <span class='ocrx_word' id='word_1_82' title='bbox 544 1161 654 1218; x_wconf 87' lang='lat' dir='ltr'><strong>contra</strong></span> <span class='ocrx_word' id='word_1_83' title='bbox 680 1156 787 1219; x_wconf 88' lang='lat' dir='ltr'><strong>hostes</strong></span> <span class='ocrx_word' id='word_1_84' title='bbox 814 1174 869 1219; x_wconf 93' lang='lat' dir='ltr'><strong>no·</strong></span> <span class='ocrx_word' id='word_1_85' title='bbox 924 1156 1041 1219; x_wconf 89' lang='lat' dir='ltr'><strong>virtute</strong></span> <span class='ocrx_word' id='word_1_86' title='bbox 1059 1165 1091 1220; x_wconf 91' lang='lat' dir='ltr'><strong>et</strong></span> <span class='ocrx_word' id='word_1_87' title='bbox 1105 1158 1205 1238; x_wconf 89' lang='lat' dir='ltr'><strong>gratia</strong></span> <span class='ocrx_word' id='word_1_88' title='bbox 1220 1178 1273 1222; x_wconf 87' lang='lat' dir='ltr'><strong>cas</strong></span> <span class='ocrx_word' id='word_1_89' title='bbox 1289 1159 1437 1222; x_wconf 91' lang='lat' dir='ltr'><strong>vincendi</strong></span> <span class='ocrx_word' id='word_1_90' title='bbox 1455 1159 1604 1239; x_wconf 88' lang='lat' dir='ltr'><strong>rogando,</strong></span> <span class='ocrx_word' id='word_1_91' title='bbox 1621 1176 1669 1220; x_wconf 90' lang='lat' dir='ltr'><strong>se·</strong></span> 
     </span>
    </p>

    <p class='ocr_par' dir='ltr' id='par_1_8' title="bbox 119 1252 1671 1435">
     <span class='ocr_line' id='line_1_8' title="bbox 119 1252 1670 1339; baseline 0.003 -25"><span class='ocrx_word' id='word_1_92' title='bbox 119 1260 193 1315; x_wconf 78' lang='lat' dir='ltr'><strong>strae</strong></span> <span class='ocrx_word' id='word_1_93' title='bbox 215 1252 337 1315; x_wconf 92' lang='lat' dir='ltr'><strong>salutis.</strong></span> <span class='ocrx_word' id='word_1_94' title='bbox 924 1273 986 1338; x_wconf 94' lang='lat' dir='ltr'><strong>que</strong></span> <span class='ocrx_word' id='word_1_95' title='bbox 1007 1256 1047 1318; x_wconf 90' lang='lat' dir='ltr'><strong>ad</strong></span> <span class='ocrx_word' id='word_1_96' title='bbox 1067 1256 1231 1319; x_wconf 90' lang='lat' dir='ltr'><strong>caritatem</strong></span> <span class='ocrx_word' id='word_1_97' title='bbox 1253 1275 1290 1320; x_wconf 90' lang='lat' dir='ltr'><strong>ac</strong></span> <span class='ocrx_word' id='word_1_98' title='bbox 1311 1257 1511 1339; x_wconf 89' lang='lat' dir='ltr'><strong>spiritualem</strong></span> <span class='ocrx_word' id='word_1_99' title='bbox 1530 1255 1670 1319; x_wconf 90' lang='lat' dir='ltr'><strong>dulcedi-</strong></span> 
     </span>
     <span class='ocr_line' id='line_1_9' title="bbox 160 1351 1671 1435; baseline 0 -21"><span class='ocrx_word' id='word_1_100' title='bbox 160 1352 325 1426; x_wconf 83' lang='lat' dir='ltr'><strong>Praeterea,</strong></span> <span class='ocrx_word' id='word_1_101' title='bbox 341 1351 418 1434; x_wconf 91' lang='lat' dir='ltr'><strong>quia</strong></span> <span class='ocrx_word' id='word_1_102' title='bbox 439 1351 471 1415; x_wconf 94' lang='lat' dir='ltr'><strong>in</strong></span> <span class='ocrx_word' id='word_1_103' title='bbox 495 1352 621 1435; x_wconf 89' lang='lat' dir='ltr'><strong>cupidis</strong></span> <span class='ocrx_word' id='word_1_104' title='bbox 641 1371 729 1417; x_wconf 83' lang='lat' dir='ltr'><strong>vanae</strong></span> <span class='ocrx_word' id='word_1_105' title='bbox 748 1353 867 1435; x_wconf 86' lang='lat' dir='ltr'><strong>gloriae,</strong></span> <span class='ocrx_word' id='word_1_106' title='bbox 924 1371 998 1415; x_wconf 91' lang='lat' dir='ltr'><strong>nem</strong></span> <span class='ocrx_word' id='word_1_107' title='bbox 1014 1354 1129 1427; x_wconf 87' lang='lat' dir='ltr'><strong>dando,</strong></span> <span class='ocrx_word' id='word_1_108' title='bbox 1145 1373 1204 1418; x_wconf 89' lang='lat' dir='ltr'><strong>nec</strong></span> <span class='ocrx_word' id='word_1_109' title='bbox 1219 1354 1316 1418; x_wconf 91' lang='lat' dir='ltr'><strong>etiam</strong></span> <span class='ocrx_word' id='word_1_110' title='bbox 1336 1355 1472 1417; x_wconf 90' lang='lat' dir='ltr'><strong>aliorum</strong></span> <span class='ocrx_word' id='word_1_111' title='bbox 1488 1354 1571 1416; x_wconf 87' lang='lat' dir='ltr'><strong>facta</strong></span> <span class='ocrx_word' id='word_1_112' title='bbox 1591 1352 1671 1416; x_wconf 93' lang='lat' dir='ltr'><strong>mul·</strong></span> 
     </span>
    </p>

    <p class='ocr_par' dir='ltr' id='par_1_9' title="bbox 120 1449 1671 1536">
     <span class='ocr_line' id='line_1_10' title="bbox 120 1449 1671 1536; baseline 0.001 -24"><span class='ocrx_word' id='word_1_113' title='bbox 120 1449 153 1512; x_wconf 94' lang='lat' dir='ltr'><strong>in</strong></span> <span class='ocrx_word' id='word_1_114' title='bbox 179 1449 328 1532; x_wconf 90' lang='lat' dir='ltr'><strong>superbis</strong></span> <span class='ocrx_word' id='word_1_115' title='bbox 348 1458 380 1513; x_wconf 88' lang='lat' dir='ltr'><strong>et</strong></span> <span class='ocrx_word' id='word_1_116' title='bbox 399 1450 589 1525; x_wconf 80' lang='lat' dir='ltr'><strong>ambitiosis,</strong></span> <span class='ocrx_word' id='word_1_117' title='bbox 605 1459 636 1513; x_wconf 91' lang='lat' dir='ltr'><strong>et</strong></span> <span class='ocrx_word' id='word_1_118' title='bbox 657 1451 868 1534; x_wconf 89' lang='lat' dir='ltr'><strong>provocatori-</strong></span> <span class='ocrx_word' id='word_1_119' title='bbox 923 1458 992 1513; x_wconf 89' lang='lat' dir='ltr'><strong>tum</strong></span> <span class='ocrx_word' id='word_1_120' title='bbox 1014 1453 1255 1529; x_wconf 89' lang='lat' dir='ltr'><strong>considerando,</strong></span> <span class='ocrx_word' id='word_1_121' title='bbox 1275 1454 1331 1516; x_wconf 90' lang='lat' dir='ltr'><strong>sed</strong></span> <span class='ocrx_word' id='word_1_122' title='bbox 1352 1453 1498 1536; x_wconf 90' lang='lat' dir='ltr'><strong>proprios</strong></span> <span class='ocrx_word' id='word_1_123' title='bbox 1518 1452 1671 1515; x_wconf 91' lang='lat' dir='ltr'><strong>intuendo</strong></span> 
     </span>
    </p>

    <p class='ocr_par' dir='ltr' id='par_1_10' title="bbox 119 1548 1672 1632">
     <span class='ocr_line' id='line_1_11' title="bbox 119 1548 1672 1632; baseline 0.001 -22"><span class='ocrx_word' id='word_1_124' title='bbox 119 1549 181 1611; x_wconf 93' lang='lat' dir='ltr'><strong>bus</strong></span> <span class='ocrx_word' id='word_1_125' title='bbox 201 1548 349 1624; x_wconf 92' lang='lat' dir='ltr'><strong>aliorum,</strong></span> <span class='ocrx_word' id='word_1_126' title='bbox 366 1548 447 1612; x_wconf 93' lang='lat' dir='ltr'><strong>solet</strong></span> <span class='ocrx_word' id='word_1_127' title='bbox 465 1567 597 1631; x_wconf 89' lang='lat' dir='ltr'><strong>regnare</strong></span> <span class='ocrx_word' id='word_1_128' title='bbox 613 1550 743 1624; x_wconf 89' lang='lat' dir='ltr'><strong>invidia,</strong></span> <span class='ocrx_word' id='word_1_129' title='bbox 761 1558 869 1614; x_wconf 94' lang='lat' dir='ltr'><strong>monet</strong></span> <span class='ocrx_word' id='word_1_130' title='bbox 923 1569 959 1612; x_wconf 92' lang='lat' dir='ltr'><strong>ac</strong></span> <span class='ocrx_word' id='word_1_131' title='bbox 983 1551 1177 1632; x_wconf 90' lang='lat' dir='ltr'><strong>deplorando</strong></span> <span class='ocrx_word' id='word_1_132' title='bbox 1206 1550 1359 1614; x_wconf 92' lang='lat' dir='ltr'><strong>defectus.</strong></span> <span class='ocrx_word' id='word_1_133' title='bbox 1384 1551 1451 1614; x_wconf 90' lang='lat' dir='ltr'><strong>Non</strong></span> <span class='ocrx_word' id='word_1_134' title='bbox 1477 1568 1552 1632; x_wconf 90' lang='lat' dir='ltr'><strong>ergo</strong></span> <span class='ocrx_word' id='word_1_135' title='bbox 1576 1550 1672 1612; x_wconf 88' lang='lat' dir='ltr'><strong>intro·</strong></span> 
     </span>
    </p>

    <p class='ocr_par' dir='ltr' id='par_1_11' title="bbox 117 1647 1670 1732">
     <span class='ocr_line' id='line_1_12' title="bbox 117 1647 1670 1732; baseline 0 -22"><span class='ocrx_word' id='word_1_136' title='bbox 117 1647 292 1730; x_wconf 86' lang='lat' dir='ltr'><strong>Apostolus</strong></span> <span class='ocrx_word' id='word_1_137' title='bbox 316 1665 357 1710; x_wconf 89' lang='lat' dir='ltr'><strong>ne</strong></span> <span class='ocrx_word' id='word_1_138' title='bbox 382 1648 521 1711; x_wconf 92' lang='lat' dir='ltr'><strong>invicem</strong></span> <span class='ocrx_word' id='word_1_139' title='bbox 550 1649 761 1711; x_wconf 83' lang='lat' dir='ltr'><strong>invideamus.</strong></span> <span class='ocrx_word' id='word_1_140' title='bbox 788 1649 869 1712; x_wconf 91' lang='lat' dir='ltr'><strong>lnvi-</strong></span> <span class='ocrx_word' id='word_1_141' title='bbox 924 1648 1051 1711; x_wconf 92' lang='lat' dir='ltr'><strong>mittant</strong></span> <span class='ocrx_word' id='word_1_142' title='bbox 1066 1667 1099 1711; x_wconf 90' lang='lat' dir='ltr'><strong>se</strong></span> <span class='ocrx_word' id='word_1_143' title='bbox 1115 1649 1154 1712; x_wconf 91' lang='lat' dir='ltr'><strong>de</strong></span> <span class='ocrx_word' id='word_1_144' title='bbox 1172 1648 1454 1732; x_wconf 89' lang='lat' dir='ltr'><strong>impertinentibus</strong></span> <span class='ocrx_word' id='word_1_145' title='bbox 1474 1648 1536 1712; x_wconf 95' lang='lat' dir='ltr'><strong>sibi</strong></span> <span class='ocrx_word' id='word_1_146' title='bbox 1554 1647 1670 1711; x_wconf 89' lang='lat' dir='ltr'><strong>:etsie</strong></span> 
     </span>
    </p>

    <p class='ocr_par' dir='ltr' id='par_1_12' title="bbox 118 1745 1666 1829">
     <span class='ocr_line' id='line_1_13' title="bbox 118 1745 1666 1829; baseline 0 -21"><span class='ocrx_word' id='word_1_147' title='bbox 118 1745 173 1808; x_wconf 92' lang='lat' dir='ltr'><strong>dia</strong></span> <span class='ocrx_word' id='word_1_148' title='bbox 192 1745 343 1828; x_wconf 89' lang='lat' dir='ltr'><strong>equidem</strong></span> <span class='ocrx_word' id='word_1_149' title='bbox 363 1753 412 1808; x_wconf 91' lang='lat' dir='ltr'><strong>est</strong></span> <span class='ocrx_word' id='word_1_150' title='bbox 425 1745 555 1808; x_wconf 84' lang='lat' dir='ltr'><strong>tristitia</strong></span> <span class='ocrx_word' id='word_1_151' title='bbox 568 1746 607 1808; x_wconf 94' lang='lat' dir='ltr'><strong>de</strong></span> <span class='ocrx_word' id='word_1_152' title='bbox 622 1745 706 1809; x_wconf 93' lang='lat' dir='ltr'><strong>bono</strong></span> <span class='ocrx_word' id='word_1_153' title='bbox 725 1746 866 1810; x_wconf 88' lang='lat' dir='ltr'><strong>alterins.</strong></span> <span class='ocrx_word' id='word_1_154' title='bbox 924 1747 1025 1828; x_wconf 87' lang='lat' dir='ltr'><strong>magis</strong></span> <span class='ocrx_word' id='word_1_155' title='bbox 1041 1747 1260 1829; x_wconf 68' lang='lat' dir='ltr'><strong>quiescentes</strong></span> <span class='ocrx_word' id='word_1_156' title='bbox 1275 1748 1384 1810; x_wconf 90' lang='lat' dir='ltr'><strong>minus</strong></span> <span class='ocrx_word' id='word_1_157' title='bbox 1399 1747 1666 1810; x_wconf 84' lang='lat' dir='ltr'><strong>amaricabuntur.</strong></span> 
     </span>
    </p>

    <p class='ocr_par' dir='ltr' id='par_1_13' title="bbox 119 1843 1817 1930">
     <span class='ocr_line' id='line_1_14' title="bbox 119 1843 1817 1930; baseline 0.005 -26"><span class='ocrx_word' id='word_1_158' title='bbox 119 1844 209 1918; x_wconf 84' lang='lat' dir='ltr'><strong>Quod</strong></span> <span class='ocrx_word' id='word_1_159' title='bbox 224 1851 331 1907; x_wconf 90' lang='lat' dir='ltr'><strong>autem</strong></span> <span class='ocrx_word' id='word_1_160' title='bbox 348 1863 431 1906; x_wconf 93' lang='lat' dir='ltr'><strong>unus</strong></span> <span class='ocrx_word' id='word_1_161' title='bbox 446 1843 485 1906; x_wconf 90' lang='lat' dir='ltr'><strong>de</strong></span> <span class='ocrx_word' id='word_1_162' title='bbox 499 1843 630 1907; x_wconf 88' lang='lat' dir='ltr'><strong>alterius</strong></span> <span class='ocrx_word' id='word_1_163' title='bbox 646 1845 865 1927; x_wconf 84' lang='lat' dir='ltr'><strong>prosperitate,</strong></span> <span class='ocrx_word' id='word_1_164' title='bbox 885 1843 908 1907; x_wconf 90' lang='lat' dir='ltr'>B</span> <span class='ocrx_word' id='word_1_165' title='bbox 963 1846 1212 1930; x_wconf 89' lang='lat' dir='ltr'><strong>Postremo,quia</strong></span> <span class='ocrx_word' id='word_1_166' title='bbox 1227 1847 1259 1910; x_wconf 94' lang='lat' dir='ltr'><strong>in</strong></span> <span class='ocrx_word' id='word_1_167' title='bbox 1275 1847 1381 1910; x_wconf 93' lang='lat' dir='ltr'><strong>multis</strong></span> <span class='ocrx_word' id='word_1_168' title='bbox 1396 1846 1591 1911; x_wconf 91' lang='lat' dir='ltr'><strong>offendimus</strong></span> <span class='ocrx_word' id='word_1_169' title='bbox 1606 1864 1670 1908; x_wconf 91' lang='lat' dir='ltr'><strong>om·</strong></span> <span class='ocrx_word' id='word_1_170' title='bbox 1681 1865 1817 1920; x_wconf 66' lang='lat' dir='ltr'><strong>aaaron</strong></span> 
     </span>
    </p>

    <p class='ocr_par' dir='ltr' id='par_1_14' title="bbox 119 1942 1668 2028">
     <span class='ocr_line' id='line_1_15' title="bbox 119 1942 1668 2028; baseline 0.001 -24"><span class='ocrx_word' id='word_1_171' title='bbox 119 1942 297 2004; x_wconf 90' lang='lat' dir='ltr'><strong>eminentia</strong></span> <span class='ocrx_word' id='word_1_172' title='bbox 321 1950 375 2005; x_wconf 87' lang='lat' dir='ltr'><strong>aut</strong></span> <span class='ocrx_word' id='word_1_173' title='bbox 398 1942 515 2006; x_wconf 88' lang='lat' dir='ltr'><strong>virtute</strong></span> <span class='ocrx_word' id='word_1_174' title='bbox 539 1943 691 2016; x_wconf 87' lang='lat' dir='ltr'><strong>tristatur,</strong></span> <span class='ocrx_word' id='word_1_175' title='bbox 712 1943 868 2024; x_wconf 88' lang='lat' dir='ltr'><strong>contingit</strong></span> <span class='ocrx_word' id='word_1_176' title='bbox 924 1964 991 2018; x_wconf 86' lang='lat' dir='ltr'><strong>nes,</strong></span> <span class='ocrx_word' id='word_1_177' title='bbox 1008 1952 1040 2007; x_wconf 87' lang='lat' dir='ltr'><strong>et</strong></span> <span class='ocrx_word' id='word_1_178' title='bbox 1060 1946 1280 2028; x_wconf 92' lang='lat' dir='ltr'><strong>unusquisque</strong></span> <span class='ocrx_word' id='word_1_179' title='bbox 1302 1963 1375 2009; x_wconf 94' lang='lat' dir='ltr'><strong>suos</strong></span> <span class='ocrx_word' id='word_1_180' title='bbox 1397 1944 1493 2008; x_wconf 90' lang='lat' dir='ltr'><strong>habet</strong></span> <span class='ocrx_word' id='word_1_181' title='bbox 1513 1943 1668 2019; x_wconf 88' lang='lat' dir='ltr'><strong>defectus,</strong></span> 
     </span>
    </p>

    <p class='ocr_par' dir='ltr' id='par_1_15' title="bbox 120 2040 1817 2126">
     <span class='ocr_line' id='line_1_16' title="bbox 120 2040 1817 2126; baseline 0.002 -22"><span class='ocrx_word' id='word_1_182' title='bbox 120 2060 160 2104; x_wconf 86' lang='lat' dir='ltr'><strong>ex</strong></span> <span class='ocrx_word' id='word_1_183' title='bbox 176 2041 237 2104; x_wconf 89' lang='lat' dir='ltr'><strong>boc</strong></span> <span class='ocrx_word' id='word_1_184' title='bbox 252 2040 337 2122; x_wconf 94' lang='lat' dir='ltr'><strong>quod</strong></span> <span class='ocrx_word' id='word_1_185' title='bbox 357 2040 450 2102; x_wconf 91' lang='lat' dir='ltr'><strong>illum</strong></span> <span class='ocrx_word' id='word_1_186' title='bbox 468 2042 646 2123; x_wconf 79' lang='lat' dir='ltr'><strong>precedere</strong></span> <span class='ocrx_word' id='word_1_187' title='bbox 666 2041 869 2124; x_wconf 75' lang='lat' dir='ltr'><strong>appetitam</strong></span> <span class='ocrx_word' id='word_1_188' title='bbox 924 2043 1160 2126; x_wconf 90' lang='lat' dir='ltr'><strong>sapientissime</strong></span> <span class='ocrx_word' id='word_1_189' title='bbox 1182 2051 1290 2108; x_wconf 90' lang='lat' dir='ltr'><strong>monet</strong></span> <span class='ocrx_word' id='word_1_190' title='bbox 1310 2044 1479 2126; x_wconf 81' lang='lat' dir='ltr'><strong>Apostolus</strong></span> <span class='ocrx_word' id='word_1_191' title='bbox 1504 2051 1539 2105; x_wconf 96' lang='lat' dir='ltr'><strong>ut</strong></span> <span class='ocrx_word' id='word_1_192' title='bbox 1559 2043 1817 2118; x_wconf 63' lang='lat' dir='ltr'><strong>«altercantes.</strong></span> 
     </span>
    </p>

    <p class='ocr_par' dir='ltr' id='par_1_16' title="bbox 120 2138 1671 2225">
     <span class='ocr_line' id='line_1_17' title="bbox 120 2138 1671 2225; baseline 0.002 -24"><span class='ocrx_word' id='word_1_193' title='bbox 120 2139 207 2222; x_wconf 94' lang='lat' dir='ltr'><strong>quod</strong></span> <span class='ocrx_word' id='word_1_194' title='bbox 224 2138 278 2201; x_wconf 92' lang='lat' dir='ltr'><strong>ille</strong></span> <span class='ocrx_word' id='word_1_195' title='bbox 293 2138 389 2202; x_wconf 89' lang='lat' dir='ltr'><strong>babet</strong></span> <span class='ocrx_word' id='word_1_196' title='bbox 404 2139 539 2222; x_wconf 88' lang='lat' dir='ltr'><strong>adipisci</strong></span> <span class='ocrx_word' id='word_1_197' title='bbox 554 2139 722 2215; x_wconf 88' lang='lat' dir='ltr'><strong>desiderat,</strong></span> <span class='ocrx_word' id='word_1_198' title='bbox 739 2139 790 2202; x_wconf 93' lang='lat' dir='ltr'><strong>vel</strong></span> <span class='ocrx_word' id='word_1_199' title='bbox 805 2159 870 2202; x_wconf 91' lang='lat' dir='ltr'><strong>cer·</strong></span> <span class='ocrx_word' id='word_1_200' title='bbox 924 2141 1055 2204; x_wconf 90' lang='lat' dir='ltr'><strong>alterius</strong></span> <span class='ocrx_word' id='word_1_201' title='bbox 1078 2159 1207 2204; x_wconf 77' lang='lat' dir='ltr'><strong>onera»</strong></span> <span class='ocrx_word' id='word_1_202' title='bbox 1229 2149 1403 2225; x_wconf 88' lang='lat' dir='ltr'><strong>portemus,</strong></span> <span class='ocrx_word' id='word_1_203' title='bbox 1430 2141 1489 2204; x_wconf 88' lang='lat' dir='ltr'><strong>hoe</strong></span> <span class='ocrx_word' id='word_1_204' title='bbox 1507 2146 1566 2214; x_wconf 90' lang='lat' dir='ltr'><strong>est,</strong></span> <span class='ocrx_word' id='word_1_205' title='bbox 1587 2160 1671 2204; x_wconf 90' lang='lat' dir='ltr'><strong>unus</strong></span> 
     </span>
    </p>

    <p class='ocr_par' dir='ltr' id='par_1_17' title="bbox 120 2236 1671 2323">
     <span class='ocr_line' id='line_1_18' title="bbox 120 2236 1671 2323; baseline 0.002 -25"><span class='ocrx_word' id='word_1_206' title='bbox 120 2245 162 2310; x_wconf 91' lang='lat' dir='ltr'><strong>te,</strong></span> <span class='ocrx_word' id='word_1_207' title='bbox 180 2236 257 2319; x_wconf 90' lang='lat' dir='ltr'><strong>quia</strong></span> <span class='ocrx_word' id='word_1_208' title='bbox 275 2236 315 2299; x_wconf 89' lang='lat' dir='ltr'><strong>ab</strong></span> <span class='ocrx_word' id='word_1_209' title='bbox 331 2236 386 2300; x_wconf 93' lang='lat' dir='ltr'><strong>illo</strong></span> <span class='ocrx_word' id='word_1_210' title='bbox 401 2237 548 2310; x_wconf 86' lang='lat' dir='ltr'><strong>derideri,</strong></span> <span class='ocrx_word' id='word_1_211' title='bbox 564 2238 704 2320; x_wconf 91' lang='lat' dir='ltr'><strong>opprimi</strong></span> <span class='ocrx_word' id='word_1_212' title='bbox 725 2257 781 2300; x_wconf 94' lang='lat' dir='ltr'><strong>seu</strong></span> <span class='ocrx_word' id='word_1_213' title='bbox 800 2257 869 2320; x_wconf 94' lang='lat' dir='ltr'><strong>gra·</strong></span> <span class='ocrx_word' id='word_1_214' title='bbox 925 2238 1088 2302; x_wconf 88' lang='lat' dir='ltr'><strong>caritative</strong></span> <span class='ocrx_word' id='word_1_215' title='bbox 1108 2259 1145 2302; x_wconf 94' lang='lat' dir='ltr'><strong>ac</strong></span> <span class='ocrx_word' id='word_1_216' title='bbox 1164 2241 1216 2323; x_wconf 93' lang='lat' dir='ltr'><strong>pie</strong></span> <span class='ocrx_word' id='word_1_217' title='bbox 1236 2247 1404 2323; x_wconf 88' lang='lat' dir='ltr'><strong>supportet</strong></span> <span class='ocrx_word' id='word_1_218' title='bbox 1418 2247 1451 2303; x_wconf 93' lang='lat' dir='ltr'><strong>et</strong></span> <span class='ocrx_word' id='word_1_219' title='bbox 1466 2240 1604 2322; x_wconf 90' lang='lat' dir='ltr'><strong>patiatur</strong></span> <span class='ocrx_word' id='word_1_220' title='bbox 1619 2240 1671 2302; x_wconf 92' lang='lat' dir='ltr'><strong>de·</strong></span> 
     </span>
    </p>

    <p class='ocr_par' dir='ltr' id='par_1_18' title="bbox 120 2335 1673 2412">
     <span class='ocr_line' id='line_1_19' title="bbox 120 2335 1673 2412; baseline 0.001 -14"><span class='ocrx_word' id='word_1_221' title='bbox 120 2335 189 2398; x_wconf 90' lang='lat' dir='ltr'><strong>vari</strong></span> <span class='ocrx_word' id='word_1_222' title='bbox 215 2353 249 2397; x_wconf 91' lang='lat' dir='ltr'><strong>se</strong></span> <span class='ocrx_word' id='word_1_223' title='bbox 275 2335 426 2398; x_wconf 90' lang='lat' dir='ltr'><strong>intuetur.</strong></span> <span class='ocrx_word' id='word_1_224' title='bbox 450 2336 525 2399; x_wconf 90' lang='lat' dir='ltr'><strong>ldeo</strong></span> <span class='ocrx_word' id='word_1_225' title='bbox 548 2335 642 2400; x_wconf 94' lang='lat' dir='ltr'><strong>Solon</strong></span> <span class='ocrx_word' id='word_1_226' title='bbox 667 2336 777 2400; x_wconf 90' lang='lat' dir='ltr'><strong>dixit:</strong></span> <span class='ocrx_word' id='word_1_227' title='bbox 801 2337 869 2400; x_wconf 93' lang='lat' dir='ltr'><strong>Non</strong></span> <span class='ocrx_word' id='word_1_228' title='bbox 925 2338 1046 2401; x_wconf 87' lang='lat' dir='ltr'><strong>fectum</strong></span> <span class='ocrx_word' id='word_1_229' title='bbox 1069 2338 1210 2412; x_wconf 88' lang='lat' dir='ltr'><strong>alterius,</strong></span> <span class='ocrx_word' id='word_1_230' title='bbox 1231 2339 1299 2402; x_wconf 90' lang='lat' dir='ltr'><strong>sive</strong></span> <span class='ocrx_word' id='word_1_231' title='bbox 1322 2339 1364 2402; x_wconf 88' lang='lat' dir='ltr'><strong>sit</strong></span> <span class='ocrx_word' id='word_1_232' title='bbox 1384 2337 1528 2401; x_wconf 87' lang='lat' dir='ltr'><strong>defectus</strong></span> <span class='ocrx_word' id='word_1_233' title='bbox 1552 2344 1673 2400; x_wconf 72' lang='lat' dir='ltr'><strong>naturae</strong></span> 
     </span>
    </p>

    <p class='ocr_par' dir='ltr' id='par_1_19' title="bbox 121 2434 1673 2518">
     <span class='ocr_line' id='line_1_20' title="bbox 121 2434 1673 2518; baseline 0 -21"><span class='ocrx_word' id='word_1_234' title='bbox 121 2435 268 2498; x_wconf 88' lang='lat' dir='ltr'><strong>derideas</strong></span> <span class='ocrx_word' id='word_1_235' title='bbox 287 2434 439 2516; x_wconf 88' lang='lat' dir='ltr'><strong>aliquem,</strong></span> <span class='ocrx_word' id='word_1_236' title='bbox 457 2435 533 2517; x_wconf 91' lang='lat' dir='ltr'><strong>quia</strong></span> <span class='ocrx_word' id='word_1_237' title='bbox 547 2453 586 2496; x_wconf 92' lang='lat' dir='ltr'><strong>ex</strong></span> <span class='ocrx_word' id='word_1_238' title='bbox 601 2435 760 2498; x_wconf 87' lang='lat' dir='ltr'><strong>derisione</strong></span> <span class='ocrx_word' id='word_1_239' title='bbox 775 2455 870 2518; x_wconf 89' lang='lat' dir='ltr'><strong>gene·</strong></span> <span class='ocrx_word' id='word_1_240' title='bbox 926 2455 981 2500; x_wconf 90' lang='lat' dir='ltr'><strong>scu</strong></span> <span class='ocrx_word' id='word_1_241' title='bbox 1011 2437 1130 2518; x_wconf 79' lang='lat' dir='ltr'><strong>gratia,</strong></span> <span class='ocrx_word' id='word_1_242' title='bbox 1156 2444 1314 2518; x_wconf 87' lang='lat' dir='ltr'><strong>quatenus</strong></span> <span class='ocrx_word' id='word_1_243' title='bbox 1344 2435 1519 2518; x_wconf 91' lang='lat' dir='ltr'><strong>sicutipse</strong></span> <span class='ocrx_word' id='word_1_244' title='bbox 1545 2435 1578 2498; x_wconf 91' lang='lat' dir='ltr'><strong>in</strong></span> <span class='ocrx_word' id='word_1_245' title='bbox 1606 2435 1673 2498; x_wconf 92' lang='lat' dir='ltr'><strong>suis</strong></span> 
     </span>
    </p>

    <p class='ocr_par' dir='ltr' id='par_1_20' title="bbox 122 2532 1675 2617">
     <span class='ocr_line' id='line_1_21' title="bbox 122 2532 1675 2617; baseline -0.001 -21"><span class='ocrx_word' id='word_1_246' title='bbox 122 2540 211 2596; x_wconf 89' lang='lat' dir='ltr'><strong>ratur</strong></span> <span class='ocrx_word' id='word_1_247' title='bbox 237 2533 366 2596; x_wconf 90' lang='lat' dir='ltr'><strong>invidia.</strong></span> <span class='ocrx_word' id='word_1_248' title='bbox 391 2533 559 2615; x_wconf 85' lang='lat' dir='ltr'><strong>Quumque</strong></span> <span class='ocrx_word' id='word_1_249' title='bbox 584 2533 807 2597; x_wconf 88' lang='lat' dir='ltr'><strong>melancholici</strong></span> <span class='ocrx_word' id='word_1_250' title='bbox 831 2554 870 2598; x_wconf 92' lang='lat' dir='ltr'><strong>ex</strong></span> <span class='ocrx_word' id='word_1_251' title='bbox 926 2532 1169 2597; x_wconf 85' lang='lat' dir='ltr'><strong>infirmitatibus</strong></span> <span class='ocrx_word' id='word_1_252' title='bbox 1201 2542 1298 2617; x_wconf 88' lang='lat' dir='ltr'><strong>atque</strong></span> <span class='ocrx_word' id='word_1_253' title='bbox 1328 2534 1508 2597; x_wconf 84' lang='lat' dir='ltr'><strong>defectibus</strong></span> <span class='ocrx_word' id='word_1_254' title='bbox 1539 2533 1629 2616; x_wconf 92' lang='lat' dir='ltr'><strong>cupit</strong></span> <span class='ocrx_word' id='word_1_255' title='bbox 1655 2551 1675 2595; x_wconf 93' lang='lat' dir='ltr'><strong>a</strong></span> 
     </span>
    </p>

    <p class='ocr_par' dir='ltr' id='par_1_21' title="bbox 121 2630 1674 2715">
     <span class='ocr_line' id='line_1_22' title="bbox 121 2630 1674 2715; baseline -0.001 -20"><span class='ocrx_word' id='word_1_256' title='bbox 121 2630 355 2715; x_wconf 85' lang='lat' dir='ltr'><strong>complexionis</strong></span> <span class='ocrx_word' id='word_1_257' title='bbox 375 2651 440 2694; x_wconf 82' lang='lat' dir='ltr'><strong>suae</strong></span> <span class='ocrx_word' id='word_1_258' title='bbox 456 2631 577 2694; x_wconf 88' lang='lat' dir='ltr'><strong>malitia</strong></span> <span class='ocrx_word' id='word_1_259' title='bbox 592 2632 631 2694; x_wconf 90' lang='lat' dir='ltr'><strong>ad</strong></span> <span class='ocrx_word' id='word_1_260' title='bbox 646 2632 808 2696; x_wconf 91' lang='lat' dir='ltr'><strong>tristitiam</strong></span> <span class='ocrx_word' id='word_1_261' title='bbox 824 2634 871 2696; x_wconf 93' lang='lat' dir='ltr'><strong>in·</strong></span> <span class='ocrx_word' id='word_1_262' title='bbox 926 2633 991 2695; x_wconf 77' lang='lat' dir='ltr'><strong>lieo</strong></span> <span class='ocrx_word' id='word_1_263' title='bbox 1019 2651 1055 2694; x_wconf 90' lang='lat' dir='ltr'><strong>ac</strong></span> <span class='ocrx_word' id='word_1_264' title='bbox 1085 2633 1231 2715; x_wconf 88' lang='lat' dir='ltr'><strong>proximo</strong></span> <span class='ocrx_word' id='word_1_265' title='bbox 1260 2632 1453 2714; x_wconf 89' lang='lat' dir='ltr'><strong>supportari,</strong></span> <span class='ocrx_word' id='word_1_266' title='bbox 1479 2631 1525 2694; x_wconf 89' lang='lat' dir='ltr'><strong>sic</strong></span> <span class='ocrx_word' id='word_1_267' title='bbox 1549 2640 1580 2693; x_wconf 85' lang='lat' dir='ltr'><strong>et</strong></span> <span class='ocrx_word' id='word_1_268' title='bbox 1605 2631 1674 2714; x_wconf 90' lang='lat' dir='ltr'><strong>ipse</strong></span> 
     </span>
    </p>

    <p class='ocr_par' dir='ltr' id='par_1_22' title="bbox 121 2728 1673 2814">
     <span class='ocr_line' id='line_1_23' title="bbox 121 2728 1673 2814; baseline -0.001 -20"><span class='ocrx_word' id='word_1_269' title='bbox 121 2732 307 2812; x_wconf 90' lang='lat' dir='ltr'><strong>vidiamque</strong></span> <span class='ocrx_word' id='word_1_270' title='bbox 326 2728 483 2811; x_wconf 88' lang='lat' dir='ltr'><strong>proclives</strong></span> <span class='ocrx_word' id='word_1_271' title='bbox 501 2729 576 2802; x_wconf 88' lang='lat' dir='ltr'><strong>sint,</strong></span> <span class='ocrx_word' id='word_1_272' title='bbox 592 2729 773 2811; x_wconf 88' lang='lat' dir='ltr'><strong>specialiter</strong></span> <span class='ocrx_word' id='word_1_273' title='bbox 787 2731 872 2794; x_wconf 87' lang='lat' dir='ltr'><strong>circa</strong></span> <span class='ocrx_word' id='word_1_274' title='bbox 926 2750 1000 2795; x_wconf 91' lang='lat' dir='ltr'><strong>suos</strong></span> <span class='ocrx_word' id='word_1_275' title='bbox 1021 2738 1125 2814; x_wconf 90' lang='lat' dir='ltr'><strong>portet</strong></span> <span class='ocrx_word' id='word_1_276' title='bbox 1140 2730 1325 2794; x_wconf 90' lang='lat' dir='ltr'><strong>confratres.</strong></span> <span class='ocrx_word' id='word_1_277' title='bbox 1343 2731 1427 2792; x_wconf 84' lang='lat' dir='ltr'><strong>Deus</strong></span> <span class='ocrx_word' id='word_1_278' title='bbox 1448 2747 1586 2812; x_wconf 92' lang='lat' dir='ltr'><strong>namque</strong></span> <span class='ocrx_word' id='word_1_279' title='bbox 1606 2747 1673 2792; x_wconf 90' lang='lat' dir='ltr'><strong>om-</strong></span> 
     </span>
    </p>

    <p class='ocr_par' dir='ltr' id='par_1_23' title="bbox 122 2826 1674 2912">
     <span class='ocr_line' id='line_1_24' title="bbox 122 2826 1674 2912; baseline -0.002 -20"><span class='ocrx_word' id='word_1_280' title='bbox 122 2848 177 2892; x_wconf 88' lang='lat' dir='ltr'><strong>eos</strong></span> <span class='ocrx_word' id='word_1_281' title='bbox 198 2827 327 2891; x_wconf 88' lang='lat' dir='ltr'><strong>vitanda</strong></span> <span class='ocrx_word' id='word_1_282' title='bbox 347 2835 422 2890; x_wconf 90' lang='lat' dir='ltr'><strong>sunt</strong></span> <span class='ocrx_word' id='word_1_283' title='bbox 441 2845 478 2890; x_wconf 92' lang='lat' dir='ltr'><strong>ea</strong></span> <span class='ocrx_word' id='word_1_284' title='bbox 499 2845 538 2888; x_wconf 91' lang='lat' dir='ltr'><strong>ex</strong></span> <span class='ocrx_word' id='word_1_285' title='bbox 559 2827 676 2909; x_wconf 92' lang='lat' dir='ltr'><strong>quibus</strong></span> <span class='ocrx_word' id='word_1_286' title='bbox 697 2829 736 2891; x_wconf 89' lang='lat' dir='ltr'><strong>ad</strong></span> <span class='ocrx_word' id='word_1_287' title='bbox 757 2829 872 2892; x_wconf 89' lang='lat' dir='ltr'><strong>invidi·</strong></span> <span class='ocrx_word' id='word_1_288' title='bbox 927 2830 1086 2912; x_wconf 88' lang='lat' dir='ltr'><strong>nipotens,</strong></span> <span class='ocrx_word' id='word_1_289' title='bbox 1103 2829 1175 2910; x_wconf 92' lang='lat' dir='ltr'><strong>pius</strong></span> <span class='ocrx_word' id='word_1_290' title='bbox 1190 2835 1222 2891; x_wconf 93' lang='lat' dir='ltr'><strong>et</strong></span> <span class='ocrx_word' id='word_1_291' title='bbox 1236 2828 1376 2910; x_wconf 92' lang='lat' dir='ltr'><strong>sapiens,</strong></span> <span class='ocrx_word' id='word_1_292' title='bbox 1393 2829 1500 2910; x_wconf 92' lang='lat' dir='ltr'><strong>posuit</strong></span> <span class='ocrx_word' id='word_1_293' title='bbox 1514 2826 1608 2890; x_wconf 90' lang='lat' dir='ltr'><strong>nobis</strong></span> <span class='ocrx_word' id='word_1_294' title='bbox 1626 2846 1674 2890; x_wconf 92' lang='lat' dir='ltr'><strong>re·</strong></span> 
     </span>
    </p>

    <p class='ocr_par' dir='ltr' id='par_1_24' title="bbox 121 2924 1675 3009">
     <span class='ocr_line' id='line_1_25' title="bbox 121 2924 1675 3009; baseline -0.001 -19"><span class='ocrx_word' id='word_1_295' title='bbox 121 2947 175 2990; x_wconf 86' lang='lat' dir='ltr'><strong>am</strong></span> <span class='ocrx_word' id='word_1_296' title='bbox 196 2935 293 3008; x_wconf 89' lang='lat' dir='ltr'><strong>atque</strong></span> <span class='ocrx_word' id='word_1_297' title='bbox 318 2924 480 2988; x_wconf 90' lang='lat' dir='ltr'><strong>tristitiam</strong></span> <span class='ocrx_word' id='word_1_298' title='bbox 502 2925 641 2988; x_wconf 83' lang='lat' dir='ltr'><strong>faciliter</strong></span> <span class='ocrx_word' id='word_1_299' title='bbox 664 2926 868 2990; x_wconf 90' lang='lat' dir='ltr'><strong>inducuntur.</strong></span> <span class='ocrx_word' id='word_1_300' title='bbox 926 2929 1033 3009; x_wconf 86' lang='lat' dir='ltr'><strong>gulam</strong></span> <span class='ocrx_word' id='word_1_301' title='bbox 1049 2927 1312 3008; x_wconf 89' lang='lat' dir='ltr'><strong>benignissimam</strong></span> <span class='ocrx_word' id='word_1_302' title='bbox 1328 2927 1432 3000; x_wconf 90' lang='lat' dir='ltr'><strong>istam,</strong></span> <span class='ocrx_word' id='word_1_303' title='bbox 1445 2933 1480 2988; x_wconf 89' lang='lat' dir='ltr'><strong>ut</strong></span> <span class='ocrx_word' id='word_1_304' title='bbox 1494 2925 1617 2989; x_wconf 85' lang='lat' dir='ltr'><strong>scilicet</strong></span> <span class='ocrx_word' id='word_1_305' title='bbox 1632 2933 1675 2988; x_wconf 91' lang='lat' dir='ltr'><strong>ta-</strong></span> 
     </span>
    </p>

    <p class='ocr_par' dir='ltr' id='par_1_25' title="bbox 123 3022 1674 3107">
     <span class='ocr_line' id='line_1_26' title="bbox 123 3022 1674 3107; baseline -0.001 -19"><span class='ocrx_word' id='word_1_306' title='bbox 123 3027 289 3098; x_wconf 85' lang='lat' dir='ltr'><strong>Praeterea,</strong></span> <span class='ocrx_word' id='word_1_307' title='bbox 305 3029 424 3106; x_wconf 90' lang='lat' dir='ltr'><strong>quanto</strong></span> <span class='ocrx_word' id='word_1_308' title='bbox 444 3023 517 3105; x_wconf 93' lang='lat' dir='ltr'><strong>plus</strong></span> <span class='ocrx_word' id='word_1_309' title='bbox 537 3022 677 3104; x_wconf 80' lang='lat' dir='ltr'><strong>religiosi</strong></span> <span class='ocrx_word' id='word_1_310' title='bbox 697 3023 735 3087; x_wconf 90' lang='lat' dir='ltr'><strong>ad</strong></span> <span class='ocrx_word' id='word_1_311' title='bbox 757 3022 909 3088; x_wconf 79' lang='lat' dir='ltr'><strong>sanctaell</strong></span> <span class='ocrx_word' id='word_1_312' title='bbox 928 3027 1001 3089; x_wconf 90' lang='lat' dir='ltr'><strong>liter</strong></span> <span class='ocrx_word' id='word_1_313' title='bbox 1023 3025 1197 3089; x_wconf 88' lang='lat' dir='ltr'><strong>habeamus</strong></span> <span class='ocrx_word' id='word_1_314' title='bbox 1222 3043 1279 3088; x_wconf 93' lang='lat' dir='ltr'><strong>nos</strong></span> <span class='ocrx_word' id='word_1_315' title='bbox 1302 3025 1342 3087; x_wconf 92' lang='lat' dir='ltr'><strong>ad</strong></span> <span class='ocrx_word' id='word_1_316' title='bbox 1367 3024 1529 3107; x_wconf 88' lang='lat' dir='ltr'><strong>proximos</strong></span> <span class='ocrx_word' id='word_1_317' title='bbox 1549 3031 1674 3087; x_wconf 91' lang='lat' dir='ltr'><strong>nostros</strong></span> 
     </span>
    </p>

    <p class='ocr_par' dir='ltr' id='par_1_26' title="bbox 121 3119 1675 3209">
     <span class='ocr_line' id='line_1_27' title="bbox 121 3119 1675 3209; baseline -0.001 -21"><span class='ocrx_word' id='word_1_318' title='bbox 121 3123 264 3188; x_wconf 85' lang='lat' dir='ltr'><strong>caritatis</strong></span> <span class='ocrx_word' id='word_1_319' title='bbox 293 3119 473 3205; x_wconf 89' lang='lat' dir='ltr'><strong>profectum</strong></span> <span class='ocrx_word' id='word_1_320' title='bbox 502 3128 661 3196; x_wconf 87' lang='lat' dir='ltr'><strong>tenentur,</strong></span> <span class='ocrx_word' id='word_1_321' title='bbox 686 3131 805 3205; x_wconf 88' lang='lat' dir='ltr'><strong>quanto</strong></span> <span class='ocrx_word' id='word_1_322' title='bbox 832 3123 872 3186; x_wconf 92' lang='lat' dir='ltr'><strong>ad</strong></span> <span class='ocrx_word' id='word_1_323' title='bbox 928 3125 1198 3209; x_wconf 90' lang='lat' dir='ltr'><strong>quemadmodum</strong></span> <span class='ocrx_word' id='word_1_324' title='bbox 1218 3123 1368 3206; x_wconf 88' lang='lat' dir='ltr'><strong>cupimus</strong></span> <span class='ocrx_word' id='word_1_325' title='bbox 1383 3124 1483 3185; x_wconf 85' lang='lat' dir='ltr'><strong>Deum</strong></span> <span class='ocrx_word' id='word_1_326' title='bbox 1504 3122 1622 3185; x_wconf 89' lang='lat' dir='ltr'><strong>habere</strong></span> <span class='ocrx_word' id='word_1_327' title='bbox 1641 3142 1675 3186; x_wconf 92' lang='lat' dir='ltr'><strong>se</strong></span> 
     </span>
    </p>

    <p class='ocr_par' dir='ltr' id='par_1_27' title="bbox 124 3219 1674 3303">
     <span class='ocr_line' id='line_1_28' title="bbox 124 3219 1674 3303; baseline -0.002 -18"><span class='ocrx_word' id='word_1_328' title='bbox 124 3230 271 3285; x_wconf 88' lang='lat' dir='ltr'><strong>mutuam</strong></span> <span class='ocrx_word' id='word_1_329' title='bbox 293 3219 498 3283; x_wconf 90' lang='lat' dir='ltr'><strong>dilectionem</strong></span> <span class='ocrx_word' id='word_1_330' title='bbox 519 3219 658 3302; x_wconf 94' lang='lat' dir='ltr'><strong>amplius</strong></span> <span class='ocrx_word' id='word_1_331' title='bbox 679 3220 871 3303; x_wconf 89' lang='lat' dir='ltr'><strong>obligantur,</strong></span> <span class='ocrx_word' id='word_1_332' title='bbox 928 3225 1013 3286; x_wconf 87' lang='lat' dir='ltr'><strong>circa</strong></span> <span class='ocrx_word' id='word_1_333' title='bbox 1029 3240 1095 3284; x_wconf 93' lang='lat' dir='ltr'><strong>nos.</strong></span> <span class='ocrx_word' id='word_1_334' title='bbox 1108 3221 1167 3296; x_wconf 82' lang='lat' dir='ltr'><strong>Qui</strong></span> <span class='ocrx_word' id='word_1_335' title='bbox 1183 3239 1259 3302; x_wconf 90' lang='lat' dir='ltr'><strong>crgo</strong></span> <span class='ocrx_word' id='word_1_336' title='bbox 1274 3221 1359 3284; x_wconf 91' lang='lat' dir='ltr'><strong>circa</strong></span> <span class='ocrx_word' id='word_1_337' title='bbox 1372 3221 1486 3283; x_wconf 90' lang='lat' dir='ltr'><strong>fratres</strong></span> <span class='ocrx_word' id='word_1_338' title='bbox 1502 3239 1576 3284; x_wconf 93' lang='lat' dir='ltr'><strong>suos</strong></span> <span class='ocrx_word' id='word_1_339' title='bbox 1590 3219 1674 3294; x_wconf 90' lang='lat' dir='ltr'><strong>duri,</strong></span> 
     </span>
    </p>

    <p class='ocr_par' dir='ltr' id='par_1_28' title="bbox 125 3317 1674 3402">
     <span class='ocr_line' id='line_1_29' title="bbox 125 3317 1674 3402; baseline -0.002 -18"><span class='ocrx_word' id='word_1_340' title='bbox 125 3326 214 3384; x_wconf 86' lang='lat' dir='ltr'><strong>tanto</strong></span> <span class='ocrx_word' id='word_1_341' title='bbox 239 3320 312 3402; x_wconf 91' lang='lat' dir='ltr'><strong>plus</strong></span> <span class='ocrx_word' id='word_1_342' title='bbox 336 3317 376 3380; x_wconf 90' lang='lat' dir='ltr'><strong>ab</strong></span> <span class='ocrx_word' id='word_1_343' title='bbox 400 3317 488 3380; x_wconf 90' lang='lat' dir='ltr'><strong>omni</strong></span> <span class='ocrx_word' id='word_1_344' title='bbox 513 3317 634 3381; x_wconf 88' lang='lat' dir='ltr'><strong>invidia</strong></span> <span class='ocrx_word' id='word_1_345' title='bbox 662 3319 780 3381; x_wconf 90' lang='lat' dir='ltr'><strong>debent</strong></span> <span class='ocrx_word' id='word_1_346' title='bbox 803 3339 872 3382; x_wconf 91' lang='lat' dir='ltr'><strong>esse</strong></span> <span class='ocrx_word' id='word_1_347' title='bbox 927 3321 1038 3395; x_wconf 89' lang='lat' dir='ltr'><strong>amari,</strong></span> <span class='ocrx_word' id='word_1_348' title='bbox 1069 3320 1243 3401; x_wconf 88' lang='lat' dir='ltr'><strong>querulosi,</strong></span> <span class='ocrx_word' id='word_1_349' title='bbox 1269 3319 1455 3382; x_wconf 91' lang='lat' dir='ltr'><strong>vindicativi</strong></span> <span class='ocrx_word' id='word_1_350' title='bbox 1485 3317 1674 3394; x_wconf 88' lang='lat' dir='ltr'><strong>consistunt,</strong></span> 
     </span>
    </p>

    <p class='ocr_par' dir='ltr' id='par_1_29' title="bbox 126 3416 1675 3502">
     <span class='ocr_line' id='line_1_30' title="bbox 126 3416 1675 3502; baseline -0.002 -21"><span class='ocrx_word' id='word_1_351' title='bbox 126 3417 304 3502; x_wconf 88' lang='lat' dir='ltr'><strong>purissimi.</strong></span> <span class='ocrx_word' id='word_1_352' title='bbox 325 3417 390 3480; x_wconf 90' lang='lat' dir='ltr'><strong>Nec</strong></span> <span class='ocrx_word' id='word_1_353' title='bbox 412 3416 535 3479; x_wconf 88' lang='lat' dir='ltr'><strong>suffieit</strong></span> <span class='ocrx_word' id='word_1_354' title='bbox 553 3417 669 3493; x_wconf 88' lang='lat' dir='ltr'><strong>dicere,</strong></span> <span class='ocrx_word' id='word_1_355' title='bbox 691 3417 794 3499; x_wconf 84' lang='lat' dir='ltr'><strong>Diligo</strong></span> <span class='ocrx_word' id='word_1_356' title='bbox 813 3418 873 3480; x_wconf 90' lang='lat' dir='ltr'><strong>fra·</strong></span> <span class='ocrx_word' id='word_1_357' title='bbox 929 3419 1005 3502; x_wconf 93' lang='lat' dir='ltr'><strong>quid</strong></span> <span class='ocrx_word' id='word_1_358' title='bbox 1030 3425 1126 3480; x_wconf 89' lang='lat' dir='ltr'><strong>restat</strong></span> <span class='ocrx_word' id='word_1_359' title='bbox 1149 3417 1211 3480; x_wconf 91' lang='lat' dir='ltr'><strong>nisi</strong></span> <span class='ocrx_word' id='word_1_360' title='bbox 1237 3418 1323 3499; x_wconf 93' lang='lat' dir='ltr'><strong>quod</strong></span> <span class='ocrx_word' id='word_1_361' title='bbox 1347 3418 1431 3480; x_wconf 84' lang='lat' dir='ltr'><strong>Deus</strong></span> <span class='ocrx_word' id='word_1_362' title='bbox 1453 3417 1539 3480; x_wconf 88' lang='lat' dir='ltr'><strong>circa</strong></span> <span class='ocrx_word' id='word_1_363' title='bbox 1562 3434 1616 3479; x_wconf 89' lang='lat' dir='ltr'><strong>cos</strong></span> <span class='ocrx_word' id='word_1_364' title='bbox 1641 3435 1675 3479; x_wconf 92' lang='lat' dir='ltr'><strong>sc</strong></span> 
     </span>
    </p>

    <p class='ocr_par' dir='ltr' id='par_1_30' title="bbox 124 3514 1673 3598">
     <span class='ocr_line' id='line_1_31' title="bbox 124 3514 1673 3598; baseline -0.002 -18"><span class='ocrx_word' id='word_1_365' title='bbox 124 3527 189 3581; x_wconf 91' lang='lat' dir='ltr'><strong>tres</strong></span> <span class='ocrx_word' id='word_1_366' title='bbox 205 3533 306 3590; x_wconf 90' lang='lat' dir='ltr'><strong>meos,</strong></span> <span class='ocrx_word' id='word_1_367' title='bbox 317 3515 373 3578; x_wconf 94' lang='lat' dir='ltr'><strong>sed</strong></span> <span class='ocrx_word' id='word_1_368' title='bbox 388 3533 425 3578; x_wconf 89' lang='lat' dir='ltr'><strong>ea</strong></span> <span class='ocrx_word' id='word_1_369' title='bbox 439 3534 510 3598; x_wconf 74' lang='lat' dir='ltr'><strong>quar</strong></span> <span class='ocrx_word' id='word_1_370' title='bbox 524 3516 664 3579; x_wconf 88' lang='lat' dir='ltr'><strong>caritatis</strong></span> <span class='ocrx_word' id='word_1_371' title='bbox 679 3522 710 3578; x_wconf 88' lang='lat' dir='ltr'><strong>et</strong></span> <span class='ocrx_word' id='word_1_372' title='bbox 724 3516 873 3578; x_wconf 85' lang='lat' dir='ltr'><strong>amicitiae</strong></span> <span class='ocrx_word' id='word_1_373' title='bbox 927 3521 1016 3593; x_wconf 89' lang='lat' dir='ltr'><strong>dure,</strong></span> <span class='ocrx_word' id='word_1_374' title='bbox 1043 3517 1237 3580; x_wconf 89' lang='lat' dir='ltr'><strong>vindicative</strong></span> <span class='ocrx_word' id='word_1_375' title='bbox 1260 3516 1510 3598; x_wconf 89' lang='lat' dir='ltr'><strong>terribiliterque</strong></span> <span class='ocrx_word' id='word_1_376' title='bbox 1533 3514 1673 3589; x_wconf 89' lang='lat' dir='ltr'><strong>habebit,</strong></span> 
     </span>
    </p>

    <p class='ocr_par' dir='ltr' id='par_1_31' title="bbox 124 3613 1820 3699">
     <span class='ocr_line' id='line_1_32' title="bbox 124 3613 1820 3699; baseline -0.002 -20"><span class='ocrx_word' id='word_1_377' title='bbox 124 3624 201 3680; x_wconf 92' lang='lat' dir='ltr'><strong>sunt</strong></span> <span class='ocrx_word' id='word_1_378' title='bbox 224 3621 351 3698; x_wconf 89' lang='lat' dir='ltr'><strong>oportet</strong></span> <span class='ocrx_word' id='word_1_379' title='bbox 380 3613 531 3678; x_wconf 86' lang='lat' dir='ltr'><strong>fratribus</strong></span> <span class='ocrx_word' id='word_1_380' title='bbox 560 3614 722 3690; x_wconf 87' lang='lat' dir='ltr'><strong>exhibere,</strong></span> <span class='ocrx_word' id='word_1_381' title='bbox 747 3622 778 3676; x_wconf 92' lang='lat' dir='ltr'><strong>et</strong></span> <span class='ocrx_word' id='word_1_382' title='bbox 802 3633 873 3697; x_wconf 76' lang='lat' dir='ltr'><strong>qua</strong></span> <span class='ocrx_word' id='word_1_383' title='bbox 928 3616 1151 3699; x_wconf 87' lang='lat' dir='ltr'><strong>utimpleatur</strong></span> <span class='ocrx_word' id='word_1_384' title='bbox 1169 3615 1265 3678; x_wconf 90' lang='lat' dir='ltr'><strong>ineis</strong></span> <span class='ocrx_word' id='word_1_385' title='bbox 1287 3615 1373 3697; x_wconf 94' lang='lat' dir='ltr'><strong>quod</strong></span> <span class='ocrx_word' id='word_1_386' title='bbox 1392 3614 1437 3675; x_wconf 89' lang='lat' dir='ltr'><strong>ait</strong></span> <span class='ocrx_word' id='word_1_387' title='bbox 1452 3613 1604 3688; x_wconf 87' lang='lat' dir='ltr'><strong>Salvator,</strong></span> <span class='ocrx_word' id='word_1_388' title='bbox 1620 3613 1675 3675; x_wconf 88' lang='lat' dir='ltr'><strong>Ea·</strong></span> <span class='ocrx_word' id='word_1_389' title='bbox 1689 3638 1820 3692; x_wconf 58' lang='lat' dir='ltr'><strong>marga„</strong></span> 
     </span>
    </p>

    <p class='ocr_par' dir='ltr' id='par_1_32' title="bbox 126 3705 1709 3795">
     <span class='ocr_line' id='line_1_33' title="bbox 126 3705 1709 3795; baseline -0.001 -18"><span class='ocrx_word' id='word_1_390' title='bbox 126 3714 251 3778; x_wconf 86' lang='lat' dir='ltr'><strong>caritati</strong></span> <span class='ocrx_word' id='word_1_391' title='bbox 273 3721 304 3776; x_wconf 90' lang='lat' dir='ltr'><strong>et</strong></span> <span class='ocrx_word' id='word_1_392' title='bbox 321 3712 471 3776; x_wconf 79' lang='lat' dir='ltr'><strong>amicitiae</strong></span> <span class='ocrx_word' id='word_1_393' title='bbox 488 3720 668 3794; x_wconf 80' lang='lat' dir='ltr'><strong>repugnant</strong></span> <span class='ocrx_word' id='word_1_394' title='bbox 686 3731 808 3786; x_wconf 88' lang='lat' dir='ltr'><strong>cavere,</strong></span> <span class='ocrx_word' id='word_1_395' title='bbox 826 3731 874 3775; x_wconf 90' lang='lat' dir='ltr'><strong>se-</strong></span> <span class='ocrx_word' id='word_1_396' title='bbox 928 3718 1001 3779; x_wconf 92' lang='lat' dir='ltr'><strong>dem</strong></span> <span class='ocrx_word' id='word_1_397' title='bbox 1017 3733 1166 3777; x_wconf 90' lang='lat' dir='ltr'><strong>mensura</strong></span> <span class='ocrx_word' id='word_1_398' title='bbox 1181 3732 1243 3795; x_wconf 93' lang='lat' dir='ltr'><strong>qua</strong></span> <span class='ocrx_word' id='word_1_399' title='bbox 1259 3713 1362 3777; x_wconf 93' lang='lat' dir='ltr'><strong>mensi</strong></span> <span class='ocrx_word' id='word_1_400' title='bbox 1377 3712 1513 3788; x_wconf 89' lang='lat' dir='ltr'><strong>fueritis,</strong></span> <span class='ocrx_word' id='word_1_401' title='bbox 1530 3713 1675 3775; x_wconf 89' lang='lat' dir='ltr'><strong>remetie·</strong></span> <span class='ocrx_word' id='word_1_402' title='bbox 1689 3705 1709 3746; x_wconf 81' lang='lat'><strong>²·</strong></span> 
     </span>
    </p>

    <p class='ocr_par' dir='ltr' id='par_1_33' title="bbox 124 3809 1675 3894">
     <span class='ocr_line' id='line_1_34' title="bbox 124 3809 1675 3894; baseline -0.003 -17"><span class='ocrx_word' id='word_1_403' title='bbox 124 3814 269 3877; x_wconf 91' lang='lat' dir='ltr'><strong>cundum</strong></span> <span class='ocrx_word' id='word_1_404' title='bbox 292 3812 377 3894; x_wconf 93' lang='lat' dir='ltr'><strong>quod</strong></span> <span class='ocrx_word' id='word_1_405' title='bbox 400 3812 433 3873; x_wconf 94' lang='lat' dir='ltr'><strong>in</strong></span> <span class='ocrx_word' id='word_1_406' title='bbox 453 3811 556 3894; x_wconf 92' lang='lat' dir='ltr'><strong>prima</strong></span> <span class='ocrx_word' id='word_1_407' title='bbox 577 3830 634 3874; x_wconf 90' lang='lat' dir='ltr'><strong>sua</strong></span> <span class='ocrx_word' id='word_1_408' title='bbox 653 3811 809 3875; x_wconf 74' lang='lat' dir='ltr'><strong>canonica</strong></span> <span class='ocrx_word' id='word_1_409' title='bbox 829 3812 873 3874; x_wconf 90' lang='lat' dir='ltr'><strong>ait</strong></span> <span class='ocrx_word' id='word_1_410' title='bbox 928 3822 980 3876; x_wconf 89' lang='lat' dir='ltr'><strong>tur</strong></span> <span class='ocrx_word' id='word_1_411' title='bbox 997 3812 1117 3875; x_wconf 81' lang='lat' dir='ltr'><strong>vobisl</strong></span> <span class='ocrx_word' id='word_1_412' title='bbox 1137 3813 1363 3874; x_wconf 90' lang='lat' dir='ltr'><strong>Verumtamen</strong></span> <span class='ocrx_word' id='word_1_413' title='bbox 1380 3828 1443 3874; x_wconf 94' lang='lat' dir='ltr'><strong>non</strong></span> <span class='ocrx_word' id='word_1_414' title='bbox 1461 3811 1507 3873; x_wconf 89' lang='lat' dir='ltr'><strong>sie</strong></span> <span class='ocrx_word' id='word_1_415' title='bbox 1521 3809 1675 3874; x_wconf 90' lang='lat' dir='ltr'><strong>debemus</strong></span> 
     </span>
    </p>
   </div>
   <div class='ocr_carea' id='block_1_3' title="bbox 38 3908 1675 3993">
    <p class='ocr_par' dir='ltr' id='par_1_34' title="bbox 38 3908 1675 3993">
     <span class='ocr_line' id='line_1_35' title="bbox 38 3908 1675 3993; baseline -0.001 -20"><span class='ocrx_word' id='word_1_416' title='bbox 38 3945 109 3984; x_wconf 65' lang='lat' dir='ltr'><strong>nasu,</strong></span> <span class='ocrx_word' id='word_1_417' title='bbox 123 3915 262 3978; x_wconf 88' lang='lat' dir='ltr'><strong>loannes</strong></span> <span class='ocrx_word' id='word_1_418' title='bbox 286 3909 447 3993; x_wconf 87' lang='lat' dir='ltr'><strong>apostolus</strong></span> <span class='ocrx_word' id='word_1_419' title='bbox 464 3929 471 3974; x_wconf 90' lang='lat'>:</span> <span class='ocrx_word' id='word_1_420' title='bbox 488 3909 556 3973; x_wconf 92' lang='lat' dir='ltr'><strong>Non</strong></span> <span class='ocrx_word' id='word_1_421' title='bbox 581 3910 751 3990; x_wconf 88' lang='lat' dir='ltr'><strong>diligamus</strong></span> <span class='ocrx_word' id='word_1_422' title='bbox 776 3910 874 3973; x_wconf 88' lang='lat' dir='ltr'><strong>verbo</strong></span> <span class='ocrx_word' id='word_1_423' title='bbox 928 3911 1008 3974; x_wconf 90' lang='lat' dir='ltr'><strong>alter</strong></span> <span class='ocrx_word' id='word_1_424' title='bbox 1032 3910 1163 3973; x_wconf 90' lang='lat' dir='ltr'><strong>alterius</strong></span> <span class='ocrx_word' id='word_1_425' title='bbox 1187 3928 1284 3973; x_wconf 90' lang='lat' dir='ltr'><strong>onera</strong></span> <span class='ocrx_word' id='word_1_426' title='bbox 1305 3918 1443 3992; x_wconf 89' lang='lat' dir='ltr'><strong>portare,</strong></span> <span class='ocrx_word' id='word_1_427' title='bbox 1469 3916 1505 3970; x_wconf 91' lang='lat' dir='ltr'><strong>ut</strong></span> <span class='ocrx_word' id='word_1_428' title='bbox 1528 3908 1675 3972; x_wconf 76' lang='lat' dir='ltr'><strong>fraterna</strong></span> 
     </span>
    </p>
   </div>
   <div class='ocr_carea' id='block_1_4' title="bbox 9 4007 1675 4095">
    <p class='ocr_par' dir='ltr' id='par_1_35' title="bbox 9 4007 1675 4095">
     <span class='ocr_line' id='line_1_36' title="bbox 9 4007 1675 4095; baseline -0.005 -19"><span class='ocrx_word' id='word_1_429' title='bbox 9 4026 14 4036; x_wconf 94' lang='grc'><strong><em>·</em></strong></span> <span class='ocrx_word' id='word_1_430' title='bbox 124 4031 232 4095; x_wconf 86' lang='lat' dir='ltr'><strong>neque</strong></span> <span class='ocrx_word' id='word_1_431' title='bbox 258 4011 378 4092; x_wconf 89' lang='lat' dir='ltr'><strong>lingua,</strong></span> <span class='ocrx_word' id='word_1_432' title='bbox 399 4008 454 4072; x_wconf 92' lang='lat' dir='ltr'><strong>sed</strong></span> <span class='ocrx_word' id='word_1_433' title='bbox 478 4025 574 4091; x_wconf 90' lang='lat' dir='ltr'><strong>opere</strong></span> <span class='ocrx_word' id='word_1_434' title='bbox 599 4015 630 4071; x_wconf 92' lang='lat' dir='ltr'><strong>et</strong></span> <span class='ocrx_word' id='word_1_435' title='bbox 653 4009 795 4072; x_wconf 89' lang='lat' dir='ltr'><strong>veritate.</strong></span> <span class='ocrx_word' id='word_1_436' title='bbox 820 4010 874 4072; x_wconf 86' lang='lat' dir='ltr'><strong>Est</strong></span> <span class='ocrx_word' id='word_1_437' title='bbox 929 4009 1139 4092; x_wconf 89' lang='lat' dir='ltr'><strong>correptionis</strong></span> <span class='ocrx_word' id='word_1_438' title='bbox 1165 4009 1322 4071; x_wconf 91' lang='lat' dir='ltr'><strong>medelam</strong></span> <span class='ocrx_word' id='word_1_439' title='bbox 1347 4008 1547 4090; x_wconf 89' lang='lat' dir='ltr'><strong>negligamus</strong></span> <span class='ocrx_word' id='word_1_440' title='bbox 1570 4007 1675 4090; x_wconf 88' lang='lat' dir='ltr'><strong>proxi-</strong></span> 
     </span>
    </p>
   </div>
   <div class='ocr_carea' id='block_1_5' title="bbox 123 4107 1677 4486">
    <p class='ocr_par' dir='ltr' id='par_1_36' title="bbox 123 4107 1677 4486">
     <span class='ocr_line' id='line_1_37' title="bbox 124 4107 1674 4190; baseline -0.005 -15"><span class='ocrx_word' id='word_1_441' title='bbox 124 4119 234 4175; x_wconf 90' lang='lat' dir='ltr'><strong>autem</strong></span> <span class='ocrx_word' id='word_1_442' title='bbox 270 4110 453 4173; x_wconf 91' lang='lat' dir='ltr'><strong>invidorum</strong></span> <span class='ocrx_word' id='word_1_443' title='bbox 487 4107 658 4171; x_wconf 89' lang='lat' dir='ltr'><strong>infelicitas</strong></span> <span class='ocrx_word' id='word_1_444' title='bbox 692 4125 806 4190; x_wconf 87' lang='lat' dir='ltr'><strong>magna</strong></span> <span class='ocrx_word' id='word_1_445' title='bbox 837 4127 874 4171; x_wconf 89' lang='lat' dir='ltr'><strong>ac</strong></span> <span class='ocrx_word' id='word_1_446' title='bbox 929 4109 1001 4182; x_wconf 90' lang='lat' dir='ltr'><strong>mis,</strong></span> <span class='ocrx_word' id='word_1_447' title='bbox 1018 4110 1095 4171; x_wconf 91' lang='lat' dir='ltr'><strong>dum</strong></span> <span class='ocrx_word' id='word_1_448' title='bbox 1121 4107 1297 4190; x_wconf 87' lang='lat' dir='ltr'><strong>culpabiles</strong></span> <span class='ocrx_word' id='word_1_449' title='bbox 1320 4113 1455 4181; x_wconf 91' lang='lat' dir='ltr'><strong>exstant,</strong></span> <span class='ocrx_word' id='word_1_450' title='bbox 1477 4107 1674 4188; x_wconf 90' lang='lat' dir='ltr'><strong>impendere,</strong></span> 
     </span>
     <span class='ocr_line' id='line_1_38' title="bbox 123 4204 1676 4290; baseline -0.005 -17"><span class='ocrx_word' id='word_1_451' title='bbox 123 4229 255 4274; x_wconf 89' lang='lat' dir='ltr'><strong>summa</strong></span> <span class='ocrx_word' id='word_1_452' title='bbox 273 4209 412 4280; x_wconf 87' lang='lat' dir='ltr'><strong>miseria,</strong></span> <span class='ocrx_word' id='word_1_453' title='bbox 428 4207 504 4289; x_wconf 89' lang='lat' dir='ltr'><strong>quia</strong></span> <span class='ocrx_word' id='word_1_454' title='bbox 524 4224 588 4269; x_wconf 91' lang='lat' dir='ltr'><strong>non</strong></span> <span class='ocrx_word' id='word_1_455' title='bbox 608 4213 730 4269; x_wconf 89' lang='lat' dir='ltr'><strong>tantum</strong></span> <span class='ocrx_word' id='word_1_456' title='bbox 751 4225 873 4269; x_wconf 89' lang='lat' dir='ltr'><strong>meren·</strong></span> <span class='ocrx_word' id='word_1_457' title='bbox 889 4211 914 4273; x_wconf 89' lang='lat' dir='ltr'>D</span> <span class='ocrx_word' id='word_1_458' title='bbox 929 4215 984 4270; x_wconf 93' lang='lat' dir='ltr'><strong>aut</strong></span> <span class='ocrx_word' id='word_1_459' title='bbox 1004 4223 1187 4290; x_wconf 89' lang='lat' dir='ltr'><strong>procorum</strong></span> <span class='ocrx_word' id='word_1_460' title='bbox 1208 4204 1330 4268; x_wconf 89' lang='lat' dir='ltr'><strong>salubri</strong></span> <span class='ocrx_word' id='word_1_461' title='bbox 1349 4204 1571 4267; x_wconf 90' lang='lat' dir='ltr'><strong>emendatione</strong></span> <span class='ocrx_word' id='word_1_462' title='bbox 1587 4221 1676 4266; x_wconf 90' lang='lat' dir='ltr'><strong>orare</strong></span> 
     </span>
     <span class='ocr_line' id='line_1_39' title="bbox 125 4302 1674 4391; baseline -0.006 -19"><span class='ocrx_word' id='word_1_463' title='bbox 125 4317 180 4372; x_wconf 90' lang='lat' dir='ltr'><strong>tur</strong></span> <span class='ocrx_word' id='word_1_464' title='bbox 195 4314 269 4391; x_wconf 90' lang='lat' dir='ltr'><strong>post</strong></span> <span class='ocrx_word' id='word_1_465' title='bbox 283 4308 380 4368; x_wconf 87' lang='lat' dir='ltr'><strong>vitam</strong></span> <span class='ocrx_word' id='word_1_466' title='bbox 396 4306 478 4369; x_wconf 90' lang='lat' dir='ltr'><strong>hane</strong></span> <span class='ocrx_word' id='word_1_467' title='bbox 494 4305 527 4368; x_wconf 91' lang='lat' dir='ltr'><strong>in</strong></span> <span class='ocrx_word' id='word_1_468' title='bbox 543 4304 669 4367; x_wconf 92' lang='lat' dir='ltr'><strong>inferno</strong></span> <span class='ocrx_word' id='word_1_469' title='bbox 683 4305 875 4368; x_wconf 84' lang='lat' dir='ltr'><strong>aetemaliter</strong></span> <span class='ocrx_word' id='word_1_470' title='bbox 930 4316 960 4370; x_wconf 92' lang='lat' dir='ltr'><strong>et</strong></span> <span class='ocrx_word' id='word_1_471' title='bbox 976 4314 1116 4370; x_wconf 90' lang='lat' dir='ltr'><strong>nostram</strong></span> <span class='ocrx_word' id='word_1_472' title='bbox 1137 4304 1336 4384; x_wconf 90' lang='lat' dir='ltr'><strong>diligentiam</strong></span> <span class='ocrx_word' id='word_1_473' title='bbox 1354 4302 1474 4381; x_wconf 90' lang='lat' dir='ltr'><strong>lacere;</strong></span> <span class='ocrx_word' id='word_1_474' title='bbox 1491 4303 1546 4364; x_wconf 91' lang='lat' dir='ltr'><strong>sed</strong></span> <span class='ocrx_word' id='word_1_475' title='bbox 1562 4309 1674 4364; x_wconf 92' lang='lat' dir='ltr'><strong>utnon</strong></span> 
     </span>
     <span class='ocr_line' id='line_1_40' title="bbox 123 4399 1677 4486; baseline -0.006 -17"><span class='ocrx_word' id='word_1_476' title='bbox 123 4407 275 4478; x_wconf 86' lang='lat' dir='ltr'><strong>eruciari,</strong></span> <span class='ocrx_word' id='word_1_477' title='bbox 292 4405 346 4468; x_wconf 91' lang='lat' dir='ltr'><strong>sed</strong></span> <span class='ocrx_word' id='word_1_478' title='bbox 366 4403 461 4468; x_wconf 89' lang='lat' dir='ltr'><strong>etiam</strong></span> <span class='ocrx_word' id='word_1_479' title='bbox 482 4404 514 4466; x_wconf 95' lang='lat' dir='ltr'><strong>in</strong></span> <span class='ocrx_word' id='word_1_480' title='bbox 535 4403 684 4486; x_wconf 83' lang='lat' dir='ltr'><strong>praesenti</strong></span> <span class='ocrx_word' id='word_1_481' title='bbox 704 4404 799 4466; x_wconf 87' lang='lat' dir='ltr'><strong>corda</strong></span> <span class='ocrx_word' id='word_1_482' title='bbox 818 4422 875 4466; x_wconf 92' lang='lat' dir='ltr'><strong>sua</strong></span> <span class='ocrx_word' id='word_1_483' title='bbox 930 4423 1116 4468; x_wconf 83' lang='lat' dir='ltr'><strong>moveamur</strong></span> <span class='ocrx_word' id='word_1_484' title='bbox 1129 4403 1168 4465; x_wconf 95' lang='lat' dir='ltr'><strong>ad</strong></span> <span class='ocrx_word' id='word_1_485' title='bbox 1185 4403 1276 4475; x_wconf 88' lang='lat' dir='ltr'><strong>iram,</strong></span> <span class='ocrx_word' id='word_1_486' title='bbox 1289 4399 1533 4483; x_wconf 87' lang='lat' dir='ltr'><strong>impatientiam,</strong></span> <span class='ocrx_word' id='word_1_487' title='bbox 1544 4407 1599 4461; x_wconf 93' lang='lat' dir='ltr'><strong>aut</strong></span> <span class='ocrx_word' id='word_1_488' title='bbox 1615 4407 1677 4460; x_wconf 93' lang='lat' dir='ltr'><strong>tur-</strong></span> 
     </span>
    </p>
   </div>
   <div class='ocr_carea' id='block_1_6' title="bbox 7 4499 1675 4682">
    <p class='ocr_par' dir='ltr' id='par_1_37' title="bbox 7 4499 1675 4682">
     <span class='ocr_line' id='line_1_41' title="bbox 26 4499 1675 4586; baseline -0.001 -23"><span class='ocrx_word' id='word_1_489' title='bbox 26 4535 108 4574; x_wconf 66' lang='lat' dir='ltr'><strong>oam,</strong></span> <span class='ocrx_word' id='word_1_490' title='bbox 125 4505 296 4578; x_wconf 91' lang='lat' dir='ltr'><strong>dilaniant,</strong></span> <span class='ocrx_word' id='word_1_491' title='bbox 314 4523 413 4586; x_wconf 93' lang='lat' dir='ltr'><strong>quum</strong></span> <span class='ocrx_word' id='word_1_492' title='bbox 436 4503 583 4566; x_wconf 88' lang='lat' dir='ltr'><strong>Salomon</strong></span> <span class='ocrx_word' id='word_1_493' title='bbox 606 4503 690 4565; x_wconf 88' lang='lat' dir='ltr'><strong>dieat</strong></span> <span class='ocrx_word' id='word_1_494' title='bbox 711 4519 718 4563; x_wconf 92' lang='lat'>:</span> <span class='ocrx_word' id='word_1_495' title='bbox 740 4503 875 4565; x_wconf 89' lang='lat' dir='ltr'><strong>Putredo</strong></span> <span class='ocrx_word' id='word_1_496' title='bbox 930 4501 1194 4576; x_wconf 88' lang='lat' dir='ltr'><strong>bulentiam,sive</strong></span> <span class='ocrx_word' id='word_1_497' title='bbox 1210 4499 1375 4572; x_wconf 92' lang='lat' dir='ltr'><strong>invidiam,</strong></span> <span class='ocrx_word' id='word_1_498' title='bbox 1387 4506 1517 4581; x_wconf 90' lang='lat' dir='ltr'><strong>propter</strong></span> <span class='ocrx_word' id='word_1_499' title='bbox 1532 4499 1675 4580; x_wconf 94' lang='lat' dir='ltr'><strong>ipsorum</strong></span> 
     </span>
     <span class='ocr_line' id='line_1_42' title="bbox 7 4595 1675 4682; baseline -0.007 -13"><span class='ocrx_word' id='word_1_500' title='bbox 7 4615 13 4626; x_wconf 84' lang='lat'>‘</span> <span class='ocrx_word' id='word_1_501' title='bbox 124 4603 264 4677; x_wconf 87' lang='lat' dir='ltr'><strong>ossium,</strong></span> <span class='ocrx_word' id='word_1_502' title='bbox 281 4601 409 4664; x_wconf 87' lang='lat' dir='ltr'><strong>invidia.</strong></span> <span class='ocrx_word' id='word_1_503' title='bbox 427 4601 549 4664; x_wconf 84' lang='lat' dir='ltr'><strong>Invidia</strong></span> <span class='ocrx_word' id='word_1_504' title='bbox 569 4601 729 4682; x_wconf 92' lang='lat' dir='ltr'><strong>siquidem</strong></span> <span class='ocrx_word' id='word_1_505' title='bbox 744 4608 792 4663; x_wconf 92' lang='lat' dir='ltr'><strong>est</strong></span> <span class='ocrx_word' id='word_1_506' title='bbox 807 4619 875 4682; x_wconf 88' lang='lat' dir='ltr'><strong>spe·</strong></span> <span class='ocrx_word' id='word_1_507' title='bbox 930 4601 1085 4673; x_wconf 88' lang='lat' dir='ltr'><strong>defectus,</strong></span> <span class='ocrx_word' id='word_1_508' title='bbox 1103 4600 1168 4662; x_wconf 91' lang='lat' dir='ltr'><strong>imo</strong></span> <span class='ocrx_word' id='word_1_509' title='bbox 1193 4597 1356 4660; x_wconf 89' lang='lat' dir='ltr'><strong>caritative</strong></span> <span class='ocrx_word' id='word_1_510' title='bbox 1376 4603 1408 4659; x_wconf 93' lang='lat' dir='ltr'><strong>et</strong></span> <span class='ocrx_word' id='word_1_511' title='bbox 1429 4596 1481 4678; x_wconf 91' lang='lat' dir='ltr'><strong>pie</strong></span> <span class='ocrx_word' id='word_1_512' title='bbox 1504 4595 1675 4678; x_wconf 88' lang='lat' dir='ltr'><strong>compatia-</strong></span> 
     </span>
    </p>
   </div>
   <div class='ocr_carea' id='block_1_7' title="bbox 124 4696 1465 4784">
    <p class='ocr_par' dir='ltr' id='par_1_38' title="bbox 124 4696 1465 4784">
     <span class='ocr_line' id='line_1_43' title="bbox 124 4696 1465 4784; baseline -0.005 -19"><span class='ocrx_word' id='word_1_513' title='bbox 124 4703 194 4766; x_wconf 90' lang='lat' dir='ltr'><strong>cies</strong></span> <span class='ocrx_word' id='word_1_514' title='bbox 214 4700 358 4784; x_wconf 84' lang='lat' dir='ltr'><strong>quaedam</strong></span> <span class='ocrx_word' id='word_1_515' title='bbox 375 4699 521 4763; x_wconf 77' lang='lat' dir='ltr'><strong>tristitia.</strong></span> <span class='ocrx_word' id='word_1_516' title='bbox 539 4699 577 4762; x_wconf 87' lang='lat' dir='ltr'><strong>Et</strong></span> <span class='ocrx_word' id='word_1_517' title='bbox 592 4700 740 4764; x_wconf 89' lang='lat' dir='ltr'><strong>Salomon</strong></span> <span class='ocrx_word' id='word_1_518' title='bbox 757 4699 874 4764; x_wconf 85' lang='lat' dir='ltr'><strong>veraci-</strong></span> <span class='ocrx_word' id='word_1_519' title='bbox 930 4719 1003 4762; x_wconf 93' lang='lat' dir='ltr'><strong>mur</strong></span> <span class='ocrx_word' id='word_1_520' title='bbox 1023 4717 1060 4762; x_wconf 90' lang='lat' dir='ltr'><strong>ac</strong></span> <span class='ocrx_word' id='word_1_521' title='bbox 1082 4697 1310 4762; x_wconf 88' lang='lat' dir='ltr'><strong>subveniamus</strong></span> <span class='ocrx_word' id='word_1_522' title='bbox 1332 4696 1465 4760; x_wconf 90' lang='lat' dir='ltr'><strong>eisdem.</strong></span> 
     </span>
    </p>
   </div>
   <div class='ocr_carea' id='block_1_8' title="bbox 0 0 2088 6258">
    <p class='ocr_par' dir='ltr' id='par_1_39' title="bbox 0 0 2088 6258">
     <span class='ocr_line' id='line_1_44' title="bbox 0 0 2088 6258; baseline 0 0"><span class='ocrx_word' id='word_1_523' title='bbox 0 0 2088 6258; x_wconf 95' lang='lat' dir='ltr'><strong> </strong></span> 
     </span>
    </p>
   </div>
  </div>
 </body>
</html>
