<?xml version="1.0" encoding="UTF-8"?>
<!DOCTYPE html PUBLIC "-//W3C//DTD XHTML 1.0 Transitional//EN"
    "http://www.w3.org/TR/xhtml1/DTD/xhtml1-transitional.dtd">
<html xmlns="http://www.w3.org/1999/xhtml" xml:lang="en" lang="en">
 <head>
  <title>
</title>
<meta http-equiv="Content-Type" content="text/html;charset=utf-8" />
  <meta name='ocr-system' content='tesseract 3.04.00' />
  <meta name='ocr-capabilities' content='ocr_page ocr_carea ocr_par ocr_line ocrx_word'/>
</head>
<body>
  <div class='ocr_page' id='page_1' title='image "./doctorisecstati01unkngoog/doctorisecstati01unkngoog_0024.png"; bbox 0 0 4288 6264; ppageno 0'>
   <div class='ocr_carea' id='block_1_1' title="bbox 575 523 1373 574">
    <p class='ocr_par' dir='ltr' id='par_1_1' title="bbox 575 523 1373 574">
     <span class='ocr_line' id='line_1_1' title="bbox 575 523 1373 574; baseline -0.004 0"><span class='ocrx_word' id='word_1_1' title='bbox 575 526 720 574; x_wconf 78' lang='lat' dir='ltr'><strong>uotttrttca</strong></span> <span class='ocrx_word' id='word_1_2' title='bbox 743 526 774 573; x_wconf 72' lang='lat' dir='ltr'><strong>lv</strong></span> <span class='ocrx_word' id='word_1_3' title='bbox 794 526 868 574; x_wconf 79' lang='lat' dir='ltr'><strong>rost</strong></span> <span class='ocrx_word' id='word_1_4' title='bbox 888 525 1017 574; x_wconf 71' lang='lat' dir='ltr'><strong>rasam.</strong></span> <span class='ocrx_word' id='word_1_5' title='bbox 1039 543 1079 555; x_wconf 93' lang='lat'><strong>·-·</strong></span> <span class='ocrx_word' id='word_1_6' title='bbox 1100 523 1198 574; x_wconf 74' lang='lat' dir='ltr'><strong>Sfflo</strong></span> <span class='ocrx_word' id='word_1_7' title='bbox 1219 523 1373 572; x_wconf 73' lang='lat' dir='ltr'>SECUNDUS</span> 
     </span>
    </p>
   </div>
   <div class='ocr_carea' id='block_1_2' title="bbox 711 937 1236 1026">
    <p class='ocr_par' dir='ltr' id='par_1_2' title="bbox 711 937 1236 1026">
     <span class='ocr_line' id='line_1_2' title="bbox 711 937 1236 1026; baseline -0.004 0"><span class='ocrx_word' id='word_1_8' title='bbox 711 937 902 1026; x_wconf 86' lang='lat' dir='ltr'><strong>SERMO</strong></span> <span class='ocrx_word' id='word_1_9' title='bbox 940 937 1236 1025; x_wconf 85' lang='lat' dir='ltr'>SECUNDUS</span> 
     </span>
    </p>
   </div>
   <div class='ocr_carea' id='block_1_3' title="bbox 298 1201 1647 1264">
    <p class='ocr_par' dir='ltr' id='par_1_3' title="bbox 298 1201 1647 1264">
     <span class='ocr_line' id='line_1_3' title="bbox 298 1201 1647 1264; baseline -0.006 -7"><span class='ocrx_word' id='word_1_10' title='bbox 298 1211 338 1257; x_wconf 81' lang='lat' dir='ltr'><strong>us</strong></span> <span class='ocrx_word' id='word_1_11' title='bbox 359 1207 576 1256; x_wconf 74' lang='lat' dir='ltr'><strong>llrubllttttrts</strong></span> <span class='ocrx_word' id='word_1_12' title='bbox 597 1206 704 1264; x_wconf 74' lang='lat' dir='ltr'><strong>ombus</strong></span> <span class='ocrx_word' id='word_1_13' title='bbox 725 1204 860 1253; x_wconf 75' lang='lat' dir='ltr'><strong>neumas</strong></span> <span class='ocrx_word' id='word_1_14' title='bbox 882 1203 1088 1250; x_wconf 82' lang='lat' dir='ltr'><strong>tttrttoturtrtm</strong></span> <span class='ocrx_word' id='word_1_15' title='bbox 1108 1201 1352 1250; x_wconf 73' lang='lat' dir='ltr'><strong>asuscsrttortu</strong></span> <span class='ocrx_word' id='word_1_16' title='bbox 1373 1203 1508 1251; x_wconf 80' lang='lat' dir='ltr'><strong>SPllll&#39;l&#39;US</strong></span> <span class='ocrx_word' id='word_1_17' title='bbox 1530 1203 1647 1250; x_wconf 80' lang='lat' dir='ltr'><strong>SANGTl.</strong></span> 
     </span>
    </p>
   </div>
   <div class='ocr_carea' id='block_1_4' title="bbox 24 1481 1887 5404">
    <p class='ocr_par' dir='ltr' id='par_1_4' title="bbox 24 1481 1887 5404">
     <span class='ocr_line' id='line_1_4' title="bbox 258 1481 1746 1566; baseline -0.002 -16"><span class='ocrx_word' id='word_1_18' title='bbox 258 1489 443 1551; x_wconf 80' lang='lat' dir='ltr'><strong>PIRITUS</strong></span> <span class='ocrx_word' id='word_1_19' title='bbox 462 1495 593 1548; x_wconf 82' lang='lat' dir='ltr'><strong>sanctus</strong></span> <span class='ocrx_word' id='word_1_20' title='bbox 611 1485 796 1562; x_wconf 76' lang='lat' dir='ltr'><strong>discipline·</strong></span> <span class='ocrx_word' id='word_1_21' title='bbox 813 1483 945 1562; x_wconf 59' lang='lat' dir='ltr'><strong>effigiet</strong></span> <span class='ocrx_word' id='word_1_22' title='bbox 959 1481 984 1543; x_wconf 87' lang='grc' dir='ltr'>Α</span> <span class='ocrx_word' id='word_1_23' title='bbox 999 1489 1031 1544; x_wconf 89' lang='lat' dir='ltr'><strong>et</strong></span> <span class='ocrx_word' id='word_1_24' title='bbox 1048 1481 1150 1562; x_wconf 88' lang='lat' dir='ltr'><strong>gratia</strong></span> <span class='ocrx_word' id='word_1_25' title='bbox 1171 1481 1308 1564; x_wconf 85' lang='lat' dir='ltr'><strong>Spiritus</strong></span> <span class='ocrx_word' id='word_1_26' title='bbox 1328 1483 1443 1546; x_wconf 81' lang='lat' dir='ltr'><strong>Sancti.</strong></span> <span class='ocrx_word' id='word_1_27' title='bbox 1460 1483 1637 1566; x_wconf 80' lang='lat' dir='ltr'><strong>Proprietas</strong></span> <span class='ocrx_word' id='word_1_28' title='bbox 1659 1504 1746 1547; x_wconf 89' lang='lat' dir='ltr'><strong>nam-</strong></span> 
     </span>
     <span class='ocr_line' id='line_1_5' title="bbox 271 1580 1747 1664; baseline 0.001 -20"><span class='ocrx_word' id='word_1_29' title='bbox 271 1591 397 1664; x_wconf 82' lang='lat' dir='ltr'><strong>fictum,</strong></span> <span class='ocrx_word' id='word_1_30' title='bbox 413 1595 443 1645; x_wconf 87' lang='lat' dir='ltr'><strong>et</strong></span> <span class='ocrx_word' id='word_1_31' title='bbox 458 1587 587 1661; x_wconf 81' lang='lat' dir='ltr'><strong>auferet</strong></span> <span class='ocrx_word' id='word_1_32' title='bbox 606 1604 638 1642; x_wconf 85' lang='lat' dir='ltr'><strong>se</strong></span> <span class='ocrx_word' id='word_1_33' title='bbox 657 1604 676 1642; x_wconf 89' lang='lat' dir='ltr'><strong>a</strong></span> <span class='ocrx_word' id='word_1_34' title='bbox 695 1583 945 1660; x_wconf 75' lang='lat' dir='ltr'><strong>copitattonttus</strong></span> <span class='ocrx_word' id='word_1_35' title='bbox 999 1600 1062 1664; x_wconf 88' lang='lat' dir='ltr'><strong>que</strong></span> <span class='ocrx_word' id='word_1_36' title='bbox 1078 1580 1153 1643; x_wconf 91' lang='lat' dir='ltr'><strong>boui</strong></span> <span class='ocrx_word' id='word_1_37' title='bbox 1169 1589 1217 1644; x_wconf 92' lang='lat' dir='ltr'><strong>est</strong></span> <span class='ocrx_word' id='word_1_38' title='bbox 1233 1600 1266 1644; x_wconf 89' lang='lat' dir='ltr'><strong>se</strong></span> <span class='ocrx_word' id='word_1_39' title='bbox 1282 1582 1519 1645; x_wconf 91' lang='lat' dir='ltr'><strong>communicare</strong></span> <span class='ocrx_word' id='word_1_40' title='bbox 1539 1591 1571 1645; x_wconf 90' lang='lat' dir='ltr'><strong>et</strong></span> <span class='ocrx_word' id='word_1_41' title='bbox 1589 1583 1671 1646; x_wconf 90' lang='lat' dir='ltr'><strong>dona</strong></span> <span class='ocrx_word' id='word_1_42' title='bbox 1690 1602 1747 1646; x_wconf 92' lang='lat' dir='ltr'><strong>sua</strong></span> 
     </span>
     <span class='ocr_line' id='line_1_6' title="bbox 198 1677 1746 1766; baseline -0.001 -20"><span class='ocrx_word' id='word_1_43' title='bbox 198 1705 270 1766; x_wconf 78' lang='lat' dir='ltr'><strong>quta</strong></span> <span class='ocrx_word' id='word_1_44' title='bbox 284 1693 361 1744; x_wconf 82' lang='lat' dir='ltr'><strong>sunt</strong></span> <span class='ocrx_word' id='word_1_45' title='bbox 377 1685 446 1744; x_wconf 81' lang='lat' dir='ltr'><strong>sine</strong></span> <span class='ocrx_word' id='word_1_46' title='bbox 462 1685 638 1743; x_wconf 80' lang='lat' dir='ltr'><strong>intellectu.</strong></span> <span class='ocrx_word' id='word_1_47' title='bbox 656 1681 727 1763; x_wconf 87' lang='lat' dir='ltr'><strong>Sap.</strong></span> <span class='ocrx_word' id='word_1_48' title='bbox 746 1699 767 1755; x_wconf 89' lang='lat' dir='ltr'><strong>t,</strong></span> <span class='ocrx_word' id='word_1_49' title='bbox 784 1680 812 1742; x_wconf 85' lang='lat' dir='ltr'><strong>ll.</strong></span> <span class='ocrx_word' id='word_1_50' title='bbox 999 1677 1175 1742; x_wconf 86' lang='lat' dir='ltr'><strong>effundere.</strong></span> <span class='ocrx_word' id='word_1_51' title='bbox 1203 1679 1306 1752; x_wconf 86' lang='lat' dir='ltr'><strong>Quum</strong></span> <span class='ocrx_word' id='word_1_52' title='bbox 1336 1697 1410 1761; x_wconf 88' lang='lat' dir='ltr'><strong>ergo</strong></span> <span class='ocrx_word' id='word_1_53' title='bbox 1435 1681 1518 1744; x_wconf 88' lang='lat' dir='ltr'><strong>Deus</strong></span> <span class='ocrx_word' id='word_1_54' title='bbox 1543 1681 1746 1764; x_wconf 88' lang='lat' dir='ltr'><strong>omnipotens</strong></span> 
     </span>
     <span class='ocr_line' id='line_1_7' title="bbox 238 1777 1744 1862; baseline -0.002 -17"><span class='ocrx_word' id='word_1_55' title='bbox 238 1784 272 1846; x_wconf 93' lang='lat' dir='ltr'><strong>ln</strong></span> <span class='ocrx_word' id='word_1_56' title='bbox 302 1782 353 1844; x_wconf 91' lang='lat' dir='ltr'><strong>his</strong></span> <span class='ocrx_word' id='word_1_57' title='bbox 382 1781 489 1844; x_wconf 89' lang='lat' dir='ltr'><strong>verbis</strong></span> <span class='ocrx_word' id='word_1_58' title='bbox 518 1787 693 1862; x_wconf 89' lang='lat' dir='ltr'><strong>tanguntur</strong></span> <span class='ocrx_word' id='word_1_59' title='bbox 719 1780 783 1842; x_wconf 93' lang='lat' dir='ltr'><strong>duo</strong></span> <span class='ocrx_word' id='word_1_60' title='bbox 811 1777 945 1859; x_wconf 90' lang='lat' dir='ltr'><strong>impedi·</strong></span> <span class='ocrx_word' id='word_1_61' title='bbox 999 1784 1031 1838; x_wconf 91' lang='lat' dir='ltr'><strong>ct</strong></span> <span class='ocrx_word' id='word_1_62' title='bbox 1053 1783 1190 1839; x_wconf 80' lang='lat' dir='ltr'><strong>eternus</strong></span> <span class='ocrx_word' id='word_1_63' title='bbox 1220 1777 1261 1839; x_wconf 91' lang='lat' dir='ltr'><strong>sit</strong></span> <span class='ocrx_word' id='word_1_64' title='bbox 1290 1777 1418 1839; x_wconf 89' lang='lat' dir='ltr'><strong>infinita</strong></span> <span class='ocrx_word' id='word_1_65' title='bbox 1442 1797 1584 1862; x_wconf 89' lang='lat' dir='ltr'><strong>puraque</strong></span> <span class='ocrx_word' id='word_1_66' title='bbox 1608 1778 1744 1854; x_wconf 87' lang='lat' dir='ltr'><strong>bonitas,</strong></span> 
     </span>
     <span class='ocr_line' id='line_1_8' title="bbox 198 1874 1747 1959; baseline -0.003 -15"><span class='ocrx_word' id='word_1_67' title='bbox 198 1889 306 1944; x_wconf 89' lang='lat' dir='ltr'><strong>menta</strong></span> <span class='ocrx_word' id='word_1_68' title='bbox 328 1879 499 1942; x_wconf 76' lang='lat' dir='ltr'><strong>infusionis</strong></span> <span class='ocrx_word' id='word_1_69' title='bbox 522 1885 554 1940; x_wconf 92' lang='lat' dir='ltr'><strong>et</strong></span> <span class='ocrx_word' id='word_1_70' title='bbox 574 1877 718 1959; x_wconf 71' lang='lat' dir='ltr'><strong>gratiosae</strong></span> <span class='ocrx_word' id='word_1_71' title='bbox 743 1874 944 1939; x_wconf 89' lang='lat' dir='ltr'><strong>inhabitatio-</strong></span> <span class='ocrx_word' id='word_1_72' title='bbox 999 1875 1092 1955; x_wconf 90' lang='lat' dir='ltr'><strong>cujus</strong></span> <span class='ocrx_word' id='word_1_73' title='bbox 1123 1875 1346 1938; x_wconf 78' lang='lat' dir='ltr'><strong>munificentia</strong></span> <span class='ocrx_word' id='word_1_74' title='bbox 1374 1883 1406 1938; x_wconf 89' lang='lat' dir='ltr'><strong>ct</strong></span> <span class='ocrx_word' id='word_1_75' title='bbox 1428 1876 1592 1958; x_wconf 88' lang='lat' dir='ltr'><strong>opulentia</strong></span> <span class='ocrx_word' id='word_1_76' title='bbox 1616 1885 1664 1940; x_wconf 89' lang='lat' dir='ltr'><strong>cst</strong></span> <span class='ocrx_word' id='word_1_77' title='bbox 1688 1878 1747 1940; x_wconf 93' lang='lat' dir='ltr'><strong>im·</strong></span> 
     </span>
     <span class='ocr_line' id='line_1_9' title="bbox 197 1973 1745 2060; baseline -0.003 -18"><span class='ocrx_word' id='word_1_78' title='bbox 197 1979 247 2042; x_wconf 91' lang='lat' dir='ltr'><strong>uis</strong></span> <span class='ocrx_word' id='word_1_79' title='bbox 262 1977 400 2060; x_wconf 88' lang='lat' dir='ltr'><strong>Spiritus</strong></span> <span class='ocrx_word' id='word_1_80' title='bbox 416 1976 531 2039; x_wconf 87' lang='lat' dir='ltr'><strong>Sancti.</strong></span> <span class='ocrx_word' id='word_1_81' title='bbox 548 1976 690 2040; x_wconf 91' lang='lat' dir='ltr'><strong>Primum</strong></span> <span class='ocrx_word' id='word_1_82' title='bbox 706 1981 754 2036; x_wconf 90' lang='lat' dir='ltr'><strong>est</strong></span> <span class='ocrx_word' id='word_1_83' title='bbox 771 1973 880 2052; x_wconf 84' lang='lat' dir='ltr'><strong>ficti03</strong></span> <span class='ocrx_word' id='word_1_84' title='bbox 897 1993 945 2035; x_wconf 90' lang='lat' dir='ltr'><strong>se·</strong></span> <span class='ocrx_word' id='word_1_85' title='bbox 1000 1990 1120 2046; x_wconf 87' lang='lat' dir='ltr'><strong>mensa,</strong></span> <span class='ocrx_word' id='word_1_86' title='bbox 1138 1973 1352 2034; x_wconf 90' lang='lat' dir='ltr'><strong>certissimum</strong></span> <span class='ocrx_word' id='word_1_87' title='bbox 1368 1974 1515 2055; x_wconf 87' lang='lat' dir='ltr'><strong>estquod</strong></span> <span class='ocrx_word' id='word_1_88' title='bbox 1535 1983 1691 2057; x_wconf 91' lang='lat' dir='ltr'><strong>quantum</strong></span> <span class='ocrx_word' id='word_1_89' title='bbox 1712 1976 1745 2038; x_wconf 94' lang='lat' dir='ltr'><strong>in</strong></span> 
     </span>
     <span class='ocr_line' id='line_1_10' title="bbox 197 2070 1745 2156; baseline -0.002 -17"><span class='ocrx_word' id='word_1_90' title='bbox 197 2077 338 2139; x_wconf 91' lang='lat' dir='ltr'><strong>cundum</strong></span> <span class='ocrx_word' id='word_1_91' title='bbox 354 2082 402 2138; x_wconf 92' lang='lat' dir='ltr'><strong>est</strong></span> <span class='ocrx_word' id='word_1_92' title='bbox 417 2074 565 2156; x_wconf 90' lang='lat' dir='ltr'><strong>imperita</strong></span> <span class='ocrx_word' id='word_1_93' title='bbox 580 2093 636 2136; x_wconf 91' lang='lat' dir='ltr'><strong>seu</strong></span> <span class='ocrx_word' id='word_1_94' title='bbox 653 2073 766 2135; x_wconf 91' lang='lat' dir='ltr'><strong>stolida</strong></span> <span class='ocrx_word' id='word_1_95' title='bbox 784 2071 941 2153; x_wconf 83' lang='lat' dir='ltr'><strong>cogitatio.</strong></span> <span class='ocrx_word' id='word_1_96' title='bbox 1000 2071 1069 2152; x_wconf 90' lang='lat' dir='ltr'><strong>ipso</strong></span> <span class='ocrx_word' id='word_1_97' title='bbox 1084 2079 1142 2144; x_wconf 91' lang='lat' dir='ltr'><strong>est,</strong></span> <span class='ocrx_word' id='word_1_98' title='bbox 1160 2070 1379 2152; x_wconf 89' lang='lat' dir='ltr'><strong>paratissimus</strong></span> <span class='ocrx_word' id='word_1_99' title='bbox 1395 2073 1436 2134; x_wconf 88' lang='lat' dir='ltr'><strong>sit</strong></span> <span class='ocrx_word' id='word_1_100' title='bbox 1450 2073 1596 2154; x_wconf 78' lang='lat' dir='ltr'><strong>gratiam,</strong></span> <span class='ocrx_word' id='word_1_101' title='bbox 1613 2073 1745 2136; x_wconf 88' lang='lat' dir='ltr'><strong>virtutes</strong></span> 
     </span>
     <span class='ocr_line' id='line_1_11' title="bbox 196 2168 1745 2256; baseline -0.001 -19"><span class='ocrx_word' id='word_1_102' title='bbox 196 2173 504 2256; x_wconf 88' lang='lat' dir='ltr'><strong>Denique‚quamvis</strong></span> <span class='ocrx_word' id='word_1_103' title='bbox 518 2189 613 2234; x_wconf 91' lang='lat' dir='ltr'><strong>omne</strong></span> <span class='ocrx_word' id='word_1_104' title='bbox 629 2177 794 2252; x_wconf 89' lang='lat' dir='ltr'><strong>peccatum</strong></span> <span class='ocrx_word' id='word_1_105' title='bbox 812 2168 944 2231; x_wconf 90' lang='lat' dir='ltr'><strong>mortale</strong></span> <span class='ocrx_word' id='word_1_106' title='bbox 999 2176 1031 2230; x_wconf 89' lang='lat' dir='ltr'><strong>et</strong></span> <span class='ocrx_word' id='word_1_107' title='bbox 1046 2169 1127 2232; x_wconf 92' lang='lat' dir='ltr'><strong>dona</strong></span> <span class='ocrx_word' id='word_1_108' title='bbox 1147 2169 1284 2250; x_wconf 88' lang='lat' dir='ltr'><strong>Spiritus</strong></span> <span class='ocrx_word' id='word_1_109' title='bbox 1305 2169 1410 2232; x_wconf 87' lang='lat' dir='ltr'><strong>Sancti</strong></span> <span class='ocrx_word' id='word_1_110' title='bbox 1432 2171 1596 2251; x_wconf 84' lang='lat' dir='ltr'><strong>conferre3</strong></span> <span class='ocrx_word' id='word_1_111' title='bbox 1613 2191 1672 2235; x_wconf 88' lang='lat' dir='ltr'><strong>nec</strong></span> <span class='ocrx_word' id='word_1_112' title='bbox 1688 2173 1745 2235; x_wconf 93' lang='lat' dir='ltr'><strong>im-</strong></span> 
     </span>
     <span class='ocr_line' id='line_1_12' title="bbox 197 2266 1744 2354; baseline -0.001 -20"><span class='ocrx_word' id='word_1_113' title='bbox 197 2271 350 2354; x_wconf 88' lang='lat' dir='ltr'><strong>impediat</strong></span> <span class='ocrx_word' id='word_1_114' title='bbox 369 2270 531 2334; x_wconf 91' lang='lat' dir='ltr'><strong>hominem</strong></span> <span class='ocrx_word' id='word_1_115' title='bbox 552 2289 569 2331; x_wconf 87' lang='lat' dir='ltr'><strong>a</strong></span> <span class='ocrx_word' id='word_1_116' title='bbox 588 2268 790 2350; x_wconf 79' lang='lat' dir='ltr'><strong>susceptione</strong></span> <span class='ocrx_word' id='word_1_117' title='bbox 809 2274 840 2330; x_wconf 89' lang='lat' dir='ltr'><strong>et</strong></span> <span class='ocrx_word' id='word_1_118' title='bbox 856 2267 943 2328; x_wconf 92' lang='lat' dir='ltr'><strong>inha-</strong></span> <span class='ocrx_word' id='word_1_119' title='bbox 999 2266 1220 2348; x_wconf 89' lang='lat' dir='ltr'><strong>pedimentum</strong></span> <span class='ocrx_word' id='word_1_120' title='bbox 1235 2274 1284 2329; x_wconf 91' lang='lat' dir='ltr'><strong>cst</strong></span> <span class='ocrx_word' id='word_1_121' title='bbox 1297 2267 1359 2329; x_wconf 92' lang='lat' dir='ltr'><strong>uisi</strong></span> <span class='ocrx_word' id='word_1_122' title='bbox 1375 2287 1414 2330; x_wconf 83' lang='lat' dir='ltr'><strong>ex</strong></span> <span class='ocrx_word' id='word_1_123' title='bbox 1431 2277 1518 2350; x_wconf 89' lang='lat' dir='ltr'><strong>parte</strong></span> <span class='ocrx_word' id='word_1_124' title='bbox 1535 2271 1744 2351; x_wconf 90' lang='lat' dir='ltr'><strong>peccantium.</strong></span> 
     </span>
     <span class='ocr_line' id='line_1_13' title="bbox 196 2363 1747 2451; baseline -0.001 -18"><span class='ocrx_word' id='word_1_125' title='bbox 196 2370 350 2434; x_wconf 87' lang='lat' dir='ltr'><strong>bitatione</strong></span> <span class='ocrx_word' id='word_1_126' title='bbox 372 2368 509 2451; x_wconf 91' lang='lat' dir='ltr'><strong>Spiritus</strong></span> <span class='ocrx_word' id='word_1_127' title='bbox 531 2366 648 2440; x_wconf 86' lang='lat' dir='ltr'><strong>Sancti,</strong></span> <span class='ocrx_word' id='word_1_128' title='bbox 669 2367 814 2448; x_wconf 80' lang='lat' dir='ltr'><strong>quaedam</strong></span> <span class='ocrx_word' id='word_1_129' title='bbox 837 2373 943 2428; x_wconf 87' lang='lat' dir='ltr'><strong>tamen</strong></span> <span class='ocrx_word' id='word_1_130' title='bbox 999 2363 1154 2427; x_wconf 88' lang='lat' dir='ltr'><strong>Similiter</strong></span> <span class='ocrx_word' id='word_1_131' title='bbox 1172 2364 1211 2426; x_wconf 90' lang='lat' dir='ltr'><strong>ad</strong></span> <span class='ocrx_word' id='word_1_132' title='bbox 1231 2365 1483 2429; x_wconf 89' lang='lat' dir='ltr'><strong>miscricordiam</strong></span> <span class='ocrx_word' id='word_1_133' title='bbox 1500 2367 1638 2448; x_wconf 90' lang='lat' dir='ltr'><strong>pertinet</strong></span> <span class='ocrx_word' id='word_1_134' title='bbox 1653 2369 1747 2432; x_wconf 88' lang='lat' dir='ltr'><strong>mise-</strong></span> 
     </span>
     <span class='ocr_line' id='line_1_14' title="bbox 197 2461 1746 2551; baseline -0.004 -17"><span class='ocrx_word' id='word_1_135' title='bbox 197 2472 273 2534; x_wconf 90' lang='lat' dir='ltr'><strong>vitia</strong></span> <span class='ocrx_word' id='word_1_136' title='bbox 289 2469 434 2533; x_wconf 89' lang='lat' dir='ltr'><strong>mortalia</strong></span> <span class='ocrx_word' id='word_1_137' title='bbox 449 2468 630 2551; x_wconf 87' lang='lat' dir='ltr'><strong>specialiter</strong></span> <span class='ocrx_word' id='word_1_138' title='bbox 649 2487 686 2530; x_wconf 88' lang='lat' dir='ltr'><strong>ac</strong></span> <span class='ocrx_word' id='word_1_139' title='bbox 706 2467 866 2550; x_wconf 67' lang='lat' dir='ltr'><strong>praecipue</strong></span> <span class='ocrx_word' id='word_1_140' title='bbox 881 2466 943 2528; x_wconf 89' lang='lat' dir='ltr'><strong>talc</strong></span> <span class='ocrx_word' id='word_1_141' title='bbox 1000 2462 1043 2526; x_wconf 94' lang='lat' dir='ltr'><strong>ris</strong></span> <span class='ocrx_word' id='word_1_142' title='bbox 1068 2461 1261 2542; x_wconf 84' lang='lat' dir='ltr'><strong>subvenire3</strong></span> <span class='ocrx_word' id='word_1_143' title='bbox 1287 2471 1319 2525; x_wconf 90' lang='lat' dir='ltr'><strong>et</strong></span> <span class='ocrx_word' id='word_1_144' title='bbox 1342 2464 1472 2527; x_wconf 85' lang='lat' dir='ltr'><strong>dilectio</strong></span> <span class='ocrx_word' id='word_1_145' title='bbox 1494 2472 1542 2528; x_wconf 93' lang='lat' dir='ltr'><strong>est</strong></span> <span class='ocrx_word' id='word_1_146' title='bbox 1563 2466 1665 2529; x_wconf 87' lang='lat' dir='ltr'><strong>virtus</strong></span> <span class='ocrx_word' id='word_1_147' title='bbox 1689 2487 1746 2549; x_wconf 95' lang='lat' dir='ltr'><strong>per</strong></span> 
     </span>
     <span class='ocr_line' id='line_1_15' title="bbox 195 2561 1745 2653; baseline -0.004 -21"><span class='ocrx_word' id='word_1_148' title='bbox 195 2570 339 2653; x_wconf 67' lang='lat' dir='ltr'><strong>probent</strong></span> <span class='ocrx_word' id='word_1_149' title='bbox 354 2567 626 2650; x_wconf 89' lang='lat' dir='ltr'><strong>impedimentum.</strong></span> <span class='ocrx_word' id='word_1_150' title='bbox 635 2567 715 2628; x_wconf 92' lang='lat' dir='ltr'><strong>Sunt</strong></span> <span class='ocrx_word' id='word_1_151' title='bbox 726 2565 820 2628; x_wconf 89' lang='lat' dir='ltr'><strong>etiam</strong></span> <span class='ocrx_word' id='word_1_152' title='bbox 834 2582 945 2646; x_wconf 82' lang='lat' dir='ltr'><strong>apprc</strong></span> <span class='ocrx_word' id='word_1_153' title='bbox 999 2579 1095 2642; x_wconf 92' lang='lat' dir='ltr'><strong>quam</strong></span> <span class='ocrx_word' id='word_1_154' title='bbox 1118 2579 1201 2624; x_wconf 92' lang='lat' dir='ltr'><strong>unus</strong></span> <span class='ocrx_word' id='word_1_155' title='bbox 1222 2561 1292 2622; x_wconf 89' lang='lat' dir='ltr'><strong>vult</strong></span> <span class='ocrx_word' id='word_1_156' title='bbox 1315 2568 1410 2643; x_wconf 92' lang='lat' dir='ltr'><strong>atque</strong></span> <span class='ocrx_word' id='word_1_157' title='bbox 1435 2563 1651 2626; x_wconf 88' lang='lat' dir='ltr'><strong>communicat</strong></span> <span class='ocrx_word' id='word_1_158' title='bbox 1674 2565 1745 2627; x_wconf 89' lang='lat' dir='ltr'><strong>aliis</strong></span> 
     </span>
     <span class='ocr_line' id='line_1_16' title="bbox 196 2657 1745 2752; baseline -0.003 -22"><span class='ocrx_word' id='word_1_159' title='bbox 196 2669 305 2752; x_wconf 77' lang='lat' dir='ltr'><strong>priate</strong></span> <span class='ocrx_word' id='word_1_160' title='bbox 331 2667 469 2730; x_wconf 88' lang='lat' dir='ltr'><strong>rationes</strong></span> <span class='ocrx_word' id='word_1_161' title='bbox 491 2663 700 2746; x_wconf 89' lang='lat' dir='ltr'><strong>assignahiles</strong></span> <span class='ocrx_word' id='word_1_162' title='bbox 722 2664 805 2726; x_wconf 89' lang='lat' dir='ltr'><strong>circa</strong></span> <span class='ocrx_word' id='word_1_163' title='bbox 831 2682 943 2726; x_wconf 92' lang='lat' dir='ltr'><strong>unum·</strong></span> <span class='ocrx_word' id='word_1_164' title='bbox 960 2661 983 2725; x_wconf 88' lang='lat' dir='ltr'>B</span> <span class='ocrx_word' id='word_1_165' title='bbox 999 2657 1129 2720; x_wconf 92' lang='lat' dir='ltr'><strong>bonum.</strong></span> <span class='ocrx_word' id='word_1_166' title='bbox 1147 2659 1250 2732; x_wconf 86' lang='lat' dir='ltr'><strong>Quum</strong></span> <span class='ocrx_word' id='word_1_167' title='bbox 1271 2677 1346 2740; x_wconf 89' lang='lat' dir='ltr'><strong>ergo</strong></span> <span class='ocrx_word' id='word_1_168' title='bbox 1365 2667 1429 2722; x_wconf 91' lang='lat' dir='ltr'><strong>tam</strong></span> <span class='ocrx_word' id='word_1_169' title='bbox 1448 2660 1583 2725; x_wconf 75' lang='lat' dir='ltr'><strong>infinita</strong></span> <span class='ocrx_word' id='word_1_170' title='bbox 1603 2663 1667 2724; x_wconf 88' lang='lat' dir='ltr'><strong>sint</strong></span> <span class='ocrx_word' id='word_1_171' title='bbox 1687 2664 1745 2725; x_wconf 92' lang='lat' dir='ltr'><strong>mi-</strong></span> 
     </span>
     <span class='ocr_line' id='line_1_17' title="bbox 196 2756 1747 2850; baseline -0.004 -20"><span class='ocrx_word' id='word_1_172' title='bbox 196 2767 345 2850; x_wconf 90' lang='lat' dir='ltr'><strong>quodque</strong></span> <span class='ocrx_word' id='word_1_173' title='bbox 366 2764 498 2828; x_wconf 83' lang='lat' dir='ltr'><strong>mortale</strong></span> <span class='ocrx_word' id='word_1_174' title='bbox 517 2771 695 2846; x_wconf 88' lang='lat' dir='ltr'><strong>peccatum,</strong></span> <span class='ocrx_word' id='word_1_175' title='bbox 713 2781 770 2824; x_wconf 92' lang='lat' dir='ltr'><strong>cur</strong></span> <span class='ocrx_word' id='word_1_176' title='bbox 790 2763 943 2844; x_wconf 86' lang='lat' dir='ltr'><strong>impediat</strong></span> <span class='ocrx_word' id='word_1_177' title='bbox 999 2756 1170 2819; x_wconf 90' lang='lat' dir='ltr'><strong>sericordia</strong></span> <span class='ocrx_word' id='word_1_178' title='bbox 1192 2763 1224 2819; x_wconf 89' lang='lat' dir='ltr'><strong>ct</strong></span> <span class='ocrx_word' id='word_1_179' title='bbox 1245 2757 1358 2820; x_wconf 90' lang='lat' dir='ltr'><strong>caritas</strong></span> <span class='ocrx_word' id='word_1_180' title='bbox 1380 2759 1436 2820; x_wconf 87' lang='lat' dir='ltr'><strong>Dei</strong></span> <span class='ocrx_word' id='word_1_181' title='bbox 1456 2759 1495 2820; x_wconf 90' lang='lat' dir='ltr'><strong>ad</strong></span> <span class='ocrx_word' id='word_1_182' title='bbox 1514 2759 1673 2836; x_wconf 88' lang='lat' dir='ltr'><strong>homiues,</strong></span> <span class='ocrx_word' id='word_1_183' title='bbox 1693 2761 1747 2824; x_wconf 93' lang='lat' dir='ltr'><strong>du·</strong></span> 
     </span>
     <span class='ocr_line' id='line_1_18' title="bbox 195 2853 1745 2944; baseline -0.004 -16"><span class='ocrx_word' id='word_1_184' title='bbox 195 2865 390 2928; x_wconf 86' lang='lat' dir='ltr'><strong>inlusionem</strong></span> <span class='ocrx_word' id='word_1_185' title='bbox 407 2870 439 2925; x_wconf 88' lang='lat' dir='ltr'><strong>et</strong></span> <span class='ocrx_word' id='word_1_186' title='bbox 452 2862 586 2944; x_wconf 82' lang='lat' dir='ltr'><strong>gratiam</strong></span> <span class='ocrx_word' id='word_1_187' title='bbox 601 2862 739 2944; x_wconf 89' lang='lat' dir='ltr'><strong>Spiritus</strong></span> <span class='ocrx_word' id='word_1_188' title='bbox 755 2861 872 2934; x_wconf 91' lang='lat' dir='ltr'><strong>Sancti,</strong></span> <span class='ocrx_word' id='word_1_189' title='bbox 883 2861 942 2922; x_wconf 89' lang='lat' dir='ltr'><strong>sic·</strong></span> <span class='ocrx_word' id='word_1_190' title='bbox 998 2853 1088 2917; x_wconf 90' lang='lat' dir='ltr'><strong>hium</strong></span> <span class='ocrx_word' id='word_1_191' title='bbox 1104 2873 1253 2918; x_wconf 89' lang='lat' dir='ltr'><strong>essenon</strong></span> <span class='ocrx_word' id='word_1_192' title='bbox 1269 2865 1373 2939; x_wconf 91' lang='lat' dir='ltr'><strong>potest</strong></span> <span class='ocrx_word' id='word_1_193' title='bbox 1387 2857 1466 2939; x_wconf 91' lang='lat' dir='ltr'><strong>quin</strong></span> <span class='ocrx_word' id='word_1_194' title='bbox 1484 2865 1639 2940; x_wconf 91' lang='lat' dir='ltr'><strong>quantum</strong></span> <span class='ocrx_word' id='word_1_195' title='bbox 1660 2859 1692 2922; x_wconf 90' lang='lat' dir='ltr'><strong>in</strong></span> <span class='ocrx_word' id='word_1_196' title='bbox 1712 2879 1745 2922; x_wconf 89' lang='lat' dir='ltr'><strong>se</strong></span> 
     </span>
     <span class='ocr_line' id='line_1_19' title="bbox 194 2953 1745 3044; baseline -0.003 -19"><span class='ocrx_word' id='word_1_197' title='bbox 194 2971 230 3025; x_wconf 90' lang='lat' dir='ltr'><strong>ut</strong></span> <span class='ocrx_word' id='word_1_198' title='bbox 252 2963 327 3044; x_wconf 88' lang='lat' dir='ltr'><strong>jam,</strong></span> <span class='ocrx_word' id='word_1_199' title='bbox 352 2963 417 3024; x_wconf 82' lang='lat' dir='ltr'><strong>[leo</strong></span> <span class='ocrx_word' id='word_1_200' title='bbox 442 2967 621 3043; x_wconf 77' lang='lat' dir='ltr'><strong>prestante,</strong></span> <span class='ocrx_word' id='word_1_201' title='bbox 645 2959 761 3041; x_wconf 87' lang='lat' dir='ltr'><strong>partim</strong></span> <span class='ocrx_word' id='word_1_202' title='bbox 788 2965 939 3022; x_wconf 88' lang='lat' dir='ltr'><strong>monstra·</strong></span> <span class='ocrx_word' id='word_1_203' title='bbox 998 2961 1056 3027; x_wconf 87' lang='lat' dir='ltr'><strong>est,</strong></span> <span class='ocrx_word' id='word_1_204' title='bbox 1083 2960 1211 3036; x_wconf 91' lang='lat' dir='ltr'><strong>paratus</strong></span> <span class='ocrx_word' id='word_1_205' title='bbox 1232 2953 1274 3016; x_wconf 92' lang='lat' dir='ltr'><strong>sit</strong></span> <span class='ocrx_word' id='word_1_206' title='bbox 1294 2956 1426 3018; x_wconf 91' lang='lat' dir='ltr'><strong>omnino</strong></span> <span class='ocrx_word' id='word_1_207' title='bbox 1446 2957 1619 3038; x_wconf 88' lang='lat' dir='ltr'><strong>gratiarum</strong></span> <span class='ocrx_word' id='word_1_208' title='bbox 1644 2957 1745 3020; x_wconf 89' lang='lat' dir='ltr'><strong>chari-</strong></span> 
     </span>
     <span class='ocr_line' id='line_1_20' title="bbox 194 3051 1743 3135; baseline 0.003 -21"><span class='ocrx_word' id='word_1_209' title='bbox 194 3062 291 3125; x_wconf 74' lang='lat' dir='ltr'><strong>bitur,</strong></span> <span class='ocrx_word' id='word_1_210' title='bbox 997 3060 1098 3115; x_wconf 89' lang='lat' dir='ltr'><strong>smata</strong></span> <span class='ocrx_word' id='word_1_211' title='bbox 1122 3051 1279 3135; x_wconf 90' lang='lat' dir='ltr'><strong>impertiri</strong></span> <span class='ocrx_word' id='word_1_212' title='bbox 1302 3071 1309 3115; x_wconf 92' lang='lat'><strong>:</strong></span> <span class='ocrx_word' id='word_1_213' title='bbox 1330 3053 1396 3117; x_wconf 91' lang='lat' dir='ltr'><strong>imo</strong></span> <span class='ocrx_word' id='word_1_214' title='bbox 1420 3054 1586 3118; x_wconf 91' lang='lat' dir='ltr'><strong>hominum</strong></span> <span class='ocrx_word' id='word_1_215' title='bbox 1609 3057 1743 3120; x_wconf 86' lang='lat' dir='ltr'><strong>salutem</strong></span> 
     </span>
     <span class='ocr_line' id='line_1_21' title="bbox 233 3152 1744 3240; baseline -0.003 -18"><span class='ocrx_word' id='word_1_216' title='bbox 233 3161 396 3233; x_wconf 77' lang='lat' dir='ltr'><strong>Praeterea,</strong></span> <span class='ocrx_word' id='word_1_217' title='bbox 410 3157 494 3240; x_wconf 90' lang='lat' dir='ltr'><strong>quod</strong></span> <span class='ocrx_word' id='word_1_218' title='bbox 510 3156 591 3219; x_wconf 92' lang='lat' dir='ltr'><strong>nihil</strong></span> <span class='ocrx_word' id='word_1_219' title='bbox 608 3156 761 3238; x_wconf 89' lang='lat' dir='ltr'><strong>impediat</strong></span> <span class='ocrx_word' id='word_1_220' title='bbox 776 3155 938 3218; x_wconf 91' lang='lat' dir='ltr'><strong>hominem</strong></span> <span class='ocrx_word' id='word_1_221' title='bbox 997 3152 1076 3226; x_wconf 88' lang='lat' dir='ltr'><strong>vult,</strong></span> <span class='ocrx_word' id='word_1_222' title='bbox 1095 3152 1194 3234; x_wconf 89' lang='lat' dir='ltr'><strong>cupit,</strong></span> <span class='ocrx_word' id='word_1_223' title='bbox 1216 3160 1247 3215; x_wconf 89' lang='lat' dir='ltr'><strong>et</strong></span> <span class='ocrx_word' id='word_1_224' title='bbox 1266 3171 1320 3216; x_wconf 90' lang='lat' dir='ltr'><strong>eos</strong></span> <span class='ocrx_word' id='word_1_225' title='bbox 1339 3153 1378 3215; x_wconf 93' lang='lat' dir='ltr'><strong>ad</strong></span> <span class='ocrx_word' id='word_1_226' title='bbox 1398 3155 1532 3235; x_wconf 89' lang='lat' dir='ltr'><strong>gratiam</strong></span> <span class='ocrx_word' id='word_1_227' title='bbox 1552 3174 1642 3218; x_wconf 89' lang='lat' dir='ltr'><strong>suam</strong></span> <span class='ocrx_word' id='word_1_228' title='bbox 1664 3156 1744 3218; x_wconf 91' lang='lat' dir='ltr'><strong>invi-</strong></span> 
     </span>
     <span class='ocr_line' id='line_1_22' title="bbox 194 3249 1869 3336; baseline -0.007 -16"><span class='ocrx_word' id='word_1_229' title='bbox 194 3256 235 3320; x_wconf 87' lang='lat' dir='ltr'><strong>ab</strong></span> <span class='ocrx_word' id='word_1_230' title='bbox 255 3257 484 3320; x_wconf 88' lang='lat' dir='ltr'><strong>inhabitatione</strong></span> <span class='ocrx_word' id='word_1_231' title='bbox 504 3262 536 3318; x_wconf 89' lang='lat' dir='ltr'><strong>et</strong></span> <span class='ocrx_word' id='word_1_232' title='bbox 554 3255 654 3336; x_wconf 89' lang='lat' dir='ltr'><strong>gratia</strong></span> <span class='ocrx_word' id='word_1_233' title='bbox 673 3255 811 3336; x_wconf 92' lang='lat' dir='ltr'><strong>Spiritus</strong></span> <span class='ocrx_word' id='word_1_234' title='bbox 834 3254 939 3316; x_wconf 90' lang='lat' dir='ltr'><strong>Sancti</strong></span> <span class='ocrx_word' id='word_1_235' title='bbox 997 3257 1050 3312; x_wconf 91' lang='lat' dir='ltr'><strong>tat.</strong></span> <span class='ocrx_word' id='word_1_236' title='bbox 1068 3249 1146 3312; x_wconf 90' lang='lat' dir='ltr'><strong>Hinc</strong></span> <span class='ocrx_word' id='word_1_237' title='bbox 1166 3250 1199 3311; x_wconf 93' lang='lat' dir='ltr'><strong>in</strong></span> <span class='ocrx_word' id='word_1_238' title='bbox 1220 3250 1384 3314; x_wconf 88' lang='lat' dir='ltr'><strong>Ezechiele</strong></span> <span class='ocrx_word' id='word_1_239' title='bbox 1398 3251 1540 3314; x_wconf 82' lang='lat' dir='ltr'><strong>affirmat</strong></span> <span class='ocrx_word' id='word_1_240' title='bbox 1557 3270 1563 3314; x_wconf 94' lang='lat'><strong>:</strong></span> <span class='ocrx_word' id='word_1_241' title='bbox 1580 3253 1741 3335; x_wconf 89' lang='lat' dir='ltr'><strong>Numquid</strong></span> <span class='ocrx_word' id='word_1_242' title='bbox 1783 3266 1869 3311; x_wconf 65' lang='lat' dir='ltr'><strong>asan.</strong></span> 
     </span>
     <span class='ocr_line' id='line_1_23' title="bbox 194 3333 1857 3438; baseline -0.002 -19"><span class='ocrx_word' id='word_1_243' title='bbox 194 3356 256 3419; x_wconf 92' lang='lat' dir='ltr'><strong>nisi</strong></span> <span class='ocrx_word' id='word_1_244' title='bbox 285 3363 463 3438; x_wconf 90' lang='lat' dir='ltr'><strong>peccatum,</strong></span> <span class='ocrx_word' id='word_1_245' title='bbox 490 3354 712 3435; x_wconf 89' lang='lat' dir='ltr'><strong>multipliciter</strong></span> <span class='ocrx_word' id='word_1_246' title='bbox 741 3360 844 3435; x_wconf 87' lang='lat' dir='ltr'><strong>potest</strong></span> <span class='ocrx_word' id='word_1_247' title='bbox 871 3371 941 3435; x_wconf 94' lang='lat' dir='ltr'><strong>pro·</strong></span> <span class='ocrx_word' id='word_1_248' title='bbox 995 3349 1168 3412; x_wconf 89' lang='lat' dir='ltr'><strong>voluntatis</strong></span> <span class='ocrx_word' id='word_1_249' title='bbox 1189 3367 1267 3412; x_wconf 79' lang='lat' dir='ltr'><strong>mee</strong></span> <span class='ocrx_word' id='word_1_250' title='bbox 1286 3356 1334 3412; x_wconf 90' lang='lat' dir='ltr'><strong>est</strong></span> <span class='ocrx_word' id='word_1_251' title='bbox 1355 3368 1439 3413; x_wconf 91' lang='lat' dir='ltr'><strong>mors</strong></span> <span class='ocrx_word' id='word_1_252' title='bbox 1461 3351 1563 3433; x_wconf 90' lang='lat' dir='ltr'><strong>impii,</strong></span> <span class='ocrx_word' id='word_1_253' title='bbox 1580 3358 1612 3414; x_wconf 92' lang='lat' dir='ltr'><strong>et</strong></span> <span class='ocrx_word' id='word_1_254' title='bbox 1626 3370 1690 3416; x_wconf 90' lang='lat' dir='ltr'><strong>non</strong></span> <span class='ocrx_word' id='word_1_255' title='bbox 1707 3361 1741 3415; x_wconf 95' lang='lat' dir='ltr'><strong>ut</strong></span> <span class='ocrx_word' id='word_1_256' title='bbox 1755 3333 1857 3376; x_wconf 71' lang='lat'><strong>”¹¹¹&#39;²³&#39;</strong></span> 
     </span>
     <span class='ocr_line' id='line_1_24' title="bbox 195 3447 1741 3533; baseline -0.001 -17"><span class='ocrx_word' id='word_1_257' title='bbox 195 3453 273 3516; x_wconf 89' lang='lat' dir='ltr'><strong>bari.</strong></span> <span class='ocrx_word' id='word_1_258' title='bbox 295 3453 410 3528; x_wconf 88' lang='lat' dir='ltr'><strong>Primo,</strong></span> <span class='ocrx_word' id='word_1_259' title='bbox 431 3453 618 3516; x_wconf 89' lang='lat' dir='ltr'><strong>auctoritate</strong></span> <span class='ocrx_word' id='word_1_260' title='bbox 641 3470 738 3514; x_wconf 79' lang='lat' dir='ltr'><strong>sacre</strong></span> <span class='ocrx_word' id='word_1_261' title='bbox 757 3450 938 3533; x_wconf 77' lang='lat' dir='ltr'><strong>Scripturas,</strong></span> <span class='ocrx_word' id='word_1_262' title='bbox 996 3454 1198 3509; x_wconf 88' lang='lat' dir='ltr'><strong>convertatur</strong></span> <span class='ocrx_word' id='word_1_263' title='bbox 1212 3455 1244 3508; x_wconf 88' lang='lat' dir='ltr'><strong>et</strong></span> <span class='ocrx_word' id='word_1_264' title='bbox 1258 3447 1361 3510; x_wconf 85' lang='lat' dir='ltr'><strong>vivatl</strong></span> <span class='ocrx_word' id='word_1_265' title='bbox 1376 3448 1463 3512; x_wconf 88' lang='lat' dir='ltr'><strong>Unde</strong></span> <span class='ocrx_word' id='word_1_266' title='bbox 1478 3457 1510 3512; x_wconf 91' lang='lat' dir='ltr'><strong>et</strong></span> <span class='ocrx_word' id='word_1_267' title='bbox 1523 3449 1554 3512; x_wconf 91' lang='lat' dir='ltr'><strong>in</strong></span> <span class='ocrx_word' id='word_1_268' title='bbox 1571 3450 1741 3532; x_wconf 86' lang='lat' dir='ltr'><strong>Evangelio</strong></span> 
     </span>
     <span class='ocr_line' id='line_1_25' title="bbox 194 3545 1868 3635; baseline 0.001 -21"><span class='ocrx_word' id='word_1_269' title='bbox 194 3573 266 3635; x_wconf 84' lang='lat' dir='ltr'><strong>quae</strong></span> <span class='ocrx_word' id='word_1_270' title='bbox 285 3552 450 3615; x_wconf 86' lang='lat' dir='ltr'><strong>evidenter</strong></span> <span class='ocrx_word' id='word_1_271' title='bbox 469 3559 564 3634; x_wconf 88' lang='lat' dir='ltr'><strong>atque</strong></span> <span class='ocrx_word' id='word_1_272' title='bbox 588 3549 772 3631; x_wconf 85' lang='lat' dir='ltr'><strong>frequenter</strong></span> <span class='ocrx_word' id='word_1_273' title='bbox 792 3550 851 3612; x_wconf 91' lang='lat' dir='ltr'><strong>hoc</strong></span> <span class='ocrx_word' id='word_1_274' title='bbox 873 3568 941 3632; x_wconf 81' lang='lat' dir='ltr'><strong>pre</strong></span> <span class='ocrx_word' id='word_1_275' title='bbox 996 3545 1137 3627; x_wconf 92' lang='lat' dir='ltr'><strong>loquitur</strong></span> <span class='ocrx_word' id='word_1_276' title='bbox 1158 3545 1300 3608; x_wconf 82' lang='lat' dir='ltr'><strong>Christus</strong></span> <span class='ocrx_word' id='word_1_277' title='bbox 1322 3563 1328 3609; x_wconf 93' lang='lat'>:</span> <span class='ocrx_word' id='word_1_278' title='bbox 1348 3547 1534 3622; x_wconf 87' lang='lat' dir='ltr'><strong>Jerusalem,</strong></span> <span class='ocrx_word' id='word_1_279' title='bbox 1554 3549 1738 3623; x_wconf 85' lang='lat' dir='ltr'><strong>Jerusalem,</strong></span> <span class='ocrx_word' id='word_1_280' title='bbox 1780 3572 1868 3616; x_wconf 69' lang='lat' dir='ltr'><strong>uarat.</strong></span> 
     </span>
     <span class='ocr_line' id='line_1_26' title="bbox 28 3636 1854 3731; baseline -0.001 -18"><span class='ocrx_word' id='word_1_281' title='bbox 28 3672 65 3714; x_wconf 81' lang='lat' dir='ltr'><strong>n.</strong></span> <span class='ocrx_word' id='word_1_282' title='bbox 77 3683 124 3720; x_wconf 72' lang='lat' dir='ltr'><strong>nx,</strong></span> <span class='ocrx_word' id='word_1_283' title='bbox 134 3675 180 3722; x_wconf 72' lang='lat' dir='ltr'><strong>aa.</strong></span> <span class='ocrx_word' id='word_1_284' title='bbox 194 3657 337 3714; x_wconf 84' lang='lat' dir='ltr'><strong>testatur.</strong></span> <span class='ocrx_word' id='word_1_285' title='bbox 350 3649 510 3731; x_wconf 88' lang='lat' dir='ltr'><strong>Scriptum</strong></span> <span class='ocrx_word' id='word_1_286' title='bbox 525 3656 573 3710; x_wconf 90' lang='lat' dir='ltr'><strong>est</strong></span> <span class='ocrx_word' id='word_1_287' title='bbox 587 3649 674 3711; x_wconf 90' lang='lat' dir='ltr'><strong>enim</strong></span> <span class='ocrx_word' id='word_1_288' title='bbox 691 3648 723 3708; x_wconf 95' lang='lat' dir='ltr'><strong>in</strong></span> <span class='ocrx_word' id='word_1_289' title='bbox 737 3647 819 3709; x_wconf 89' lang='lat' dir='ltr'><strong>lsaia</strong></span> <span class='ocrx_word' id='word_1_290' title='bbox 834 3665 841 3709; x_wconf 91' lang='lat'>:</span> <span class='ocrx_word' id='word_1_291' title='bbox 859 3647 939 3710; x_wconf 84' lang='lat' dir='ltr'><strong>Ecce</strong></span> <span class='ocrx_word' id='word_1_292' title='bbox 994 3643 1120 3724; x_wconf 91' lang='lat' dir='ltr'><strong>quoties</strong></span> <span class='ocrx_word' id='word_1_293' title='bbox 1135 3643 1221 3706; x_wconf 89' lang='lat' dir='ltr'><strong>volui</strong></span> <span class='ocrx_word' id='word_1_294' title='bbox 1242 3661 1432 3727; x_wconf 88' lang='lat' dir='ltr'><strong>congregare</strong></span> <span class='ocrx_word' id='word_1_295' title='bbox 1447 3646 1532 3710; x_wconf 90' lang='lat' dir='ltr'><strong>filios</strong></span> <span class='ocrx_word' id='word_1_296' title='bbox 1547 3655 1618 3711; x_wconf 83' lang='lat' dir='ltr'><strong>tuos</strong></span> <span class='ocrx_word' id='word_1_297' title='bbox 1632 3669 1741 3731; x_wconf 89' lang='lat' dir='ltr'><strong>quem·</strong></span> <span class='ocrx_word' id='word_1_298' title='bbox 1755 3649 1811 3686; x_wconf 70' lang='lat'>¹¹¹⁸·</span> <span class='ocrx_word' id='word_1_299' title='bbox 1821 3636 1854 3678; x_wconf 78' lang='lat'><strong>³⁷·</strong></span> 
     </span>
     <span class='ocr_line' id='line_1_27' title="bbox 195 3742 1741 3827; baseline 0 -17"><span class='ocrx_word' id='word_1_300' title='bbox 195 3765 258 3810; x_wconf 93' lang='lat' dir='ltr'><strong>nou</strong></span> <span class='ocrx_word' id='word_1_301' title='bbox 278 3755 326 3810; x_wconf 92' lang='lat' dir='ltr'><strong>est</strong></span> <span class='ocrx_word' id='word_1_302' title='bbox 345 3747 529 3816; x_wconf 88' lang='lat' dir='ltr'><strong>abbreviata</strong></span> <span class='ocrx_word' id='word_1_303' title='bbox 549 3764 661 3808; x_wconf 86' lang='lat' dir='ltr'><strong>manus</strong></span> <span class='ocrx_word' id='word_1_304' title='bbox 679 3745 816 3818; x_wconf 88' lang='lat' dir='ltr'><strong>Domini,</strong></span> <span class='ocrx_word' id='word_1_305' title='bbox 833 3753 868 3806; x_wconf 91' lang='lat' dir='ltr'><strong>ut</strong></span> <span class='ocrx_word' id='word_1_306' title='bbox 881 3745 939 3808; x_wconf 89' lang='lat' dir='ltr'><strong>sal·</strong></span> <span class='ocrx_word' id='word_1_307' title='bbox 995 3742 1166 3805; x_wconf 91' lang='lat' dir='ltr'><strong>admodum</strong></span> <span class='ocrx_word' id='word_1_308' title='bbox 1190 3743 1309 3824; x_wconf 90' lang='lat' dir='ltr'><strong>gallina</strong></span> <span class='ocrx_word' id='word_1_309' title='bbox 1338 3753 1507 3826; x_wconf 89' lang='lat' dir='ltr'><strong>cengregat</strong></span> <span class='ocrx_word' id='word_1_310' title='bbox 1534 3747 1639 3827; x_wconf 88' lang='lat' dir='ltr'><strong>pullos</strong></span> <span class='ocrx_word' id='word_1_311' title='bbox 1667 3765 1741 3810; x_wconf 91' lang='lat' dir='ltr'><strong>suos</strong></span> 
     </span>
     <span class='ocr_line' id='line_1_28' title="bbox 193 3840 1743 3927; baseline -0.001 -19"><span class='ocrx_word' id='word_1_312' title='bbox 193 3864 268 3908; x_wconf 89' lang='lat' dir='ltr'><strong>vare</strong></span> <span class='ocrx_word' id='word_1_313' title='bbox 292 3852 440 3927; x_wconf 86' lang='lat' dir='ltr'><strong>nequeat,</strong></span> <span class='ocrx_word' id='word_1_314' title='bbox 464 3863 568 3926; x_wconf 89' lang='lat' dir='ltr'><strong>neque</strong></span> <span class='ocrx_word' id='word_1_315' title='bbox 592 3851 759 3925; x_wconf 89' lang='lat' dir='ltr'><strong>aggravata</strong></span> <span class='ocrx_word' id='word_1_316' title='bbox 783 3851 831 3906; x_wconf 88' lang='lat' dir='ltr'><strong>est</strong></span> <span class='ocrx_word' id='word_1_317' title='bbox 854 3845 939 3906; x_wconf 89' lang='lat' dir='ltr'><strong>auris</strong></span> <span class='ocrx_word' id='word_1_318' title='bbox 958 3841 979 3906; x_wconf 85' lang='lat' dir='ltr'><strong>G</strong></span> <span class='ocrx_word' id='word_1_319' title='bbox 995 3840 1055 3902; x_wconf 89' lang='lat' dir='ltr'><strong>suh</strong></span> <span class='ocrx_word' id='word_1_320' title='bbox 1075 3841 1151 3914; x_wconf 89' lang='lat' dir='ltr'><strong>alas,</strong></span> <span class='ocrx_word' id='word_1_321' title='bbox 1172 3848 1202 3902; x_wconf 92' lang='lat' dir='ltr'><strong>et</strong></span> <span class='ocrx_word' id='word_1_322' title='bbox 1222 3841 1375 3904; x_wconf 88' lang='lat' dir='ltr'><strong>noluistil</strong></span> <span class='ocrx_word' id='word_1_323' title='bbox 1395 3842 1474 3905; x_wconf 88' lang='lat' dir='ltr'><strong>Hinc</strong></span> <span class='ocrx_word' id='word_1_324' title='bbox 1493 3843 1643 3926; x_wconf 88' lang='lat' dir='ltr'><strong>princeps</strong></span> <span class='ocrx_word' id='word_1_325' title='bbox 1664 3843 1743 3926; x_wconf 76' lang='lat' dir='ltr'><strong>Apo-</strong></span> 
     </span>
     <span class='ocr_line' id='line_1_29' title="bbox 193 3939 1739 4026; baseline -0.001 -20"><span class='ocrx_word' id='word_1_326' title='bbox 193 3945 275 4026; x_wconf 84' lang='lat' dir='ltr'><strong>ejus,</strong></span> <span class='ocrx_word' id='word_1_327' title='bbox 293 3952 328 4006; x_wconf 88' lang='lat' dir='ltr'><strong>ut</strong></span> <span class='ocrx_word' id='word_1_328' title='bbox 347 3961 411 4006; x_wconf 91' lang='lat' dir='ltr'><strong>non</strong></span> <span class='ocrx_word' id='word_1_329' title='bbox 431 3943 597 4021; x_wconf 84' lang='lat' dir='ltr'><strong>exaudiat3</strong></span> <span class='ocrx_word' id='word_1_330' title='bbox 613 3942 668 4004; x_wconf 86' lang='lat' dir='ltr'><strong>sed</strong></span> <span class='ocrx_word' id='word_1_331' title='bbox 688 3941 873 4023; x_wconf 89' lang='lat' dir='ltr'><strong>iniquitates</strong></span> <span class='ocrx_word' id='word_1_332' title='bbox 891 3961 940 4004; x_wconf 88' lang='lat' dir='ltr'><strong>re-</strong></span> <span class='ocrx_word' id='word_1_333' title='bbox 996 3939 1147 4001; x_wconf 91' lang='lat' dir='ltr'><strong>stolorum</strong></span> <span class='ocrx_word' id='word_1_334' title='bbox 1163 3939 1195 4002; x_wconf 91' lang='lat' dir='ltr'><strong>in</strong></span> <span class='ocrx_word' id='word_1_335' title='bbox 1211 3959 1269 4002; x_wconf 90' lang='lat' dir='ltr'><strong>sua</strong></span> <span class='ocrx_word' id='word_1_336' title='bbox 1283 3940 1424 4002; x_wconf 88' lang='lat' dir='ltr'><strong>secunda</strong></span> <span class='ocrx_word' id='word_1_337' title='bbox 1439 3941 1551 4003; x_wconf 84' lang='lat' dir='ltr'><strong>scribit</strong></span> <span class='ocrx_word' id='word_1_338' title='bbox 1566 3941 1739 4006; x_wconf 76' lang='lat' dir='ltr'><strong>canonica:</strong></span> 
     </span>
     <span class='ocr_line' id='line_1_30' title="bbox 194 4037 1887 4123; baseline -0.001 -19"><span class='ocrx_word' id='word_1_339' title='bbox 194 4050 266 4106; x_wconf 77' lang='lat' dir='ltr'><strong>stre</strong></span> <span class='ocrx_word' id='word_1_340' title='bbox 295 4041 474 4104; x_wconf 89' lang='lat' dir='ltr'><strong>diviserunt</strong></span> <span class='ocrx_word' id='word_1_341' title='bbox 502 4040 584 4102; x_wconf 92' lang='lat' dir='ltr'><strong>inter</strong></span> <span class='ocrx_word' id='word_1_342' title='bbox 612 4041 712 4102; x_wconf 86' lang='lat' dir='ltr'><strong>Deum</strong></span> <span class='ocrx_word' id='word_1_343' title='bbox 737 4048 879 4103; x_wconf 85' lang='lat' dir='ltr'><strong>vestrum</strong></span> <span class='ocrx_word' id='word_1_344' title='bbox 908 4049 940 4104; x_wconf 89' lang='lat' dir='ltr'><strong>et</strong></span> <span class='ocrx_word' id='word_1_345' title='bbox 994 4037 1063 4100; x_wconf 86' lang='lat' dir='ltr'><strong>Non</strong></span> <span class='ocrx_word' id='word_1_346' title='bbox 1084 4038 1186 4101; x_wconf 87' lang='lat' dir='ltr'><strong>tardat</strong></span> <span class='ocrx_word' id='word_1_347' title='bbox 1207 4039 1362 4101; x_wconf 86' lang='lat' dir='ltr'><strong>Dominus</strong></span> <span class='ocrx_word' id='word_1_348' title='bbox 1384 4039 1589 4121; x_wconf 88' lang='lat' dir='ltr'><strong>promissum,</strong></span> <span class='ocrx_word' id='word_1_349' title='bbox 1611 4041 1666 4104; x_wconf 90' lang='lat' dir='ltr'><strong>sed</strong></span> <span class='ocrx_word' id='word_1_350' title='bbox 1688 4060 1741 4123; x_wconf 90' lang='lat' dir='ltr'><strong>pa·</strong></span> <span class='ocrx_word' id='word_1_351' title='bbox 1763 4061 1887 4112; x_wconf 66' lang='lat' dir='ltr'><strong>tracum,</strong></span> 
     </span>
     <span class='ocr_line' id='line_1_31' title="bbox 193 4128 1775 4222; baseline -0.001 -19"><span class='ocrx_word' id='word_1_352' title='bbox 193 4159 260 4214; x_wconf 86' lang='lat' dir='ltr'><strong>vos,</strong></span> <span class='ocrx_word' id='word_1_353' title='bbox 287 4148 319 4203; x_wconf 89' lang='lat' dir='ltr'><strong>et</strong></span> <span class='ocrx_word' id='word_1_354' title='bbox 347 4147 477 4222; x_wconf 88' lang='lat' dir='ltr'><strong>peccata</strong></span> <span class='ocrx_word' id='word_1_355' title='bbox 501 4146 605 4202; x_wconf 87' lang='lat' dir='ltr'><strong>vestra</strong></span> <span class='ocrx_word' id='word_1_356' title='bbox 633 4138 868 4201; x_wconf 89' lang='lat' dir='ltr'><strong>absconderunt</strong></span> <span class='ocrx_word' id='word_1_357' title='bbox 891 4139 938 4200; x_wconf 92' lang='lat' dir='ltr'><strong>f·</strong></span> <span class='ocrx_word' id='word_1_358' title='bbox 994 4137 1110 4198; x_wconf 88' lang='lat' dir='ltr'><strong>tienter</strong></span> <span class='ocrx_word' id='word_1_359' title='bbox 1134 4136 1199 4217; x_wconf 88' lang='lat' dir='ltr'><strong>agit</strong></span> <span class='ocrx_word' id='word_1_360' title='bbox 1223 4145 1353 4219; x_wconf 90' lang='lat' dir='ltr'><strong>propter</strong></span> <span class='ocrx_word' id='word_1_361' title='bbox 1378 4156 1445 4212; x_wconf 89' lang='lat' dir='ltr'><strong>vos,</strong></span> <span class='ocrx_word' id='word_1_362' title='bbox 1466 4138 1577 4201; x_wconf 80' lang='lat' dir='ltr'><strong>nolens</strong></span> <span class='ocrx_word' id='word_1_363' title='bbox 1600 4139 1740 4221; x_wconf 91' lang='lat' dir='ltr'><strong>aliquem</strong></span> <span class='ocrx_word' id='word_1_364' title='bbox 1756 4128 1775 4165; x_wconf 73' lang='lat'><strong>⁹·</strong></span> 
     </span>
     <span class='ocr_line' id='line_1_32' title="bbox 193 4235 1739 4320; baseline -0.001 -19"><span class='ocrx_word' id='word_1_365' title='bbox 193 4239 275 4302; x_wconf 86' lang='lat' dir='ltr'><strong>ciem</strong></span> <span class='ocrx_word' id='word_1_366' title='bbox 292 4239 362 4319; x_wconf 88' lang='lat' dir='ltr'><strong>ejus</strong></span> <span class='ocrx_word' id='word_1_367' title='bbox 377 4257 395 4300; x_wconf 91' lang='lat' dir='ltr'><strong>a</strong></span> <span class='ocrx_word' id='word_1_368' title='bbox 411 4237 511 4300; x_wconf 90' lang='lat' dir='ltr'><strong>vohis.</strong></span> <span class='ocrx_word' id='word_1_369' title='bbox 528 4236 608 4299; x_wconf 87' lang='lat' dir='ltr'><strong>Hinc</strong></span> <span class='ocrx_word' id='word_1_370' title='bbox 622 4255 680 4318; x_wconf 90' lang='lat' dir='ltr'><strong>per</strong></span> <span class='ocrx_word' id='word_1_371' title='bbox 694 4236 856 4300; x_wconf 81' lang='lat' dir='ltr'><strong>llichaeam</strong></span> <span class='ocrx_word' id='word_1_372' title='bbox 872 4255 939 4320; x_wconf 93' lang='lat' dir='ltr'><strong>pro·</strong></span> <span class='ocrx_word' id='word_1_373' title='bbox 994 4235 1174 4316; x_wconf 89' lang='lat' dir='ltr'><strong>perire,sed</strong></span> <span class='ocrx_word' id='word_1_374' title='bbox 1191 4253 1302 4298; x_wconf 90' lang='lat' dir='ltr'><strong>omnes</strong></span> <span class='ocrx_word' id='word_1_375' title='bbox 1317 4236 1356 4297; x_wconf 93' lang='lat' dir='ltr'><strong>ad</strong></span> <span class='ocrx_word' id='word_1_376' title='bbox 1375 4237 1595 4317; x_wconf 86' lang='lat' dir='ltr'><strong>poenitentiam</strong></span> <span class='ocrx_word' id='word_1_377' title='bbox 1612 4239 1739 4302; x_wconf 87' lang='lat' dir='ltr'><strong>reverti.</strong></span> 
     </span>
     <span class='ocr_line' id='line_1_33' title="bbox 24 4334 1743 4420; baseline -0.003 -16"><span class='ocrx_word' id='word_1_378' title='bbox 24 4361 110 4404; x_wconf 52' lang='lat' dir='ltr'><strong>msa.</strong></span> <span class='ocrx_word' id='word_1_379' title='bbox 124 4362 178 4410; x_wconf 66' lang='lat' dir='ltr'><strong>nr.</strong></span> <span class='ocrx_word' id='word_1_380' title='bbox 194 4339 322 4420; x_wconf 88' lang='lat' dir='ltr'><strong>phetam</strong></span> <span class='ocrx_word' id='word_1_381' title='bbox 347 4337 488 4419; x_wconf 92' lang='lat' dir='ltr'><strong>loquitur</strong></span> <span class='ocrx_word' id='word_1_382' title='bbox 509 4337 592 4399; x_wconf 86' lang='lat' dir='ltr'><strong>[leus</strong></span> <span class='ocrx_word' id='word_1_383' title='bbox 615 4353 622 4398; x_wconf 91' lang='lat'>:</span> <span class='ocrx_word' id='word_1_384' title='bbox 643 4335 805 4418; x_wconf 91' lang='lat' dir='ltr'><strong>Numquid</strong></span> <span class='ocrx_word' id='word_1_385' title='bbox 828 4336 939 4400; x_wconf 91' lang='lat' dir='ltr'><strong>abbre-</strong></span> <span class='ocrx_word' id='word_1_386' title='bbox 993 4334 1156 4408; x_wconf 81' lang='lat' dir='ltr'><strong>Praetcrea,</strong></span> <span class='ocrx_word' id='word_1_387' title='bbox 1173 4343 1328 4416; x_wconf 88' lang='lat' dir='ltr'><strong>quantum</strong></span> <span class='ocrx_word' id='word_1_388' title='bbox 1346 4335 1428 4398; x_wconf 88' lang='lat' dir='ltr'><strong>Deus</strong></span> <span class='ocrx_word' id='word_1_389' title='bbox 1444 4335 1610 4416; x_wconf 89' lang='lat' dir='ltr'><strong>piissimus</strong></span> <span class='ocrx_word' id='word_1_390' title='bbox 1630 4357 1668 4399; x_wconf 86' lang='lat' dir='ltr'><strong>ex</strong></span> <span class='ocrx_word' id='word_1_391' title='bbox 1686 4357 1743 4400; x_wconf 91' lang='lat' dir='ltr'><strong>sua</strong></span> 
     </span>
     <span class='ocr_line' id='line_1_34' title="bbox 193 4433 1740 4518; baseline -0.001 -19"><span class='ocrx_word' id='word_1_392' title='bbox 193 4437 297 4499; x_wconf 86' lang='lat' dir='ltr'><strong>viatus</strong></span> <span class='ocrx_word' id='word_1_393' title='bbox 321 4443 369 4498; x_wconf 90' lang='lat' dir='ltr'><strong>est</strong></span> <span class='ocrx_word' id='word_1_394' title='bbox 393 4434 524 4518; x_wconf 87' lang='lat' dir='ltr'><strong>spiritus</strong></span> <span class='ocrx_word' id='word_1_395' title='bbox 549 4453 649 4509; x_wconf 89' lang='lat' dir='ltr'><strong>meus,</strong></span> <span class='ocrx_word' id='word_1_396' title='bbox 671 4442 706 4496; x_wconf 94' lang='lat' dir='ltr'><strong>ut</strong></span> <span class='ocrx_word' id='word_1_397' title='bbox 730 4435 852 4497; x_wconf 88' lang='lat' dir='ltr'><strong>salvare</strong></span> <span class='ocrx_word' id='word_1_398' title='bbox 874 4453 936 4496; x_wconf 91' lang='lat' dir='ltr'><strong>non</strong></span> <span class='ocrx_word' id='word_1_399' title='bbox 993 4434 1164 4496; x_wconf 90' lang='lat' dir='ltr'><strong>dilectione</strong></span> <span class='ocrx_word' id='word_1_400' title='bbox 1185 4441 1217 4496; x_wconf 91' lang='lat' dir='ltr'><strong>et</strong></span> <span class='ocrx_word' id='word_1_401' title='bbox 1235 4433 1377 4496; x_wconf 90' lang='lat' dir='ltr'><strong>bonitate</strong></span> <span class='ocrx_word' id='word_1_402' title='bbox 1397 4434 1474 4496; x_wconf 88' lang='lat' dir='ltr'><strong>velit</strong></span> <span class='ocrx_word' id='word_1_403' title='bbox 1492 4443 1523 4496; x_wconf 90' lang='lat' dir='ltr'><strong>et</strong></span> <span class='ocrx_word' id='word_1_404' title='bbox 1538 4442 1626 4516; x_wconf 91' lang='lat' dir='ltr'><strong>optet</strong></span> <span class='ocrx_word' id='word_1_405' title='bbox 1640 4435 1740 4499; x_wconf 91' lang='lat' dir='ltr'><strong>homi·</strong></span> 
     </span>
     <span class='ocr_line' id='line_1_35' title="bbox 35 4532 1740 4617; baseline -0.003 -16"><span class='ocrx_word' id='word_1_406' title='bbox 35 4559 91 4601; x_wconf 69' lang='lat' dir='ltr'><strong>ter.</strong></span> <span class='ocrx_word' id='word_1_407' title='bbox 107 4559 175 4606; x_wconf 56' lang='lat' dir='ltr'><strong>aaa.</strong></span> <span class='ocrx_word' id='word_1_408' title='bbox 192 4535 335 4617; x_wconf 85' lang='lat' dir='ltr'><strong>possimf</strong></span> <span class='ocrx_word' id='word_1_409' title='bbox 355 4533 392 4596; x_wconf 87' lang='lat' dir='ltr'><strong>Et</strong></span> <span class='ocrx_word' id='word_1_410' title='bbox 415 4533 447 4595; x_wconf 95' lang='lat' dir='ltr'><strong>in</strong></span> <span class='ocrx_word' id='word_1_411' title='bbox 466 4534 602 4595; x_wconf 88' lang='lat' dir='ltr'><strong>Jeremia</strong></span> <span class='ocrx_word' id='word_1_412' title='bbox 623 4532 759 4595; x_wconf 85' lang='lat' dir='ltr'><strong>habetur</strong></span> <span class='ocrx_word' id='word_1_413' title='bbox 780 4549 787 4594; x_wconf 90' lang='lat'><strong>:</strong></span> <span class='ocrx_word' id='word_1_414' title='bbox 809 4533 937 4596; x_wconf 86' lang='lat' dir='ltr'><strong>Peccata</strong></span> <span class='ocrx_word' id='word_1_415' title='bbox 994 4552 1071 4593; x_wconf 92' lang='lat' dir='ltr'><strong>num</strong></span> <span class='ocrx_word' id='word_1_416' title='bbox 1087 4532 1294 4595; x_wconf 89' lang='lat' dir='ltr'><strong>salvationem</strong></span> <span class='ocrx_word' id='word_1_417' title='bbox 1312 4540 1343 4594; x_wconf 90' lang='lat' dir='ltr'><strong>et</strong></span> <span class='ocrx_word' id='word_1_418' title='bbox 1358 4533 1626 4608; x_wconf 87' lang='lat' dir='ltr'><strong>emendationem,</strong></span> <span class='ocrx_word' id='word_1_419' title='bbox 1643 4554 1740 4616; x_wconf 89' lang='lat' dir='ltr'><strong>quan-</strong></span> 
     </span>
     <span class='ocr_line' id='line_1_36' title="bbox 192 4629 1741 4715; baseline 0.001 -20"><span class='ocrx_word' id='word_1_420' title='bbox 192 4640 296 4695; x_wconf 84' lang='lat' dir='ltr'><strong>vestra</strong></span> <span class='ocrx_word' id='word_1_421' title='bbox 317 4629 551 4714; x_wconf 88' lang='lat' dir='ltr'><strong>prohibuerunt</strong></span> <span class='ocrx_word' id='word_1_422' title='bbox 573 4631 693 4693; x_wconf 93' lang='lat' dir='ltr'><strong>honum</strong></span> <span class='ocrx_word' id='word_1_423' title='bbox 714 4651 733 4693; x_wconf 90' lang='lat' dir='ltr'><strong>a</strong></span> <span class='ocrx_word' id='word_1_424' title='bbox 755 4631 855 4694; x_wconf 91' lang='lat' dir='ltr'><strong>vohis.</strong></span> <span class='ocrx_word' id='word_1_425' title='bbox 994 4639 1061 4692; x_wconf 91' lang='lat' dir='ltr'><strong>tum</strong></span> <span class='ocrx_word' id='word_1_426' title='bbox 1082 4649 1209 4713; x_wconf 92' lang='lat' dir='ltr'><strong>quoque</strong></span> <span class='ocrx_word' id='word_1_427' title='bbox 1232 4631 1356 4693; x_wconf 91' lang='lat' dir='ltr'><strong>miseris</strong></span> <span class='ocrx_word' id='word_1_428' title='bbox 1378 4632 1651 4715; x_wconf 89' lang='lat' dir='ltr'><strong>pereuntihusque</strong></span> <span class='ocrx_word' id='word_1_429' title='bbox 1669 4652 1741 4696; x_wconf 92' lang='lat' dir='ltr'><strong>con·</strong></span> 
     </span>
     <span class='ocr_line' id='line_1_37' title="bbox 235 4729 1740 4813; baseline 0 -19"><span class='ocrx_word' id='word_1_430' title='bbox 235 4731 381 4795; x_wconf 91' lang='lat' dir='ltr'><strong>Secundo</strong></span> <span class='ocrx_word' id='word_1_431' title='bbox 411 4729 565 4812; x_wconf 90' lang='lat' dir='ltr'><strong>probatur</strong></span> <span class='ocrx_word' id='word_1_432' title='bbox 593 4729 652 4792; x_wconf 91' lang='lat' dir='ltr'><strong>hoc</strong></span> <span class='ocrx_word' id='word_1_433' title='bbox 681 4749 719 4792; x_wconf 83' lang='lat' dir='ltr'><strong>ex</strong></span> <span class='ocrx_word' id='word_1_434' title='bbox 749 4737 838 4811; x_wconf 90' lang='lat' dir='ltr'><strong>parte</strong></span> <span class='ocrx_word' id='word_1_435' title='bbox 867 4730 935 4804; x_wconf 90' lang='lat' dir='ltr'><strong>Dei,</strong></span> <span class='ocrx_word' id='word_1_436' title='bbox 992 4730 1233 4802; x_wconf 80' lang='lat' dir='ltr'><strong>doleatconstat</strong></span> <span class='ocrx_word' id='word_1_437' title='bbox 1248 4749 1286 4793; x_wconf 84' lang='lat' dir='ltr'><strong>ex</strong></span> <span class='ocrx_word' id='word_1_438' title='bbox 1303 4731 1436 4813; x_wconf 87' lang='lat' dir='ltr'><strong>eoquod</strong></span> <span class='ocrx_word' id='word_1_439' title='bbox 1449 4729 1482 4793; x_wconf 91' lang='lat' dir='ltr'><strong>in</strong></span> <span class='ocrx_word' id='word_1_440' title='bbox 1495 4732 1740 4794; x_wconf 87' lang='lat' dir='ltr'><strong>Deuteronomio</strong></span> 
     </span>
     <span class='ocr_line' id='line_1_38' title="bbox 191 4826 1885 4912; baseline 0.002 -22"><span class='ocrx_word' id='word_1_441' title='bbox 191 4827 340 4910; x_wconf 91' lang='lat' dir='ltr'><strong>quoniam</strong></span> <span class='ocrx_word' id='word_1_442' title='bbox 368 4835 432 4890; x_wconf 90' lang='lat' dir='ltr'><strong>tam</strong></span> <span class='ocrx_word' id='word_1_443' title='bbox 458 4827 586 4890; x_wconf 91' lang='lat' dir='ltr'><strong>infinita</strong></span> <span class='ocrx_word' id='word_1_444' title='bbox 609 4834 657 4890; x_wconf 89' lang='lat' dir='ltr'><strong>est</strong></span> <span class='ocrx_word' id='word_1_445' title='bbox 682 4826 817 4902; x_wconf 89' lang='lat' dir='ltr'><strong>bonitas,</strong></span> <span class='ocrx_word' id='word_1_446' title='bbox 842 4829 935 4890; x_wconf 89' lang='lat' dir='ltr'><strong>mise·</strong></span> <span class='ocrx_word' id='word_1_447' title='bbox 993 4829 1135 4911; x_wconf 91' lang='lat' dir='ltr'><strong>loquitur</strong></span> <span class='ocrx_word' id='word_1_448' title='bbox 1155 4829 1251 4912; x_wconf 82' lang='lat' dir='ltr'><strong>lloysi</strong></span> <span class='ocrx_word' id='word_1_449' title='bbox 1275 4831 1314 4892; x_wconf 91' lang='lat' dir='ltr'><strong>de</strong></span> <span class='ocrx_word' id='word_1_450' title='bbox 1338 4830 1417 4893; x_wconf 88' lang='lat' dir='ltr'><strong>filiis</strong></span> <span class='ocrx_word' id='word_1_451' title='bbox 1439 4830 1533 4892; x_wconf 91' lang='lat' dir='ltr'><strong>lsrael</strong></span> <span class='ocrx_word' id='word_1_452' title='bbox 1557 4847 1565 4892; x_wconf 92' lang='lat'><strong>:</strong></span> <span class='ocrx_word' id='word_1_453' title='bbox 1589 4830 1664 4904; x_wconf 86' lang='lat' dir='ltr'><strong>Quis</strong></span> <span class='ocrx_word' id='word_1_454' title='bbox 1687 4831 1885 4901; x_wconf 53' lang='lat' dir='ltr'><strong>detumesce.</strong></span> 
     </span>
     <span class='ocr_line' id='line_1_39' title="bbox 190 4925 1739 5007; baseline 0.002 -18"><span class='ocrx_word' id='word_1_455' title='bbox 190 4927 326 4989; x_wconf 87' lang='lat' dir='ltr'><strong>ricordia</strong></span> <span class='ocrx_word' id='word_1_456' title='bbox 349 4933 381 4988; x_wconf 89' lang='lat' dir='ltr'><strong>ct</strong></span> <span class='ocrx_word' id='word_1_457' title='bbox 404 4925 533 4988; x_wconf 88' lang='lat' dir='ltr'><strong>dilectio</strong></span> <span class='ocrx_word' id='word_1_458' title='bbox 555 4925 625 5006; x_wconf 81' lang='lat' dir='ltr'><strong>ejus</strong></span> <span class='ocrx_word' id='word_1_459' title='bbox 648 4925 733 4988; x_wconf 88' lang='lat' dir='ltr'><strong>circa</strong></span> <span class='ocrx_word' id='word_1_460' title='bbox 753 4944 854 5007; x_wconf 88' lang='lat' dir='ltr'><strong>genus</strong></span> <span class='ocrx_word' id='word_1_461' title='bbox 878 4927 935 4989; x_wconf 93' lang='lat' dir='ltr'><strong>hu·</strong></span> <span class='ocrx_word' id='word_1_462' title='bbox 992 4928 1087 4990; x_wconf 90' lang='lat' dir='ltr'><strong>talem</strong></span> <span class='ocrx_word' id='word_1_463' title='bbox 1108 4947 1161 4992; x_wconf 90' lang='lat' dir='ltr'><strong>eos</strong></span> <span class='ocrx_word' id='word_1_464' title='bbox 1181 4928 1297 4992; x_wconf 89' lang='lat' dir='ltr'><strong>habere</strong></span> <span class='ocrx_word' id='word_1_465' title='bbox 1318 4936 1458 4992; x_wconf 89' lang='lat' dir='ltr'><strong>mentem</strong></span> <span class='ocrx_word' id='word_1_466' title='bbox 1480 4936 1515 4990; x_wconf 92' lang='lat' dir='ltr'><strong>ut</strong></span> <span class='ocrx_word' id='word_1_467' title='bbox 1533 4929 1667 4992; x_wconf 90' lang='lat' dir='ltr'><strong>timeant</strong></span> <span class='ocrx_word' id='word_1_468' title='bbox 1688 4950 1739 4992; x_wconf 92' lang='lat' dir='ltr'><strong>me</strong></span> 
     </span>
     <span class='ocr_line' id='line_1_40' title="bbox 100 5024 1739 5108; baseline 0.002 -22"><span class='ocrx_word' id='word_1_469' title='bbox 100 5087 106 5097; x_wconf 80' lang='grc'><strong>,</strong></span> <span class='ocrx_word' id='word_1_470' title='bbox 189 5043 331 5099; x_wconf 89' lang='lat' dir='ltr'><strong>manum,</strong></span> <span class='ocrx_word' id='word_1_471' title='bbox 349 5024 434 5108; x_wconf 87' lang='lat' dir='ltr'><strong>quod</strong></span> <span class='ocrx_word' id='word_1_472' title='bbox 450 5031 605 5107; x_wconf 92' lang='lat' dir='ltr'><strong>quantum</strong></span> <span class='ocrx_word' id='word_1_473' title='bbox 626 5024 659 5086; x_wconf 93' lang='lat' dir='ltr'><strong>in</strong></span> <span class='ocrx_word' id='word_1_474' title='bbox 679 5043 713 5086; x_wconf 89' lang='lat' dir='ltr'><strong>se</strong></span> <span class='ocrx_word' id='word_1_475' title='bbox 732 5031 790 5098; x_wconf 90' lang='lat' dir='ltr'><strong>est,</strong></span> <span class='ocrx_word' id='word_1_476' title='bbox 807 5032 934 5107; x_wconf 87' lang='lat' dir='ltr'><strong>paratus</strong></span> <span class='ocrx_word' id='word_1_477' title='bbox 952 5031 976 5092; x_wconf 87' lang='lat' dir='ltr'>D</span> <span class='ocrx_word' id='word_1_478' title='bbox 991 5033 1023 5088; x_wconf 91' lang='lat' dir='ltr'><strong>et</strong></span> <span class='ocrx_word' id='word_1_479' title='bbox 1047 5025 1226 5089; x_wconf 90' lang='lat' dir='ltr'><strong>custodiant</strong></span> <span class='ocrx_word' id='word_1_480' title='bbox 1249 5027 1399 5089; x_wconf 91' lang='lat' dir='ltr'><strong>universa</strong></span> <span class='ocrx_word' id='word_1_481' title='bbox 1428 5027 1576 5090; x_wconf 84' lang='lat' dir='ltr'><strong>mandata</strong></span> <span class='ocrx_word' id='word_1_482' title='bbox 1599 5047 1680 5102; x_wconf 87' lang='lat' dir='ltr'><strong>mea,</strong></span> <span class='ocrx_word' id='word_1_483' title='bbox 1707 5036 1739 5090; x_wconf 90' lang='lat' dir='ltr'><strong>et</strong></span> 
     </span>
     <span class='ocr_line' id='line_1_41' title="bbox 189 5121 1736 5208; baseline 0.002 -22"><span class='ocrx_word' id='word_1_484' title='bbox 189 5122 230 5186; x_wconf 88' lang='lat' dir='ltr'><strong>sit</strong></span> <span class='ocrx_word' id='word_1_485' title='bbox 250 5123 338 5186; x_wconf 91' lang='lat' dir='ltr'><strong>omni</strong></span> <span class='ocrx_word' id='word_1_486' title='bbox 361 5121 484 5186; x_wconf 90' lang='lat' dir='ltr'><strong>homini</strong></span> <span class='ocrx_word' id='word_1_487' title='bbox 504 5122 638 5204; x_wconf 90' lang='lat' dir='ltr'><strong>gratiam</strong></span> <span class='ocrx_word' id='word_1_488' title='bbox 663 5142 753 5186; x_wconf 92' lang='lat' dir='ltr'><strong>suam</strong></span> <span class='ocrx_word' id='word_1_489' title='bbox 779 5122 934 5198; x_wconf 87' lang='lat' dir='ltr'><strong>conferre,</strong></span> <span class='ocrx_word' id='word_1_490' title='bbox 992 5123 1074 5187; x_wconf 88' lang='lat' dir='ltr'><strong>bene</strong></span> <span class='ocrx_word' id='word_1_491' title='bbox 1098 5125 1139 5188; x_wconf 93' lang='lat' dir='ltr'><strong>sit</strong></span> <span class='ocrx_word' id='word_1_492' title='bbox 1164 5127 1209 5188; x_wconf 90' lang='lat' dir='ltr'><strong>eis</strong></span> <span class='ocrx_word' id='word_1_493' title='bbox 1235 5133 1266 5188; x_wconf 89' lang='lat' dir='ltr'><strong>et</strong></span> <span class='ocrx_word' id='word_1_494' title='bbox 1290 5126 1370 5189; x_wconf 90' lang='lat' dir='ltr'><strong>filiis</strong></span> <span class='ocrx_word' id='word_1_495' title='bbox 1395 5144 1506 5190; x_wconf 88' lang='lat' dir='ltr'><strong>eorum</strong></span> <span class='ocrx_word' id='word_1_496' title='bbox 1530 5133 1602 5208; x_wconf 90' lang='lat' dir='ltr'><strong>post</strong></span> <span class='ocrx_word' id='word_1_497' title='bbox 1625 5143 1679 5189; x_wconf 89' lang='lat' dir='ltr'><strong>eos</strong></span> <span class='ocrx_word' id='word_1_498' title='bbox 1705 5128 1736 5189; x_wconf 93' lang='lat' dir='ltr'><strong>in</strong></span> 
     </span>
     <span class='ocr_line' id='line_1_42' title="bbox 189 5220 1883 5307; baseline 0.005 -23"><span class='ocrx_word' id='word_1_499' title='bbox 189 5226 220 5284; x_wconf 90' lang='lat' dir='ltr'><strong>et</strong></span> <span class='ocrx_word' id='word_1_500' title='bbox 235 5239 298 5284; x_wconf 90' lang='lat' dir='ltr'><strong>nou</strong></span> <span class='ocrx_word' id='word_1_501' title='bbox 317 5221 380 5284; x_wconf 93' lang='lat' dir='ltr'><strong>nisi</strong></span> <span class='ocrx_word' id='word_1_502' title='bbox 401 5221 604 5303; x_wconf 68' lang='lat' dir='ltr'><strong>perversitas</strong></span> <span class='ocrx_word' id='word_1_503' title='bbox 621 5220 815 5304; x_wconf 91' lang='lat' dir='ltr'><strong>ingratitudo</strong></span> <span class='ocrx_word' id='word_1_504' title='bbox 830 5230 861 5284; x_wconf 89' lang='lat' dir='ltr'><strong>et</strong></span> <span class='ocrx_word' id='word_1_505' title='bbox 880 5241 934 5284; x_wconf 88' lang='lat' dir='ltr'><strong>ne·</strong></span> <span class='ocrx_word' id='word_1_506' title='bbox 991 5222 1246 5304; x_wconf 86' lang='lat' dir='ltr'><strong>sempiternuml</strong></span> <span class='ocrx_word' id='word_1_507' title='bbox 1265 5225 1358 5307; x_wconf 82' lang='lat' dir='ltr'><strong>Apud</strong></span> <span class='ocrx_word' id='word_1_508' title='bbox 1377 5225 1490 5287; x_wconf 89' lang='lat' dir='ltr'><strong>lsaiam</strong></span> <span class='ocrx_word' id='word_1_509' title='bbox 1506 5241 1633 5306; x_wconf 94' lang='lat' dir='ltr'><strong>quoque</strong></span> <span class='ocrx_word' id='word_1_510' title='bbox 1650 5241 1657 5285; x_wconf 75' lang='grc' dir='ltr'>ι</span> <span class='ocrx_word' id='word_1_511' title='bbox 1676 5225 1737 5288; x_wconf 91' lang='lat' dir='ltr'><strong>Uti·</strong></span> <span class='ocrx_word' id='word_1_512' title='bbox 1750 5242 1883 5298; x_wconf 63' lang='lat' dir='ltr'><strong>rancura</strong></span> 
     </span>
     <span class='ocr_line' id='line_1_43' title="bbox 185 5319 1693 5404; baseline 0.003 -24"><span class='ocrx_word' id='word_1_513' title='bbox 185 5319 337 5401; x_wconf 88' lang='lat' dir='ltr'><strong>gligentia</strong></span> <span class='ocrx_word' id='word_1_514' title='bbox 356 5319 524 5384; x_wconf 87' lang='lat' dir='ltr'><strong>bominum</strong></span> <span class='ocrx_word' id='word_1_515' title='bbox 548 5319 701 5402; x_wconf 91' lang='lat' dir='ltr'><strong>impediat</strong></span> <span class='ocrx_word' id='word_1_516' title='bbox 722 5338 776 5385; x_wconf 89' lang='lat' dir='ltr'><strong>eos</strong></span> <span class='ocrx_word' id='word_1_517' title='bbox 797 5339 816 5384; x_wconf 94' lang='lat' dir='ltr'><strong>a</strong></span> <span class='ocrx_word' id='word_1_518' title='bbox 837 5321 929 5384; x_wconf 92' lang='lat' dir='ltr'><strong>donis</strong></span> <span class='ocrx_word' id='word_1_519' title='bbox 991 5339 1064 5384; x_wconf 92' lang='lat' dir='ltr'><strong>nam</strong></span> <span class='ocrx_word' id='word_1_520' title='bbox 1083 5321 1217 5404; x_wconf 87' lang='lat' dir='ltr'><strong>(inquit)</strong></span> <span class='ocrx_word' id='word_1_521' title='bbox 1236 5323 1423 5386; x_wconf 85' lang='lat' dir='ltr'><strong>attendisses</strong></span> <span class='ocrx_word' id='word_1_522' title='bbox 1445 5322 1592 5385; x_wconf 88' lang='lat' dir='ltr'><strong>mandata</strong></span> <span class='ocrx_word' id='word_1_523' title='bbox 1613 5341 1693 5384; x_wconf 87' lang='lat' dir='ltr'><strong>mea.</strong></span> 
     </span>
    </p>
   </div>
   <div class='ocr_carea' id='block_1_5' title="bbox 0 0 2148 6264">
    <p class='ocr_par' dir='ltr' id='par_1_5' title="bbox 0 0 2148 6264">
     <span class='ocr_line' id='line_1_44' title="bbox 0 0 2148 6264; baseline 0 1"><span class='ocrx_word' id='word_1_524' title='bbox 0 0 2148 6264; x_wconf 95' lang='lat' dir='ltr'><strong> </strong></span> 
     </span>
    </p>
   </div>
  </div>
 </body>
</html>
