<?xml version="1.0" encoding="UTF-8"?>
<!DOCTYPE html PUBLIC "-//W3C//DTD XHTML 1.0 Transitional//EN"
    "http://www.w3.org/TR/xhtml1/DTD/xhtml1-transitional.dtd">
<html xmlns="http://www.w3.org/1999/xhtml" xml:lang="en" lang="en">
 <head>
  <title>
</title>
<meta http-equiv="Content-Type" content="text/html;charset=utf-8" />
  <meta name='ocr-system' content='tesseract 3.04.00' />
  <meta name='ocr-capabilities' content='ocr_page ocr_carea ocr_par ocr_line ocrx_word'/>
</head>
<body>
  <div class='ocr_page' id='page_1' title='image "./doctorisecstati01unkngoog/doctorisecstati01unkngoog_0096.png"; bbox 0 0 4288 6264; ppageno 0'>
   <div class='ocr_carea' id='block_1_1' title="bbox 532 511 1705 578">
    <p class='ocr_par' dir='ltr' id='par_1_1' title="bbox 532 511 1705 578">
     <span class='ocr_line' id='line_1_1' title="bbox 532 511 1705 578; baseline 0.001 -4"><span class='ocrx_word' id='word_1_1' title='bbox 532 528 563 574; x_wconf 88' lang='lat' dir='ltr'><strong>m</strong></span> <span class='ocrx_word' id='word_1_2' title='bbox 584 528 636 574; x_wconf 83' lang='lat' dir='ltr'><strong>nra</strong></span> <span class='ocrx_word' id='word_1_3' title='bbox 657 527 773 576; x_wconf 83' lang='lat' dir='ltr'><strong>sarcre</strong></span> <span class='ocrx_word' id='word_1_4' title='bbox 794 527 1012 576; x_wconf 81' lang='lat' dir='ltr'><strong>rauracosras.</strong></span> <span class='ocrx_word' id='word_1_5' title='bbox 1033 547 1072 558; x_wconf 94' lang='lat'><em>-</em></span> <span class='ocrx_word' id='word_1_6' title='bbox 1093 529 1193 578; x_wconf 80' lang='lat' dir='ltr'><strong>smne</strong></span> <span class='ocrx_word' id='word_1_7' title='bbox 1213 529 1338 578; x_wconf 84' lang='lat' dir='ltr'><strong>rnarrns</strong></span> <span class='ocrx_word' id='word_1_8' title='bbox 1668 511 1705 576; x_wconf 88' lang='lat' dir='ltr'><strong>8f</strong></span> 
     </span>
    </p>
   </div>
   <div class='ocr_carea' id='block_1_2' title="bbox 159 694 1711 1962">
    <p class='ocr_par' dir='ltr' id='par_1_2' title="bbox 159 694 1711 1077">
     <span class='ocr_line' id='line_1_2' title="bbox 160 694 1709 782; baseline 0.004 -26"><span class='ocrx_word' id='word_1_9' title='bbox 160 694 244 758; x_wconf 88' lang='lat' dir='ltr'><strong>Deus</strong></span> <span class='ocrx_word' id='word_1_10' title='bbox 278 695 499 759; x_wconf 91' lang='lat' dir='ltr'><strong>sanctissimus</strong></span> <span class='ocrx_word' id='word_1_11' title='bbox 533 716 602 760; x_wconf 91' lang='lat' dir='ltr'><strong>eam</strong></span> <span class='ocrx_word' id='word_1_12' title='bbox 637 698 839 762; x_wconf 79' lang='lat' dir='ltr'><strong>abominatur</strong></span> <span class='ocrx_word' id='word_1_13' title='bbox 872 697 1115 762; x_wconf 81' lang='lat' dir='ltr'><strong>acAmunicet.</strong></span> <span class='ocrx_word' id='word_1_14' title='bbox 1142 700 1315 772; x_wconf 86' lang='lat' dir='ltr'><strong>Postremo,</strong></span> <span class='ocrx_word' id='word_1_15' title='bbox 1341 699 1493 781; x_wconf 81' lang='lat' dir='ltr'>quotidie,</span> <span class='ocrx_word' id='word_1_16' title='bbox 1519 706 1551 761; x_wconf 92' lang='lat' dir='ltr'><strong>ct</strong></span> <span class='ocrx_word' id='word_1_17' title='bbox 1580 719 1709 782; x_wconf 83' lang='lat' dir='ltr'><strong>praeser-</strong></span> 
     </span>
     <span class='ocr_line' id='line_1_3' title="bbox 160 791 1709 879; baseline 0.004 -26"><span class='ocrx_word' id='word_1_18' title='bbox 160 791 307 874; x_wconf 80' lang='lat' dir='ltr'><strong>despicit.</strong></span> <span class='ocrx_word' id='word_1_19' title='bbox 335 793 409 857; x_wconf 92' lang='lat' dir='ltr'><strong>ldeo</strong></span> <span class='ocrx_word' id='word_1_20' title='bbox 438 796 571 878; x_wconf 87' lang='lat' dir='ltr'><strong>cupiens</strong></span> <span class='ocrx_word' id='word_1_21' title='bbox 600 797 664 860; x_wconf 88' lang='lat' dir='ltr'><strong>Deo</strong></span> <span class='ocrx_word' id='word_1_22' title='bbox 693 797 830 879; x_wconf 89' lang='lat' dir='ltr'><strong>placere,</strong></span> <span class='ocrx_word' id='word_1_23' title='bbox 856 815 910 860; x_wconf 92' lang='lat' dir='ltr'><strong>cor</strong></span> <span class='ocrx_word' id='word_1_24' title='bbox 963 797 1020 860; x_wconf 92' lang='lat' dir='ltr'><strong>tim</strong></span> <span class='ocrx_word' id='word_1_25' title='bbox 1046 798 1077 859; x_wconf 92' lang='lat' dir='ltr'><strong>in</strong></span> <span class='ocrx_word' id='word_1_26' title='bbox 1104 797 1154 860; x_wconf 89' lang='lat' dir='ltr'><strong>his</strong></span> <span class='ocrx_word' id='word_1_27' title='bbox 1180 797 1278 860; x_wconf 87' lang='lat' dir='ltr'><strong>sacris</strong></span> <span class='ocrx_word' id='word_1_28' title='bbox 1304 797 1428 872; x_wconf 91' lang='lat' dir='ltr'><strong>diebus,</strong></span> <span class='ocrx_word' id='word_1_29' title='bbox 1456 796 1488 860; x_wconf 93' lang='lat' dir='ltr'><strong>in</strong></span> <span class='ocrx_word' id='word_1_30' title='bbox 1512 796 1709 860; x_wconf 91' lang='lat' dir='ltr'><strong>orationibus</strong></span> 
     </span>
     <span class='ocr_line' id='line_1_4' title="bbox 159 891 1709 978; baseline 0.004 -28"><span class='ocrx_word' id='word_1_31' title='bbox 159 909 253 953; x_wconf 93' lang='lat' dir='ltr'><strong>suum</strong></span> <span class='ocrx_word' id='word_1_32' title='bbox 276 910 294 952; x_wconf 93' lang='lat' dir='ltr'><strong>a</strong></span> <span class='ocrx_word' id='word_1_33' title='bbox 320 891 436 954; x_wconf 89' lang='lat' dir='ltr'><strong>talibus</strong></span> <span class='ocrx_word' id='word_1_34' title='bbox 463 901 577 975; x_wconf 77' lang='lat' dir='ltr'><strong>purget</strong></span> <span class='ocrx_word' id='word_1_35' title='bbox 605 902 636 956; x_wconf 92' lang='lat' dir='ltr'><strong>et</strong></span> <span class='ocrx_word' id='word_1_36' title='bbox 661 895 820 958; x_wconf 84' lang='lat' dir='ltr'><strong>custodire</strong></span> <span class='ocrx_word' id='word_1_37' title='bbox 845 913 909 957; x_wconf 91' lang='lat' dir='ltr'><strong>non</strong></span> <span class='ocrx_word' id='word_1_38' title='bbox 963 904 995 957; x_wconf 92' lang='lat' dir='ltr'><strong>et</strong></span> <span class='ocrx_word' id='word_1_39' title='bbox 1016 895 1164 958; x_wconf 76' lang='lat' dir='ltr'><strong>laudibus</strong></span> <span class='ocrx_word' id='word_1_40' title='bbox 1189 896 1245 957; x_wconf 83' lang='lat' dir='ltr'><strong>llci</strong></span> <span class='ocrx_word' id='word_1_41' title='bbox 1270 912 1477 978; x_wconf 87' lang='lat' dir='ltr'><strong>occupemur,</strong></span> <span class='ocrx_word' id='word_1_42' title='bbox 1493 914 1529 957; x_wconf 89' lang='lat' dir='ltr'><strong>ac</strong></span> <span class='ocrx_word' id='word_1_43' title='bbox 1554 895 1709 978; x_wconf 89' lang='lat' dir='ltr'><strong>Spiritum</strong></span> 
     </span>
     <span class='ocr_line' id='line_1_5' title="bbox 159 993 1711 1077; baseline 0.005 -28"><span class='ocrx_word' id='word_1_44' title='bbox 159 997 272 1051; x_wconf 87' lang='lat' dir='ltr'><strong>cesset.</strong></span> <span class='ocrx_word' id='word_1_45' title='bbox 963 993 1113 1056; x_wconf 89' lang='lat' dir='ltr'><strong>Sanctum</strong></span> <span class='ocrx_word' id='word_1_46' title='bbox 1134 994 1330 1077; x_wconf 88' lang='lat' dir='ltr'><strong>paracletum</strong></span> <span class='ocrx_word' id='word_1_47' title='bbox 1350 995 1424 1058; x_wconf 93' lang='lat' dir='ltr'><strong>totis</strong></span> <span class='ocrx_word' id='word_1_48' title='bbox 1439 993 1562 1056; x_wconf 90' lang='lat' dir='ltr'><strong>viribus</strong></span> <span class='ocrx_word' id='word_1_49' title='bbox 1582 1011 1711 1056; x_wconf 89' lang='lat' dir='ltr'><strong>venere·</strong></span> 
     </span>
    </p>

    <p class='ocr_par' dir='ltr' id='par_1_3' title="bbox 159 1087 1711 1962">
     <span class='ocr_line' id='line_1_6' title="bbox 200 1087 1710 1175; baseline 0.003 -26"><span class='ocrx_word' id='word_1_50' title='bbox 200 1087 364 1162; x_wconf 81' lang='lat' dir='ltr'><strong>Praetcren,</strong></span> <span class='ocrx_word' id='word_1_51' title='bbox 377 1089 435 1150; x_wconf 91' lang='lat' dir='ltr'><strong>etsi</strong></span> <span class='ocrx_word' id='word_1_52' title='bbox 453 1107 516 1152; x_wconf 92' lang='lat' dir='ltr'><strong>non</strong></span> <span class='ocrx_word' id='word_1_53' title='bbox 532 1090 748 1153; x_wconf 90' lang='lat' dir='ltr'><strong>communicat</strong></span> <span class='ocrx_word' id='word_1_54' title='bbox 762 1090 910 1154; x_wconf 82' lang='lat' dir='ltr'><strong>Christia-</strong></span> <span class='ocrx_word' id='word_1_55' title='bbox 964 1109 1052 1172; x_wconf 88' lang='lat' dir='ltr'><strong>mur;</strong></span> <span class='ocrx_word' id='word_1_56' title='bbox 1077 1092 1148 1173; x_wconf 80' lang='lat' dir='ltr'><strong>ejus</strong></span> <span class='ocrx_word' id='word_1_57' title='bbox 1173 1093 1307 1168; x_wconf 88' lang='lat' dir='ltr'><strong>caritati,</strong></span> <span class='ocrx_word' id='word_1_58' title='bbox 1333 1093 1442 1175; x_wconf 89' lang='lat' dir='ltr'><strong>pietati</strong></span> <span class='ocrx_word' id='word_1_59' title='bbox 1467 1112 1504 1156; x_wconf 91' lang='lat' dir='ltr'><strong>ac</strong></span> <span class='ocrx_word' id='word_1_60' title='bbox 1528 1093 1710 1156; x_wconf 77' lang='lat' dir='ltr'><strong>liberalitati</strong></span> 
     </span>
     <span class='ocr_line' id='line_1_7' title="bbox 161 1187 1710 1273; baseline 0.003 -25"><span class='ocrx_word' id='word_1_61' title='bbox 161 1205 223 1248; x_wconf 92' lang='lat' dir='ltr'><strong>nus</strong></span> <span class='ocrx_word' id='word_1_62' title='bbox 238 1187 382 1268; x_wconf 89' lang='lat' dir='ltr'><strong>quotidie</strong></span> <span class='ocrx_word' id='word_1_63' title='bbox 396 1189 678 1264; x_wconf 90' lang='lat' dir='ltr'><strong>sacramentaliter,</strong></span> <span class='ocrx_word' id='word_1_64' title='bbox 689 1208 806 1273; x_wconf 89' lang='lat' dir='ltr'><strong>corpus</strong></span> <span class='ocrx_word' id='word_1_65' title='bbox 821 1189 909 1252; x_wconf 83' lang='lat' dir='ltr'><strong>Chri·</strong></span> <span class='ocrx_word' id='word_1_66' title='bbox 963 1190 1145 1254; x_wconf 80' lang='lat' dir='ltr'><strong>cordialiter</strong></span> <span class='ocrx_word' id='word_1_67' title='bbox 1173 1192 1392 1273; x_wconf 77' lang='lat' dir='ltr'><strong>regratiamur,</strong></span> <span class='ocrx_word' id='word_1_68' title='bbox 1417 1191 1545 1254; x_wconf 85' lang='lat' dir='ltr'><strong>solliciti</strong></span> <span class='ocrx_word' id='word_1_69' title='bbox 1575 1190 1710 1273; x_wconf 87' lang='lat' dir='ltr'><strong>noejus</strong></span> 
     </span>
     <span class='ocr_line' id='line_1_8' title="bbox 160 1283 1710 1372; baseline 0.005 -28"><span class='ocrx_word' id='word_1_70' title='bbox 160 1283 200 1345; x_wconf 94' lang='lat' dir='ltr'><strong>sti</strong></span> <span class='ocrx_word' id='word_1_71' title='bbox 217 1283 345 1348; x_wconf 86' lang='lat' dir='ltr'><strong>realiter</strong></span> <span class='ocrx_word' id='word_1_72' title='bbox 357 1286 788 1369; x_wconf 89' lang='lat' dir='ltr'><strong>suscipiendo,spiritualiter</strong></span> <span class='ocrx_word' id='word_1_73' title='bbox 802 1296 908 1350; x_wconf 88' lang='lat' dir='ltr'><strong>tamen</strong></span> <span class='ocrx_word' id='word_1_74' title='bbox 962 1289 1131 1370; x_wconf 81' lang='lat' dir='ltr'><strong>gratiosam</strong></span> <span class='ocrx_word' id='word_1_75' title='bbox 1161 1289 1329 1372; x_wconf 80' lang='lat' dir='ltr'><strong>perdamus</strong></span> <span class='ocrx_word' id='word_1_76' title='bbox 1358 1289 1553 1371; x_wconf 83' lang='lat' dir='ltr'><strong>praesentiam</strong></span> <span class='ocrx_word' id='word_1_77' title='bbox 1582 1308 1638 1372; x_wconf 86' lang='lat' dir='ltr'><strong>per</strong></span> <span class='ocrx_word' id='word_1_78' title='bbox 1666 1288 1710 1352; x_wconf 91' lang='lat' dir='ltr'><strong>lo-</strong></span> 
     </span>
     <span class='ocr_line' id='line_1_9' title="bbox 160 1383 1711 1471; baseline 0.005 -27"><span class='ocrx_word' id='word_1_79' title='bbox 160 1383 304 1464; x_wconf 89' lang='lat' dir='ltr'><strong>quotidie</strong></span> <span class='ocrx_word' id='word_1_80' title='bbox 319 1383 414 1446; x_wconf 90' lang='lat' dir='ltr'><strong>debet</strong></span> <span class='ocrx_word' id='word_1_81' title='bbox 431 1384 568 1466; x_wconf 84' lang='lat' dir='ltr'><strong>quilibet</strong></span> <span class='ocrx_word' id='word_1_82' title='bbox 584 1385 809 1448; x_wconf 73' lang='lat' dir='ltr'><strong>christifidelis</strong></span> <span class='ocrx_word' id='word_1_83' title='bbox 824 1405 908 1449; x_wconf 93' lang='lat' dir='ltr'><strong>com·</strong></span> <span class='ocrx_word' id='word_1_84' title='bbox 963 1387 1145 1469; x_wconf 88' lang='lat' dir='ltr'><strong>quacitates,</strong></span> <span class='ocrx_word' id='word_1_85' title='bbox 1163 1387 1420 1462; x_wconf 83' lang='lat' dir='ltr'><strong>comessationes,</strong></span> <span class='ocrx_word' id='word_1_86' title='bbox 1433 1388 1621 1471; x_wconf 89' lang='lat' dir='ltr'><strong>potationes,</strong></span> <span class='ocrx_word' id='word_1_87' title='bbox 1638 1387 1711 1451; x_wconf 80' lang='lat' dir='ltr'><strong>cho</strong></span> 
     </span>
     <span class='ocr_line' id='line_1_10' title="bbox 160 1481 1710 1569; baseline 0.003 -26"><span class='ocrx_word' id='word_1_88' title='bbox 160 1481 336 1557; x_wconf 89' lang='lat' dir='ltr'><strong>manicare,</strong></span> <span class='ocrx_word' id='word_1_89' title='bbox 349 1482 499 1545; x_wconf 86' lang='lat' dir='ltr'><strong>videlicet</strong></span> <span class='ocrx_word' id='word_1_90' title='bbox 514 1502 572 1565; x_wconf 92' lang='lat' dir='ltr'><strong>per</strong></span> <span class='ocrx_word' id='word_1_91' title='bbox 586 1482 685 1546; x_wconf 90' lang='lat' dir='ltr'><strong>fidem</strong></span> <span class='ocrx_word' id='word_1_92' title='bbox 702 1493 733 1546; x_wconf 92' lang='lat' dir='ltr'><strong>et</strong></span> <span class='ocrx_word' id='word_1_93' title='bbox 748 1484 908 1548; x_wconf 88' lang='lat' dir='ltr'><strong>caritatem</strong></span> <span class='ocrx_word' id='word_1_94' title='bbox 963 1503 1043 1560; x_wconf 90' lang='lat' dir='ltr'><strong>reas,</strong></span> <span class='ocrx_word' id='word_1_95' title='bbox 1054 1493 1109 1548; x_wconf 89' lang='lat' dir='ltr'><strong>ant</strong></span> <span class='ocrx_word' id='word_1_96' title='bbox 1124 1493 1244 1548; x_wconf 88' lang='lat' dir='ltr'><strong>ceteras</strong></span> <span class='ocrx_word' id='word_1_97' title='bbox 1260 1486 1416 1548; x_wconf 87' lang='lat' dir='ltr'><strong>vanitates</strong></span> <span class='ocrx_word' id='word_1_98' title='bbox 1431 1505 1467 1548; x_wconf 89' lang='lat' dir='ltr'><strong>ac</strong></span> <span class='ocrx_word' id='word_1_99' title='bbox 1483 1486 1613 1569; x_wconf 90' lang='lat' dir='ltr'><strong>culpas;</strong></span> <span class='ocrx_word' id='word_1_100' title='bbox 1628 1485 1710 1568; x_wconf 82' lang='lat' dir='ltr'><strong>jugi·</strong></span> 
     </span>
     <span class='ocr_line' id='line_1_11' title="bbox 160 1579 1709 1667; baseline 0.003 -26"><span class='ocrx_word' id='word_1_101' title='bbox 160 1579 385 1661; x_wconf 82' lang='lat' dir='ltr'><strong>conjungendo</strong></span> <span class='ocrx_word' id='word_1_102' title='bbox 410 1601 443 1644; x_wconf 91' lang='lat' dir='ltr'><strong>se</strong></span> <span class='ocrx_word' id='word_1_103' title='bbox 465 1581 601 1657; x_wconf 82' lang='lat' dir='ltr'><strong>Christo,</strong></span> <span class='ocrx_word' id='word_1_104' title='bbox 618 1590 650 1645; x_wconf 91' lang='lat' dir='ltr'><strong>et</strong></span> <span class='ocrx_word' id='word_1_105' title='bbox 671 1601 745 1644; x_wconf 90' lang='lat' dir='ltr'><strong>eum</strong></span> <span class='ocrx_word' id='word_1_106' title='bbox 768 1583 851 1645; x_wconf 90' lang='lat' dir='ltr'><strong>intra</strong></span> <span class='ocrx_word' id='word_1_107' title='bbox 875 1601 908 1646; x_wconf 88' lang='lat' dir='ltr'><strong>se</strong></span> <span class='ocrx_word' id='word_1_108' title='bbox 963 1592 1010 1646; x_wconf 91' lang='lat' dir='ltr'><strong>ter</strong></span> <span class='ocrx_word' id='word_1_109' title='bbox 1024 1585 1141 1664; x_wconf 79' lang='lat' dir='ltr'><strong>gratias</strong></span> <span class='ocrx_word' id='word_1_110' title='bbox 1157 1583 1332 1648; x_wconf 90' lang='lat' dir='ltr'><strong>referamus</strong></span> <span class='ocrx_word' id='word_1_111' title='bbox 1349 1586 1412 1647; x_wconf 82' lang='lat' dir='ltr'><strong>[leo</strong></span> <span class='ocrx_word' id='word_1_112' title='bbox 1428 1583 1579 1667; x_wconf 88' lang='lat' dir='ltr'><strong>Patri,qui</strong></span> <span class='ocrx_word' id='word_1_113' title='bbox 1595 1585 1709 1647; x_wconf 72' lang='lat' dir='ltr'><strong>uilium</strong></span> 
     </span>
     <span class='ocr_line' id='line_1_12' title="bbox 160 1679 1711 1765; baseline 0.005 -26"><span class='ocrx_word' id='word_1_114' title='bbox 160 1697 219 1760; x_wconf 92' lang='lat' dir='ltr'><strong>per</strong></span> <span class='ocrx_word' id='word_1_115' title='bbox 241 1686 349 1741; x_wconf 88' lang='lat' dir='ltr'><strong>sancta</strong></span> <span class='ocrx_word' id='word_1_116' title='bbox 372 1679 530 1742; x_wconf 89' lang='lat' dir='ltr'><strong>desideria</strong></span> <span class='ocrx_word' id='word_1_117' title='bbox 554 1681 786 1762; x_wconf 88' lang='lat' dir='ltr'><strong>amplectendo.</strong></span> <span class='ocrx_word' id='word_1_118' title='bbox 813 1682 910 1744; x_wconf 88' lang='lat' dir='ltr'><strong>Decet</strong></span> <span class='ocrx_word' id='word_1_119' title='bbox 963 1701 1056 1745; x_wconf 93' lang='lat' dir='ltr'><strong>suum</strong></span> <span class='ocrx_word' id='word_1_120' title='bbox 1078 1683 1172 1745; x_wconf 89' lang='lat' dir='ltr'><strong>nobis</strong></span> <span class='ocrx_word' id='word_1_121' title='bbox 1194 1683 1281 1746; x_wconf 90' lang='lat' dir='ltr'><strong>misit</strong></span> <span class='ocrx_word' id='word_1_122' title='bbox 1300 1701 1336 1744; x_wconf 90' lang='lat' dir='ltr'><strong>ac</strong></span> <span class='ocrx_word' id='word_1_123' title='bbox 1357 1683 1444 1746; x_wconf 91' lang='lat' dir='ltr'><strong>dedit</strong></span> <span class='ocrx_word' id='word_1_124' title='bbox 1466 1683 1498 1745; x_wconf 93' lang='lat' dir='ltr'><strong>in</strong></span> <span class='ocrx_word' id='word_1_125' title='bbox 1521 1682 1711 1765; x_wconf 81' lang='lat' dir='ltr'><strong>redemptio</strong></span> 
     </span>
     <span class='ocr_line' id='line_1_13' title="bbox 159 1777 1709 1862; baseline 0.003 -24"><span class='ocrx_word' id='word_1_126' title='bbox 159 1783 268 1839; x_wconf 88' lang='lat' dir='ltr'><strong>tamen</strong></span> <span class='ocrx_word' id='word_1_127' title='bbox 295 1785 328 1839; x_wconf 95' lang='lat' dir='ltr'><strong>ut</strong></span> <span class='ocrx_word' id='word_1_128' title='bbox 350 1777 547 1841; x_wconf 83' lang='lat' dir='ltr'><strong>Christianus</strong></span> <span class='ocrx_word' id='word_1_129' title='bbox 570 1779 602 1842; x_wconf 93' lang='lat' dir='ltr'><strong>in</strong></span> <span class='ocrx_word' id='word_1_130' title='bbox 625 1780 683 1842; x_wconf 88' lang='lat' dir='ltr'><strong>bac</strong></span> <span class='ocrx_word' id='word_1_131' title='bbox 709 1781 910 1844; x_wconf 88' lang='lat' dir='ltr'><strong>sanctissima</strong></span> <span class='ocrx_word' id='word_1_132' title='bbox 963 1799 1048 1855; x_wconf 90' lang='lat' dir='ltr'><strong>nem,</strong></span> <span class='ocrx_word' id='word_1_133' title='bbox 1065 1787 1096 1843; x_wconf 93' lang='lat' dir='ltr'><strong>et</strong></span> <span class='ocrx_word' id='word_1_134' title='bbox 1111 1780 1266 1862; x_wconf 91' lang='lat' dir='ltr'><strong>Spiritum</strong></span> <span class='ocrx_word' id='word_1_135' title='bbox 1287 1781 1436 1844; x_wconf 91' lang='lat' dir='ltr'><strong>Sanctum</strong></span> <span class='ocrx_word' id='word_1_136' title='bbox 1454 1780 1546 1844; x_wconf 92' lang='lat' dir='ltr'><strong>nobis</strong></span> <span class='ocrx_word' id='word_1_137' title='bbox 1568 1781 1654 1843; x_wconf 90' lang='lat' dir='ltr'><strong>misit</strong></span> <span class='ocrx_word' id='word_1_138' title='bbox 1673 1799 1709 1844; x_wconf 88' lang='lat' dir='ltr'><strong>ac</strong></span> 
     </span>
     <span class='ocr_line' id='line_1_14' title="bbox 159 1875 1422 1962; baseline 0.003 -26"><span class='ocrx_word' id='word_1_139' title='bbox 159 1875 360 1951; x_wconf 88' lang='lat' dir='ltr'><strong>solennitate,</strong></span> <span class='ocrx_word' id='word_1_140' title='bbox 377 1877 606 1960; x_wconf 69' lang='lat' dir='ltr'><strong>preparatione</strong></span> <span class='ocrx_word' id='word_1_141' title='bbox 628 1879 803 1962; x_wconf 77' lang='lat' dir='ltr'><strong>premissa,</strong></span> <span class='ocrx_word' id='word_1_142' title='bbox 824 1897 908 1942; x_wconf 92' lang='lat' dir='ltr'><strong>com·</strong></span> <span class='ocrx_word' id='word_1_143' title='bbox 923 1880 947 1942; x_wconf 89' lang='lat' dir='ltr'>B</span> <span class='ocrx_word' id='word_1_144' title='bbox 962 1879 1050 1941; x_wconf 89' lang='lat' dir='ltr'><strong>dedit</strong></span> <span class='ocrx_word' id='word_1_145' title='bbox 1071 1879 1103 1941; x_wconf 94' lang='lat' dir='ltr'><strong>in</strong></span> <span class='ocrx_word' id='word_1_146' title='bbox 1125 1876 1422 1942; x_wconf 89' lang='lat' dir='ltr'><strong>sanctificationem.</strong></span> 
     </span>
    </p>
   </div>
   <div class='ocr_carea' id='block_1_3' title="bbox 695 2307 1175 2399">
    <p class='ocr_par' dir='ltr' id='par_1_4' title="bbox 695 2307 1175 2399">
     <span class='ocr_line' id='line_1_15' title="bbox 695 2307 1175 2399; baseline 0.004 -2"><span class='ocrx_word' id='word_1_147' title='bbox 695 2312 887 2398; x_wconf 79' lang='lat' dir='ltr'><strong>SlllllllO</strong></span> <span class='ocrx_word' id='word_1_148' title='bbox 925 2307 1175 2399; x_wconf 86' lang='lat' dir='ltr'>TERTIUS</span> 
     </span>
    </p>
   </div>
   <div class='ocr_carea' id='block_1_4' title="bbox 214 2575 1649 2732">
    <p class='ocr_par' dir='ltr' id='par_1_5' title="bbox 214 2575 1649 2732">
     <span class='ocr_line' id='line_1_16' title="bbox 214 2575 1649 2638; baseline 0.003 -16"><span class='ocrx_word' id='word_1_149' title='bbox 214 2577 254 2623; x_wconf 74' lang='lat' dir='ltr'><strong>DE</strong></span> <span class='ocrx_word' id='word_1_150' title='bbox 274 2575 437 2632; x_wconf 73' lang='lat' dir='ltr'><strong>GARlfflB,</strong></span> <span class='ocrx_word' id='word_1_151' title='bbox 458 2577 585 2622; x_wconf 72' lang='lat' dir='ltr'><strong>rimare</strong></span> <span class='ocrx_word' id='word_1_152' title='bbox 606 2575 644 2622; x_wconf 77' lang='grc' dir='ltr'><strong>ΕΤ</strong></span> <span class='ocrx_word' id='word_1_153' title='bbox 665 2576 884 2622; x_wconf 68' lang='lat' dir='ltr'><strong>titillantium</strong></span> <span class='ocrx_word' id='word_1_154' title='bbox 904 2576 955 2622; x_wconf 75' lang='lat' dir='ltr'><strong>Dlll</strong></span> <span class='ocrx_word' id='word_1_155' title='bbox 976 2576 1065 2623; x_wconf 73' lang='lat' dir='ltr'><strong>atace</strong></span> <span class='ocrx_word' id='word_1_156' title='bbox 1087 2577 1234 2634; x_wconf 71' lang='lat' dir='ltr'><strong>notantes,</strong></span> <span class='ocrx_word' id='word_1_157' title='bbox 1255 2579 1354 2634; x_wconf 74' lang='lat' dir='ltr'><strong>ATQUR</strong></span> <span class='ocrx_word' id='word_1_158' title='bbox 1375 2579 1414 2626; x_wconf 83' lang='lat' dir='ltr'><strong>btt</strong></span> <span class='ocrx_word' id='word_1_159' title='bbox 1434 2579 1649 2638; x_wconf 70' lang='lat' dir='ltr'><strong>unctionum,</strong></span> 
     </span>
     <span class='ocr_line' id='line_1_17' title="bbox 469 2674 1394 2732; baseline 0.004 -12"><span class='ocrx_word' id='word_1_160' title='bbox 469 2674 710 2723; x_wconf 76' lang='lat' dir='ltr'><strong>tttuttmrttbltttt</strong></span> <span class='ocrx_word' id='word_1_161' title='bbox 730 2675 1017 2732; x_wconf 74' lang='lat' dir='ltr'><strong>PERVERSlTfflQUE</strong></span> <span class='ocrx_word' id='word_1_162' title='bbox 1037 2675 1179 2722; x_wconf 68' lang='lat' dir='ltr'><strong>bouillo!</strong></span> <span class='ocrx_word' id='word_1_163' title='bbox 1200 2675 1280 2723; x_wconf 73' lang='lat' dir='ltr'><strong>ERGA</strong></span> <span class='ocrx_word' id='word_1_164' title='bbox 1301 2677 1394 2724; x_wconf 73' lang='lat' dir='ltr'><strong>naun.</strong></span> 
     </span>
    </p>
   </div>
   <div class='ocr_carea' id='block_1_5' title="bbox 158 2954 1709 3332">
    <p class='ocr_par' dir='ltr' id='par_1_6' title="bbox 158 2954 1709 3332">
     <span class='ocr_line' id='line_1_18' title="bbox 221 2954 1708 3038; baseline 0.001 -20"><span class='ocrx_word' id='word_1_165' title='bbox 221 2957 388 3018; x_wconf 81' lang='lat' dir='ltr'><em>ARITAS</em></span> <span class='ocrx_word' id='word_1_166' title='bbox 406 2955 470 3018; x_wconf 83' lang='lat' dir='ltr'><strong>Dei</strong></span> <span class='ocrx_word' id='word_1_167' title='bbox 488 2955 610 3032; x_wconf 75' lang='lat' dir='ltr'><strong>diffusa</strong></span> <span class='ocrx_word' id='word_1_168' title='bbox 632 2961 678 3014; x_wconf 83' lang='lat' dir='ltr'><strong>est</strong></span> <span class='ocrx_word' id='word_1_169' title='bbox 700 2955 736 3014; x_wconf 82' lang='lat' dir='ltr'><strong>in</strong></span> <span class='ocrx_word' id='word_1_170' title='bbox 756 2954 908 3013; x_wconf 79' lang='lat' dir='ltr'><strong>cordibus</strong></span> <span class='ocrx_word' id='word_1_171' title='bbox 962 2971 1058 3035; x_wconf 92' lang='lat' dir='ltr'><strong>qnam</strong></span> <span class='ocrx_word' id='word_1_172' title='bbox 1086 2973 1139 3017; x_wconf 91' lang='lat' dir='ltr'><strong>eas</strong></span> <span class='ocrx_word' id='word_1_173' title='bbox 1165 2955 1363 3037; x_wconf 84' lang='lat' dir='ltr'><strong>produceret,</strong></span> <span class='ocrx_word' id='word_1_174' title='bbox 1389 2972 1453 3019; x_wconf 89' lang='lat' dir='ltr'><strong>non</strong></span> <span class='ocrx_word' id='word_1_175' title='bbox 1481 2955 1612 3038; x_wconf 91' lang='lat' dir='ltr'><strong>reliquit</strong></span> <span class='ocrx_word' id='word_1_176' title='bbox 1634 2975 1708 3019; x_wconf 91' lang='lat' dir='ltr'><strong>eum</strong></span> 
     </span>
     <span class='ocr_line' id='line_1_19' title="bbox 235 3051 1708 3134; baseline 0.002 -20"><span class='ocrx_word' id='word_1_177' title='bbox 235 3056 358 3116; x_wconf 79' lang='lat' dir='ltr'><strong>nestris</strong></span> <span class='ocrx_word' id='word_1_178' title='bbox 380 3073 442 3131; x_wconf 82' lang='lat' dir='ltr'><strong>per</strong></span> <span class='ocrx_word' id='word_1_179' title='bbox 465 3055 631 3130; x_wconf 81' lang='lat' dir='ltr'><strong>Spiritum</strong></span> <span class='ocrx_word' id='word_1_180' title='bbox 654 3055 826 3122; x_wconf 82' lang='lat' dir='ltr'><strong>Sanctam,</strong></span> <span class='ocrx_word' id='word_1_181' title='bbox 849 3051 908 3131; x_wconf 84' lang='lat' dir='ltr'><strong>qui</strong></span> <span class='ocrx_word' id='word_1_182' title='bbox 924 3051 946 3115; x_wconf 84' lang='lat' dir='ltr'>C</span> <span class='ocrx_word' id='word_1_183' title='bbox 962 3052 1031 3114; x_wconf 84' lang='lat' dir='ltr'><strong>siue</strong></span> <span class='ocrx_word' id='word_1_184' title='bbox 1055 3053 1200 3134; x_wconf 83' lang='lat' dir='ltr'><strong>germine</strong></span> <span class='ocrx_word' id='word_1_185' title='bbox 1224 3071 1305 3127; x_wconf 89' lang='lat' dir='ltr'><strong>esse,</strong></span> <span class='ocrx_word' id='word_1_186' title='bbox 1322 3054 1352 3115; x_wconf 94' lang='lat' dir='ltr'><strong>id</strong></span> <span class='ocrx_word' id='word_1_187' title='bbox 1378 3061 1436 3128; x_wconf 90' lang='lat' dir='ltr'><strong>est,</strong></span> <span class='ocrx_word' id='word_1_188' title='bbox 1452 3054 1490 3116; x_wconf 87' lang='lat' dir='ltr'><strong>ad</strong></span> <span class='ocrx_word' id='word_1_189' title='bbox 1515 3055 1708 3118; x_wconf 87' lang='lat' dir='ltr'><strong>creationem</strong></span> 
     </span>
     <span class='ocr_line' id='line_1_20' title="bbox 158 3150 1709 3235; baseline 0 -21"><span class='ocrx_word' id='word_1_190' title='bbox 158 3156 258 3214; x_wconf 85' lang='lat' dir='ltr'><strong>datus</strong></span> <span class='ocrx_word' id='word_1_191' title='bbox 272 3161 319 3212; x_wconf 83' lang='lat' dir='ltr'><strong>est</strong></span> <span class='ocrx_word' id='word_1_192' title='bbox 333 3153 434 3212; x_wconf 82' lang='lat' dir='ltr'><strong>uobis.</strong></span> <span class='ocrx_word' id='word_1_193' title='bbox 451 3151 541 3214; x_wconf 83' lang='lat' dir='ltr'><strong>lloro.</strong></span> <span class='ocrx_word' id='word_1_194' title='bbox 558 3168 587 3225; x_wconf 91' lang='lat' dir='ltr'><strong>v,</strong></span> <span class='ocrx_word' id='word_1_195' title='bbox 604 3150 632 3212; x_wconf 78' lang='lat' dir='ltr'><strong>t.</strong></span> <span class='ocrx_word' id='word_1_196' title='bbox 962 3169 1068 3213; x_wconf 91' lang='lat' dir='ltr'><strong>rerum</strong></span> <span class='ocrx_word' id='word_1_197' title='bbox 1088 3169 1163 3214; x_wconf 90' lang='lat' dir='ltr'><strong>enm</strong></span> <span class='ocrx_word' id='word_1_198' title='bbox 1185 3151 1321 3226; x_wconf 86' lang='lat' dir='ltr'><strong>induxit,</strong></span> <span class='ocrx_word' id='word_1_199' title='bbox 1337 3151 1413 3235; x_wconf 93' lang='lat' dir='ltr'><strong>quia</strong></span> <span class='ocrx_word' id='word_1_200' title='bbox 1434 3151 1536 3214; x_wconf 89' lang='lat' dir='ltr'><strong>voluit</strong></span> <span class='ocrx_word' id='word_1_201' title='bbox 1555 3153 1601 3215; x_wconf 91' lang='lat' dir='ltr'><strong>eis</strong></span> <span class='ocrx_word' id='word_1_202' title='bbox 1620 3151 1709 3215; x_wconf 89' lang='lat' dir='ltr'><strong>boui·</strong></span> 
     </span>
     <span class='ocr_line' id='line_1_21' title="bbox 200 3247 1707 3332; baseline 0.001 -20"><span class='ocrx_word' id='word_1_203' title='bbox 200 3251 473 3325; x_wconf 88' lang='lat' dir='ltr'><strong>Quemadmodum</strong></span> <span class='ocrx_word' id='word_1_204' title='bbox 489 3249 617 3312; x_wconf 93' lang='lat' dir='ltr'><strong>divinus</strong></span> <span class='ocrx_word' id='word_1_205' title='bbox 631 3248 801 3332; x_wconf 85' lang='lat' dir='ltr'><strong>Dionysius</strong></span> <span class='ocrx_word' id='word_1_206' title='bbox 817 3247 904 3321; x_wconf 89' lang='lat' dir='ltr'><strong>dicit,</strong></span> <span class='ocrx_word' id='word_1_207' title='bbox 961 3257 1057 3312; x_wconf 87' lang='lat' dir='ltr'><strong>tatem</strong></span> <span class='ocrx_word' id='word_1_208' title='bbox 1078 3269 1168 3313; x_wconf 90' lang='lat' dir='ltr'><strong>suam</strong></span> <span class='ocrx_word' id='word_1_209' title='bbox 1190 3251 1438 3324; x_wconf 90' lang='lat' dir='ltr'><strong>communicare,</strong></span> <span class='ocrx_word' id='word_1_210' title='bbox 1454 3250 1605 3314; x_wconf 82' lang='lat' dir='ltr'><strong>videlicet</strong></span> <span class='ocrx_word' id='word_1_211' title='bbox 1626 3269 1707 3326; x_wconf 90' lang='lat' dir='ltr'><strong>esse,</strong></span> 
     </span>
    </p>
   </div>
   <div class='ocr_carea' id='block_1_6' title="bbox 17 3345 1708 3528">
    <p class='ocr_par' dir='ltr' id='par_1_7' title="bbox 17 3345 1708 3528">
     <span class='ocr_line' id='line_1_22' title="bbox 22 3345 1284 3430; baseline -0.006 -14"><span class='ocrx_word' id='word_1_212' title='bbox 22 3370 54 3416; x_wconf 76' lang='lat' dir='ltr'><strong>ua</strong></span> <span class='ocrx_word' id='word_1_213' title='bbox 68 3371 142 3416; x_wconf 64' lang='lat' dir='ltr'><strong>orara.</strong></span> <span class='ocrx_word' id='word_1_214' title='bbox 160 3368 252 3412; x_wconf 86' lang='lat' dir='ltr'><strong>amor</strong></span> <span class='ocrx_word' id='word_1_215' title='bbox 270 3349 327 3411; x_wconf 87' lang='lat' dir='ltr'><strong>Dei</strong></span> <span class='ocrx_word' id='word_1_216' title='bbox 346 3365 410 3412; x_wconf 89' lang='lat' dir='ltr'><strong>uon</strong></span> <span class='ocrx_word' id='word_1_217' title='bbox 430 3347 561 3430; x_wconf 91' lang='lat' dir='ltr'><strong>reliquit</strong></span> <span class='ocrx_word' id='word_1_218' title='bbox 580 3366 655 3410; x_wconf 91' lang='lat' dir='ltr'><strong>eum</strong></span> <span class='ocrx_word' id='word_1_219' title='bbox 673 3348 742 3410; x_wconf 93' lang='lat' dir='ltr'><strong>sine</strong></span> <span class='ocrx_word' id='word_1_220' title='bbox 763 3345 906 3429; x_wconf 82' lang='lat' dir='ltr'><strong>germine</strong></span> <span class='ocrx_word' id='word_1_221' title='bbox 960 3347 1079 3423; x_wconf 90' lang='lat' dir='ltr'><strong>vivere,</strong></span> <span class='ocrx_word' id='word_1_222' title='bbox 1097 3347 1284 3429; x_wconf 81' lang='lat' dir='ltr'><strong>intelligere.</strong></span> 
     </span>
     <span class='ocr_line' id='line_1_23' title="bbox 17 3445 1708 3528; baseline -0.001 -17"><span class='ocrx_word' id='word_1_223' title='bbox 17 3447 131 3479; x_wconf 53' lang='lat'><strong>‘⁰¹³‘⁰·¹&#39;·</strong></span> <span class='ocrx_word' id='word_1_224' title='bbox 158 3467 239 3511; x_wconf 91' lang='lat' dir='ltr'><strong>esse.</strong></span> <span class='ocrx_word' id='word_1_225' title='bbox 258 3447 296 3510; x_wconf 86' lang='lat' dir='ltr'><strong>Et</strong></span> <span class='ocrx_word' id='word_1_226' title='bbox 311 3447 340 3510; x_wconf 88' lang='lat' dir='ltr'><strong>S.</strong></span> <span class='ocrx_word' id='word_1_227' title='bbox 357 3447 553 3528; x_wconf 78' lang='lat' dir='ltr'><strong>Augustinus</strong></span> <span class='ocrx_word' id='word_1_228' title='bbox 572 3447 698 3520; x_wconf 90' lang='lat' dir='ltr'><strong>fatetur,</strong></span> <span class='ocrx_word' id='word_1_229' title='bbox 715 3445 800 3528; x_wconf 93' lang='lat' dir='ltr'><strong>quod</strong></span> <span class='ocrx_word' id='word_1_230' title='bbox 816 3445 906 3507; x_wconf 91' lang='lat' dir='ltr'><strong>boni·</strong></span> <span class='ocrx_word' id='word_1_231' title='bbox 1000 3446 1143 3528; x_wconf 88' lang='lat' dir='ltr'><strong>Denique</strong></span> <span class='ocrx_word' id='word_1_232' title='bbox 1164 3446 1351 3520; x_wconf 89' lang='lat' dir='ltr'><strong>bonitatem,</strong></span> <span class='ocrx_word' id='word_1_233' title='bbox 1368 3447 1532 3509; x_wconf 88' lang='lat' dir='ltr'><strong>caritatem</strong></span> <span class='ocrx_word' id='word_1_234' title='bbox 1547 3454 1579 3510; x_wconf 91' lang='lat' dir='ltr'><strong>et</strong></span> <span class='ocrx_word' id='word_1_235' title='bbox 1594 3445 1708 3510; x_wconf 92' lang='lat' dir='ltr'><strong>libera·</strong></span> 
     </span>
    </p>
   </div>
   <div class='ocr_carea' id='block_1_7' title="bbox 148 3543 1851 5406">
    <p class='ocr_par' dir='ltr' id='par_1_8' title="bbox 155 3543 1708 3627">
     <span class='ocr_line' id='line_1_24' title="bbox 155 3543 1708 3627; baseline 0.001 -19"><span class='ocrx_word' id='word_1_236' title='bbox 155 3553 204 3608; x_wconf 87' lang='lat' dir='ltr'><strong>tas</strong></span> <span class='ocrx_word' id='word_1_237' title='bbox 225 3545 280 3608; x_wconf 88' lang='lat' dir='ltr'><strong>Dei</strong></span> <span class='ocrx_word' id='word_1_238' title='bbox 301 3551 349 3607; x_wconf 90' lang='lat' dir='ltr'><strong>est</strong></span> <span class='ocrx_word' id='word_1_239' title='bbox 368 3545 472 3627; x_wconf 87' lang='lat' dir='ltr'><strong>prima</strong></span> <span class='ocrx_word' id='word_1_240' title='bbox 493 3562 588 3608; x_wconf 87' lang='lat' dir='ltr'><strong>causa</strong></span> <span class='ocrx_word' id='word_1_241' title='bbox 607 3543 776 3606; x_wconf 88' lang='lat' dir='ltr'><strong>creationis</strong></span> <span class='ocrx_word' id='word_1_242' title='bbox 798 3561 905 3606; x_wconf 90' lang='lat' dir='ltr'><strong>rerum</strong></span> <span class='ocrx_word' id='word_1_243' title='bbox 960 3543 1081 3608; x_wconf 88' lang='lat' dir='ltr'><strong>litatem</strong></span> <span class='ocrx_word' id='word_1_244' title='bbox 1112 3563 1201 3607; x_wconf 90' lang='lat' dir='ltr'><strong>suam</strong></span> <span class='ocrx_word' id='word_1_245' title='bbox 1226 3546 1265 3607; x_wconf 90' lang='lat' dir='ltr'><strong>ad</strong></span> <span class='ocrx_word' id='word_1_246' title='bbox 1290 3545 1436 3609; x_wconf 90' lang='lat' dir='ltr'><strong>homines</strong></span> <span class='ocrx_word' id='word_1_247' title='bbox 1463 3545 1600 3609; x_wconf 87' lang='lat' dir='ltr'><strong>ostendit</strong></span> <span class='ocrx_word' id='word_1_248' title='bbox 1624 3546 1708 3610; x_wconf 86' lang='lat' dir='ltr'><strong>Deus</strong></span> 
     </span>
    </p>

    <p class='ocr_par' dir='ltr' id='par_1_9' title="bbox 152 3640 1708 3823">
     <span class='ocr_line' id='line_1_25' title="bbox 153 3640 1708 3724; baseline 0.001 -18"><span class='ocrx_word' id='word_1_249' title='bbox 153 3652 187 3706; x_wconf 90' lang='lat' dir='ltr'><strong>et</strong></span> <span class='ocrx_word' id='word_1_250' title='bbox 209 3642 315 3706; x_wconf 89' lang='lat' dir='ltr'><strong>omnis</strong></span> <span class='ocrx_word' id='word_1_251' title='bbox 338 3643 421 3706; x_wconf 91' lang='lat' dir='ltr'><strong>entis</strong></span> <span class='ocrx_word' id='word_1_252' title='bbox 446 3643 552 3704; x_wconf 85' lang='lat' dir='ltr'><strong>creati.</strong></span> <span class='ocrx_word' id='word_1_253' title='bbox 569 3640 753 3704; x_wconf 83' lang='lat' dir='ltr'><strong>Aristoteles</strong></span> <span class='ocrx_word' id='word_1_254' title='bbox 778 3659 905 3724; x_wconf 92' lang='lat' dir='ltr'><strong>quoque</strong></span> <span class='ocrx_word' id='word_1_255' title='bbox 959 3642 1138 3724; x_wconf 87' lang='lat' dir='ltr'><strong>tripliciter.</strong></span> <span class='ocrx_word' id='word_1_256' title='bbox 1155 3643 1270 3717; x_wconf 90' lang='lat' dir='ltr'><strong>Primo,</strong></span> <span class='ocrx_word' id='word_1_257' title='bbox 1292 3643 1396 3706; x_wconf 89' lang='lat' dir='ltr'><strong>dando</strong></span> <span class='ocrx_word' id='word_1_258' title='bbox 1417 3642 1463 3706; x_wconf 91' lang='lat' dir='ltr'><strong>eis</strong></span> <span class='ocrx_word' id='word_1_259' title='bbox 1484 3642 1568 3706; x_wconf 91' lang='lat' dir='ltr'><strong>bona</strong></span> <span class='ocrx_word' id='word_1_260' title='bbox 1587 3650 1708 3708; x_wconf 80' lang='lat' dir='ltr'><strong>natura</strong></span> 
     </span>
     <span class='ocr_line' id='line_1_26' title="bbox 152 3738 1708 3823; baseline 0 -19"><span class='ocrx_word' id='word_1_261' title='bbox 152 3748 299 3815; x_wconf 86' lang='lat' dir='ltr'><strong>testatur,</strong></span> <span class='ocrx_word' id='word_1_262' title='bbox 315 3740 400 3822; x_wconf 92' lang='lat' dir='ltr'><strong>quod</strong></span> <span class='ocrx_word' id='word_1_263' title='bbox 421 3738 540 3802; x_wconf 89' lang='lat' dir='ltr'><strong>bonum</strong></span> <span class='ocrx_word' id='word_1_264' title='bbox 557 3745 605 3801; x_wconf 92' lang='lat' dir='ltr'><strong>est</strong></span> <span class='ocrx_word' id='word_1_265' title='bbox 623 3738 672 3801; x_wconf 89' lang='lat' dir='ltr'><strong>sui</strong></span> <span class='ocrx_word' id='word_1_266' title='bbox 688 3739 789 3820; x_wconf 93' lang='lat' dir='ltr'><strong>ipsius</strong></span> <span class='ocrx_word' id='word_1_267' title='bbox 807 3738 904 3801; x_wconf 92' lang='lat' dir='ltr'><strong>diffu-</strong></span> <span class='ocrx_word' id='word_1_268' title='bbox 959 3759 1015 3802; x_wconf 88' lang='lat' dir='ltr'><strong>seu</strong></span> <span class='ocrx_word' id='word_1_269' title='bbox 1031 3740 1186 3802; x_wconf 90' lang='lat' dir='ltr'><strong>naturalia</strong></span> <span class='ocrx_word' id='word_1_270' title='bbox 1203 3740 1453 3815; x_wconf 88' lang='lat' dir='ltr'><strong>bona,videlicet</strong></span> <span class='ocrx_word' id='word_1_271' title='bbox 1467 3758 1582 3823; x_wconf 88' lang='lat' dir='ltr'><strong>corpus</strong></span> <span class='ocrx_word' id='word_1_272' title='bbox 1596 3747 1629 3804; x_wconf 90' lang='lat' dir='ltr'><strong>et</strong></span> <span class='ocrx_word' id='word_1_273' title='bbox 1642 3741 1708 3804; x_wconf 89' lang='lat' dir='ltr'><strong>ani-</strong></span> 
     </span>
    </p>

    <p class='ocr_par' dir='ltr' id='par_1_10' title="bbox 150 3835 1706 3921">
     <span class='ocr_line' id='line_1_27' title="bbox 150 3835 1706 3921; baseline -0.001 -18"><span class='ocrx_word' id='word_1_274' title='bbox 150 3841 260 3903; x_wconf 91' lang='lat' dir='ltr'><strong>sivum</strong></span> <span class='ocrx_word' id='word_1_275' title='bbox 277 3858 332 3902; x_wconf 92' lang='lat' dir='ltr'><strong>seu</strong></span> <span class='ocrx_word' id='word_1_276' title='bbox 349 3837 486 3921; x_wconf 75' lang='lat' dir='ltr'><strong>proprie</strong></span> <span class='ocrx_word' id='word_1_277' title='bbox 500 3836 651 3900; x_wconf 91' lang='lat' dir='ltr'><strong>bonitatis</strong></span> <span class='ocrx_word' id='word_1_278' title='bbox 666 3835 904 3899; x_wconf 88' lang='lat' dir='ltr'><strong>communicati·</strong></span> <span class='ocrx_word' id='word_1_279' title='bbox 959 3857 1043 3900; x_wconf 95' lang='lat' dir='ltr'><strong>mam</strong></span> <span class='ocrx_word' id='word_1_280' title='bbox 1059 3857 1133 3900; x_wconf 91' lang='lat' dir='ltr'><strong>cum</strong></span> <span class='ocrx_word' id='word_1_281' title='bbox 1148 3839 1215 3902; x_wconf 94' lang='lat' dir='ltr'><strong>suis</strong></span> <span class='ocrx_word' id='word_1_282' title='bbox 1231 3838 1383 3901; x_wconf 89' lang='lat' dir='ltr'><strong>membris</strong></span> <span class='ocrx_word' id='word_1_283' title='bbox 1399 3857 1435 3902; x_wconf 91' lang='lat' dir='ltr'><strong>ac</strong></span> <span class='ocrx_word' id='word_1_284' title='bbox 1451 3838 1626 3914; x_wconf 89' lang='lat' dir='ltr'><strong>viribus,et</strong></span> <span class='ocrx_word' id='word_1_285' title='bbox 1640 3858 1706 3904; x_wconf 91' lang='lat' dir='ltr'><strong>om·</strong></span> 
     </span>
    </p>

    <p class='ocr_par' dir='ltr' id='par_1_11' title="bbox 149 3934 1851 4316">
     <span class='ocr_line' id='line_1_28' title="bbox 149 3934 1703 4019; baseline 0 -19"><span class='ocrx_word' id='word_1_286' title='bbox 149 3957 240 4000; x_wconf 89' lang='lat' dir='ltr'><strong>vum.</strong></span> <span class='ocrx_word' id='word_1_287' title='bbox 259 3937 353 4000; x_wconf 91' lang='lat' dir='ltr'><strong>Porro</strong></span> <span class='ocrx_word' id='word_1_288' title='bbox 375 3935 537 4019; x_wconf 88' lang='lat' dir='ltr'><strong>propriam</strong></span> <span class='ocrx_word' id='word_1_289' title='bbox 562 3934 736 3997; x_wconf 90' lang='lat' dir='ltr'><strong>bonitatem</strong></span> <span class='ocrx_word' id='word_1_290' title='bbox 762 3951 904 3996; x_wconf 89' lang='lat' dir='ltr'><strong>commu·</strong></span> <span class='ocrx_word' id='word_1_291' title='bbox 958 3937 1011 4000; x_wconf 88' lang='lat' dir='ltr'><strong>uia</strong></span> <span class='ocrx_word' id='word_1_292' title='bbox 1031 3938 1070 4001; x_wconf 89' lang='lat' dir='ltr'><strong>ad</strong></span> <span class='ocrx_word' id='word_1_293' title='bbox 1092 3938 1270 4000; x_wconf 88' lang='lat' dir='ltr'><strong>naturalem</strong></span> <span class='ocrx_word' id='word_1_294' title='bbox 1292 3938 1374 4000; x_wconf 89' lang='lat' dir='ltr'><strong>banc</strong></span> <span class='ocrx_word' id='word_1_295' title='bbox 1396 3938 1495 4001; x_wconf 88' lang='lat' dir='ltr'><strong>vitam</strong></span> <span class='ocrx_word' id='word_1_296' title='bbox 1516 3939 1703 4001; x_wconf 89' lang='lat' dir='ltr'><strong>necessaria.</strong></span> 
     </span>
     <span class='ocr_line' id='line_1_29' title="bbox 150 4033 1851 4124; baseline 0.001 -25"><span class='ocrx_word' id='word_1_297' title='bbox 150 4037 273 4111; x_wconf 89' lang='lat' dir='ltr'><strong>nicare,</strong></span> <span class='ocrx_word' id='word_1_298' title='bbox 300 4053 398 4119; x_wconf 89' lang='lat' dir='ltr'><strong>seque</strong></span> <span class='ocrx_word' id='word_1_299' title='bbox 423 4033 605 4098; x_wconf 83' lang='lat' dir='ltr'><strong>diffundere</strong></span> <span class='ocrx_word' id='word_1_300' title='bbox 629 4033 711 4107; x_wconf 91' lang='lat' dir='ltr'><strong>aliis,</strong></span> <span class='ocrx_word' id='word_1_301' title='bbox 738 4040 785 4096; x_wconf 91' lang='lat' dir='ltr'><strong>est</strong></span> <span class='ocrx_word' id='word_1_302' title='bbox 814 4041 903 4096; x_wconf 89' lang='lat' dir='ltr'><strong>actus</strong></span> <span class='ocrx_word' id='word_1_303' title='bbox 956 4033 1034 4097; x_wconf 91' lang='lat' dir='ltr'><strong>Nam</strong></span> <span class='ocrx_word' id='word_1_304' title='bbox 1057 4035 1156 4099; x_wconf 88' lang='lat' dir='ltr'><strong>solem</strong></span> <span class='ocrx_word' id='word_1_305' title='bbox 1179 4055 1273 4098; x_wconf 90' lang='lat' dir='ltr'><strong>suum</strong></span> <span class='ocrx_word' id='word_1_306' title='bbox 1295 4035 1371 4099; x_wconf 92' lang='lat' dir='ltr'><strong>facit</strong></span> <span class='ocrx_word' id='word_1_307' title='bbox 1392 4036 1468 4098; x_wconf 87' lang='lat' dir='ltr'><strong>oriri</strong></span> <span class='ocrx_word' id='word_1_308' title='bbox 1491 4035 1705 4119; x_wconf 85' lang='lat' dir='ltr'><strong>superbonus</strong></span> <span class='ocrx_word' id='word_1_309' title='bbox 1732 4069 1851 4124; x_wconf 50' lang='lat' dir='ltr'><strong>amq„</strong></span> 
     </span>
     <span class='ocr_line' id='line_1_30' title="bbox 149 4131 1752 4218; baseline 0 -20"><span class='ocrx_word' id='word_1_310' title='bbox 149 4134 273 4198; x_wconf 90' lang='lat' dir='ltr'><strong>amoris</strong></span> <span class='ocrx_word' id='word_1_311' title='bbox 287 4134 321 4198; x_wconf 91' lang='lat' dir='ltr'><strong>in</strong></span> <span class='ocrx_word' id='word_1_312' title='bbox 336 4133 522 4196; x_wconf 89' lang='lat' dir='ltr'><strong>substantiis</strong></span> <span class='ocrx_word' id='word_1_313' title='bbox 538 4131 757 4196; x_wconf 86' lang='lat' dir='ltr'><strong>intellectualis</strong></span> <span class='ocrx_word' id='word_1_314' title='bbox 772 4140 900 4195; x_wconf 87' lang='lat' dir='ltr'><strong>nnturae.</strong></span> <span class='ocrx_word' id='word_1_315' title='bbox 957 4141 988 4196; x_wconf 89' lang='lat' dir='ltr'><strong>et</strong></span> <span class='ocrx_word' id='word_1_316' title='bbox 1003 4133 1113 4206; x_wconf 90' lang='lat' dir='ltr'><strong>malos,</strong></span> <span class='ocrx_word' id='word_1_317' title='bbox 1124 4134 1270 4217; x_wconf 90' lang='lat' dir='ltr'><strong>pluitque</strong></span> <span class='ocrx_word' id='word_1_318' title='bbox 1283 4153 1380 4218; x_wconf 90' lang='lat' dir='ltr'><strong>super</strong></span> <span class='ocrx_word' id='word_1_319' title='bbox 1393 4135 1495 4216; x_wconf 91' lang='lat' dir='ltr'><strong>justos</strong></span> <span class='ocrx_word' id='word_1_320' title='bbox 1510 4142 1542 4196; x_wconf 91' lang='lat' dir='ltr'><strong>et</strong></span> <span class='ocrx_word' id='word_1_321' title='bbox 1558 4135 1702 4216; x_wconf 88' lang='lat' dir='ltr'><strong>injustos.</strong></span> <span class='ocrx_word' id='word_1_322' title='bbox 1718 4137 1752 4178; x_wconf 72' lang='lat'><strong>⁴⁵·</strong></span> 
     </span>
     <span class='ocr_line' id='line_1_31' title="bbox 151 4229 1703 4316; baseline -0.001 -20"><span class='ocrx_word' id='word_1_323' title='bbox 151 4235 259 4309; x_wconf 87' lang='lat' dir='ltr'><strong>Quum</strong></span> <span class='ocrx_word' id='word_1_324' title='bbox 279 4249 354 4314; x_wconf 78' lang='lat' dir='ltr'><strong>ergo</strong></span> <span class='ocrx_word' id='word_1_325' title='bbox 373 4233 457 4294; x_wconf 90' lang='lat' dir='ltr'><strong>Deus</strong></span> <span class='ocrx_word' id='word_1_326' title='bbox 477 4232 518 4294; x_wconf 91' lang='lat' dir='ltr'><strong>sit</strong></span> <span class='ocrx_word' id='word_1_327' title='bbox 537 4250 616 4314; x_wconf 92' lang='lat' dir='ltr'><strong>pura</strong></span> <span class='ocrx_word' id='word_1_328' title='bbox 639 4229 830 4314; x_wconf 88' lang='lat' dir='ltr'><strong>infinitaque</strong></span> <span class='ocrx_word' id='word_1_329' title='bbox 849 4229 902 4294; x_wconf 81' lang='lat' dir='ltr'><strong>bo</strong></span> <span class='ocrx_word' id='word_1_330' title='bbox 916 4232 941 4295; x_wconf 91' lang='lat' dir='ltr'>D</span> <span class='ocrx_word' id='word_1_331' title='bbox 957 4231 1068 4296; x_wconf 91' lang='lat' dir='ltr'><strong>Omnia</strong></span> <span class='ocrx_word' id='word_1_332' title='bbox 1090 4251 1218 4316; x_wconf 92' lang='lat' dir='ltr'><strong>quoque</strong></span> <span class='ocrx_word' id='word_1_333' title='bbox 1239 4233 1398 4296; x_wconf 88' lang='lat' dir='ltr'><strong>elementa</strong></span> <span class='ocrx_word' id='word_1_334' title='bbox 1421 4231 1540 4294; x_wconf 89' lang='lat' dir='ltr'><strong>creavit</strong></span> <span class='ocrx_word' id='word_1_335' title='bbox 1564 4232 1596 4294; x_wconf 94' lang='lat' dir='ltr'><strong>in</strong></span> <span class='ocrx_word' id='word_1_336' title='bbox 1619 4250 1703 4296; x_wconf 91' lang='lat' dir='ltr'><strong>com·</strong></span> 
     </span>
    </p>

    <p class='ocr_par' dir='ltr' id='par_1_12' title="bbox 149 4313 1704 4610">
     <span class='ocr_line' id='line_1_32' title="bbox 150 4313 1704 4412; baseline -0.001 -17"><span class='ocrx_word' id='word_1_337' title='bbox 150 4333 237 4396; x_wconf 88' lang='lat' dir='ltr'><strong>nitas</strong></span> <span class='ocrx_word' id='word_1_338' title='bbox 262 4338 294 4394; x_wconf 92' lang='lat' dir='ltr'><strong>et</strong></span> <span class='ocrx_word' id='word_1_339' title='bbox 323 4313 547 4393; x_wconf 78' lang='lat' dir='ltr'><strong>intellectualis</strong></span> <span class='ocrx_word' id='word_1_340' title='bbox 570 4328 757 4402; x_wconf 87' lang='lat' dir='ltr'><strong>substantia,</strong></span> <span class='ocrx_word' id='word_1_341' title='bbox 783 4329 902 4392; x_wconf 90' lang='lat' dir='ltr'><strong>idcirco</strong></span> <span class='ocrx_word' id='word_1_342' title='bbox 957 4331 1088 4393; x_wconf 93' lang='lat' dir='ltr'><strong>modum</strong></span> <span class='ocrx_word' id='word_1_343' title='bbox 1110 4339 1142 4393; x_wconf 93' lang='lat' dir='ltr'><strong>et</strong></span> <span class='ocrx_word' id='word_1_344' title='bbox 1161 4331 1352 4412; x_wconf 89' lang='lat' dir='ltr'><strong>obsequium</strong></span> <span class='ocrx_word' id='word_1_345' title='bbox 1372 4330 1549 4404; x_wconf 89' lang='lat' dir='ltr'><strong>hominum,</strong></span> <span class='ocrx_word' id='word_1_346' title='bbox 1566 4338 1598 4392; x_wconf 92' lang='lat' dir='ltr'><strong>et</strong></span> <span class='ocrx_word' id='word_1_347' title='bbox 1616 4330 1704 4393; x_wconf 90' lang='lat' dir='ltr'><strong>volu·</strong></span> 
     </span>
     <span class='ocr_line' id='line_1_33' title="bbox 150 4426 1703 4511; baseline -0.003 -16"><span class='ocrx_word' id='word_1_348' title='bbox 150 4448 281 4496; x_wconf 91' lang='lat' dir='ltr'><strong>summe</strong></span> <span class='ocrx_word' id='word_1_349' title='bbox 309 4437 342 4492; x_wconf 87' lang='lat' dir='ltr'><strong>et</strong></span> <span class='ocrx_word' id='word_1_350' title='bbox 371 4428 498 4492; x_wconf 85' lang='lat' dir='ltr'><strong>infinite</strong></span> <span class='ocrx_word' id='word_1_351' title='bbox 527 4427 815 4491; x_wconf 87' lang='lat' dir='ltr'><strong>communicativus</strong></span> <span class='ocrx_word' id='word_1_352' title='bbox 844 4447 900 4490; x_wconf 91' lang='lat' dir='ltr'><strong>seu</strong></span> <span class='ocrx_word' id='word_1_353' title='bbox 956 4447 1025 4491; x_wconf 90' lang='lat' dir='ltr'><strong>cres</strong></span> <span class='ocrx_word' id='word_1_354' title='bbox 1040 4429 1132 4504; x_wconf 89' lang='lat' dir='ltr'><strong>aeris,</strong></span> <span class='ocrx_word' id='word_1_355' title='bbox 1149 4429 1317 4511; x_wconf 89' lang='lat' dir='ltr'><strong>piscesque</strong></span> <span class='ocrx_word' id='word_1_356' title='bbox 1334 4427 1440 4504; x_wconf 90' lang='lat' dir='ltr'><strong>maris,</strong></span> <span class='ocrx_word' id='word_1_357' title='bbox 1457 4447 1493 4490; x_wconf 90' lang='lat' dir='ltr'><strong>ac</strong></span> <span class='ocrx_word' id='word_1_358' title='bbox 1511 4426 1628 4492; x_wconf 87' lang='lat' dir='ltr'><strong>bestias</strong></span> <span class='ocrx_word' id='word_1_359' title='bbox 1643 4437 1703 4492; x_wconf 90' lang='lat' dir='ltr'><strong>ter·</strong></span> 
     </span>
     <span class='ocr_line' id='line_1_34' title="bbox 149 4526 1703 4610; baseline -0.003 -16"><span class='ocrx_word' id='word_1_360' title='bbox 149 4530 326 4594; x_wconf 88' lang='lat' dir='ltr'><strong>diffusivus</strong></span> <span class='ocrx_word' id='word_1_361' title='bbox 342 4536 390 4592; x_wconf 92' lang='lat' dir='ltr'><strong>est</strong></span> <span class='ocrx_word' id='word_1_362' title='bbox 408 4547 473 4592; x_wconf 79' lang='lat' dir='ltr'><strong>sue</strong></span> <span class='ocrx_word' id='word_1_363' title='bbox 488 4526 638 4591; x_wconf 87' lang='lat' dir='ltr'><strong>bonitatis</strong></span> <span class='ocrx_word' id='word_1_364' title='bbox 655 4545 662 4588; x_wconf 75' lang='grc' dir='ltr'><strong>ι</strong></span> <span class='ocrx_word' id='word_1_365' title='bbox 679 4535 710 4590; x_wconf 91' lang='lat' dir='ltr'><strong>et</strong></span> <span class='ocrx_word' id='word_1_366' title='bbox 725 4527 901 4589; x_wconf 92' lang='lat' dir='ltr'><strong>communi·</strong></span> <span class='ocrx_word' id='word_1_367' title='bbox 955 4547 997 4591; x_wconf 81' lang='lat' dir='ltr'><strong>rae</strong></span> <span class='ocrx_word' id='word_1_368' title='bbox 1013 4528 1046 4589; x_wconf 93' lang='lat' dir='ltr'><strong>in</strong></span> <span class='ocrx_word' id='word_1_369' title='bbox 1067 4547 1161 4590; x_wconf 89' lang='lat' dir='ltr'><strong>usum</strong></span> <span class='ocrx_word' id='word_1_370' title='bbox 1181 4535 1213 4590; x_wconf 91' lang='lat' dir='ltr'><strong>et</strong></span> <span class='ocrx_word' id='word_1_371' title='bbox 1232 4527 1401 4590; x_wconf 84' lang='lat' dir='ltr'><strong>utilitatem</strong></span> <span class='ocrx_word' id='word_1_372' title='bbox 1422 4545 1533 4590; x_wconf 91' lang='lat' dir='ltr'><strong>eorum</strong></span> <span class='ocrx_word' id='word_1_373' title='bbox 1554 4527 1703 4610; x_wconf 84' lang='lat' dir='ltr'><strong>produxit</strong></span> 
     </span>
    </p>

    <p class='ocr_par' dir='ltr' id='par_1_13' title="bbox 148 4625 1700 4708">
     <span class='ocr_line' id='line_1_35' title="bbox 148 4625 1700 4708; baseline -0.003 -15"><span class='ocrx_word' id='word_1_374' title='bbox 148 4630 236 4693; x_wconf 88' lang='lat' dir='ltr'><strong>catio</strong></span> <span class='ocrx_word' id='word_1_375' title='bbox 251 4629 310 4691; x_wconf 90' lang='lat' dir='ltr'><strong>ista</strong></span> <span class='ocrx_word' id='word_1_376' title='bbox 324 4627 380 4690; x_wconf 90' lang='lat' dir='ltr'><strong>Dei</strong></span> <span class='ocrx_word' id='word_1_377' title='bbox 395 4627 434 4688; x_wconf 93' lang='lat' dir='ltr'><strong>ad</strong></span> <span class='ocrx_word' id='word_1_378' title='bbox 451 4633 548 4702; x_wconf 84' lang='lat' dir='ltr'><strong>extra,</strong></span> <span class='ocrx_word' id='word_1_379' title='bbox 565 4644 628 4708; x_wconf 91' lang='lat' dir='ltr'><strong>qua</strong></span> <span class='ocrx_word' id='word_1_380' title='bbox 642 4626 763 4688; x_wconf 90' lang='lat' dir='ltr'><strong>scilicet</strong></span> <span class='ocrx_word' id='word_1_381' title='bbox 779 4633 900 4689; x_wconf 88' lang='lat' dir='ltr'><strong>creatu·</strong></span> <span class='ocrx_word' id='word_1_382' title='bbox 954 4643 991 4688; x_wconf 90' lang='lat' dir='ltr'><strong>ac</strong></span> <span class='ocrx_word' id='word_1_383' title='bbox 1015 4626 1061 4688; x_wconf 90' lang='lat' dir='ltr'><strong>eis</strong></span> <span class='ocrx_word' id='word_1_384' title='bbox 1085 4625 1235 4708; x_wconf 91' lang='lat' dir='ltr'><strong>subjecit,</strong></span> <span class='ocrx_word' id='word_1_385' title='bbox 1261 4626 1345 4688; x_wconf 91' lang='lat' dir='ltr'><strong>sicut</strong></span> <span class='ocrx_word' id='word_1_386' title='bbox 1369 4633 1503 4688; x_wconf 89' lang='lat' dir='ltr'><strong>testatur</strong></span> <span class='ocrx_word' id='word_1_387' title='bbox 1525 4626 1700 4702; x_wconf 87' lang='lat' dir='ltr'><strong>Psalmista,</strong></span> 
     </span>
    </p>

    <p class='ocr_par' dir='ltr' id='par_1_14' title="bbox 148 4723 1849 5010">
     <span class='ocr_line' id='line_1_36' title="bbox 149 4723 1849 4807; baseline -0.001 -16"><span class='ocrx_word' id='word_1_388' title='bbox 149 4729 196 4791; x_wconf 91' lang='lat' dir='ltr'><strong>ris</strong></span> <span class='ocrx_word' id='word_1_389' title='bbox 212 4729 295 4790; x_wconf 90' lang='lat' dir='ltr'><strong>dona</strong></span> <span class='ocrx_word' id='word_1_390' title='bbox 314 4746 371 4790; x_wconf 89' lang='lat' dir='ltr'><strong>sua</strong></span> <span class='ocrx_word' id='word_1_391' title='bbox 390 4725 615 4799; x_wconf 91' lang='lat' dir='ltr'><strong>communicat,</strong></span> <span class='ocrx_word' id='word_1_392' title='bbox 632 4732 686 4788; x_wconf 91' lang='lat' dir='ltr'><strong>aut</strong></span> <span class='ocrx_word' id='word_1_393' title='bbox 704 4744 756 4788; x_wconf 88' lang='lat' dir='ltr'><strong>eas</strong></span> <span class='ocrx_word' id='word_1_394' title='bbox 777 4726 809 4788; x_wconf 93' lang='lat' dir='ltr'><strong>in</strong></span> <span class='ocrx_word' id='word_1_395' title='bbox 830 4744 899 4788; x_wconf 89' lang='lat' dir='ltr'><strong>esse</strong></span> <span class='ocrx_word' id='word_1_396' title='bbox 954 4724 1120 4807; x_wconf 89' lang='lat' dir='ltr'><strong>alloquens</strong></span> <span class='ocrx_word' id='word_1_397' title='bbox 1136 4725 1306 4788; x_wconf 87' lang='lat' dir='ltr'><strong>Dominum</strong></span> <span class='ocrx_word' id='word_1_398' title='bbox 1318 4723 1446 4788; x_wconf 88' lang='lat' dir='ltr'><strong>:Omnia</strong></span> <span class='ocrx_word' id='word_1_399' title='bbox 1460 4724 1626 4807; x_wconf 89' lang='lat' dir='ltr'><strong>subjecisti</strong></span> <span class='ocrx_word' id='word_1_400' title='bbox 1641 4726 1702 4789; x_wconf 88' lang='lat' dir='ltr'><strong>sub</strong></span> <span class='ocrx_word' id='word_1_401' title='bbox 1730 4751 1849 4805; x_wconf 46' lang='lat' dir='ltr'><strong>navum,</strong></span> 
     </span>
     <span class='ocr_line' id='line_1_37' title="bbox 148 4817 1737 4911; baseline 0 -23"><span class='ocrx_word' id='word_1_402' title='bbox 148 4825 311 4911; x_wconf 90' lang='lat' dir='ltr'><strong>producit,</strong></span> <span class='ocrx_word' id='word_1_403' title='bbox 327 4832 431 4908; x_wconf 90' lang='lat' dir='ltr'><strong>potest</strong></span> <span class='ocrx_word' id='word_1_404' title='bbox 445 4822 583 4886; x_wconf 93' lang='lat' dir='ltr'><strong>adscribi</strong></span> <span class='ocrx_word' id='word_1_405' title='bbox 598 4823 732 4887; x_wconf 90' lang='lat' dir='ltr'><strong>bonitati</strong></span> <span class='ocrx_word' id='word_1_406' title='bbox 748 4825 814 4898; x_wconf 81' lang='lat' dir='ltr'><strong>uei,</strong></span> <span class='ocrx_word' id='word_1_407' title='bbox 826 4825 901 4907; x_wconf 92' lang='lat' dir='ltr'><strong>quia</strong></span> <span class='ocrx_word' id='word_1_408' title='bbox 958 4822 1094 4906; x_wconf 86' lang='lat' dir='ltr'><strong>pedibus</strong></span> <span class='ocrx_word' id='word_1_409' title='bbox 1119 4824 1189 4906; x_wconf 81' lang='lat' dir='ltr'><strong>ejus</strong></span> <span class='ocrx_word' id='word_1_410' title='bbox 1206 4823 1370 4904; x_wconf 90' lang='lat' dir='ltr'><strong>(videlicet</strong></span> <span class='ocrx_word' id='word_1_411' title='bbox 1394 4823 1560 4906; x_wconf 85' lang='lat' dir='ltr'><strong>bominis),</strong></span> <span class='ocrx_word' id='word_1_412' title='bbox 1577 4843 1652 4888; x_wconf 89' lang='lat' dir='ltr'><strong>oves</strong></span> <span class='ocrx_word' id='word_1_413' title='bbox 1671 4834 1703 4888; x_wconf 92' lang='lat' dir='ltr'><strong>et</strong></span> <span class='ocrx_word' id='word_1_414' title='bbox 1716 4817 1737 4859; x_wconf 79' lang='lat'><strong>⁹·</strong></span> 
     </span>
     <span class='ocr_line' id='line_1_38' title="bbox 150 4921 1701 5010; baseline -0.001 -22"><span class='ocrx_word' id='word_1_415' title='bbox 150 4925 331 5010; x_wconf 90' lang='lat' dir='ltr'><strong>proprietas</strong></span> <span class='ocrx_word' id='word_1_416' title='bbox 355 4923 432 4986; x_wconf 92' lang='lat' dir='ltr'><strong>boni</strong></span> <span class='ocrx_word' id='word_1_417' title='bbox 455 4931 503 4986; x_wconf 90' lang='lat' dir='ltr'><strong>est</strong></span> <span class='ocrx_word' id='word_1_418' title='bbox 527 4942 561 4987; x_wconf 88' lang='lat' dir='ltr'><strong>se</strong></span> <span class='ocrx_word' id='word_1_419' title='bbox 588 4923 845 5002; x_wconf 89' lang='lat' dir='ltr'><strong>communicarc;</strong></span> <span class='ocrx_word' id='word_1_420' title='bbox 870 4931 902 4986; x_wconf 93' lang='lat' dir='ltr'><strong>et</strong></span> <span class='ocrx_word' id='word_1_421' title='bbox 957 4921 1055 4985; x_wconf 87' lang='lat' dir='ltr'><strong>boves</strong></span> <span class='ocrx_word' id='word_1_422' title='bbox 1070 4923 1246 4998; x_wconf 85' lang='lat' dir='ltr'><strong>universas,</strong></span> <span class='ocrx_word' id='word_1_423' title='bbox 1263 4923 1395 5006; x_wconf 90' lang='lat' dir='ltr'><strong>insuper</strong></span> <span class='ocrx_word' id='word_1_424' title='bbox 1410 4931 1442 4985; x_wconf 91' lang='lat' dir='ltr'><strong>et</strong></span> <span class='ocrx_word' id='word_1_425' title='bbox 1455 4941 1570 5006; x_wconf 88' lang='lat' dir='ltr'><strong>pecora</strong></span> <span class='ocrx_word' id='word_1_426' title='bbox 1585 4925 1701 5008; x_wconf 89' lang='lat' dir='ltr'><strong>campi,</strong></span> 
     </span>
    </p>

    <p class='ocr_par' dir='ltr' id='par_1_15' title="bbox 151 5021 1703 5106">
     <span class='ocr_line' id='line_1_39' title="bbox 151 5021 1703 5106; baseline -0.001 -19"><span class='ocrx_word' id='word_1_427' title='bbox 151 5025 251 5088; x_wconf 89' lang='lat' dir='ltr'><strong>ctiam</strong></span> <span class='ocrx_word' id='word_1_428' title='bbox 273 5023 406 5097; x_wconf 89' lang='lat' dir='ltr'><strong>caritati,</strong></span> <span class='ocrx_word' id='word_1_429' title='bbox 423 5022 574 5106; x_wconf 91' lang='lat' dir='ltr'><strong>quoniam</strong></span> <span class='ocrx_word' id='word_1_430' title='bbox 598 5021 711 5084; x_wconf 87' lang='lat' dir='ltr'><strong>caritas</strong></span> <span class='ocrx_word' id='word_1_431' title='bbox 732 5029 780 5084; x_wconf 90' lang='lat' dir='ltr'><strong>est</strong></span> <span class='ocrx_word' id='word_1_432' title='bbox 800 5022 900 5084; x_wconf 87' lang='lat' dir='ltr'><strong>virtus</strong></span> <span class='ocrx_word' id='word_1_433' title='bbox 956 5021 1102 5084; x_wconf 91' lang='lat' dir='ltr'><strong>volucres</strong></span> <span class='ocrx_word' id='word_1_434' title='bbox 1118 5022 1201 5097; x_wconf 87' lang='lat' dir='ltr'><strong>coeli,</strong></span> <span class='ocrx_word' id='word_1_435' title='bbox 1218 5031 1250 5085; x_wconf 91' lang='lat' dir='ltr'><strong>et</strong></span> <span class='ocrx_word' id='word_1_436' title='bbox 1269 5023 1372 5106; x_wconf 90' lang='lat' dir='ltr'><strong>pisces</strong></span> <span class='ocrx_word' id='word_1_437' title='bbox 1393 5023 1499 5086; x_wconf 92' lang='lat' dir='ltr'><strong>maris.</strong></span> <span class='ocrx_word' id='word_1_438' title='bbox 1516 5023 1580 5086; x_wconf 89' lang='lat' dir='ltr'><strong>Nec</strong></span> <span class='ocrx_word' id='word_1_439' title='bbox 1599 5023 1703 5087; x_wconf 92' lang='lat' dir='ltr'><strong>solum</strong></span> 
     </span>
    </p>

    <p class='ocr_par' dir='ltr' id='par_1_16' title="bbox 152 5118 1704 5207">
     <span class='ocr_line' id='line_1_40' title="bbox 152 5118 1704 5207; baseline -0.001 -22"><span class='ocrx_word' id='word_1_440' title='bbox 152 5141 212 5207; x_wconf 89' lang='lat' dir='ltr'><strong>per</strong></span> <span class='ocrx_word' id='word_1_441' title='bbox 226 5141 324 5204; x_wconf 89' lang='lat' dir='ltr'><strong>quam</strong></span> <span class='ocrx_word' id='word_1_442' title='bbox 339 5121 455 5203; x_wconf 90' lang='lat' dir='ltr'><strong>aliquis</strong></span> <span class='ocrx_word' id='word_1_443' title='bbox 470 5120 540 5182; x_wconf 85' lang='lat' dir='ltr'><strong>vult</strong></span> <span class='ocrx_word' id='word_1_444' title='bbox 553 5120 644 5182; x_wconf 88' lang='lat' dir='ltr'><strong>alteri</strong></span> <span class='ocrx_word' id='word_1_445' title='bbox 660 5118 779 5183; x_wconf 91' lang='lat' dir='ltr'><strong>bunum</strong></span> <span class='ocrx_word' id='word_1_446' title='bbox 794 5138 800 5182; x_wconf 94' lang='lat'><strong>:</strong></span> <span class='ocrx_word' id='word_1_447' title='bbox 817 5139 900 5184; x_wconf 90' lang='lat' dir='ltr'><strong>ama·</strong></span> <span class='ocrx_word' id='word_1_448' title='bbox 956 5121 1024 5184; x_wconf 78' lang='lat' dir='ltr'><strong>haec</strong></span> <span class='ocrx_word' id='word_1_449' title='bbox 1047 5120 1208 5196; x_wconf 91' lang='lat' dir='ltr'><strong>inferiora,</strong></span> <span class='ocrx_word' id='word_1_450' title='bbox 1225 5129 1260 5183; x_wconf 93' lang='lat' dir='ltr'><strong>ut</strong></span> <span class='ocrx_word' id='word_1_451' title='bbox 1280 5123 1438 5185; x_wconf 89' lang='lat' dir='ltr'><strong>elementa</strong></span> <span class='ocrx_word' id='word_1_452' title='bbox 1458 5130 1490 5184; x_wconf 89' lang='lat' dir='ltr'><strong>et</strong></span> <span class='ocrx_word' id='word_1_453' title='bbox 1514 5122 1704 5184; x_wconf 89' lang='lat' dir='ltr'><strong>elementata</strong></span> 
     </span>
    </p>

    <p class='ocr_par' dir='ltr' id='par_1_17' title="bbox 152 5218 1704 5303">
     <span class='ocr_line' id='line_1_41' title="bbox 152 5218 1704 5303; baseline -0.002 -17"><span class='ocrx_word' id='word_1_454' title='bbox 152 5241 188 5286; x_wconf 88' lang='lat' dir='ltr'><strong>re</strong></span> <span class='ocrx_word' id='word_1_455' title='bbox 212 5222 313 5296; x_wconf 88' lang='lat' dir='ltr'><strong>enim,</strong></span> <span class='ocrx_word' id='word_1_456' title='bbox 339 5227 388 5283; x_wconf 92' lang='lat' dir='ltr'><strong>est</strong></span> <span class='ocrx_word' id='word_1_457' title='bbox 410 5219 505 5282; x_wconf 87' lang='lat' dir='ltr'><strong>alicui</strong></span> <span class='ocrx_word' id='word_1_458' title='bbox 530 5218 651 5282; x_wconf 94' lang='lat' dir='ltr'><strong>bonum</strong></span> <span class='ocrx_word' id='word_1_459' title='bbox 675 5219 767 5282; x_wconf 90' lang='lat' dir='ltr'><strong>velle.</strong></span> <span class='ocrx_word' id='word_1_460' title='bbox 792 5219 900 5301; x_wconf 91' lang='lat' dir='ltr'><strong>ltaque</strong></span> <span class='ocrx_word' id='word_1_461' title='bbox 956 5239 1012 5282; x_wconf 91' lang='lat' dir='ltr'><strong>scu</strong></span> <span class='ocrx_word' id='word_1_462' title='bbox 1028 5220 1139 5295; x_wconf 86' lang='lat' dir='ltr'><strong>mixta,</strong></span> <span class='ocrx_word' id='word_1_463' title='bbox 1156 5220 1212 5283; x_wconf 89' lang='lat' dir='ltr'><strong>sed</strong></span> <span class='ocrx_word' id='word_1_464' title='bbox 1227 5228 1258 5282; x_wconf 92' lang='lat' dir='ltr'><strong>et</strong></span> <span class='ocrx_word' id='word_1_465' title='bbox 1278 5221 1419 5283; x_wconf 87' lang='lat' dir='ltr'><strong>coelestia</strong></span> <span class='ocrx_word' id='word_1_466' title='bbox 1433 5238 1566 5303; x_wconf 89' lang='lat' dir='ltr'><strong>corpora</strong></span> <span class='ocrx_word' id='word_1_467' title='bbox 1585 5221 1704 5284; x_wconf 88' lang='lat' dir='ltr'><strong>creavit</strong></span> 
     </span>
    </p>

    <p class='ocr_par' dir='ltr' id='par_1_18' title="bbox 152 5318 1701 5406">
     <span class='ocr_line' id='line_1_42' title="bbox 152 5318 1701 5406; baseline -0.004 -18"><span class='ocrx_word' id='word_1_468' title='bbox 152 5341 244 5388; x_wconf 88' lang='lat' dir='ltr'><strong>amor</strong></span> <span class='ocrx_word' id='word_1_469' title='bbox 257 5323 326 5398; x_wconf 88' lang='lat' dir='ltr'><strong>Dei,</strong></span> <span class='ocrx_word' id='word_1_470' title='bbox 341 5339 438 5406; x_wconf 91' lang='lat' dir='ltr'><strong>quem</strong></span> <span class='ocrx_word' id='word_1_471' title='bbox 452 5319 565 5384; x_wconf 89' lang='lat' dir='ltr'><strong>habuit</strong></span> <span class='ocrx_word' id='word_1_472' title='bbox 583 5320 622 5384; x_wconf 92' lang='lat' dir='ltr'><strong>ad</strong></span> <span class='ocrx_word' id='word_1_473' title='bbox 640 5329 799 5384; x_wconf 88' lang='lat' dir='ltr'><strong>creaturas</strong></span> <span class='ocrx_word' id='word_1_474' title='bbox 814 5327 900 5383; x_wconf 87' lang='lat' dir='ltr'><strong>ante·</strong></span> <span class='ocrx_word' id='word_1_475' title='bbox 955 5319 1106 5382; x_wconf 88' lang='lat' dir='ltr'><strong>Dominus</strong></span> <span class='ocrx_word' id='word_1_476' title='bbox 1120 5318 1203 5382; x_wconf 90' lang='lat' dir='ltr'><strong>Deus</strong></span> <span class='ocrx_word' id='word_1_477' title='bbox 1218 5319 1417 5404; x_wconf 90' lang='lat' dir='ltr'><strong>omnipotens</strong></span> <span class='ocrx_word' id='word_1_478' title='bbox 1432 5319 1465 5382; x_wconf 93' lang='lat' dir='ltr'><strong>in</strong></span> <span class='ocrx_word' id='word_1_479' title='bbox 1481 5319 1701 5394; x_wconf 91' lang='lat' dir='ltr'><strong>ministerium,</strong></span> 
     </span>
    </p>
   </div>
   <div class='ocr_carea' id='block_1_8' title="bbox 278 5455 1579 5512">
    <p class='ocr_par' dir='ltr' id='par_1_19' title="bbox 278 5455 1579 5512">
     <span class='ocr_line' id='line_1_43' title="bbox 278 5455 1579 5512; baseline -0.002 -1"><span class='ocrx_word' id='word_1_480' title='bbox 278 5457 311 5512; x_wconf 85' lang='grc' dir='ltr'><strong>Τ.</strong></span> <span class='ocrx_word' id='word_1_481' title='bbox 330 5457 369 5510; x_wconf 85' lang='grc'><strong>30.</strong></span> <span class='ocrx_word' id='word_1_482' title='bbox 1564 5455 1579 5508; x_wconf 90' lang='grc'>6</span> 
     </span>
    </p>
   </div>
   <div class='ocr_carea' id='block_1_9' title="bbox 0 0 2154 6260">
    <p class='ocr_par' dir='ltr' id='par_1_20' title="bbox 0 0 2154 6260">
     <span class='ocr_line' id='line_1_44' title="bbox 0 0 2154 6260; baseline 0 0"><span class='ocrx_word' id='word_1_483' title='bbox 0 0 2154 6260; x_wconf 95' lang='lat' dir='ltr'><strong> </strong></span> 
     </span>
    </p>
   </div>
  </div>
 </body>
</html>
