4214 6254
424 469 482 534 126
710 486 861 535 noummn
881 487 892 534 r
913 487 987 534 noar
1006 486 1202 534 reinmarum.
1223 504 1263 515 -
1284 487 1458 534 summario
1480 489 1512 534 m
1531 488 1700 536 rrrsronnu

276 680 410 731 noemae.
424 657 491 720 suis
511 656 665 720 fidelibus
683 677 690 722 ι
707 657 761 720 llis
776 658 909 740 (inquit)
924 656 1173 739 fieriincipieu·
1190 657 1212 720 A
1228 658 1405 720 secundum
1432 658 1464 720 id
1490 659 1575 740 quod
1602 666 1677 720 sunt
1702 676 1759 740 per
1782 657 1962 721 creationem

426 753 523 829 tibus,
548 755 649 818 levate
674 755 778 837 capita
801 763 918 829 vestra,
941 755 973 817 id
998 761 1056 829 est,
1080 755 1175 817 corda
1228 775 1247 817 a
1266 756 1341 830 Deo,
1358 764 1389 818 et
1408 755 1559 818 omuibus
1582 755 1743 819 beneficia
1762 775 1821 818 sua
1840 755 1964 818 liberali·

425 852 610 928 exhilarate,
627 854 778 935 quoniam
799 853 1036 936 appropinquat
1054 853 1175 914 redem-
1229 861 1277 916 ter
1301 854 1441 928 exhibet,
1468 855 1687 918 conservando
1712 872 1765 917 eos
1797 855 1830 916 in
1854 873 1920 916 esse
1940 863 1966 916 et

425 951 493 1032 ptio
508 959 621 1014 vestra.
640 951 723 1014 Beda
738 969 866 1033 quoque
881 951 933 1013 hic
949 950 1062 1012 scribit
1074 966 1081 1011 :
1092 949 1172 1022 Quid
1229 952 1409 1014 necessaria
1424 951 1569 1034 praebens
1585 953 1675 1032 ritae3
1690 952 1779 1015 itaet
1794 969 1851 1014 uos
1867 971 1965 1014 sumus

424 1054 472 1111 est
497 1048 650 1111 fiduciam
675 1049 793 1112 babere
819 1049 851 1110 iu
876 1049 928 1112 die
948 1048 1086 1129 judiciii
1105 1047 1173 1110 Non
1229 1049 1261 1111 in
1284 1048 1344 1111 hoc
1367 1051 1497 1124 mundo,
1521 1051 1626 1124 idest,
1646 1068 1704 1113 nos
1723 1049 1893 1114 Christiani
1912 1051 1965 1113 beo

423 1146 537 1209 timere
552 1165 592 1209 ue
608 1147 716 1208 veniat
733 1148 800 1209 dies
820 1147 945 1228 judicii.
963 1147 1066 1219 Quum
1086 1145 1172 1208 enim
1229 1147 1261 1208 iu
1281 1146 1341 1209 hoo
1361 1147 1587 1221 assimilamur,
1606 1149 1689 1230 quod
1711 1149 1808 1210 etiam
1831 1148 1964 1210 inimicos

422 1243 528 1326 primo
543 1244 616 1325 quis
634 1244 672 1306 ad
690 1245 911 1327 poenitendum
929 1263 962 1305 se
977 1243 1111 1314 dederit,
1129 1243 1174 1304 in·
1228 1244 1392 1326 diligimus
1414 1254 1447 1307 et
1468 1245 1550 1308 bona
1576 1246 1623 1308 eis
1646 1246 1876 1328 impendimus.
1896 1245 1964 1308 ilinc

340 1353 342 1358 ’
423 1342 502 1424 cipit
530 1343 704 1405 formidare
733 1342 818 1404 diem
847 1342 973 1423 judicii,
1000 1360 1040 1403 ne
1062 1341 1173 1403 Judice
1227 1342 1320 1423 jubet
1340 1343 1653 1425 Salvatorzbiligite
1676 1344 1826 1407 inimicos
1845 1353 1964 1418 vestros,
1988 1362 2059 1406 ruer«.

422 1449 595 1523 apparente
614 1441 803 1520 damnetur;
821 1457 973 1523 processu
988 1457 1064 1502 vero
1083 1437 1174 1501 bonae
1229 1441 1406 1506 benefacite
1432 1442 1471 1503 iis
1496 1442 1550 1524 qui
1580 1443 1718 1506 oderunt
1741 1460 1810 1516 vos,
1835 1450 1867 1505 et
1891 1428 2002 1506 omta“'

423 1538 674 1602 conversationis
689 1539 860 1610 animatus,
871 1538 966 1600 discit
981 1555 1043 1600 non
1060 1538 1173 1599 timere
1229 1559 1286 1621 pro
1301 1541 1567 1622 persequentibus
1583 1547 1615 1603 et
1629 1540 1899 1604 calumniantibus
1913 1559 1967 1615 ros,

424 1638 508 1719 quod
529 1645 603 1700 aute
624 1636 770 1710 timebat,
787 1638 842 1699 sed
866 1637 971 1718 potius
993 1635 1172 1697 desiderare
1229 1646 1263 1698 ut
1292 1639 1362 1700 sitis
1390 1637 1452 1700 lilii
1481 1638 1580 1701 Patris
1609 1639 1707 1701 vestri
1738 1640 1794 1721 qui
1826 1640 1859 1701 in
1890 1639 1968 1703 coelis

425 1744 460 1798 ut
483 1737 591 1799 veniat
613 1737 724 1809 ludex,
752 1735 918 1800 confidens
944 1736 1057 1797 merito
1083 1734 1173 1797 bonae
1228 1745 1286 1810 est,
1305 1736 1359 1818 qui
1378 1736 1478 1798 solem
1499 1756 1594 1799 suum
1615 1737 1692 1800 facit
1712 1739 1790 1800 oriri
1811 1757 1909 1821 super
1925 1738 1969 1800 bo

424 1835 674 1899 conversationis
703 1834 828 1896 salvari.
856 1835 890 1896 ln
921 1833 980 1896 boc
1005 1851 1080 1914 ergo
1105 1851 1174 1914 per·
1189 1835 1213 1896 B
1228 1853 1285 1897 uos
1307 1843 1338 1896 et
1360 1834 1472 1910 malos,
1490 1843 1522 1898 et
1541 1835 1624 1917 pluit
1643 1855 1741 1918 super
1758 1837 1864 1918 justos
1884 1845 1914 1899 et
1930 1837 1969 1898 iu·

423 1933 507 1996 fecta
522 1940 570 1996 est
586 1933 700 1996 caritas
716 1933 771 1995 Dei
789 1931 969 2006 nobiscum,
983 1932 1014 1994 id
1030 1939 1089 2005 est,
1105 1949 1173 2013 per·
1226 1934 1339 2014 justos.
1357 1935 1445 1997 Unde
1459 1934 1522 1997 alio
1538 1934 1607 1997 loco
1622 1935 1778 2016 scriptum
1795 1943 1845 1998 est
1862 1953 1869 1998 ε
1886 1935 2061 1999 Eritistuuu

423 2033 520 2094 lectio
543 2032 683 2094 caritatis
706 2039 821 2094 nostrae
845 2031 884 2093 ad
906 2031 1005 2092 Deum
1028 2029 1175 2093 consistit
1228 2032 1290 2095 filii
1310 2032 1478 2107 Altissimi,
1496 2032 1572 2114 quia
1591 2033 1659 2115 ipse
1681 2033 1844 2115 benignus
1863 2043 1911 2097 est
1929 2053 1971 2096 su·
2088 2071 2089 2082 1

424 2130 457 2192 iu
477 2130 550 2204 hoc,
566 2137 602 2192 ut
623 2129 778 2193 fiduciam
801 2128 975 2191 habeamus
997 2129 1030 2190 in
1052 2128 1103 2190 die
1123 2129 1173 2209 ju·
1230 2150 1286 2214 per
1316 2131 1456 2212 ingratos
1486 2139 1518 2193 et
1541 2130 1651 2194 malos.
1677 2132 1798 2214 ltaque,
1824 2133 1910 2214 quod
1935 2133 1972 2194 ait

425 2228 513 2301 dicii,
529 2228 621 2308 juxta
643 2227 842 2290 intellectum
865 2226 1041 2288 inductum.
1228 2231 1375 2301 loannes,
1390 2251 1406 2288 a
1418 2229 1502 2292 sicut
1517 2229 1571 2292 ille
1586 2237 1645 2305 est,
1657 2237 1689 2293 et
1704 2249 1762 2294 nos
1778 2251 1929 2305 surmus»,
1940 2231 1972 2293 de

466 2327 527 2388 Sed
548 2327 587 2387 iis
602 2325 733 2388 obviare
748 2326 885 2398 videtur,
902 2325 987 2407 quod
1002 2325 1098 2386 etiam
1114 2323 1174 2387 viri
1230 2327 1442 2391 similitudine
1471 2327 1603 2410 aliquali
1632 2336 1664 2392 et
1692 2329 1828 2411 parvula
1857 2337 1905 2392 est
1930 2349 1972 2391 su-

426 2424 547 2488 beroioi
563 2431 595 2486 et
611 2424 756 2506 perfecti,
772 2423 930 2504 judicium
947 2423 1003 2485 Dei
1019 2423 1174 2505 usquead
1232 2426 1383 2489 mendum
1406 2444 1413 2488 :
1434 2426 1594 2509 siquidem
1615 2447 1633 2489 a
1653 2427 1763 2490 divina
1784 2427 1973 2510 perfectione

428 2530 562 2585 mortem
578 2541 669 2584 suam
687 2521 874 2584 formidasse
890 2521 1048 2603 leguntur,
1065 2539 1176 2604 quem·
1231 2525 1402 2587 deficimus
1424 2543 1554 2606 prorsus
1578 2526 1610 2587 in
1634 2525 1811 2589 infinitum.
1835 2527 1875 2589 Et
1893 2526 1973 2608 juxta

281 2645 412 2702 cccxxix,
426 2621 599 2684 admodum
625 2639 721 2703 supra
746 2621 785 2682 de
810 2619 1003 2682 beatissimis
1032 2619 1175 2701 patribus
1231 2624 1312 2685 hanc
1328 2623 1573 2685 similitudinem
1594 2623 1817 2706 imperfectam
1841 2624 1974 2707 loquitur

278 2721 302 2814 {z
319 2709 413 2814 22¹1&
426 2719 560 2782 Arseuio
592 2727 624 2782 et
655 2719 723 2781 Elia
752 2719 894 2781 eremitis
926 2725 1086 2781 narratum
1116 2725 1172 2780 est.
1231 2721 1375 2784 Christus
1400 2738 1407 2782 τ
1434 2721 1540 2783 Estote
1565 2721 1699 2804 perfecti
1729 2722 1813 2785 siout
1839 2731 1872 2785 et
1895 2723 1975 2785 Pater
1994 2738 2057 2781 rou

304 2801 310 2822 ’
381 2804 386 2814 ’
427 2819 560 2881 Sanctus
582 2836 709 2900 quoquc
726 2817 938 2900 Hieronymus
958 2823 1173 2899 protestatur:
1230 2826 1336 2881 vester
1356 2819 1495 2882 coelestis
1514 2819 1677 2901 perfectus
1697 2828 1754 2883 est.
1773 2821 1811 2882 Et
1826 2821 1974 2886 Dominus
1985 2805 2009 2845 ⁸⁸·

425 2918 529 2991 Quum
545 2917 631 2979 diem
648 2915 739 2978 illum
755 2916 870 2998 cogito,
887 2922 972 2979 totus
987 2933 1173 2998 expavesco.
1231 2936 1289 2999 per
1312 2918 1438 3000 Moysen
1460 2935 1467 2979 τ
1489 2918 1595 2981 Sancti
1617 2918 1752 3002 (iuquit)
1773 2927 1876 2982 estote
1900 2919 2060 2981 sicufredo

425 3014 464 3077 llt
486 3033 623 3078 rursus:
645 3015 718 3078 Sive
740 3015 885 3088 comedo,
907 3015 974 3077 sive
999 3014 1086 3088 bibo,
1107 3015 1175 3076 sive
1191 3017 1212 3080 C
1231 3023 1263 3078 et
1283 3033 1342 3097 ego
1363 3024 1491 3078 sanctus
1513 3035 1595 3078 sum.

424 3115 512 3177 aliud
540 3114 662 3196 aliquid
691 3132 761 3194 ago,
787 3132 915 3196 semper
944 3113 1024 3176 mibi
1048 3113 1175 3176 videtur
1270 3115 1426 3197 Deinceps
1442 3115 1534 3177 docet
1554 3115 1584 3178 S.
1600 3117 1736 3179 loannes
1756 3117 1864 3199 qualis
1879 3118 1921 3181 sit
1934 3136 1975 3180 ca·

424 3213 502 3275 tuba
522 3213 576 3276 illa
595 3213 676 3275 meis
695 3211 828 3275 auribus
849 3212 995 3274 insonare
1013 3229 1020 3274 :
1037 3211 1173 3292 Surgitc‚
1230 3213 1315 3275 ritas.
1336 3215 1447 3274 Timor
1462 3233 1527 3274 non
1547 3224 1592 3275 est
1612 3217 1647 3275 io
1667 3217 1819 3286 caritate,
1836 3220 1894 3278 sed
1909 3235 1976 3293 per-

425 3313 555 3384 morlui‚
567 3312 674 3374 venite
689 3311 728 3373 ad
743 3311 912 3392 judicium.
930 3311 976 3372 Ad
992 3309 1077 3372 istud
1093 3310 1175 3372 arbi·
1229 3313 1315 3389 secta
1340 3314 1463 3372 caritas
1485 3313 1578 3388 soros
1602 3314 1706 3373 mittit
1729 3316 1894 3385 timorem,
1909 3335 1976 3394 quo

425 3417 491 3472 tror
515 3409 787 3492 respondendum,
807 3409 891 3490 qood
916 3408 977 3470 viri
1002 3409 1103 3471 sancti
1128 3408 1174 3471 di·
1230 3412 1321 3470 niam
1338 3413 1436 3470 timor
1446 3429 1578 3486 pecuum
1593 3411 1765 3474 bubetSex
1779 3413 1977 3493 assignantur

426 3509 606 3571 versimode
625 3514 800 3588 tanguntur
819 3526 837 3568 a
856 3507 975 3590 Spiritu
996 3507 1127 3586 Sanct03
1143 3514 1175 3570 et
1230 3509 1372 3582 timoreS,
1396 3508 1546 3571 videlicet
1571 3527 1578 3571 :
1602 3509 1698 3572 timor
1722 3510 1863 3585 servilis,
1887 3511 1976 3572 timor

349 3641 410 3678 sn,
425 3607 573 3690 quamvis
593 3606 777 3686 frequenter
796 3606 934 3687 Spiritus
954 3605 1087 3668 Sanctus
1106 3625 1176 3688 per·
1231 3607 1422 3682 mundanus,
1434 3607 1530 3670 timor
1545 3607 1692 3682 carnalis,
1704 3609 1801 3671 timor
1815 3609 1974 3682 naturalis,

305 3723 311 3734 ·
425 3703 771 3767 hibeattestimonium
792 3703 892 3765 menti
912 3719 1022 3765 corum
1038 3705 1122 3784 quod
1139 3703 1175 3767 fi·
1229 3706 1326 3768 timor
1341 3705 1483 3780 initialis,
1500 3713 1531 3766 et
1546 3706 1643 3768 timor
1658 3706 1778 3769 filialis.
1796 3706 1907 3770 'fimor
1920 3725 1976 3770 ser·

425 3804 460 3866 lii
477 3804 533 3866 llci
550 3802 625 3876 sint,
643 3802 803 3864 interdum
823 3809 929 3863 tamen
950 3802 1107 3883 permittit
1121 3821 1175 3866 eos
1230 3803 1304 3865 vilis
1324 3786 1463 3885 est,'quo
1482 3803 1600 3866 vitatur
1620 3810 1788 3886 peccatum
1808 3823 1866 3867 scu
1886 3804 1977 3868 alicu·

426 3902 575 3966 insistere
590 3899 835 3964 considerationi
852 3899 1048 3962 infirmitatis
1064 3901 1175 3983 imper·
1228 3901 1281 3982 jus
1305 3900 1438 3975 offensa,
1465 3919 1529 3964 non
1558 3901 1626 3965 zelo
1653 3901 1787 3983 justitiae
1815 3921 1876 3966 uec
1906 3901 1976 3965 boni

424 4000 639 4082 lectionisque
663 3998 800 4082 propriae
821 4017 828 4062 :
847 4006 879 4060 et
901 3999 944 4061 ita
966 4007 1116 4061 verentur
1137 4000 1174 4063 ti·
1229 4017 1348 4074 amore,
1374 3999 1429 4062 sed
1458 3999 1562 4062 solum
1593 3999 1765 4064 formidine
1794 4017 1908 4082 poeuae.
1934 3999 1977 4062 'fi-

425 4117 515 4162 more
543 4097 649 4172 filiali,
681 4097 841 4172 videlicet,
873 4115 913 4159 ne
942 4106 1129 4180 separentur
1157 4117 1175 4160 a
1231 4115 1300 4160 mor
1319 4098 1500 4160 mundanus
1515 4105 1574 4170 est,
1589 4097 1790 4180 quo'malum
1806 4099 1927 4161 vitatur
1941 4116 1976 4160 ue

423 4199 498 4262 Deo.
516 4197 555 4258 m
576 4197 661 4259 sicut
685 4196 829 4259 doctores
854 4195 995 4258 fatentur
1015 4215 1175 4279 exponen·
1190 4198 1216 4261 b
1231 4215 1280 4258 res
1295 4195 1432 4258 exterior
1446 4195 1621 4269 amittatur,
1638 4203 1715 4277 puta
1731 4196 1922 4271 substantia,
1936 4196 1978 4258 lu·

423 4297 464 4361 do
489 4295 575 4379 quod
600 4295 757 4377 scriptum
782 4303 840 4370 est,
862 4294 930 4357 Non
955 4301 1003 4356 est
1025 4295 1174 4358 inventus
1231 4313 1332 4368 crum,
1349 4294 1460 4368 honor,
1477 4293 1608 4356 utilitas.
1632 4294 1739 4357 Timor
1762 4295 1900 4358 carnalis
1921 4301 1975 4368 est,

304 4414 309 4425 ·
423 4396 539 4460 similis
555 4395 614 4470 illi,
631 4395 686 4476 qui
703 4401 905 4458 conservaret
920 4393 1022 4475 legem
1038 4394 1173 4470 Excelsi,
1230 4410 1294 4474 quo
1310 4392 1431 4454 malum
1448 4393 1567 4454 vitatur
1582 4410 1623 4454 ne
1638 4392 1760 4474 aliquid
1779 4393 1977 4457 adversitatis

422 4513 506 4558 unus
536 4493 723 4556 Sanctorum
754 4492 855 4574 magis
885 4491 1026 4554 abundat
1053 4492 1086 4553 in
1116 4491 1175 4554 ista
1230 4491 1369 4572 patiatur
1388 4491 1484 4554 homo
1500 4490 1531 4553 in
1548 4509 1680 4573 corpore
1696 4509 1765 4566 suo,
1783 4492 1834 4554 vel
1857 4511 1898 4555 ne
1915 4510 1977 4555 car·

422 4593 552 4666 virtute,
568 4591 649 4653 alter
670 4589 702 4651 iu
724 4589 795 4653 alia.
1230 4589 1294 4651 nali
1319 4588 1482 4671 voluptate
1507 4589 1660 4671 privetur.
1687 4589 1797 4653 'limor
1825 4589 1977 4654 naturalis

462 4691 608 4772 insuper,
635 4689 719 4750 unde
749 4687 903 4750 fiduciam
935 4688 1029 4750 istam
1059 4695 1174 4752 nostrae
1230 4696 1288 4763 est,
1307 4705 1370 4770 quo
1392 4688 1511 4751 vitatur
1535 4687 1655 4750 malum
1682 4707 1723 4750 ne
1743 4689 1867 4771 aliquid
1891 4697 1977 4752 natu·

422 4788 608 4852 salvationis
627 4786 745 4849 habere
765 4786 939 4861 valeamus,
956 4784 1171 4866 subjungitur.
1230 4786 1289 4848 rali
1313 4786 1471 4849 desiderio
1495 4786 1690 4848 contrarium
1714 4787 1847 4850 accidat.
1874 4787 1978 4850 'fimor

423 4891 508 4957 Ouia
530 4888 614 4947 sicut
634 4889 692 4946 itte
710 4894 769 4955 est,
790 4894 819 4945 et
840 4905 898 4944 moa
922 4905 1034 4945 sumus
1058 4886 1093 4943 fu.
1118 4886 1176 4944 froc
1231 4883 1374 4958 initialis,
1391 4901 1454 4965 quo
1477 4884 1596 4946 malum
1616 4884 1735 4947 vitatur
1756 4885 1873 4967 parlim
1896 4902 1978 4948 amo·

422 4989 545 5048 mundo
565 5006 576 5046 .·
598 4985 629 5047 id
654 4991 713 5058 est,
736 4983 1007 5065 quemadmodum
1032 4982 1116 5045 Deus
1142 4983 1174 5045 in
1230 5001 1263 5044 re
1289 4982 1376 5057 boni,
1398 4982 1515 5065 partim
1540 4981 1713 5046 formidine
1737 5002 1850 5065 poeuae.
1874 4984 1978 5046 Timor

422 5086 504 5149 coelo
526 5092 575 5147 est
595 5091 681 5147 totus
704 5084 778 5166 pius
802 5089 834 5144 et
855 5081 969 5155 bouus,
987 5099 1051 5144 non
1071 5081 1174 5162 justos
1230 5080 1351 5156 filialis,
1369 5099 1432 5164 quo
1456 5081 1576 5144 malum
1598 5081 1717 5145 vitatur
1742 5082 1846 5146 solum
1873 5103 1914 5146 ne
1935 5081 1979 5145 of·

421 5191 547 5248 tantum
577 5183 633 5247 sed
658 5183 795 5264 injustos
825 5180 920 5244 etiam
951 5179 1100 5261 diligens,
1124 5180 1174 5243 vel
1230 5179 1378 5242 fendatur
1402 5180 1548 5256 dilectus,
1574 5180 1624 5243 vel
1651 5199 1692 5244 ue
1719 5181 1791 5263 quis
1815 5190 1978 5264 separetur

422 5283 602 5350 secundum
617 5280 929 5370 predestinationem
944 5287 1106 5356 aternam,
1122 5279 1174 5343 vel
1230 5277 1271 5344 ab
1294 5278 1358 5343 illo.
1375 5279 1495 5343 florum
1519 5279 1673 5344 timorum
1694 5287 1759 5344 tres
1783 5280 1880 5365 primi
1906 5285 1978 5344 suut
