4214 6254
520 495 668 543 noxarum
691 496 700 542 r
722 497 795 542 rosr
815 495 1009 544 minxrxrnx.
1030 513 1070 524 -
1091 496 1190 542 sanxo
1209 497 1335 544 rxnrrcs
1650 478 1709 544 tta

153 663 482 746 tribulationibusque
501 671 639 738 exercet,
655 673 778 748 purgat,
796 671 827 728 et
848 684 906 748 per
921 667 946 730 A
962 665 1129 748 conspexit
1143 684 1180 728 aa
1200 665 1368 728 invocavit.
1386 665 1432 726 lta
1450 662 1612 745 continget
1630 682 1708 746 praa

154 761 239 825 dona
259 764 368 845 gratie
390 761 495 826 taliter
517 762 646 846 perficit
667 781 732 837 eos,
748 771 905 845 quatenus
961 763 1034 826 fatis
1058 763 1272 828 imitatoribus
1293 763 1402 826 divitis
1424 761 1531 842 buius.

153 861 303 944 protinus
328 862 507 944 posthanc
532 861 630 925 vitam
655 863 905 925 consolationem
1005 863 1131 936 Quarto,
1162 881 1200 925 ex
1232 861 1397 943 evangelio
1429 861 1489 924 isto
1518 859 1708 922 instruimur

153 961 202 1021 eis
218 959 379 1042 impendat
394 967 722 1042 atemam3tantoque
736 959 905 1040 gloriosius
960 961 1161 1024 considerare
1185 967 1303 1044 quanta
1326 967 1398 1042 post
1418 959 1516 1022 vitam
1539 959 1619 1020 banc
1644 957 1708 1020 sint

154 1075 210 1120 eos
226 1063 298 1139 post
312 1058 394 1119 banc
410 1057 509 1120 vitam
526 1065 665 1130 coronat,
685 1064 804 1140 quanto
819 1075 905 1119 nunc
961 1059 1134 1142 impiorum
1157 1066 1315 1122 tormenta
1335 1058 1560 1139 justorumque
1580 1056 1706 1138 gaudia,

152 1155 331 1218 districtius
347 1173 401 1218 eos
416 1155 559 1236 castigat.
570 1155 731 1238 Reprobos
746 1173 822 1218 vero
837 1173 906 1236 per·
960 1166 1117 1240 quatenns
1137 1158 1164 1219 si
1184 1158 1261 1219 vitia
1281 1157 1400 1220 evitare
1420 1163 1452 1218 et
1471 1154 1644 1217 virtutibus
1663 1155 1708 1216 in-

154 1255 255 1318 mittit
268 1254 322 1316 bic
341 1255 533 1337 prosperari,
549 1253 705 1328 deliciari,
723 1254 810 1317 vitiis
827 1272 904 1336 quo-
960 1256 1079 1319 bearere
1095 1275 1133 1318 ex
1148 1255 1203 1318 Dei
1219 1272 1326 1318 amore
1342 1261 1373 1316 et
1388 1254 1456 1316 zelo
1471 1252 1628 1335 equitatis
1643 1269 1706 1316 non

154 1372 219 1436 que
235 1352 373 1436 impleri,
391 1360 510 1435 etpost
528 1353 609 1415 banc
624 1352 723 1415 vitam
740 1352 904 1436 perpetuis
960 1353 1120 1428 volumus,
1145 1353 1257 1416 saltem
1285 1354 1400 1416 timore
1429 1359 1555 1416 aeterna
1578 1351 1707 1414 damna·

154 1470 192 1513 ac
214 1451 381 1533 condignis
403 1470 457 1515 eos
478 1451 596 1532 aflligit
617 1451 794 1514 tormentis.
961 1453 1056 1516 tionis
1077 1452 1299 1535 desiderioque
1317 1459 1480 1534 perpetua
1499 1449 1707 1512 beatitudinis

196 1549 353 1624 Secundo,
378 1548 569 1612 instruimur
592 1567 630 1612 ex
660 1549 825 1631 evangelio
853 1549 905 1612 bo
961 1551 991 1614 id
1017 1569 1158 1632 agamus.
1186 1550 1405 1612 indesinenter
1430 1567 1506 1630 ergo
1534 1567 1708 1632 pensemus

152 1649 278 1723 dierno,
304 1667 400 1730 quam
431 1648 719 1730 inexcogitabiliter
743 1648 849 1729 gravis
874 1655 905 1710 et
960 1656 1077 1731 quanta
1094 1648 1161 1730 jam
1177 1649 1229 1722 sit,
1251 1655 1284 1711 et
1303 1647 1494 1712 eternaliter
1519 1647 1590 1720 erit,
1611 1646 1708 1727 hujus

153 1746 366 1809 intolerabilis
386 1747 428 1808 sit
446 1765 557 1810 eorum
578 1747 740 1810 damnatio
760 1747 816 1828 qui
836 1746 905 1808 abs·
960 1747 1069 1809 divitis
1092 1746 1304 1828 omniumque
1328 1746 1535 1829 reproborum
1560 1743 1707 1819 afflictio,

153 1864 216 1927 que
232 1845 345 1907 timore
360 1851 392 1906 et
407 1844 618 1908 refrenatione
636 1844 736 1925 legem
751 1852 904 1923 transgre·
922 1843 1079 1927 liquente
1104 1847 1181 1908 item
1207 1846 1248 1908 sit
1270 1847 1437 1910 beatorum
1463 1845 1580 1909 latitia.
1607 1843 1706 1917 Quam

151 1945 286 2006 diuntur
313 1942 481 2017 Altissimi,
508 1961 572 2006 non
600 1949 724 2005 tantum
754 1942 786 2004 in
817 1942 904 2004 vitiis
961 1945 1161 2008 intolerabile
1185 1945 1278 2008 nobis
1302 1952 1387 2008 esset
1409 1963 1473 2008 una
1501 1945 1578 2008 bora
1601 1942 1707 2024 jacere

149 2043 218 2123 jam
244 2043 415 2125 pratactis,
440 2043 495 2104 sed
520 2049 552 2104 et
576 2042 609 2104 in
633 2041 704 2104 aliis
734 2041 844 2104 multis
868 2059 905 2102 ac
961 2043 994 2105 in
1015 2043 1143 2107 fornace
1164 2045 1287 2108 ardenti
1310 2062 1316 2106 :
1339 2044 1415 2126 quid
1436 2061 1511 2125 ergo
1533 2051 1581 2106 est
1603 2043 1636 2105 in
1654 2060 1707 2123 ge-

151 2141 366 2223 gravioribus.
397 2141 479 2204 Ecce
512 2141 600 2204 enim
630 2141 720 2203 dives
752 2141 811 2204 iste
840 2148 904 2202 tarn
961 2143 1106 2206 bennalis
1132 2143 1214 2226 ignis
1239 2143 1388 2206 incendio
1416 2141 1608 2207 eternaliter
1637 2160 1708 2203 eru-

151 2240 292 2322 graviter
306 2241 548 2315 condemnatus,
566 2257 629 2303 non
646 2239 761 2321 legitur
776 2257 815 2302 eo
834 2257 906 2301 con·
961 2241 1063 2303 ciarif

153 2340 325 2402 demnatus
343 2339 420 2421 quia
439 2339 544 2401 aliena
559 2338 738 2412 abstulerit,
755 2339 810 2400 sed
830 2337 907 2419 quia
1001 2339 1130 2422 Legitur
1149 2341 1182 2403 in
1205 2341 1287 2404 libro
1308 2341 1347 2402 de
1369 2339 1532 2402 miraculis
1555 2340 1584 2403 S.
1602 2339 1709 2402 Hiero-

153 2438 286 2520 propria
308 2456 371 2500 non
396 2437 663 2516 communicavit;
679 2455 738 2499 nec
760 2437 836 2519 quia
861 2435 906 2498 lu·
963 2439 1062 2521 nymi,
1079 2440 1164 2522 quod
1184 2447 1252 2502 erat
1270 2439 1402 2522 quidam
1423 2437 1553 2501 nomine
1569 2439 1709 2502 Andreas

154 2537 305 2599 xuriosus
329 2536 426 2598 fuerit
450 2543 505 2598 aut
528 2536 664 2610 adulter,
690 2536 744 2598 sed
772 2535 848 2618 quia
872 2535 905 2597 in
962 2538 1129 2620 presbyter
1143 2537 1323 2612 cardinalis,
1341 2538 1396 2619 qui
1417 2544 1489 2620 post
1504 2543 1638 2601 mortem
1658 2557 1709 2600 su-

154 2634 250 2709 cibis,
274 2635 402 2718 potibus
427 2634 634 2717 vestibusque
658 2634 803 2697 excessit.
825 2634 905 2709 Quid
962 2657 1013 2700 am
1043 2637 1153 2700 divino
1184 2643 1391 2719 presentatus
1415 2635 1548 2719 judicio,
1575 2636 1635 2698 fuit
1665 2637 1710 2699 in-

154 2751 233 2815 ergo
254 2733 419 2797 infernalis
439 2733 591 2817 supplicii
614 2733 762 2796 imminet
782 2734 827 2796 eis
850 2733 905 2815 qui
963 2735 1141 2799 fernalibus
1164 2735 1365 2817 deputandus
1385 2734 1567 2818 suppliciis,
1583 2734 1624 2798 ob
1649 2735 1709 2798 boo

156 2840 232 2914 post
249 2833 339 2914 gulas
361 2851 446 2907 suas,
463 2851 541 2914 quas
561 2839 592 2895 et
614 2831 738 2895 festivis
757 2838 907 2894 exercent
964 2835 1048 2916 quod
1065 2833 1097 2895 in
1114 2833 1177 2896 vita
1191 2833 1250 2896 hac
1267 2833 1299 2894 in
1315 2833 1397 2896 cibis
1412 2840 1444 2896 et
1458 2833 1587 2915 potibus
1601 2851 1638 2895 ac
1657 2851 1710 2895 ve-

156 2930 284 3004 diebus,
306 2930 584 3006 fornicationibus,
600 2931 777 3004 adulteriis,
793 2929 906 2992 simili·
963 2933 1066 2996 stibus
1090 2932 1225 2994 nimium
1249 2931 1352 2995 luerat
1381 2939 1588 3014 sumptuosus
1614 2940 1710 3012 atque

157 3030 285 3112 busque
311 3029 481 3094 intendunt
505 3030 702 3092 sceleribusl
721 3031 765 3094 De
789 3030 906 3113 quibus
927 3026 1160 3115 Gsuperfluus,
1183 3031 1244 3092 nisi
1269 3031 1302 3092 B.
1327 3031 1536 3113 Hieronymus
1561 3030 1711 3092 interces-

27 3165 47 3194 ι.
113 3162 140 3199 n,
157 3129 263 3192 fertur
278 3129 310 3191 in
326 3129 470 3192 Psalmo:
487 3130 522 3191 ln
538 3127 646 3191 labore
661 3129 828 3192 bominum
844 3145 908 3192 non
963 3131 1058 3192 sisset
1078 3147 1136 3212 pro
1160 3146 1208 3204 eo,
1226 3129 1301 3211 quia
1323 3130 1355 3190 in
1379 3129 1408 3192 S.
1426 3129 1618 3211 Hieronymo
1639 3147 1709 3211 spe·

5 3239 39 3256 '·
156 3227 339 3292 sunt:ideo
353 3227 457 3291 tenuit
471 3245 525 3290 eos
540 3227 701 3310 superbia,
717 3228 819 3310 operti
834 3234 909 3290 sunt
964 3228 1077 3291 cialem
1108 3227 1264 3290 babuerat
1294 3227 1495 3290 devotionem
1527 3227 1558 3288 in
1595 3227 1711 3290 saeculo

157 3326 330 3408 iniquitate
352 3333 384 3388 et
406 3325 570 3408 impietate
595 3344 660 3388 sua.
679 3327 796 3389 Prodiit
818 3325 908 3407 quasi
964 3327 1033 3390 isto.
1051 3327 1088 3388 llt
1101 3325 1232 3409 praefato
1247 3343 1379 3388 excessu
1396 3325 1427 3386 in
1443 3324 1655 3398 vestimentis,
1667 3325 1711 3387 ci-

155 3445 200 3488 ex
218 3425 314 3508 adipe
336 3425 488 3507 iniquitas
507 3441 640 3504 eorum3
660 3425 855 3488 transierunt
875 3425 907 3487 in
964 3425 1013 3488 bis
1035 3424 1229 3507 potibusque
1249 3431 1392 3506 excepto,
1414 3423 1475 3485 fuit
1496 3422 1550 3486 ille
1569 3423 1710 3486 Andreas

153 3523 315 3586 affectum
349 3523 465 3598 cordis,
495 3523 716 3604 cogitaverunt
748 3531 780 3585 et
810 3522 907 3586 locuti
963 3524 1103 3587 virsatis
1123 3523 1235 3586 bonus.
1254 3522 1341 3584 Unde
1361 3521 1511 3604 precibus
1530 3540 1566 3584 ac
1587 3521 1710 3585 meritis

153 3630 235 3686 sunt
256 3621 443 3704 nequitiam.
963 3623 992 3685 S.
1007 3623 1190 3704 Hieronymi
1207 3621 1268 3684 fuit
1282 3621 1321 3684 ad
1337 3619 1435 3683 vitam
1451 3620 1545 3682 istam
1560 3620 1709 3683 reductus

198 3721 315 3794 Tertio,
324 3739 363 3783 ex
379 3721 544 3801 evangelio
560 3721 621 3784 isto
636 3722 798 3794 docemur,
809 3739 905 3802 quam
962 3729 994 3784 et
1009 3721 1134 3804 corpori
1155 3721 1331 3793 restitutus,
1349 3727 1385 3781 ut
1403 3719 1623 3802 poenitentiam
1638 3737 1709 3800 age-

151 3819 371 3884 subtilissima
386 3819 451 3882 sint
470 3819 525 3882 Dei
544 3818 676 3899 judicia,
693 3819 768 3900 quia
788 3819 820 3880 in
840 3837 907 3882 om·
962 3828 1010 3882 ret
1033 3820 1173 3901 dignam,
1200 3820 1282 3882 siout
1307 3826 1339 3880 et
1363 3818 1448 3880 fecit.
1475 3817 1541 3892 Oua
1570 3825 1708 3900 peracta,

151 3919 256 3982 nibus
272 3935 365 4000 poena
381 3917 610 4000 correspondet
629 3917 741 4000 culpa.
759 3917 846 3980 Unde
862 3917 907 3980 di·
962 3937 1071 3980 rursus
1093 3917 1265 3980 defunctus
1286 3925 1346 3992 est,
1368 3923 1399 3978 et
1421 3915 1569 3978 salvatus.

152 4036 214 4080 ves
238 4017 293 4098 qui
312 4016 446 4079 minima
466 4015 593 4095 negavit
613 4033 712 4096 egene
736 4015 768 4076 in
791 4015 908 4078 seculo
1002 4017 1210 4079 Attendamus
1230 4033 1305 4097 ergo
1322 4015 1406 4097 quod
1423 4023 1551 4077 sanctus
1566 4015 1610 4076 ait
1624 4013 1709 4077 Basi-
1794 4073 1798 4078 .

151 4117 232 4188 isto,
255 4132 356 4196 usque
378 4113 417 4176 ad
441 4113 575 4175 minima
599 4113 734 4194 petenda
758 4112 906 4195 delapsus
963 4116 1024 4178 lius
1044 4133 1050 4178 :
1070 4117 1227 4189 Quantum
1249 4132 1429 4197 possumus,
1446 4113 1576 4177 delicias
1598 4113 1708 4176 mundi

149 4214 255 4278 estin
271 4213 397 4277 inferno
415 4229 421 4274 :
438 4231 555 4294 nempe
570 4212 625 4294 qui
643 4211 694 4273 bic
710 4219 837 4291 rogatus
853 4211 908 4274 mi·
923 4212 947 4274 Ι)
962 4221 993 4276 et
1008 4215 1152 4278 ciborum
1167 4213 1364 4296 opulentiam
1381 4213 1599 4295 fugiamus,ne
1614 4230 1711 4292 quan·

148 4331 227 4376 cam
245 4329 307 4374 non
323 4311 421 4384 dedit,
438 4309 483 4372 ibi
498 4318 619 4390 guttam
635 4329 725 4392 aque
740 4311 832 4394 petiit
847 4329 906 4373 nec
963 4313 1003 4375 do
1032 4313 1163 4374 cruciati
1194 4312 1225 4374 in
1255 4311 1397 4372 flammis
1428 4309 1555 4385 inferni,
1584 4316 1708 4391 guttam

148 4409 298 4492 accepit;
314 4417 347 4472 et
368 4427 542 4492 pauperem
565 4428 661 4491 quem
682 4409 735 4472 bie
757 4410 788 4472 in
812 4411 906 4472 mise·
962 4430 1052 4492 aque
1076 4429 1267 4492 queramus,
1293 4416 1324 4470 et
1349 4406 1474 4468 nullum
1504 4407 1708 4490 refrigerium

148 4510 213 4573 riis
239 4508 319 4570 vidit
342 4527 380 4570 ac
404 4506 535 4589 sprevit,
563 4505 606 4568 ibi
633 4507 664 4568 in
690 4507 906 4571 consolatione
963 4526 1206 4590 consequamur.
