4192 6258
421 481 481 547 tal
766 497 914 547 coniuret
934 498 999 546 xxn
1019 499 1092 545 rosr
1111 497 1305 545 minnxrnu.
1325 515 1365 526 -
1386 497 1484 545 sunno
1504 495 1628 543 manus

959 911 1152 998 SERMO
1191 908 1434 998 TERTIUS

750 1176 790 1224 ll!
811 1175 1020 1225 consumens
1041 1175 1203 1224 saumana
1223 1175 1260 1221 ΕΤ
1281 1175 1393 1222 tttoonlt
1413 1175 1511 1222 otvmt
1532 1173 1649 1222 llllilflll.

491 1458 709 1524 ORRIPIE'T
729 1476 780 1517 me
796 1456 912 1533 justus
936 1457 973 1516 ire
995 1455 1176 1516 misericor·
1189 1454 1215 1517 A
1229 1454 1284 1537 qui
1299 1454 1362 1517 alio
1377 1454 1497 1518 sciente
1513 1460 1634 1538 peceat,
1650 1460 1810 1536 quantum
1830 1453 1862 1515 in
1878 1461 1961 1516 seesl

503 1558 561 1616 dic
585 1565 615 1616 et
641 1556 824 1631 increpabit
848 1574 917 1624 me;
937 1557 1042 1614 oleum
1066 1562 1176 1613 autem
1229 1552 1321 1615 illum
1336 1553 1535 1616 scandalizat.
1553 1553 1711 1626 Secundo,
1721 1551 1814 1633 juxta
1828 1551 1962 1634 Hiemny·

422 1656 602 1732 peccatoria
616 1674 681 1715 aon
695 1653 878 1730 r'mpiapuet
890 1661 987 1729 caput
998 1650 1173 1738 mecmPs.
1230 1669 1330 1725 mum,
1347 1651 1382 1713 ln
1396 1657 1438 1725 te,
1455 1651 1515 1714 boc
1530 1657 1579 1713 est
1592 1650 1713 1714 directe
1729 1657 1840 1713 contra
1854 1657 1893 1722 te,
1909 1668 1962 1713 non

426 1768 493 1828 cxx,
509 1752 538 1814 li.
1229 1756 1338 1813 contra
1353 1750 1454 1812 Deum
1469 1749 1964 1831 directe,secundumquodqua

467 1849 740 1926 Quemadmodum
759 1849 793 1911 in
807 1848 951 1912 ldattbaeo
966 1848 1107 1921 docetur,
1124 1864 1175 1910 oc·
1229 1849 1302 1911 dam
1317 1856 1447 1931 peccata
1461 1848 1535 1911 fieri
1550 1849 1702 1910 dicuntur
1716 1849 1749 1910 in
1766 1849 1878 1922 Deum,
1893 1867 1964 1930 qua·

426 1949 512 2013 casio
535 1967 592 2011 seu
617 1948 706 2030 origo
729 1966 767 2010 ex
791 1966 854 2029 qua
878 1945 1022 2009 Salvator
1043 1944 1177 2029 protulit
1229 1948 1300 2009 dam
1332 1948 1364 2009 in
1394 1947 1588 2030 proximum,
1613 1965 1714 2030 quum
1744 1955 1853 2010 tamen
1880 1965 1963 2010 omne

425 2046 610 2131 parabolam
626 2045 784 2127 evangelii
804 2044 960 2119 hodierni,
977 2044 1090 2126 inqua
1109 2043 1176 2124 jus·
1229 2052 1397 2128 peccatum
1417 2045 1459 2108 sit
1477 2044 1585 2127 aliquo
1604 2045 1699 2108 modo
1720 2045 1754 2107 in
1768 2046 1883 2118 Deum,
1897 2061 1963 2127 quo

426 2146 469 2209 sit
492 2153 527 2208 ut
550 2145 622 2208 aliis
651 2145 864 2226 ignoscamus
890 2141 952 2204 fuit
979 2149 1175 2224 preceptum
1229 2143 1316 2204 niam
1342 2141 1493 2223 displicet
1517 2142 1547 2204 ei
1572 2149 1604 2204 et
1627 2143 1698 2223 ejus
1721 2151 1881 2225 precepto
1903 2160 1965 2205 con·

426 2244 512 2325 quod
536 2244 574 2306 de
599 2242 801 2324 correptione
830 2240 970 2304 fraterna
997 2239 1174 2323 proposuit,
1230 2241 1387 2303 trariatur.
1404 2241 1631 2303 Verumtamen
1654 2248 1786 2323 peccata
1808 2261 1881 2323 qua
1902 2248 1966 2303 sunt

427 2341 536 2404 dicens
559 2361 566 2406 :
592 2341 624 2403 Si
649 2339 831 2422 peccaverit
854 2337 887 2400 in
912 2345 943 2400 te
968 2338 1065 2401 frater
1089 2345 1175 2412 tuus,
1230 2347 1339 2403 contra
1359 2347 1519 2422 precepta
1540 2340 1688 2403 secundae
1708 2339 1839 2414 tabula,
1857 2359 1910 2402 seu
1927 2341 1965 2401 di·

427 2439 506 2502 vade
531 2446 562 2501 et
588 2439 713 2520 corripe
738 2455 812 2499 eum
841 2437 925 2500 inter
954 2443 985 2499 te
1008 2443 1045 2499 ‘et
1069 2435 1176 2518 ipsum
1230 2446 1315 2500 reete
1330 2445 1439 2500 contra
1454 2438 1618 2500 caritatem
1634 2436 1819 2513 fraternam,
1830 2438 1966 2500 dicuntur

426 2537 540 2600 solum.
559 2537 626 2610 Quo
640 2535 760 2610 audito,
776 2535 931 2598 accedens
945 2534 1054 2597 Petrus
1074 2535 1113 2596 ad
1127 2534 1176 2597 le·
1230 2542 1360 2618 peccata
1375 2535 1408 2598 in
1422 2536 1622 2618 pmximum;
1638 2555 1710 2618 que
1725 2553 1802 2598 vero
1816 2543 1891 2598 sunt
1904 2553 1965 2598 con-

426 2656 510 2710 snm,
532 2635 614 2698 dixit
635 2652 642 2697 :
663 2634 808 2708 Domine,
830 2633 955 2716 quoties
977 2633 1123 2715 peccabit
1142 2633 1175 2695 in
1190 2633 1213 2695 B
1230 2642 1278 2698 tra
1306 2642 1464 2718 praecepta
1491 2635 1607 2698 tabula
1635 2635 1759 2717 prima,
1784 2653 1844 2697 seu
1871 2641 1966 2697 contra

426 2753 478 2798 me
502 2734 600 2797 frater
625 2752 726 2808 mens,
753 2741 785 2796 et
808 2732 968 2795 dimittam
992 2733 1049 2795 eit
1074 2751 1175 2814 usque
1230 2733 1341 2808 fidem,
1358 2752 1449 2816 spem
1464 2733 1514 2796 vel
1535 2733 1711 2807 caritatem,
1729 2733 1851 2815 quibus
1870 2733 1966 2796 imme

425 2835 566 2916 septiesf
588 2833 646 2896 (lui
667 2831 832 2914 respondit
853 2831 995 2894 Salvator
1013 2849 1020 2893 :
1036 2831 1105 2894 Non
1129 2831 1175 2893 di·
1230 2831 1314 2894 diate
1344 2832 1460 2894 colitur
1488 2833 1583 2906 Deus,
1609 2831 1761 2894 dicuntur
1790 2840 1918 2914 peccata
1938 2831 1965 2893 in

426 2949 464 2996 co
483 2931 553 3006 tibi,
571 2931 676 3013 Usque
696 2930 826 3012 septies,
843 2930 910 3004 sed,
927 2930 1031 3012 Usque
1052 2937 1176 3012 septua-
1230 2930 1342 3004 Deum,
1373 2930 1457 2992 sicut
1484 2929 1669 3004 infidelitas,
1695 2930 1887 3012 desperatio,
1910 2929 1966 2990 bla-

425 3032 492 3113 gies
522 3031 650 3113 septies.
683 3029 781 3110 Cujus
810 3028 901 3092 verbi
932 3028 1112 3090 intellectus
1142 3029 1175 3090 in
1230 3027 1386 3109 sphemia,
1412 3027 1445 3089 in
1470 3026 1588 3110 quibus
1613 3045 1677 3090 non
1701 3035 1830 3110 oportet
1854 3046 1966 3090 servare

425 3128 618 3211 precedenti
638 3144 785 3190 sermone
804 3133 853 3189 est
867 3125 1003 3188 babitus
1020 3125 1100 3188 Huic
1122 3125 1174 3188 de·
1230 3126 1375 3188 ordinem
1400 3125 1492 3188 illum
1518 3145 1614 3208 quem
1639 3127 1748 3189 docuit
1768 3146 1808 3190 ac
1830 3127 1968 3209 pracepit

427 3245 516 3290 mum
532 3225 732 3309 responsioni
748 3224 891 3288 Christus
907 3224 1089 3288 immediate
1104 3223 1176 3286 sub
1231 3223 1374 3286 Christus
1394 3225 1586 3287 servandum
1605 3224 1638 3286 in
1655 3225 1860 3306 correptione
1873 3224 1968 3287 frater·

425 3326 542 3408 junxit,
559 3327 633 3389 ldco
655 3324 867 3388 assimilatum
891 3331 939 3386 est
957 3341 1090 3404 regnum
1112 3343 1174 3387 cua
1230 3341 1280 3384 na.
1306 3321 1412 3384 'lertio
1440 3323 1621 3405 exponitur,
1646 3322 1681 3385 ln
1709 3329 1753 3397 te,
1779 3324 1843 3387 hoc
1864 3331 1920 3397 est
1941 3331 1967 3382 te

428 3426 531 3489 lorum
562 3424 684 3489 homini
712 3423 779 3504 regi
810 3423 865 3505 qui
889 3422 991 3485 voluit
1019 3422 1174 3486 rationem
1230 3421 1334 3485 solum
1350 3421 1476 3486 leserit.
1489 3421 1522 3485 Si
1537 3422 1624 3484 enim
1640 3429 1671 3484 et
1685 3422 1764 3486 alios
1781 3422 1967 3498 foederatae

427 3541 547 3606 ponere
571 3541 645 3585 cum
669 3521 770 3585 servis
795 3521 862 3583 suis
879 3541 886 3584 :
903 3522 989 3602 quod
1012 3528 1060 3583 est
1081 3539 1176 3584 avan·
1230 3539 1336 3584 coram
1359 3521 1423 3583 illis
1443 3528 1602 3603 peccaret,
1619 3539 1683 3584 non
1704 3529 1887 3585 servaretur
1903 3521 1969 3586 ordo

427 3623 547 3705 gelium
562 3622 764 3686 hodiernum.
781 3619 918 3702 Expedit
933 3620 1040 3702 itaque
1055 3619 1175 3703 aliquid
1230 3620 1439 3703 correptionis
1459 3619 1515 3702 qui
1535 3620 1693 3683 subditur.

428 3722 492 3784 dici
511 3721 550 3784 de
566 3720 766 3802 correptione
785 3718 934 3793 fraterna,
950 3718 1026 3800 quia
1045 3719 1177 3782 materia
1269 3719 1375 3783 Primo
1398 3735 1474 3800 ergo
1498 3719 1720 3801 corripiendus
1743 3727 1794 3783 est
1815 3720 1969 3802 pmximus

428 3819 613 3903 quotidiana
636 3838 672 3881 ac
697 3817 836 3900 practica
858 3824 915 3880 est.
931 3816 1050 3899 Estque
1071 3817 1214 3882 obser-fl
1231 3837 1304 3881 reus
1323 3825 1513 3893 secretana
1532 3817 1758 3892 confundatur,
1776 3827 1971 3902 exasperetur

428 3919 513 3982 vatio
532 3917 630 3998 hujus
651 3916 804 3999 precepti
823 3914 915 3978 valde
937 3917 1116 3979 necessaria
1137 3917 1177 3980 ad
1231 3925 1285 3980 aut
1306 3916 1500 3979 diffametur.
1516 3916 1651 3979 Vitanda
1671 3924 1721 3978 est
1739 3918 1891 3998 equidem
1909 3933 1970 4000 pro

429 4017 565 4079 salutem
581 4021 613 4078 et
627 4021 692 4076 tam
709 4012 891 4075 observanti
911 4032 1007 4095 quam
1026 4014 1097 4076 aliis
1114 4013 1178 4076 fru-
1231 4015 1309 4078 ximi
1324 4015 1471 4078 diffamia
1484 4022 1639 4098 qnantum
1654 4014 1728 4077 fieri
1743 4015 1971 4099 potesttquoni·

429 4113 596 4188 ctuosaob
612 4113 703 4194 cujus
718 4110 1001 4192 transgressionem
1015 4131 1070 4175 seu
1085 4112 1179 4176 omis·
1231 4133 1283 4177 am
1302 4133 1342 4176 ex
1361 4115 1475 4177 timore
1493 4112 1647 4176 diffamia
1667 4113 1761 4175 multi
1776 4115 1971 4178 retrahuntur

429 4214 552 4277 sionem
578 4211 728 4296 precepti
754 4210 1007 4274 innumerabiles
1029 4211 1176 4274 homines
1232 4231 1249 4274 a
1264 4213 1367 4293 vitiis3
1382 4211 1501 4275 idcirco
1516 4231 1617 4294 quum
1631 4231 1666 4275 se
1679 4212 1824 4275 viderint
1838 4213 1971 4276 diffama-

430 4313 693 4377 condemnantur.
1232 4319 1292 4386 tos,
1311 4318 1445 4393 peccant
1466 4311 1536 4373 sine
1558 4308 1686 4384 rubore,
1702 4309 1808 4393 fitque
1828 4313 1876 4375 eis
1895 4311 1971 4375 frons

468 4411 621 4493 Praecepit
649 4427 724 4491 ergo
749 4408 890 4472 Salvator
918 4408 1093 4491 unicuique
1123 4427 1177 4472 no·
1232 4409 1421 4484 meretricis,
1438 4427 1508 4490 que
1523 4408 1787 4472 inverecundiam
1803 4410 1972 4492 quasiaba-

430 4518 543 4584 strum,
559 4510 628 4573 viro
650 4516 682 4572 et
702 4507 841 4582 femina,
856 4507 968 4588 juveni
990 4526 1027 4569 ac
1046 4507 1175 4583 seniori,
1232 4516 1387 4571 rectorem
1411 4526 1468 4570 seu
1497 4508 1625 4588 signum
1652 4526 1717 4570 sua
1745 4508 1972 4590 prostitutionis

431 4609 559 4671 subdito
582 4615 615 4669 et
637 4607 767 4690 praelato
791 4625 798 4668 :
824 4605 856 4668 Si
881 4607 1061 4688 peccaverit
1086 4606 1120 4668 in
1144 4615 1174 4670 te
1232 4607 1390 4689 portatio
1413 4604 1526 4668 fronte.
1548 4605 1628 4668 ilinc
1647 4607 1811 4688 peccatori
1834 4609 1971 4671 indurato

431 4707 528 4769 frater
551 4712 637 4779 tuus,
652 4703 742 4779 vade,
760 4704 884 4785 corripe
903 4722 978 4765 eum
997 4704 1080 4766 inter
1094 4711 1126 4766 te
1145 4712 1178 4767 et
1231 4703 1511 4787 inverecundoque
1532 4702 1649 4766 dicitur
1671 4706 1757 4787 apud
1779 4706 1969 4769 Ieremiam:

431 4808 538 4889 ipsum
560 4803 674 4866 solum.
695 4804 731 4865 ln
752 4802 870 4885 quibus
894 4801 1012 4876 verbis,
1033 4821 1091 4884 per
1114 4801 1176 4864 fra·
1230 4804 1328 4868 Frons
1353 4803 1498 4866 mulieris
1523 4803 1701 4866 meretricis
1724 4802 1810 4868 facta
1834 4813 1884 4870 est
1905 4805 1969 4878 tibi,
1990 4819 2056 4865 tas-1

430 4914 512 4968 trem
542 4901 731 4982 intelligitur
757 4900 893 4983 quilibet
924 4900 1089 4982 proximus
1119 4920 1175 4964 seu
1230 4903 1360 4967 noluisti
1379 4902 1577 4966 erubescere.
1598 4904 1634 4965 ln
1652 4909 1778 4966 tantum
1797 4908 1887 4970 enim
1906 4925 1972 4990 pee-

430 5003 535 5069 omnis
558 4999 793 5073 christifidelis
815 4999 1047 5081 cujuscumque
1070 4999 1111 5062 sit
1130 5019 1176 5063 se·
1190 4997 1215 5059 b
1230 5009 1336 5064 catum
1360 5001 1515 5065 rationem
1539 5009 1687 5077 excecat,
1708 5003 1793 5084 quod
1819 5005 1916 5068 homo
1937 5005 1971 5067 de

431 5123 490 5166 xus
509 5108 563 5164 aut
581 5099 706 5181 gradus.
722 5099 817 5161 Porro
839 5098 923 5180 quod
944 5099 998 5172 ait,
1014 5099 1049 5160 ln
1068 5106 1111 5172 te,
1128 5099 1175 5161 in·
1229 5100 1429 5182 turpitudine
1452 5099 1604 5162 vitiorum
1633 5117 1765 5164 suorum
1795 5121 1863 5167 non
1892 5123 1972 5168 vere·

430 5201 530 5281 talligi
550 5204 654 5282 potest
672 5195 850 5278 tripliciter.
866 5196 981 5271 Primo,
999 5198 1174 5282 secundum
1231 5198 1398 5273 condatur,
1415 5199 1480 5262 imo
1499 5199 1661 5261 interdum
1681 5199 1757 5262 inde
1776 5220 1811 5264 se
1829 5203 1928 5283 jactat
1946 5210 1973 5266 et

430 5299 655 5381 Augustiuum,
667 5295 702 5358 ln
717 5302 759 5370 te,
771 5296 831 5358 hoc
845 5300 894 5358 est
909 5303 939 5359 te
953 5295 1177 5378 scientazquia
1229 5296 1393 5379 gloriatur,
1418 5297 1688 5380 quemadmodum
1716 5299 1756 5362 de
1779 5301 1973 5382 gravissimis
