4206 6258
403 475 464 540 633
593 493 742 542 novimen
762 494 836 540 XXIV
857 494 930 541 Post
951 489 1144 538 Thllil'l'll'l‘llll.
1165 507 1206 520 ·-
1226 491 1268 537 Al)
1289 489 1484 556 nutlaiosos;
1507 493 1604 540 Sfflo
1625 491 1763 549 QUARTUS

403 662 610 728 multitudine
639 662 841 747 operantium
871 663 1083 745 iniquitatem.
1115 662 1152 725 Et
1167 659 1193 726 l
1208 663 1340 745 poribus
1359 663 1392 727 in
1412 663 1652 727 conversatione
1671 660 1847 726 monastica
1865 679 1945 724 exer-

403 762 565 824 transtulit
584 781 641 828 nos
662 764 696 826 iu
716 781 850 845 regnum
870 761 942 824 Filii
962 761 1011 824 sui
1031 760 1151 836 dilecti,
1207 761 1333 836 citatus,
1347 761 1481 843 iejuniis
1501 761 1639 825 maxime
1658 769 1691 824 et
1709 759 1851 824 lacrimis
1866 759 1947 821 ador·

403 857 435 921 id
456 866 514 934 est,
530 861 570 922 ad
591 879 713 924 sacram
735 860 923 941 religionem
944 858 1151 921 monasticam
1207 867 1310 934 natus,
1345 878 1381 922 ac
1414 859 1486 923 aliis
1521 859 1671 942 plurimis
1704 857 1947 922 exuberantibus

403 974 460 1020 nos
475 959 634 1040 perduxit,
652 959 685 1020 in
705 976 769 1040 qua
783 957 926 1022 Christus
946 956 1149 1038 pergratiam
1208 957 1300 1021 bonis
1325 958 1475 1040 repletus.
1501 958 1561 1034 Qui
1590 957 1720 1039 majoris
1748 955 1947 1040 perfectionis

402 1055 524 1118 habitat
539 1057 721 1139 specialem.
737 1057 772 1118 ln
788 1073 852 1138 quo
872 1072 969 1136 regno
988 1055 1048 1118 soli
1064 1053 1151 1118 Chri·
1207 1055 1366 1120 desiderio
1386 1056 1508 1132 abiens,
1525 1056 1781 1121 anachoreticam
1801 1053 1875 1118 alibi
1895 1055 1947 1117 du-

402 1161 451 1218 sto
467 1154 604 1218 militare
620 1155 787 1230 debemus,
805 1163 836 1217 et
856 1171 986 1237 prorsus
1006 1153 1152 1235 spiritua·
1180 1155 1254 1218 ‚nit
1283 1155 1391 1230 vitam,
1419 1156 1643 1218 arduissimam
1672 1162 1705 1217 et
1733 1154 1832 1216 nimis
1859 1171 1949 1234 angu—

402 1251 475 1316 liter
499 1254 702 1333 conversari3
723 1261 755 1316 et
773 1271 902 1316 carnem
927 1259 1067 1314 nostram
1087 1269 1151 1314 non
1207 1261 1300 1326 stam,
1318 1253 1392 1335 quia
1412 1261 1442 1317 et
1460 1253 1549 1317 locus
1569 1254 1602 1316 in
1621 1270 1686 1336 quo
1705 1251 1851 1334 degebat,
1866 1251 1947 1314 omni

403 1351 583 1426 carnaliter,
609 1352 664 1415 sed
693 1351 902 1434 spiritualiter
931 1350 1089 1424 adamare,
1115 1366 1152 1412 ea
1207 1353 1348 1414 humano
1367 1352 1495 1415 carebat
1513 1353 1636 1426 solatio,
1654 1360 1686 1414 et
1706 1350 1800 1434 quasi
1818 1350 1948 1413 inacees

402 1439 584 1513 exhibendo
608 1450 712 1512 eidem
734 1468 806 1531 quae
827 1449 866 1511 ad
887 1456 1039 1513 aeternam
1063 1465 1152 1510 suam
1208 1451 1311 1513 sibilis
1334 1451 1403 1514 luit.
1420 1451 1479 1525 Qui
1501 1451 1587 1514 circa
1607 1451 1709 1515 linem
1731 1451 1808 1514 vitm
1828 1469 1891 1513 sue
1911 1451 1947 1512 ad

401 1546 669 1629 glorificationem
699 1547 874 1630 proliciunt
898 1547 949 1626 ei;
978 1564 1036 1608 nec
1061 1545 1153 1627 quid·
1207 1549 1370 1631 propriam
1400 1549 1495 1612 rediit
1521 1550 1644 1613 cellam.
1670 1550 1706 1613 ln
1736 1569 1800 1632 qua
1828 1549 1948 1612 nudem

403 1665 499 1728 quam
530 1647 697 1709 admittere
727 1663 790 1728 quo
818 1653 933 1708 nostres
961 1644 1073 1707 salutis
1099 1644 1154 1706 ad·
1207 1654 1372 1728 agrotans,
1394 1654 1467 1710 ante
1489 1667 1589 1710 unum
1612 1648 1662 1711 sui
1684 1647 1791 1712 obitus
1813 1647 1896 1709 diem
1918 1647 1948 1708 in

316 1783 321 1792 ·
402 1744 535 1808 versarii
560 1745 766 1807 delectantur.
791 1743 1035 1807 Consideremus
1061 1749 1153 1804 acute
1207 1745 1321 1807 ecstasi
1337 1746 1453 1808 mentis
1468 1744 1583 1821 factus,
1594 1746 1713 1828 apertis
1729 1742 1833 1808 oculis
1848 1746 1949 1827 adspe

404 1862 501 1924 quam
533 1841 774 1923 infatigabiliter
803 1841 921 1903 milites
952 1839 1151 1922 stipendiarii
1166 1840 1190 1902 Β
1208 1844 1254 1906 xit
1268 1843 1308 1905 ad
1321 1844 1484 1908 dexteram
1499 1844 1550 1907 sui
1566 1844 1675 1908 lectuli
1692 1850 1724 1906 et
1739 1843 1909 1916 sinistram,
1920 1849 1950 1906 et

404 1959 462 2004 suo
477 1942 544 2022 regi
559 1940 683 2015 fideles,
700 1940 892 2002 insidientur
905 1957 942 2001 ac
957 1937 1153 2000 reluctentur
1207 1942 1297 2024 quasi
1320 1942 1360 2003 ad
1384 1943 1578 2006 reddendam
1603 1943 1761 2006 rationem
1783 1961 1804 2004 a
1827 1941 1949 2024 quibus

404 2040 550 2104 hostibus
566 2040 655 2121 regni
671 2040 754 2120 regis
773 2057 811 2101 ac
826 2037 947 2100 domini
968 2037 1018 2099 sui
1036 2055 1043 2098 :
1059 2037 1153 2099 sicet
1208 2042 1280 2104 dam
1301 2049 1440 2115 exactus,
1458 2042 1582 2104 cunctis
1602 2043 1658 2123 qui
1677 2041 1809 2104 aderant
1828 2041 1949 2103 audien

256 2164 391 2212 inmun.
404 2157 473 2214 uos,
495 2140 522 2204 si
547 2140 612 2201 Deo
630 2137 853 2220 omnipotenti,
875 2136 942 2218 regi
962 2135 1152 2200 saeculorum
1207 2140 1304 2214 tibus,
1326 2139 1407 2202 dixit
1430 2140 1590 2203 interdum
1614 2141 1660 2202 sic
1678 2159 1685 2202 ε
1703 2141 1819 2222 Utique
1844 2157 1948 2202 verum

406 2237 589 2313 immortali,
609 2237 776 2310 invisibili,
797 2254 871 2299 vere
892 2234 1005 2298 fideles
1029 2233 1153 2297 exsisti·
1207 2247 1266 2312 est,
1290 2239 1345 2302 sed
1364 2238 1530 2302 confessus
1550 2259 1633 2312 sum,
1649 2246 1682 2301 et
1701 2247 1791 2302 tanto
1813 2245 1948 2320 tempore

265 2326 286 2356 '¹
406 2355 489 2411 mus,
506 2338 533 2400 si
549 2337 656 2419 ipsum
671 2335 794 2398 sincere
809 2333 983 2416 diligimus,
994 2332 1152 2395 universis
1206 2338 1349 2419 jejunavi
1375 2355 1433 2420 pro
1462 2337 1543 2417 isto;
1565 2337 1724 2401 interdum
1751 2338 1809 2411 sic,
1834 2337 1949 2419 Nequa-

406 2435 529 2500 aemulis
548 2436 598 2498 sui
617 2434 747 2498 honoris
767 2452 802 2496 ac
822 2440 937 2496 nostrae
956 2432 1151 2506 salvationis
1208 2455 1316 2519 quam,
1333 2437 1389 2499 sed
1413 2437 1604 2500 mentimini.
1621 2437 1818 2518 Quandoque
1842 2435 1888 2498 sic
1909 2436 1950 2498 di-

404 2535 608 2608 daemonibus,
616 2531 877 2614 concupiscentiis
891 2532 1002 2606 carnis,
1011 2530 1154 2594 vanitati·
1208 2535 1278 2596 xit:
1295 2534 1381 2596 lstud
1403 2532 1477 2609 ieci,
1498 2535 1553 2597 sed
1576 2533 1751 2616 deploravi,
1768 2541 1801 2597 et
1822 2533 1949 2596 Domino

404 2633 464 2697 bus
480 2633 592 2696 mundi
612 2640 644 2696 et
662 2632 751 2695 omni
768 2630 941 2714 iniquitati,
957 2630 1044 2694 omni
1061 2629 1152 2691 indu·
1208 2631 1404 2712 ministravi3
1420 2634 1611 2714 quandoque
1636 2633 1693 2708 sic,
1715 2633 1807 2695 False
1832 2651 1882 2694 me
1904 2650 1949 2694 ae-

404 2733 481 2795 stria
493 2751 530 2796 ae
543 2733 659 2795 virtute
675 2749 749 2794 cum
765 2729 947 2793 incessabili
959 2729 1015 2791 liei
1029 2728 1154 2790 iuvoca-
1208 2732 1335 2795 cusatis.
1358 2731 1540 2813 Aliquando
1562 2738 1669 2794 autem
1694 2731 1805 2793 dixit:
1826 2731 1872 2794 lta
1894 2739 1947 2803 est,

404 2833 491 2895 tione
507 2849 722 2914 repugnemus
742 2837 772 2893 et
793 2829 993 2892 insidiemur.
1012 2827 1051 2889 Et
1069 2827 1154 2889 sicut
1207 2849 1266 2893 nec
1287 2830 1377 2893 valeo
1397 2831 1600 2912 respondere,
1618 2830 1672 2893 sed
1695 2830 1728 2892 in
1748 2831 1814 2892 Deo
1832 2836 1881 2892 est
1896 2829 1950 2891 rui-

405 2930 654 3013 pugnantissimi
678 2937 772 3012 atque
797 2927 963 2992 fortissimi
990 2926 1152 3010 principes
1208 2929 1389 2993 sericordia.
1408 2929 1445 2990 tlt
1464 2937 1532 2990 erat
1548 2928 1693 2991 terribile
1712 2936 1745 2991 et
1762 2927 1949 2992 horrendum

406 3029 603 3092 adversarios
619 3047 693 3092 suos
708 3037 825 3091 terram
841 3045 931 3090 suam
947 3025 1070 3107 ingredi
1088 3042 1152 3088 non
1168 3025 1190 3091 G
1209 3035 1326 3091 exactae
1350 3026 1481 3089 rationis
1506 3027 1753 3090 exsecutorium.
1779 3026 1860 3089 Ecce
1885 3045 1951 3088 aua·

407 3127 606 3211 permittunt,
624 3129 679 3190 sed
695 3134 782 3190 extra
796 3127 880 3188 lines
895 3143 969 3188 suos
984 3125 1030 3187 eis
1045 3141 1155 3188 occur·
1209 3127 1338 3190 choreta
1355 3125 1412 3208 qui
1432 3125 1518 3188 circa
1538 3125 1748 3208 quadraginta
1769 3143 1868 3188 annos
1888 3143 1948 3188 mo

407 3234 497 3306 runt3
515 3227 557 3289 ita
571 3233 603 3289 et
618 3243 675 3290 nos
695 3243 897 3309 nequaquam
917 3225 1030 3287 demus
1047 3223 1153 3285 locum
1209 3225 1329 3288 nachus
1351 3225 1424 3300 luit,
1441 3233 1473 3287 et
1493 3225 1613 3287 donum
1634 3224 1838 3288 lacrimarum
1859 3223 1948 3287 habe

286 3340 292 3354 ·
406 3325 543 3400 diabolo,
562 3326 627 3388 imo
642 3325 712 3406 ejus
727 3321 982 3405 suggestionibus
997 3321 1104 3384 statim
1121 3321 1154 3382 iu
1209 3323 1273 3398 bat,
1289 3324 1328 3385 ad
1348 3323 1500 3405 quasdam
1521 3322 1716 3386 offensiones
1732 3322 1794 3386 sihi
1812 3321 1947 3404 objectas

406 3424 567 3506 principio
582 3424 769 3496 renitarnur,
781 3440 934 3502 negemus
950 3438 1152 3494 consensum,
1209 3422 1300 3496 dixit,
1316 3421 1363 3484 Ad
1378 3421 1438 3483 hoc
1453 3421 1533 3483 nihil
1549 3421 1656 3484 dicere
1674 3437 1805 3504 possum
1826 3439 1883 3484 nee
1900 3421 1948 3482 ha-

406 3523 507 3586 divini
527 3522 759 3585 districtionem
777 3520 904 3602 judicii,
921 3518 1154 3582 amarissimam
1209 3519 1352 3602 beozqui
1368 3525 1474 3582 tamen
1490 3520 1523 3580 in
1539 3520 1664 3582 deserto
1678 3518 1947 3592 adhuchahitans,

406 3627 542 3684 mortem
564 3619 691 3693 Christi,
709 3618 885 3682 inferorum
909 3617 1077 3699 supplicia,
1094 3634 1155 3679 coe-
1210 3619 1396 3700 leopardum
1418 3618 1457 3680 ad
1481 3635 1516 3680 se
1536 3618 1719 3680 venientem
1744 3617 1899 3700 pascebat.
1915 3617 1949 3678 Et

406 3719 494 3782 lestis
517 3719 625 3802 palatii
648 3718 773 3799 gaudia,
791 3716 902 3780 mortis
920 3715 1154 3798 appropinqua·
1210 3726 1316 3780 tamen
1333 3715 1385 3780 hic
1400 3716 1473 3779 talis
1492 3723 1524 3778 et
1538 3723 1645 3780 tantus
1665 3716 1725 3779 sub
1745 3717 1804 3779 hac
1823 3716 1949 3779 exactio

406 3817 784 3892 tionem,amaritudinem
800 3824 833 3878 et
847 3815 1018 3878 discrimen
1032 3813 1157 3875 assidue
1210 3834 1251 3878 ne
1271 3814 1438 3878 discedens
1453 3833 1471 3876 a
1490 3830 1632 3895 corpore,
1651 3814 1855 3877 manifestum
1873 3813 1948 3875 indi-

408 3917 612 3979 recordemur
633 3932 640 3977 :
663 3915 738 3989 imo,
762 3915 847 3996 quod
873 3913 1010 3976 maxime
1034 3918 1156 3994 spectat
1210 3913 1298 3976 cium
1319 3930 1383 3976 uon
1404 3910 1535 3994 reliquit
1553 3931 1624 3994 quae
1643 3910 1742 3974 luerit
1761 3911 1865 3975 finalis
1883 3913 1946 3992 ejus

406 4016 445 4078 ad
470 4032 538 4086 nos,
555 4032 594 4076 ex
619 4012 835 4075 sincerissimo
859 4011 914 4074 liei
940 4028 1047 4074 amore
1071 4009 1155 4072 odia·
1211 4011 1377 4074 sententia.
1395 4009 1475 4085 Quid
1490 4027 1566 4092 ergo
1580 4008 1638 4073 fiet
1652 4011 1692 4072 dc
1713 4010 1806 4073 nohis
1820 4019 1882 4073 tam
1898 4011 1944 4072 de-

408 4133 479 4177 mus
499 4132 535 4176 aa
554 4113 712 4176 evitemus
732 4129 827 4174 omne
846 4111 930 4193 quod
950 4109 1098 4191 displicet
1112 4108 1154 4182 ei,
1210 4109 1362 4174 lectuosis
1381 4117 1476 4191 atque
1495 4108 1722 4190 fragilissimis,
1739 4117 1803 4172 tam
1824 4109 1943 4172 remisse

407 4221 440 4279 et
458 4213 628 4294 diligamus
647 4229 685 4273 ac
705 4227 936 4294 prosequamur
955 4226 1048 4272 omne
1070 4207 1156 4290 quod
1170 4205 1195 4270 l)
1210 4208 1404 4284 viventibus,
1424 4208 1519 4270 toties
1540 4207 1629 4271 omni
1649 4207 1702 4270 die
1727 4207 1943 4290 peccantibusl

408 4312 584 4394 complacet
605 4309 678 4392 ipsi.
1209 4309 1278 4372 Non
1300 4307 1387 4370 aliud
1408 4313 1515 4380 restat,
1531 4305 1593 4368 nisi
1617 4313 1653 4368 ut
1671 4306 1876 4369 vehementer
1890 4304 1942 4368 ior·

446 4410 553 4475 Refert
574 4409 731 4473 Climacus
752 4407 861 4470 dicens
879 4421 886 4468 :
904 4405 975 4468 Fuit
994 4405 1026 4466 in
1047 4412 1154 4468 monte
1211 4407 1381 4479 midemus‚
1398 4423 1520 4486 nosque
1542 4404 1683 4487 quotidie
1705 4405 1831 4468 fortiter
1849 4423 1942 4468 emen·

407 4509 468 4573 hoc
483 4508 569 4573 Sinai
584 4508 762 4592 Stephanus
782 4506 912 4588 quidam
932 4503 1105 4566 solitariam
1123 4509 1156 4564 et
1211 4505 1334 4578 demus,
1358 4503 1390 4566 in
1420 4502 1507 4565 omni
1532 4503 1686 4577 custodia,
1709 4504 1893 4586 paenitentia
1916 4509 1943 4565 et

407 4609 613 4691 tranquillam
630 4607 765 4688 diligens
781 4605 937 4678 vitam,ac
953 4602 1061 4665 multis
1077 4609 1155 4663 tern-
1211 4602 1356 4685 proiectu
1379 4609 1627 4684 perseverantes.
