4140 6258
313 484 461 534 numum
480 486 515 532 ιιι
534 484 608 532 rosr
626 483 821 532 mmrmrsu.
843 501 883 514 -
902 484 945 530 nn
964 483 1159 550 mtrurosos3
1182 485 1280 534 sunno
1301 487 1429 544 nuruum
1584 466 1642 532 371

94 654 210 718 coelum
232 663 264 717 et
283 663 399 720 termm
420 673 483 718 non
505 655 546 718 sit
564 661 628 718 tam
651 655 759 729 miser,
776 663 840 717 tam
856 655 880 716 Α
897 655 928 716 in
951 673 1002 718 me
1022 674 1124 718 vacua
1145 669 1208 718 uon
1233 656 1302 718 fuit.
1326 658 1436 740 ltaque
1458 658 1642 720 studeamus

93 753 177 826 vilis,
194 762 259 817 tam
283 755 417 819 vitiosus
438 755 535 819 homo
557 763 592 817 ut
612 755 698 837 ipse;
715 761 747 816 et
766 772 838 816 cum
893 753 1012 834 jugiter
1034 753 1190 818 fructuosi
1212 755 1376 829 exsistere,
1400 757 1508 838 grotiae
1530 773 1643 838 coope-

2 877 78 924 auus.
93 851 243 933 Apostulo
267 871 306 916 cx
335 854 430 916 corde
459 853 576 916 fatetur
601 869 608 914 :
634 852 727 914 l'enit
751 853 840 915 lesus
895 853 969 926 ruri,
987 852 1018 914 in
1035 853 1158 915 cunctis
1172 852 1346 916 virtutibus
1361 853 1507 928 stabiliri,
1519 871 1556 916 ea
1571 873 1641 936 quaa

92 957 274 1032 peccatores
293 952 397 1014 salvos
412 950 528 1026 facere,
545 967 681 1033 quorum
702 968 761 1030 ego
776 949 839 1032 pri·
895 957 1011 1013 sancta
1030 949 1193 1031 religionis
1215 959 1289 1013 sunt
1309 959 1437 1014 strenue
1458 950 1638 1026 observare,

93 1068 163 1111 mus
185 1069 268 1112 snm.
895 1047 980 1110 intus
1000 1054 1032 1108 et
1050 1054 1140 1110 extra
1157 1065 1215 1110 nos
1236 1048 1392 1111 custodite
1411 1048 1539 1124 habere,
1560 1050 1640 1112 alter
1654 1067 1786 1122 uantur.

130 1148 292 1224 Praeterea,
315 1155 433 1231 quanto
457 1147 529 1230 quis
552 1147 789 1210 immoderatior
808 1153 839 1208 et
893 1144 1024 1207 alterius
1053 1163 1150 1208 onera
1180 1153 1316 1228 portare,
1347 1147 1466 1210 honore
1498 1147 1637 1210 invicem
1667 1167 1784 1222 nomm,

91 1246 247 1309 curiosior
261 1246 358 1309 luerit
372 1246 508 1310 aliorum
524 1245 717 1318 observator,
735 1245 839 1328 inspe·
893 1243 1080 1324 praevenire,
1102 1263 1159 1325 per
1181 1246 1344 1308 caritatem
1370 1253 1482 1307 mutuo
1502 1245 1639 1309 deservi·
1654 1233 1686 1273 ¹⁰·

90 1352 168 1418 ctor,
179 1344 383 1425 dijudicator,
395 1352 484 1408 tanto
501 1345 607 1406 minus
622 1344 775 1416 advertet,
787 1344 839 1405 de·
894 1359 937 1413 re,
968 1341 1132 1404 caritative
1161 1361 1197 1405 ac
1226 1342 1364 1405 dulciter
1395 1342 1533 1405 invicem
1564 1343 1638 1406 affi-

90 1441 229 1524 planget,
245 1443 359 1505 vitabit
375 1450 407 1504 et
426 1442 563 1524 corriget
585 1441 729 1524 proprias
751 1440 837 1504 labes
892 1439 933 1512 oi,
955 1440 1181 1522 exemplariter
1200 1441 1393 1515 conversari,
1415 1448 1446 1504 ct
1467 1449 1578 1504 mutuo
1598 1443 1638 1504 ad

88 1559 123 1602 ac
147 1541 265 1604 trabes.
287 1543 360 1606 ldeo
383 1560 479 1623 grave
503 1547 551 1602 est
576 1539 768 1602 curiositatis
794 1539 838 1602 vi·
893 1537 1026 1600 meliora
1049 1555 1232 1621 provocare,
1249 1539 1374 1602 nullum
1398 1539 1552 1622 temporis
1574 1558 1638 1604 mo·

89 1640 181 1712 tium,
211 1640 297 1722 quod
326 1640 403 1703 dum
432 1639 595 1702 hominem
625 1639 710 1700 circa
737 1638 836 1700 alium
892 1645 1036 1700 mentum
1066 1637 1263 1700 infructuose
1293 1639 1498 1720 expendere3
1529 1647 1564 1700 ut
1592 1639 1638 1702 sic

88 1746 235 1819 occupat,
256 1756 291 1800 se
311 1737 417 1820 ipsum
437 1737 630 1818 sibimetipsi
652 1735 835 1814 abscondit;
890 1735 1100 1799 humiliemur
1127 1736 1160 1798 in
1191 1737 1293 1810 bonis,
1324 1744 1356 1798 et
1383 1737 1500 1799 assueti
1530 1739 1638 1801 redda-

87 1842 182 1916 atque
203 1843 239 1897 ut
259 1842 386 1898 sanctus
408 1834 506 1898 abbas
526 1834 722 1918 Paphnutius
744 1834 834 1908 dixit,
850 1833 873 1896 B
892 1853 964 1896 mur
982 1835 1142 1898 exercitiis
1162 1853 1289 1917 semper
1309 1835 1455 1898 insistere
1474 1835 1635 1910 virtuosis,

87 1934 159 1995 tulis
183 1934 300 1997 similis
325 1941 374 1998 est
398 1934 527 1997 habenti
558 1933 724 2016 proprium
754 1951 837 1996 mor·
891 1933 1001 2015 sicque
1026 1952 1099 1995 cum
1131 1933 1251 2014 ingenti
1281 1933 1490 1996 delectatione
1514 1934 1579 1996 lleo
1603 1935 1636 1996 in

86 2040 179 2096 tuum
206 2032 362 2116 illumque
385 2033 591 2115 relinquenti,
612 2033 702 2096 etad
727 2032 835 2114 deplo-
889 2032 1040 2096 omnibus
1062 2032 1289 2114 obsequamur,
1312 2050 1372 2095 nec
1395 2032 1502 2095 animo
1525 2032 1636 2113 fatige-
1651 2053 1780 2105 necatus.

88 2131 224 2194 randum
254 2131 304 2194 sui
331 2131 430 2194 vicini
461 2131 648 2195 defunctum
678 2131 833 2213 pergenti.
890 2149 971 2194 mur.
990 2130 1079 2193 Tales
1099 2130 1230 2192 fuerunt
1244 2130 1438 2193 sanctissimi
1458 2131 1562 2193 Patres
1583 2149 1637 2194 no·

86 2229 174 2302 Quod
200 2237 302 2292 totum
328 2229 361 2292 in
385 2229 542 2310 religiosis
563 2247 691 2292 summe
715 2247 835 2313 praepo·
890 2229 946 2291 stri
964 2228 996 2290 in
1012 2228 1196 2311 eremo,qui
1213 2247 1296 2312 saepe
1312 2236 1376 2292 tota
1391 2237 1483 2292 nocte
1501 2230 1637 2293 orationi

86 2334 210 2389 sterum
234 2335 283 2389 est
307 2334 339 2390 et
364 2327 523 2410 iniquum,
548 2327 623 2409 quia
647 2345 757 2390 eorum
783 2345 836 2410 po
890 2335 922 2390 et
941 2327 1202 2409 contemplationi
1224 2327 1441 2390 indesinenter
1460 2335 1491 2390 et
1509 2329 1637 2409 gaudio

86 2425 212 2489 tissime
241 2433 289 2488 est
316 2426 528 2510 sibimetipsis
558 2434 589 2489 et
618 2426 682 2488 Deo
712 2433 835 2489 tantum
890 2445 923 2488 se
949 2434 1040 2488 erant
1065 2425 1190 2498 intenti,
1216 2425 1402 2508 orienteque
1432 2427 1498 2490 sole
1523 2428 1638 2488 contri-

87 2523 264 2586 intendere.
889 2522 1054 2586 stabantur
1068 2525 1154 2605 quod
1168 2544 1186 2587 a
1201 2543 1324 2587 summa
1339 2531 1371 2586 et
1386 2524 1637 2588 incommutabili

126 2622 302 2696 Postremo,
333 2642 407 2686 curn
436 2623 586 2705 Apostolo
617 2622 753 2705 quilibet
782 2639 836 2685 no
890 2621 961 2684 lucc
985 2623 1175 2685 exercitium
1204 2642 1299 2686 suum
1329 2623 1525 2705 suspendere
1549 2641 1639 2704 coge-

26 2755 72 2792 .1‹‚
86 2729 190 2783 strum
220 2720 412 2784 confiteatur
436 2728 468 2784 ct
492 2721 586 2795 dicat,
612 2721 754 2785 «Gratia
778 2721 833 2784 Dei
889 2719 1015 2783 bantur.
1033 2721 1172 2794 Quorum
1194 2740 1284 2784 sacra
1298 2721 1431 2800 vestigia
1451 2721 1563 2783 saltem
1583 2721 1638 2783 ali·

85 2839 157 2882 sum
176 2819 209 2883 id
224 2821 310 2902 quod
325 2839 397 2883 sum
413 2837 449 2900 »3
465 2837 681 2901 necunquam
698 2820 836 2882 inaniter
889 2819 1027 2900 qualiter
1041 2819 1131 2900 sequi
1147 2820 1295 2892 nitamur,
1303 2819 1342 2881 ad
1358 2818 1525 2882 Dominum
1541 2819 1638 2881 Deum

84 2918 290 2982 extollamur.
320 2919 381 2983 Sed
410 2919 532 2982 utinam
562 2918 646 3001 quod
678 2918 833 3001 sequitur,
889 2926 1034 2980 nostrum
1064 2918 1158 2981 corda
1186 2925 1293 2980 nostra
1322 2935 1379 3000 per
1404 2917 1580 2981 orationem
1605 2925 1637 2980 et

84 3037 161 3080 curn
181 3016 333 3100 Apostolo
355 3017 413 3080 fari
436 3017 596 3100 possimus
614 3037 621 3082 ε
639 3017 744 3082 Gratia
766 3017 836 3098 ejus
853 3017 874 3082 C
892 3016 1194 3100 contemplationem
1214 3016 1353 3079 ubertim
1374 3016 1525 3080 levantes

616 3449 808 3538 stulto
846 3448 1101 3553 QUINTUS

422 3713 462 3760 D!
483 3712 611 3769 QUAM!
631 3713 770 3762 manui
791 3713 829 3760 Π
849 3713 983 3760 oddohrx
1004 3712 1159 3760 SUPmlB
1180 3711 1294 3760 sl’ttdtx.

143 3993 392 4056 HARISAEUS
411 4000 513 4062 stans,
529 3993 700 4068 hocopud
714 4010 746 4050 se
760 4011 832 4052 ora
886 3991 999 4054 mundi
1029 3989 1225 4072 accepimus,
1250 3990 1306 4053 sed
1331 3989 1485 4072 Spiritum
1513 3989 1570 4072 qui
1594 4007 1633 4052 ex

158 4093 214 4152 bat
228 4111 240 4151 .·
255 4092 493 4167 Βιιιε,9ναιιάι
507 4109 566 4170 apo
582 4091 655 4160 tibi,
671 4092 751 4170 quta
766 4109 830 4150 uon
886 4089 950 4152 Deo
974 4098 1032 4162 est,
1059 4098 1095 4152 ut
1123 4089 1263 4152 sciamus
1290 4107 1360 4172 quau
1384 4108 1402 4151 a
1426 4090 1490 4152 Deo
1519 4089 1634 4152 donata

72 4209 150 4250 sum
171 4191 259 4250 sicut
277 4189 377 4248 ceteri
391 4189 569 4249 hominum.
586 4187 661 4250 Luc.
677 4205 763 4260 xum,
782 4185 829 4250 ll.
846 4185 871 4248 D
887 4195 961 4250 sunt
976 4186 1087 4267 nobis;
1104 4195 1228 4250 constat
1246 4186 1370 4249 licitum
1391 4204 1460 4249 esse
1479 4193 1514 4247 ut
1530 4186 1556 4249 is
1577 4185 1632 4267 qui

115 4287 238 4350 lllirum
254 4286 381 4349 videtur
400 4305 458 4350 cur
477 4287 537 4349 ista
558 4285 732 4350 Pharisaeus
751 4286 832 4349 divi·
886 4304 951 4368 prae
966 4286 1080 4348 ceteris
1099 4284 1324 4348 excellentiora
1342 4285 1515 4364 gratiarum
1530 4282 1632 4346 chari·

71 4387 167 4449 nitus
183 4384 373 4468 reprobetur
389 4405 397 4450 ι
414 4385 530 4468 primo,
547 4385 699 4468 quoniam
719 4403 830 4446 secun·
886 4392 986 4446 smata
1001 4403 1035 4446 se
1054 4384 1158 4446 noscit
1172 4383 1331 4456 sortitum,
1343 4401 1376 4445 se
1391 4381 1538 4464 praeferat
1554 4381 1629 4444 illis.

71 4485 156 4548 dum
183 4485 289 4566 legem
309 4484 423 4566 Moysis
444 4484 534 4559 vixit,
554 4483 620 4548 imo
641 4483 829 4565 etamplius
885 4482 963 4546 Nam
983 4489 1014 4544 et
1031 4482 1138 4544 anima
1153 4480 1269 4544 Christi
1289 4479 1436 4563 quamvis
1456 4479 1544 4542 omni
1564 4498 1631 4542 cre-

70 4602 175 4666 quam
197 4583 250 4645 lex
267 4582 363 4662 jussit
378 4583 510 4665 peregit,
526 4581 577 4649 bis
598 4583 629 4644 in
645 4581 734 4645 omni
753 4581 829 4644 heb·
884 4589 974 4644 atura
998 4580 1095 4642 fuerit
1119 4578 1282 4654 humilior,
1304 4587 1410 4642 tamen
1435 4598 1453 4641 a
1477 4598 1542 4642 sum
1567 4596 1632 4641 crc-

70 4683 217 4745 domada
236 4681 422 4761 jejunando,
439 4681 525 4763 quod
544 4699 608 4744 non
628 4689 695 4744 crat
716 4700 830 4764 praece-
884 4679 999 4742 ationis
1028 4678 1188 4762 principio
1221 4678 1399 4741 certissime
1428 4676 1516 4740 novit
1544 4677 1632 4740 omni

69 4789 170 4862 ptum
189 4780 224 4842 in
240 4779 326 4860 lege;
343 4779 494 4854 secundo,
506 4779 582 4862 quia
596 4781 636 4843 de
651 4779 743 4844 bonis
758 4799 829 4862 quaa
884 4778 1029 4841 rationali
1052 4776 1323 4858 intellectualique
1343 4783 1489 4838 ereatura
1508 4794 1541 4838 se
1556 4795 1632 4858 qua·

68 4879 141 4960 egit
167 4877 286 4958 gratias
311 4877 420 4940 retulit
441 4878 515 4941 Deo.
538 4877 601 4941 Cur
621 4896 696 4959 crgo
719 4898 828 4960 super·
884 4877 911 4940 si
927 4875 1221 4958 incomparabiliter
1236 4874 1492 4948 eminentiorem,
1509 4881 1541 4936 et
1556 4892 1632 4936 cun·

68 4977 162 5039 bust
178 4975 212 5038 Si
227 4975 353 5038 dicatur
365 4976 450 5058 quod
466 4976 537 5039 idco
552 4976 627 5058 quia
641 4995 675 5040 se
691 4977 830 5058 praetulit
884 4977 943 5038 ctis
959 4994 992 5038 se
1008 4975 1157 5058 praetulit,
1165 4975 1196 5037 id
1212 4974 1452 5055 est‚digniorem
1468 4973 1631 5036 verissime

67 5076 227 5148 aliis,aut
241 5073 450 5157 publicanum
466 5076 829 5158 contempsit,neutrum
884 5075 1052 5156 reputavit.
1079 5074 1194 5136 Paulus
1223 5091 1351 5155 quoque
1375 5073 1414 5135 de
1438 5091 1471 5134 se
1495 5071 1630 5154 aliisque

66 5175 195 5238 horum
216 5173 344 5236 uidetur
363 5191 457 5255 posse
476 5174 601 5237 salvari.
618 5175 721 5249 Quum
741 5175 828 5240 enim
884 5173 1017 5254 loquens
1041 5171 1211 5254 Apostolis,
1234 5171 1296 5233 Nos
1318 5171 1451 5252 (inquit)
1472 5170 1630 5253 primitias
1657 5204 1776 5260 ΜΝ,

14 5292 48 5334 ιι.
65 5273 165 5338 dicat
184 5270 367 5353 Apostolus,
383 5273 446 5336 Nos
468 5289 533 5336 non
558 5271 707 5355 spiritum
731 5273 828 5357 hujus
883 5273 1020 5355 Spiritus
1036 5271 1191 5335 habentes
1208 5291 1215 5334 :
1232 5288 1307 5352 ergo
1326 5290 1360 5333 se
1382 5278 1414 5334 et
1433 5269 1629 5352 coapostolos
1644 5269 1678 5311 ²³·
