4214 6254
452 479 513 544 {28
827 497 975 547 normico
997 499 1007 546 r
1028 499 1101 546 rosr
1121 497 1316 546 mrumnrnrr.
1337 515 1378 528 -
1398 498 1497 546 annuo
1518 499 1629 546 ramus

491 667 719 730 Verumtamen
744 665 774 730 S.
798 667 934 730 Joannes
958 667 1059 749 tangit
1081 667 1201 750 specia·
1216 665 1241 728 Α
1256 674 1411 747 quantum
1435 667 1475 729 ad
1498 667 1570 741 boc,
1591 665 1721 728 dilectio
1744 664 1881 747 proximi
1904 665 1983 730 babet

453 765 517 828 lem
542 765 591 828 sui
621 765 777 846 dogmatis
806 764 972 839 rationem,
999 764 1166 829 subdendo
1192 785 1199 828 :
1257 761 1427 845 quamdam
1448 763 1636 825 facilitatem
1656 781 1722 846 pre
1744 761 1911 825 dilectione
1928 763 1982 838 Dei,

452 863 517 930 Qui
531 863 618 922 enim
634 882 700 922 eon
714 864 828 940 diligit
840 864 983 939 fratrem
998 884 1094 923 suurn
1106 884 1200 942 quern
1257 861 1299 922 ita
1315 867 1350 921 ut
1363 861 1467 942 quoad
1483 861 1555 935 hoe,
1570 860 1698 923 facilius
1713 859 1858 923 videatur
1869 859 1984 940 diligere

450 962 551 1032 videt,
568 961 664 1022 idest
682 960 864 1042 proximum
881 960 1052 1023 visibiliter
1070 961 1131 1023 sibi
1148 979 1201 1024 no
1256 958 1450 1040 proximum,
1480 959 1627 1041 quamvis
1656 957 1801 1021 absolute
1832 957 1983 1040 loquendo,

448 1062 638 1132 tum‚Deum
654 1079 749 1138 quem
764 1078 830 1119 non
845 1061 933 1120 videt
948 1059 1041 1121 oculo
1056 1077 1200 1142 corpora·
1255 1055 1549 1139 incomparabiliter
1568 1057 1706 1138 majores
1727 1065 1760 1118 et
1778 1056 1874 1118 etiam
1893 1055 1983 1138 plures

449 1154 484 1230 li,
500 1173 560 1218 nec
575 1174 633 1238 per
648 1155 820 1218 essentiam
836 1156 869 1219 in
885 1156 950 1218 vita
964 1157 1123 1239 presenti,
1140 1176 1199 1220 nec
1254 1153 1318 1216 sint
1341 1156 1479 1218 rationes
1503 1154 1657 1236 diligendi
1681 1155 1782 1217 Deum
1807 1172 1902 1235 quam
1926 1173 1984 1236 pro

449 1254 545 1337 plene
578 1254 849 1336 comprehendere
884 1262 988 1336 potest
1020 1255 1052 1316 in
1085 1256 1197 1338 patria,
1253 1252 1386 1314 ximum.

449 1370 550 1434 quum
566 1351 650 1414 Deus
664 1350 840 1414 altissimus
859 1351 963 1415 omnis
984 1359 1097 1415 create
1111 1371 1199 1415 men·
1293 1353 1337 1412 Ει
1358 1353 1416 1412 boc
1438 1354 1631 1412 mandatum
1653 1353 1805 1412 batenus
1827 1370 1848 1409 a
1870 1353 1942 1420 Dec,
1955 1361 1984 1410 ct

449 1450 491 1512 tis
513 1450 720 1533 capacitatem
744 1450 776 1513 in
799 1450 965 1513 inlinitum
986 1451 1117 1514 excedat
1137 1452 1200 1531 (est
1253 1451 1313 1526 que
1335 1451 1448 1527 diligit
1466 1453 1584 1520 Deum,
1603 1451 1724 1527 diligat
1743 1458 1774 1509 ct
1785 1450 1984 1525 proximum·
2004 1471 2071 1524 pm

450 1566 589 1630 namque
604 1547 740 1612 inlinite
755 1549 1049 1629 cognoscibilitatis,
1066 1550 1149 1611 sicut
1168 1557 1200 1612 et
1253 1567 1358 1608 suum.
1387 1547 1474 1609 Unde
1504 1547 1715 1629 interrogatus
1744 1546 1888 1610 Salvator
1913 1548 1985 1628 quod
2013 1569 2059 1611 rac

449 1646 585 1709 infinite
609 1647 825 1728 actualitatis),
848 1651 1004 1726 quomodo
1023 1657 1128 1723 potest
1149 1650 1199 1707 di·
1253 1651 1301 1706 est
1325 1645 1509 1708 mandatum
1535 1664 1686 1727 magnum
1711 1645 1744 1708 in
1769 1645 1852 1726 lege,
1872 1635 2072 1744 respon-2222

449 1747 574 1822 ligere?
588 1746 741 1820 Quocirca
756 1746 967 1827 pensandum,
980 1746 1064 1828 quod
1080 1747 1198 1828 duplex
1253 1743 1299 1804 dit
1316 1760 1322 1804 :
1340 1743 1457 1824 Diliges
1472 1744 1644 1807 Dominum
1659 1745 1759 1807 Deum
1775 1751 1870 1806 tuum
1884 1761 1920 1806 ex
1933 1751 2066 1808 tamenn

448 1843 580 1926 ponitur
599 1862 694 1907 causa
713 1844 894 1907 dilectionis
914 1845 1090 1908 secundum
1112 1845 1197 1926 qnod
1213 1848 1236 1909 B
1253 1841 1347 1904 corde
1369 1850 1435 1916 tuo,
1452 1851 1511 1904 etc.
1529 1843 1594 1906 Hoc
1616 1850 1665 1906 est
1685 1843 1829 1925 primum
1852 1851 1885 1904 et
1904 1843 1987 1905 mari·

448 1943 573 2005 sullicit
587 1961 645 2026 pro
660 1943 820 2026 presenti,
834 1942 985 2006 videlicet
1002 1960 1009 2005 :
1027 1942 1151 2005 bonitas
1166 1949 1198 2005 et
1253 1959 1342 2002 mum
1362 1940 1556 2003 mandatum.
1574 1940 1757 2004 Secundum
1773 1947 1884 2004 autem
1898 1948 1943 2004 est
1955 1941 1987 2002 si·

448 2041 597 2122 cognitio.
609 2042 737 2106 Bonitas
752 2050 801 2104 est
815 2059 911 2104 causa
925 2041 1118 2115 dilectionis,
1129 2047 1197 2102 tan·
1253 2038 1328 2100 mile
1349 2038 1425 2100 huic
1443 2039 1585 2120 :Diliges
1603 2040 1786 2121 proximum
1805 2046 1900 2102 tuum
1917 2039 1986 2102 sicut

448 2158 545 2221 quam
560 2139 725 2221 objectum
744 2139 846 2222 ipsius
862 2156 869 2201 :
887 2139 933 2201 nil
950 2139 1038 2202 enim
1053 2139 1198 2220 diligitur
1251 2143 1283 2198 te
1298 2136 1464 2219 ipsomet
1478 2137 1541 2202 alio
1556 2155 1683 2221 quoque
1698 2138 1767 2202 loco
1781 2138 1827 2201 ait
1842 2138 1984 2202 Salvator:
2079 2147 2080 2154 ’

448 2237 511 2299 nisi
536 2237 596 2299 sub
618 2239 739 2301 ratione
759 2237 846 2312 boni,
862 2244 918 2299 ant
940 2236 1009 2300 veri
1030 2245 1085 2299 aut
1104 2256 1198 2320 appa·
1251 2235 1315 2298 Hoc
1330 2244 1379 2297 est
1393 2244 1589 2320 preceptum
1610 2256 1730 2313 meum,
1748 2245 1784 2298 ut
1797 2236 1935 2319 diligatis
1947 2237 1986 2299 in·
2001 2259 2067 2302 rem

449 2337 558 2400 rentis.
576 2337 720 2419 cognitio
742 2344 850 2399 autem
871 2342 920 2398 est
942 2355 1037 2398 causa
1055 2336 1197 2398 dilectio
1251 2334 1354 2397 vicem
1380 2335 1464 2397 sicut
1489 2336 1586 2399 dilexi
1610 2354 1677 2400 vos.
1694 2337 1794 2400 Homo
1816 2337 1936 2420 quippe
1954 2331 2019 2398 ad¹²·

449 2435 510 2510 nis,
533 2442 686 2518 tanquam
711 2435 762 2498 via
786 2435 825 2498 ad
849 2453 931 2508 eam,
953 2441 1066 2516 utputa
1088 2435 1127 2496 ad
1150 2453 1198 2496 ac·
1252 2433 1309 2495 Dei
1337 2433 1509 2514 imaginem
1538 2434 1851 2517 similitudinemque
1876 2443 1987 2498 creatus

450 2533 570 2597 tualem
594 2534 798 2598 dilectionem
826 2550 833 2594 :
859 2533 936 2615 quia
959 2533 1044 2615 quod
1069 2549 1198 2614 prorsus
1253 2539 1301 2593 est
1322 2549 1329 2592 :
1351 2531 1470 2595 idcirco
1494 2541 1543 2595 est
1565 2533 1758 2615 diligendus,
1783 2532 1817 2594 in
1843 2542 1986 2617 quantum

450 2633 649 2713 incognitum
668 2641 727 2707 est,
744 2632 857 2715 nequit
874 2631 984 2694 amari.
1002 2632 1105 2706 Quum
1124 2649 1199 2713 ergo
1253 2629 1309 2692 Dei
1333 2630 1471 2711 imagine
1496 2631 1679 2714 insignitur,
1699 2639 1732 2694 at
1754 2649 1857 2714 capax
1879 2641 1927 2696 est
1946 2633 1988 2696 sui

454 2731 636 2812 proximum
652 2731 769 2795 clarius
784 2730 950 2793 videamus
969 2749 1065 2813 quam
1086 2730 1197 2804 Deum,
1254 2728 1409 2792 Creatoris
1429 2747 1486 2810 per
1500 2731 1714 2812 cognitionem
1732 2738 1830 2813 atque
1846 2749 1987 2795 amorem.

525 3428 566 3474 ott
587 3426 848 3474 concreatione
870 3426 906 3471 ΕΤ
926 3423 1132 3472 recondimus
1153 3423 1323 3482 centralis,
1342 3424 1403 3480 out
1425 3424 1502 3472 obus
1523 3424 1735 3483 ruoxtuusoun
1755 3427 1922 3476 eruamur.
2078 3339 2079 3396 i

520 3706 742 3767 ILIGAMUS
756 3707 873 3773 Deum,
884 3704 1039 3781 quoniam
1055 3704 1235 3778 ipsemet}
1253 3721 1321 3766 ram
1343 3703 1492 3785 importat
1509 3703 1667 3777 notitiam,
1683 3712 1716 3768 et
1730 3723 1815 3787 speS,
1833 3725 1907 3788 que
1926 3705 1990 3768 boni

534 3823 573 3863 or
587 3803 708 3861 ditecit
724 3820 790 3861 noc.
808 3801 943 3863 lJoann.
961 3817 1002 3872 iv,
1020 3798 1067 3861 19.
1252 3801 1351 3882 optati
1382 3801 1517 3863 includit
1545 3801 1731 3865 absentiam.
1757 3802 1891 3886 Propter
1916 3803 1991 3886 quod

490 3903 524 3964 ln
548 3897 697 3982 presenti
717 3897 851 3980 epistola
870 3897 899 3960 S.
920 3898 1055 3960 loannes
1074 3905 1197 3980 aposto
1252 3898 1333 3961 lides
1362 3907 1394 3962 et
1417 3919 1490 3982 spes
1518 3901 1647 3983 proprie
1675 3907 1822 3984 sumpte,
1850 3903 1990 3966 videlicet

449 4001 499 4063 lus
529 3997 693 4062 caritatem
727 3995 950 4078 multipliciter
982 3983 1075 4058 n'obis
1108 4012 1196 4058 com·
1252 4006 1347 4079 prout
1367 3998 1553 4079 theologice
1576 4006 1652 4060 sunt
1669 3999 1815 4074 virtuteS,
1832 4018 1990 4083 nunqnam

449 4098 588 4162 mendat.
613 4095 729 4168 Primo,
751 4094 903 4177 quoniam
925 4095 1040 4156 caritas
1062 4095 1145 4156 inest
1165 4102 1198 4156 et
1251 4095 1383 4157 luerunt
1398 4096 1430 4157 in
1451 4096 1586 4171 Christo,
1603 4115 1663 4160 nec
1682 4099 1715 4159 in
1733 4097 1838 4161 Beatis
1859 4100 1916 4183 qui
1935 4100 1990 4161 Deo

449 4197 602 4279 competit
617 4195 680 4257 Deo
697 4211 704 4255 ε
722 4193 788 4255 imo
805 4193 940 4275 ipsemet
958 4193 1041 4255 Deus
1056 4201 1105 4255 est
1119 4192 1197 4253 cari-
1252 4193 1403 4256 fruuntur
1429 4193 1461 4256 in
1484 4195 1596 4276 patria,
1614 4195 1830 4258 inveniuntur.
1849 4198 1947 4270 Unde,
1962 4204 1992 4259 ut

446 4303 503 4358 tas.
522 4297 560 4358 Et
574 4313 675 4377 quum
690 4301 754 4356 tres
769 4292 955 4374 theologice
970 4293 1034 4354 sint
1048 4292 1194 4364 virtutes,
1252 4293 1296 4354 ait
1309 4289 1489 4366 AnsclmuS,
1506 4293 1663 4375 quidquid
1676 4293 1823 4358 absolute
1841 4295 1992 4378 loquendo

447 4395 540 4468 lides,
562 4413 646 4476 spes,
667 4392 792 4466 caritas,
811 4389 877 4452 sola
901 4397 1007 4452 tamen
1034 4390 1116 4451 inter
1139 4389 1196 4452 has
1252 4391 1367 4453 melius
1392 4399 1440 4453 est
1462 4392 1567 4454 inesse
1593 4409 1649 4454 seu
1673 4393 1791 4456 habere
1813 4413 1914 4476 quam
1936 4412 1991 4456 non

448 4493 561 4555 caritas
584 4491 775 4574 predicatur
794 4490 833 4552 dc
857 4490 921 4552 Deo
939 4505 945 4550 :
964 4506 1027 4551 non
1048 4488 1194 4562 univoce,
1251 4489 1355 4550 inesse
1374 4508 1431 4552 seu
1451 4507 1513 4552 non
1536 4489 1663 4564 habere,
1679 4491 1740 4554 hoc
1761 4494 1917 4575 competit
1937 4493 1992 4555 Dco

448 4609 508 4653 nec
523 4588 734 4652 essentialiter
754 4587 809 4649 illa
829 4587 942 4648 caritas
963 4605 1033 4666 que
1048 4593 1096 4648 est
1110 4585 1195 4648 tbeo
1250 4595 1282 4649 ct
1296 4588 1487 4669 predicatur
1505 4589 1544 4650 de
1561 4607 1607 4663 eo,
1625 4597 1659 4651 ut
1678 4590 1847 4672 sapientia,
1863 4592 1989 4673 justitia,

448 4671 550 4770 logica
573 4686 686 4760 virtus,
703 4704 804 4768 quum
826 4685 881 4747 illa
901 4685 943 4746 sit
967 4684 1123 4746 accidens.
1141 4684 1196 4746 'la-
1250 4685 1371 4760 caritas,
1396 4684 1531 4762 bonitas,
1555 4689 1667 4770 pietas,
1690 4707 1763 4771 pax,
1783 4697 1843 4751 etc.
1866 4691 1900 4752 Si
1924 4706 1991 4754 vero

447 4805 521 4849 men
551 4804 591 4848 ex
615 4785 675 4847 boc
699 4784 769 4865 ipso
793 4783 878 4865 quod
904 4783 988 4845 Deus
1016 4782 1195 4864 appellatur
1249 4783 1421 4864 objiciatur
1445 4785 1615 4867 predictis,
1631 4787 1717 4869 quod
1738 4787 1835 4849 etiam
1859 4788 1893 4850 in
1917 4788 1990 4851 Scri·

446 4885 570 4957 caritas,
595 4882 723 4946 elicitur
751 4879 890 4943 caritatis
920 4879 1075 4963 perlectio
1097 4899 1194 4962 supra
1209 4891 1234 4952 Ι)
1249 4883 1351 4966 pturis
1371 4883 1454 4944 Deus
1474 4901 1547 4965 spes
1562 4883 1689 4958 dicitur,
1703 4885 1794 4966 juxta
1813 4885 1897 4948 illud
1916 4885 1989 4950 Psal-

446 4984 546 5046 fidem
562 4990 594 5044 et
608 4999 709 5064 spem.
727 4980 773 5042 Ex
788 4980 900 5042 codem
919 4996 1047 5061 quoque
1064 4979 1192 5042 conclu·
1247 4982 1356 5058 miste,
1366 4981 1508 5056 Domine,
1518 5001 1591 5065 spes
1607 5001 1677 5045 mea
1691 5003 1710 5046 a
1722 4984 1894 5064 juventute
1909 5002 1987 5064 mcc;
2007 5001 2073 5051 rrae

446 5081 636 5163 ditur,quod
652 5080 765 5142 caritas
780 5078 859 5140 dicit
872 5078 1102 5161 perlectionem
1118 5079 1193 5141 sim·
1246 5079 1429 5154 dicendum,
1447 5081 1532 5162 quod
1550 5099 1624 5163 spes
1644 5083 1783 5145 sumitur
1802 5082 1847 5147 ibi
1864 5102 1924 5167 pro
1942 5084 1988 5147 bo

446 5181 581 5266 pliciter,
589 5199 649 5244 nec
664 5181 697 5243 in
713 5199 771 5242 sua
784 5178 905 5241 ratione
921 5176 1192 5259 imperiectionem
1246 5196 1287 5241 no
1309 5187 1445 5261 sperato,
1469 5186 1546 5261 puta
1567 5197 1625 5262 pro
1646 5197 1704 5244 suo
1724 5181 1862 5264 objecto.

445 5281 592 5357 includit,
602 5277 874 5362 quemadmodum
888 5276 982 5352 lidos,
992 5295 1063 5358 que
1078 5277 1190 5341 obscu·
1286 5277 1432 5341 Secundo
1446 5279 1689 5345 commendatur
1700 5281 1826 5357 caritas,
1836 5283 1916 5366 qnia
1930 5301 1988 5369 pre
2077 5355 2078 5382 ¹
