4164 6258
2052 113 2053 166 l

2052 173 2053 218 r

2052 243 2053 320 l

430 395 491 467 ato
695 423 843 471 nouarum
864 425 895 470 vr
917 423 990 470 cosr
1009 423 1203 471 mmrmrnrr.
1224 442 1263 452 -
1283 423 1458 471 autumno
1479 424 1510 471 m
1531 423 1724 474 maneantur

432 609 529 672 quarn
551 609 614 656 non
633 592 740 668 hahet,
758 594 824 656 imo
843 602 875 658 θῖ
895 601 1004 659 contra
1024 593 1182 676 justitiam
1198 595 1223 676 ᾼ
1238 593 1356 676 ipsum.
1377 593 1461 656 Dicit
1482 611 1557 676 ergo
1579 593 1824 676 Chrysostomus
1846 607 1854 652 :
1875 589 1913 652 lie
1929 589 1964 651 di·

432 691 508 772 agit,
520 691 575 774 qui
594 692 681 755 fratri
697 712 764 756 ase
780 693 854 757 laeso
870 711 934 756 uon
953 693 1060 756 studet
1074 711 1183 756 recon-
1237 711 1301 767 cas,
1316 692 1374 755 lllo
1393 691 1474 754 mihi
1493 692 1613 766 nocuit,
1630 690 1684 754 ille
1704 689 1786 752 mihi
1801 686 1963 752 satisfacere

434 788 536 852 ciliari
549 809 585 853 ac
598 790 945 855 satisfacerellundum
960 799 1010 854 θεῖ
1020 799 1122 854 autem
1136 811 1185 874 pe
1237 789 1343 863 debet,
1360 807 1424 853 non
1437 806 1495 871 ego
1510 789 1568 852 illi.
1586 788 1618 852 Si
1635 807 1693 871 pro
1707 787 1810 869 gloria
1824 795 1888 849 tun
1900 785 1963 848 salu-

434 886 528 950 dihus
544 889 697 970 corporis
711 889 739 952 si
756 891 922 953 commode
937 889 1009 953 fieri
1026 890 1136 972 possit,
1149 897 1184 951 ut
1237 889 1278 950 tis
1296 887 1389 969 jubet
1407 895 1439 950 te
1460 887 1613 952 Dominus
1634 885 1793 950 amicitias
1816 885 1925 958 facere,
1937 893 1962 946 tu

434 985 460 1048 si
480 983 578 1048 frater
592 985 738 1050 offensus
758 1007 821 1051 nou
842 988 935 1070 louge
952 989 994 1050 sit
1007 988 1182 1070 haberique
1237 985 1343 1068 potius
1367 987 1492 1049 nocitus
1517 1005 1573 1048 seu
1602 991 1830 1048 nocumentum
1858 1001 1963 1065 perpes·

432 1082 544 1146 valeat.
561 1085 648 1147 Alias
668 1086 810 1149 eundum
832 1093 915 1149 esset
938 1087 1074 1169 pedihus
1095 1107 1184 1150 men·
1238 1103 1302 1158 sus,
1319 1084 1417 1147 debes
1435 1091 1604 1147 nocentem
1626 1101 1747 1165 rogare,
1765 1090 1801 1144 ut
1820 1081 1961 1163 duplicem
2052 1077 2053 1080 ’

432 1181 485 1256 tis,
498 1182 557 1244 hoc
575 1191 623 1246 est
638 1184 797 1248 desiderio
811 1193 906 1267 atque
923 1185 1096 1268 proposito,
1108 1203 1183 1267 qua·
1236 1181 1370 1263 gloriam
1391 1183 1596 1265 consequaris
1614 1199 1621 1244 :
1637 1201 1746 1256 uuam,
1762 1179 1838 1264 quia
1860 1179 1963 1242 nocitus

432 1287 527 1343 tenus
552 1298 712 1364 proponas
736 1290 768 1344 et
791 1291 881 1365 optes
906 1283 935 1345 ei
961 1282 1067 1346 statim
1092 1282 1182 1344 satis·
1237 1298 1290 1359 es;
1315 1281 1459 1354 alteram,
1484 1281 1560 1364 quia
1588 1281 1677 1364 prior
1705 1279 1832 1362 rogasti.
1861 1279 1963 1341 Festina

433 1378 539 1442 facere
560 1380 767 1462 quantumin
782 1389 813 1443 ῖθ
828 1388 877 1442 θεῖ
894 1399 901 1444 :
918 1381 1003 1464 quod
1023 1381 1182 1463 quianon
1237 1397 1312 1460 ergo
1333 1380 1501 1442 inimicum
1527 1389 1619 1442 tuum
1644 1379 1822 1462 prevenire
1846 1377 1884 1440 ad
1904 1377 1964 1440 arni·

433 1477 532 1552 valeS,
554 1478 700 1542 intendas
724 1497 799 1542 eum
823 1480 974 1543 accedere
1001 1487 1033 1542 et
1056 1481 1182 1562 placare
1238 1479 1340 1553 citios,
1366 1496 1406 1540 ne
1431 1478 1564 1542 forsitan
1589 1486 1620 1541 te
1645 1479 1800 1550 tardante,
1827 1476 1882 1539 ille
1903 1496 1963 1558 pre

434 1593 575 1658 congruo
600 1577 670 1640 loco
691 1585 721 1639 et
743 1585 898 1660 tempore.
921 1579 954 1640 ln
981 1579 1031 1640 his
1054 1595 1181 1660 quoque
1237 1577 1344 1639 veniat
1368 1578 1405 1639 ad
1432 1577 1619 1657 rogandum,
1643 1584 1676 1639 et
1699 1577 1803 1658 rapiat
1825 1574 1868 1637 de
1884 1575 1964 1637 mani·

433 1676 596 1758 pensanda
626 1683 674 1738 θεῖ
698 1694 848 1738 mensura
876 1676 1019 1749 offensae,
1045 1677 1105 1739 hoo
1134 1683 1182 1738 est
1238 1674 1298 1737 bus
1323 1677 1387 1737 tuis
1412 1676 1539 1758 pietatis
1559 1676 1752 1739 mercedem.
1773 1675 1854 1738 Nam
1879 1675 1903 1736 si
1923 1672 1964 1735 ille

435 1773 620 1854 magnitudo
635 1772 762 1855 injuriae
777 1776 923 1858 proximo
939 1776 1094 1857 irrogatae,
1111 1794 1181 1856 quae
1200 1773 1296 1837 Btihi
1322 1775 1442 1849 nocuit,
1467 1782 1500 1838 et
1522 1774 1577 1838 ille
1601 1783 1632 1837 te
1662 1781 1760 1856 rogat,
1787 1772 1964 1835 infructuosa

433 1879 553 1955 quanto
574 1873 676 1954 maior
695 1873 863 1947 exstiterit,
880 1881 967 1937 tanto
984 1874 1119 1937 celerius
1140 1873 1182 1935 la·
1237 1879 1285 1934 est
1314 1873 1455 1935 amicitia
1484 1882 1547 1936 tna.
1579 1874 1678 1947 Quam
1709 1873 1796 1935 enim
1825 1871 1962 1953 justitiam

434 1970 658 2054 horiosiusque
678 1973 859 2034 conandum
879 1979 927 2034 est
944 1979 978 2034 ut
998 1972 1182 2035 reconcilie-
1237 1970 1342 2034 fecisti
1366 1979 1439 2035 auto
1469 1973 1581 2047 Deum,
1607 1973 1634 2035 si
1664 1979 1791 2053 rogatus
1820 1979 1853 2034 te
1880 1969 1964 2053 placa·

433 2077 486 2133 tur
510 2069 664 2133 offensus.
685 2071 816 2134 Interim
838 2089 914 2134 vero
935 2071 1089 2134 dehemus
1114 2089 1183 2132 mu·
1238 2069 1344 2133 veriat

436 2187 496 2230 nus
525 2176 599 2231 ante
628 2169 725 2231 altare
756 2169 948 2251 relinquere,
980 2169 1011 2231 id
1040 2177 1088 2232 est
1118 2187 1181 2231 non
1276 2173 1321 2232 Et
1344 2179 1421 2231 tunc
1443 2172 1585 2240 veniens,
1607 2170 1668 2234 hoc
1689 2178 1748 2244 est,
1770 2170 1908 2233 localiter
1927 2187 1964 2231 re·

434 2265 541 2328 facere
556 2285 612 2329 seu
628 2268 814 2330 continuare
828 2286 926 2349 opera
942 2267 1025 2330 hona
1042 2268 1104 2330 nisi
1118 2267 1183 2350 pri·
1238 2269 1339 2342 diens,
1356 2268 1407 2330 vel
1429 2268 1639 2332 intentionem
1664 2275 1754 2332 tuam
1778 2269 1818 2330 ad
1843 2268 1872 2330 id
1895 2267 1962 2350 quod

436 2383 489 2428 mo
509 2383 725 2447 proponamus
746 2365 792 2429 ire
807 2373 951 2449 tempore
972 2374 1046 2449 apto
1065 2366 1104 2428 ad
1123 2365 1182 2428 fra·
1238 2385 1389 2450 coeperas,
1413 2385 1576 2442 revocans,
1596 2372 1709 2446 offeres
1732 2387 1854 2429 munuc
1876 2377 1963 2435 tuum,

436 2470 517 2526 trem
534 2463 697 2526 offensum
712 2472 746 2526 ut
761 2465 1103 2547 reconcilietur:quod
1119 2465 1184 2547 pla·
1238 2467 1297 2528 hoc
1321 2473 1379 2540 est,
1407 2465 1591 2529 inchoatum
1615 2467 1671 2530 liei
1695 2465 1886 2551 obsequium
1906 2482 1963 2547 pro

437 2581 477 2624 ne
498 2563 697 2645 propositum
717 2564 848 2646 exsequi
870 2581 943 2626 mox
963 2571 1087 2646 oportet
1105 2563 1182 2625 dum
1237 2565 1392 2646 sequeris,
1409 2565 1609 2648 spiritualem
1630 2572 1685 2627 aut
1708 2565 1900 2648 corporalem
1921 2563 1963 2626 ho

437 2661 663 2724 convenienter
683 2661 755 2724 fieri
778 2663 903 2745 poterit.
1238 2663 1331 2726 stiam
1356 2663 1559 2727 immolando.
1586 2663 1775 2748 Spirituales
1800 2671 1901 2727 autem
1923 2663 1965 2724 ho

475 2759 579 2834 Porro,
597 2761 773 2822 secundum
791 2759 1050 2844 chrysostomum
1067 2767 1099 2823 et
1114 2759 1183 2824 Cas·
1238 2762 1306 2826 stiae
1321 2770 1395 2825 sunt
1409 2763 1523 2826 devota
1537 2763 1646 2836 oratio,
1654 2762 1710 2826 oei
1726 2762 1871 2837 laudatio,
1878 2761 1965 2826 cordis

434 2857 571 2931 sianum,
592 2857 632 2919 ad
654 2857 794 2920 caritatis
819 2858 1047 2940 perfectionem
1073 2857 1182 2939 preci·
1238 2860 1455 2944 compunctio,
1472 2870 1706 2944 praeceptorum
1728 2861 1880 2944 impletio.

435 2973 498 3036 pue
518 2955 667 3036 pertinet,
684 2963 720 3017 ut
738 2955 836 3018 etiam
856 2955 910 3018 ille
931 2957 987 3038 qui
1009 2955 1103 3020 laesus
1122 2963 1180 3031 est,
1201 2954 1223 3018 C
1278 2959 1357 3033 Heu,
1379 2979 1474 3043 quam
1498 2960 1580 3023 male
1603 2967 1634 3023 et
1654 2961 1795 3043 pessime
1817 2959 1967 3023 observant

436 3052 560 3115 studeat
577 3052 723 3135 mitigare
743 3052 977 3129 forefactorem,
994 3071 1058 3116 non
1078 3054 1182 3117 solum
1238 3058 1410 3121 Christiani
1425 3059 1507 3120 hanc
1523 3058 1639 3122 Christi
1654 3057 1922 3140 doctrinam,quia
1933 3056 1966 3117 fa·

435 3151 557 3214 illatam
573 3152 762 3216 dimittendo
778 3153 1005 3234 injuriam,sed
1020 3161 1052 3215 et
1067 3153 1183 3216 blando
1239 3155 1343 3218 ciliter
1366 3156 1586 3231 offenduntur,
1607 3156 1787 3221 difficulter
1808 3157 1965 3240 placantur,

435 3267 584 3314 sermone
608 3268 662 3314 cor
686 3252 757 3333 eius
781 3252 947 3334 placando,
965 3261 1121 3335 quatenus
1143 3253 1182 3315 de
1237 3252 1324 3316 facili
1339 3255 1505 3318 occasione
1521 3253 1676 3335 injuriose
1692 3255 1875 3337 loquuntur,
1885 3260 1966 3334 atque

435 3356 543 3436 cetero
567 3350 728 3413 sincerum
748 3351 787 3413 ad
809 3370 843 3414 so
862 3358 950 3433 gerat
968 3349 1132 3414 affectum.
1150 3351 1181 3414 Si
1236 3371 1295 3435 pro
1310 3371 1407 3436 parva
1426 3351 1550 3415 offensa
1568 3353 1721 3434 grandem
1743 3351 1875 3435 cupiunt
1888 3349 1966 3412 ultio

436 3447 524 3510 enim
546 3466 676 3530 possum
699 3449 830 3512 alterius
852 3450 998 3532 quamvis
1019 3449 1183 3530 injuriato
1236 3471 1310 3515 nem
1326 3451 1451 3526 inferre,
1462 3451 1527 3514 imo
1542 3451 1642 3532 rogati
1657 3451 1711 3514 vix
1726 3457 1856 3534 possunt
1871 3446 1965 3511 induci

435 3545 479 3607 ris
500 3547 740 3628 perversitatem
763 3565 885 3622 curare,
902 3554 933 3610 θῖ
950 3547 1089 3610 animam
1111 3548 1181 3628 ejus
1236 3551 1275 3612 ad
1289 3550 1519 3631 ignoscendum
1531 3548 1776 3613 forefactorihus
1788 3547 1965 3612 suislPluros

434 3643 474 3706 de
494 3651 595 3706 morte
616 3645 737 3727 peccati
755 3644 890 3727 eripere,
907 3646 1012 3728 primo
1030 3646 1183 3710 acceden-
1236 3665 1364 3732 quoque
1384 3656 1459 3710 sunt
1477 3655 1541 3710 tam
1557 3647 1644 3711 dure
1665 3647 1800 3712 cervicis
1817 3645 1966 3709 animosae

435 3742 475 3805 do
499 3743 538 3805 ad
563 3761 638 3805 eum
667 3751 699 3806 et
727 3762 839 3827 pacem
869 3735 1071 3808 reformando
1099 3745 1182 3808 inter
1236 3765 1299 3828 que
1325 3746 1451 3821 mentis,
1473 3753 1508 3808 ut
1530 3747 1678 3829 quamvis
1700 3744 1880 3809 notabiliter
1896 3742 1966 3806 fore

435 3859 510 3903 eum
532 3849 564 3903 et
586 3860 648 3916 me,
669 3849 828 3905 ettamen
850 3860 913 3906 non
938 3841 1021 3905 facio
1044 3843 1115 3917 hoc,
1135 3843 1181 3906 vi·
1235 3843 1372 3908 fecerint
1386 3844 1541 3928 proximis
1557 3845 1634 3920 suis,
1650 3845 1858 3927 dedignantur
1871 3849 1965 3904 tamen

435 3939 513 4002 deor
534 3957 598 4002 non
620 3958 689 4004 esse
711 3940 872 4023 perfectus
893 3941 925 4003 in
947 3941 1076 4004 caritate
1095 3941 1182 4005 Chri·
1216 3965 1218 3972 ¹
1236 3952 1267 4006 et
1282 3944 1538 4006 verecundentur
1552 3943 1680 4007 veniam
1695 3943 1851 4026 postulare
1865 3938 1963 4002 abeis.

292 4059 357 4106 nom.
370 4064 420 4114 aa.
435 4038 487 4113 sti,
504 4038 558 4120 qui
580 4039 676 4103 etiam
697 4057 755 4122 pro
778 4039 897 4121 iniquis
919 4041 1107 4122 sanguinem
1129 4059 1181 4103 su·
1237 4041 1454 4116 Considerent,
1475 4060 1593 4124 quaeso,
1616 4041 1680 4117 isti,
1698 4061 1793 4125 quam
1816 4040 1905 4121 longe
1926 4036 1965 4098 di·

436 4156 490 4200 um
515 4138 609 4214 fudit,
632 4156 691 4201 noc
716 4138 866 4222 proximi,
887 4157 984 4221 quem
1008 4156 1139 4222 possum
1161 4141 1319 4204 noscent
1336 4139 1375 4203 ab
1392 4139 1586 4222 evangelice
1604 4139 1684 4221 legis
1702 4138 1925 4211 observatione,
1939 4141 1965 4197 et

433 4243 522 4302 tanto
554 4236 689 4302 liberare
723 4236 868 4320 periculo
899 4237 1098 4301 humiliando
1129 4258 1181 4301 me
1235 4258 1293 4323 per
1314 4257 1514 4322 consequens
1534 4257 1554 4302 a
1574 4238 1686 4302 salute.
