4288 6264
464 537 613 586 norrmroa
634 539 707 586 rosr
727 539 938 586 ascmsrormrr
959 538 1076 586 ιιοιιιιιι.
1097 557 1137 570 -·
1159 540 1258 587 ιιιιιιιο
1279 539 1432 588 sacunnus
1679 519 1720 584 bb

174 716 254 772 stem
269 729 362 772 suum
379 711 507 792 propria
520 710 704 774 auctoritate
717 711 848 784 occidat,
855 730 925 793 qua·
937 711 963 773 Α
977 710 1153 774 secundum
1169 729 1273 774 meam
1290 711 1520 774 humanitatem
1536 716 1572 771 nt
1586 729 1604 772 a
1617 710 1721 772 Verbo

175 816 269 871 tenus
297 808 351 871 illo
374 809 491 883 occiso,
516 810 617 891 possit
646 809 781 891 pacifice
804 811 922 874 vivere.
977 817 1184 892 assumptam,
1202 810 1349 892 quamvis
1369 808 1497 872 facilem
1518 808 1557 871 de
1576 827 1626 871 me
1642 807 1722 871 noti·

174 907 316 970 Verbum
336 926 411 990 ergo
430 907 590 971 Ambrosii
612 907 853 990 intelligendum
877 918 923 972 est
977 908 1054 970 tiam
1075 907 1245 971 habuerint
1266 908 1461 972 sensitivam.
1478 907 1568 970 Peter
1587 905 1674 969 enim
1693 913 1726 968 et

174 1006 214 1068 de
236 1005 303 1068 fine
323 1025 378 1069 seu
402 1007 578 1070 intentione
599 1007 714 1090 operis.
738 1008 817 1070 ilinc
839 1014 925 1091 petet
979 1006 1077 1068 Filius
1099 1006 1229 1069 relative
1249 1007 1400 1069 dicuntur
1420 1007 1459 1069 ad
1482 1005 1632 1078 invicem,
1648 1021 1725 1086 quo·

174 1121 264 1166 error
288 1105 533 1186 periculumque
559 1105 745 1178 multorum,
762 1106 817 1188 qui
843 1106 925 1169 mala
979 1123 1050 1166 rum
1067 1122 1167 1167 unum
1182 1105 1338 1167 definitur
1356 1124 1414 1188 per
1428 1104 1589 1186 reliquum
1607 1121 1613 1166 :
1632 1101 1725 1165 idcir-

174 1202 321 1282 quaedem
336 1203 470 1283 egendo,
487 1221 520 1266 se
537 1203 622 1285 ipsos
640 1211 793 1266 excusant
806 1203 924 1285 justili·
979 1221 1016 1265 co
1045 1203 1101 1285 qui
1130 1222 1231 1266 unum
1260 1204 1394 1284 ignorat,
1421 1203 1580 1284 reliquum
1611 1200 1722 1264 nescit.

174 1309 324 1383 eantque,
349 1301 502 1376 dicentes,
528 1302 579 1365 Nil
610 1302 685 1364 mali
715 1303 923 1378 intendimus,
977 1301 1203 1364 Verumtamen
1224 1301 1402 1384 ignorantia
1422 1301 1481 1363 ista
1501 1300 1572 1363 illos
1592 1317 1655 1362 non
1673 1317 1726 1362 ex·

174 1406 249 1474 etc,
266 1418 365 1482 quum
386 1407 492 1463 mmen
513 1419 594 1482 opus
613 1417 724 1464 eorum
748 1401 790 1464 sit
808 1402 870 1464 tale
890 1409 926 1464 ut
979 1400 1113 1474 cusavit‚
1137 1401 1288 1482 quoniam
1313 1399 1460 1463 affectata
1485 1398 1556 1474 tuit,
1582 1405 1614 1460 et
1637 1399 1725 1479 igno·

175 1497 260 1560 bono
285 1505 423 1580 nequeat
446 1496 517 1560 fieri
542 1497 620 1574 fine,
640 1499 690 1562 vel
717 1499 835 1562 factum
861 1518 923 1564 non
978 1499 1081 1560 rentia
1098 1499 1191 1580 juris,
1208 1500 1382 1581 procedens
1402 1517 1441 1560 ex
1461 1496 1673 1560 obstinatione
1695 1505 1727 1558 et

174 1596 217 1658 sit
231 1594 270 1658 ab
286 1595 332 1658 cis
348 1595 414 1658 fine
432 1595 493 1658 sibi
515 1597 762 1678 proportionato.
779 1599 925 1660 Persecu-
979 1597 1186 1679 perversitate
1211 1616 1273 1679 qua
1295 1597 1461 1660 veritatem
1484 1595 1627 1677 recipere
1652 1613 1725 1658 con·

174 1703 260 1758 tores
289 1711 416 1776 quoque
440 1695 663 1776 Apostolorum
688 1715 724 1758 ac
750 1704 923 1779 martyrum
978 1704 1186 1779 tempserunt.

175 1800 223 1855 tot
237 1792 314 1856 fidei
330 1801 515 1874 argumenta
531 1793 691 1869 viderunt,
708 1802 818 1877 utpote
833 1802 879 1858 tot
894 1804 925 1858 et
1018 1797 1085 1856 Sed
1107 1795 1174 1854 lroec
1198 1797 1323 1855 locutus
1347 1815 1418 1854 sum
1443 1795 1530 1854 vobis
1554 1792 1593 1855 de
1622 1799 1728 1856 vestra

175 1899 263 1952 tanta
283 1891 447 1966 miracula,
463 1892 574 1955 saltem
596 1893 818 1967 communiter,
840 1895 924 1976 quod
939 1891 962 1954 B
979 1893 1200 1975 perseeutione
1224 1891 1342 1966 futura,
1363 1910 1420 1955 vos
1441 1891 1666 1974 premonendo
1688 1909 1725 1952 ac

176 1988 307 2052 credere
322 1988 501 2052 debuerunt
517 2009 554 2053 ac
571 1991 772 2066 tenebantur,
789 2011 848 2054 nec
868 2011 925 2075 per
979 1989 1230 2072 praemuniendo
1247 2000 1284 2050 ut
1306 2010 1407 2069 quom
1432 1991 1558 2050 arcuerit
1579 1991 1659 2049 bora
1680 2009 1728 2049 eo-

175 2106 266 2150 suam
290 2088 500 2169 ignorantiam
523 2097 725 2152 excusantur.
981 2109 1068 2158 rum,
1094 2089 1125 2150 id
1151 2096 1198 2150 est
1222 2095 1350 2171 tempus
1376 2086 1606 2170 persecutionis
1630 2105 1726 2169 quem

216 2189 260 2248 Et
284 2189 351 2246 brec
376 2186 459 2248 mala
482 2189 607 2262 facient
631 2189 731 2259 cobis,
757 2191 837 2268 quia
860 2209 925 2249 ιιοιι
980 2185 1119 2248 inferent
1133 2185 1236 2260 vobiS,
1254 2187 1516 2247 reminiscamini
1529 2187 1620 2264 quia,
1633 2185 1663 2248 id
1680 2194 1728 2248 est

176 2293 339 2343 nocerent
354 2286 487 2346 Patrem
505 2285 681 2347 secundum
698 2285 924 2368 proprietatem
981 2285 1076 2366 quod,
1093 2304 1148 2360 epo
1169 2287 1246 2344 dicct
1265 2286 1352 2344 vobis
1374 2284 1434 2346 ista
1455 2290 1625 2364 antequam
1645 2282 1727 2346 facta

177 2380 352 2443 relativam.
373 2381 441 2444 Non
463 2383 550 2444 enim
574 2391 731 2445 noverunt
750 2385 924 2465 generatio·
980 2391 1066 2456 sunt,
1083 2383 1178 2464 idque
1197 2383 1366 2446 recolendo
1386 2382 1583 2444 confortetur
1603 2399 1657 2444 cor
1675 2399 1728 2444 ve·

176 2498 251 2540 nem
277 2487 438 2554 aeternam,
461 2499 520 2543 nec
545 2482 777 2544 emanationem
803 2481 924 2545 divina·
980 2489 1082 2543 strum
1098 2481 1130 2542 in
1146 2481 1223 2554 lide,
1240 2488 1272 2542 et
1286 2481 1361 2542 talia
1380 2498 1443 2542 non
1460 2487 1610 2562 tanquam
1627 2479 1727 2561 inopi·

175 2596 247 2638 rum
270 2576 477 2639 Personarum
497 2577 535 2639 ad
557 2577 648 2639 intre.
670 2578 737 2652 Vel,
756 2601 772 2638 ιι
789 2597 851 2641 non
873 2597 925 2642 no
980 2586 1053 2641 nata
1075 2586 1107 2640 et
1128 2579 1302 2661 improvisa
1323 2597 1379 2642 vos
1404 2578 1550 2651 obruant,
1567 2578 1622 2640 sed
1640 2578 1727 2640 velut

177 2682 294 2736 verunt
316 2674 472 2736 Patrem»
494 2674 674 2755 cognitione
695 2675 838 2750 formata,
855 2695 925 2758 quaa
979 2677 1034 2739 diu
1060 2677 1251 2760 praecognita
1274 2677 1497 2759 equanimiter
1519 2675 1694 2738 tolerentur
1717 2693 1724 2736 ι

176 2772 307 2834 caritate
331 2781 462 2834 ornatur
490 2781 522 2836 et
551 2773 642 2836 bonis
666 2773 817 2857 operibus
843 2793 926 2838 com·
980 2776 1055 2857 quia
1076 2774 1183 2856 jacula
1207 2775 1341 2857 previse
1365 2775 1471 2837 minus
1495 2773 1591 2836 ferire
1615 2773 1725 2834 dicun·

177 2870 337 2953 probatur.
347 2873 460 2950 Neque
475 2893 524 2932 me
539 2872 742 2952 Unigenitum
758 2873 867 2948 Patris,
880 2893 926 2937 se·
981 2881 1042 2948 tur,
1058 2874 1135 2936 dum
1150 2883 1259 2937 contra
1273 2893 1310 2936 ea
1326 2875 1420 2939 homo
1438 2873 1598 2955 petientiae
1613 2871 1725 2955 clypeo

176 2969 318 3032 cundum
343 2978 487 3032 naturam
513 2989 616 3034 meam
641 2971 793 3046 divinam,
820 2991 924 3054 neque
979 2975 1199 3054 praemunitur.

688 3402 879 3488 SERMO
918 3403 1216 3490 SECUNDUS

524 3669 563 3714 ott
584 3669 778 3716 ausonensis
798 3669 1049 3726 TESTIMONHSQUE
1071 3671 1152 3717 Fllllll
1173 3671 1374 3718 cuats'rtlrtm.

250 3951 435 4012 OMINUM
462 3951 626 4010 Christum
659 3949 858 4026 sanctificate
888 3951 921 4010 tn
939 3947 960 4010 C
979 3947 1049 4021 tibi,
1066 3948 1211 4021 Domine,
1228 3947 1261 4010 in
1276 3955 1341 4011 toto
1357 3949 1451 4011 corde
1470 3965 1550 4010 meo.
1567 3947 1723 4020 Secundo,

262 4049 415 4108 cordibus
443 4050 570 4118 uostris,
591 4049 708 4123 parati
734 4067 858 4123 semper
881 4051 925 4108 ad
979 4055 1015 4109 ut
1040 4047 1138 4128 parati
1164 4047 1264 4109 simus
1289 4047 1327 4108 ad
1352 4047 1544 4110 reddendam
1570 4046 1723 4108 rationem

178 4149 431 4222 satisfactionem
442 4149 532 4206 omni
541 4147 688 4222 poscenti
702 4167 755 4206 vos
766 4149 924 4208 rationem
980 4145 1056 4208 fidei
1076 4152 1190 4208 nostrae
1210 4164 1246 4208 ac
1265 4147 1333 4227 spei
1355 4144 1546 4226 cuicumque
1567 4143 1598 4206 id
1621 4151 1726 4227 postu·

178 4249 218 4304 de
233 4267 269 4304 ca
285 4266 357 4325 quac
372 4247 408 4306 in
428 4247 515 4305 cobis
533 4254 591 4314 est,
606 4249 672 4322 fide
686 4254 717 4304 ct
736 4265 798 4321 spe.
816 4246 827 4307 l
843 4245 921 4307 Pctr.
981 4243 1070 4317 lauti,
1088 4244 1147 4306 boc
1170 4251 1227 4316 est,
1249 4262 1347 4325 quare
1370 4243 1536 4305 credamus
1561 4261 1597 4304 ac
1622 4261 1726 4324 spere·

180 4362 224 4416 ιιι,
249 4343 296 4407 ttt.
981 4363 1052 4406 mus
1067 4363 1105 4406 ea
1119 4363 1189 4424 qua
1205 4343 1365 4405 credimus
1380 4361 1417 4404 ac
1433 4361 1607 4424 speramus.

219 4446 252 4505 ln
288 4443 338 4506 liis
366 4442 473 4504 verbis
505 4443 647 4505 bortatur
678 4460 735 4505 nos
768 4443 924 4523 gloriosus
1020 4443 1058 4504 l't
1087 4441 1172 4503 enim
1203 4441 1313 4502 dicunt
1344 4442 1499 4514 doctores,
1530 4441 1725 4522 quicumque

178 4542 329 4624 princeps
353 4539 574 4622 Apostolorum
602 4541 640 4602 ad
664 4541 735 4602 duo.
757 4541 873 4614 Primo,
891 4549 926 4602 ut
981 4541 1075 4604 babet
1091 4539 1366 4612 caritatem‚habet
1382 4550 1413 4603 et
1428 4547 1549 4622 septem
1565 4541 1648 4603 dona
1662 4541 1727 4622 Spi-

179 4645 210 4705 in
241 4639 390 4702 cordibus
415 4640 531 4702 nostris
556 4639 716 4702 Christum
746 4640 924 4702 sanctifice·
981 4641 1060 4701 ritus
1082 4639 1187 4701 Sancti
1211 4640 1387 4700 secundum
1411 4639 1552 4720 aliquem
1574 4641 1725 4720 gradum3

179 4759 261 4812 mus,
280 4739 310 4802 id
326 4746 384 4812 est,
401 4746 545 4800 sanctum
562 4757 631 4801 esse
647 4755 816 4800 noscamus
831 4757 867 4800 ac
884 4739 926 4800 in·
981 4745 1011 4800 et
1034 4745 1153 4820 quanto
1176 4738 1272 4800 homo
1294 4738 1366 4818 plus
1388 4738 1504 4800 crescit
1528 4739 1559 4800 in
1585 4739 1724 4812 caritate,

179 4848 338 4910 tueamur,
362 4843 457 4918 etque
488 4837 519 4898 in
548 4835 715 4898 sanctitate
744 4843 775 4898 et
802 4836 926 4916 justitio
982 4844 1068 4898 tanto
1084 4836 1156 4918 plus
1172 4835 1287 4897 crescit
1305 4837 1337 4897 in
1354 4837 1445 4898 donis
1463 4837 1543 4899 istis.
1562 4838 1656 4900 Porro
1674 4837 1727 4899 bo

180 4938 287 5020 ipsum
304 4942 410 4998 mente
426 4933 660 5008 recolamus,de
676 4935 745 5015 ipso
761 4933 927 4996 sinceriter
983 4954 1053 4996 rum
1078 4935 1233 4995 donorum
1258 4953 1357 4994 uuum
1381 4943 1512 4996 vocatur
1537 4935 1726 5004 intellectus,

180 5032 359 5116 cogitando,
390 5051 462 5094 eum
494 5030 654 5094 ferventer
683 5032 829 5104 amando,
857 5033 927 5112 ejus
984 5052 1040 5113 per
1075 5032 1158 5113 quod
1194 5032 1393 5093 illuminetur
1423 5033 1529 5093 anima
1559 5051 1578 5093 a
1608 5033 1727 5114 Spiritu

181 5131 356 5196 bonitatem
371 5149 407 5192 ac
423 5129 582 5193 beneficia
595 5129 733 5191 firmiter
749 5129 927 5203 recolendo,
944 5129 968 5189 Ι)
984 5131 1098 5194 Sancto
1112 5131 1150 5192 ad
1171 5131 1424 5210 cognoscendum
1446 5131 1584 5192 rationes
1602 5131 1730 5192 creden-

182 5240 215 5294 et
235 5236 335 5291 totum
357 5245 410 5289 cor
430 5236 573 5290 nostrum
595 5227 623 5289 ei
642 5227 735 5308 plene
752 5225 928 5298 subdendo,
985 5229 1098 5290 dorum
1129 5247 1183 5290 seu
1216 5235 1402 5307 argumenta
1431 5227 1506 5289 fidei
1537 5228 1727 5290 christiane.

65 5357 84 5384 ε.
99 5356 127 5388 n.
140 5343 159 5382 Ξ.
184 5327 453 5411 quemadmodum
479 5325 635 5408 scriptum
660 5331 708 5387 est
724 5341 731 5386 :
749 5324 932 5388 Conlitebor
987 5326 1137 5400 Quamvis
1157 5327 1243 5388 cnim
1264 5344 1300 5387 ea
1323 5345 1392 5406 quae
1413 5325 1488 5387 fidei
1511 5331 1586 5387 sunt
1605 5333 1729 5388 natura-
