4288 6264
414 449 433 516 l
814 475 963 524 uourmca
984 477 1015 523 ιν
1036 475 1109 523 rosr
1130 475 1258 524 rasum.
1280 494 1320 505 -
1341 477 1439 524 sunno
1461 478 1571 526 ramus

414 644 508 710 Quod
517 653 622 719 potest
637 650 765 707 salvare
780 649 908 708 animas
921 657 1045 708 vestras
1061 667 1072 706 :
1087 663 1162 728 quo·
1176 646 1201 708 Α
1216 665 1283 709 mas
1312 645 1390 728 pias.
1417 647 1624 710 Mansuetudo
1647 653 1754 708 autem
1783 644 1963 727 specialiter

412 739 499 802 niam
514 741 655 806 Verbum
670 745 993 828 aetemum,vildelicet
1008 745 1161 820 Christus,
1217 752 1356 807 mentem
1385 745 1525 828 disponit
1548 746 1587 808 ad
1612 744 1848 826 susceptionem
1872 743 1963 806 verbi

413 836 593 903 allicienter
615 842 715 905 salvat
736 844 947 926 pergratiam
969 862 1059 905 suam
1081 843 1160 905 fide·
1183 891 1198 906 .
1215 843 1327 916 divini,
1344 843 1427 906 sicut
1449 850 1480 906 et
1502 844 1547 905 ira
1572 843 1733 926 praecipue
1755 841 1890 924 impedit
1910 841 1962 904 bo

413 935 494 999 lium
521 940 643 1003 animas
662 959 670 1020 3
700 942 883 1024 evangelica
911 960 987 1006 vero
1018 942 1161 1004 doctrina
1215 960 1293 1003 num
1309 941 1378 1003 boo.
1396 941 1483 1004 Unde
1499 941 1741 1004 Ecclesiasticus
1756 940 1849 1002 docet
1865 958 1871 1002 :
1888 940 1962 1002 Esto
1975 955 2101 1004 acclama.

414 1034 698 1103 instrumentaliter
714 1040 964 1123 dispositiveque
979 1041 1079 1103 salvat
1093 1041 1159 1103 ani·
1215 1047 1399 1102 mansuetus
1420 1039 1457 1102 ad
1480 1040 1675 1102 audiendum
1696 1038 1832 1101 verbum
1853 1039 1919 1100 llei.

961 1477 1153 1562 SERMO
1192 1477 1412 1562 PRIMUS

673 1740 713 1787 DE
734 1739 925 1786 rusrntortns
947 1740 999 1786 Dbl
1020 1741 1057 1785 ΕΤ
1077 1739 1259 1798 efficerem,
1280 1739 1505 1795 AUDl'l'lONEQUE
1525 1742 1615 1788 veltet
1637 1743 1697 1788 but.

470 2019 520 2080 IT
530 2020 636 2078 omnis
655 2021 746 2080 homo
766 2023 859 2080 veloce
877 2022 922 2080 ad
941 2021 1155 2088 audiendum,
1173 2016 1196 2078 B
1211 2017 1332 2087 audire,
1350 2017 1532 2081 memoriter
1551 2019 1699 2095 retinere,
1716 2028 1845 2084 strenue
1858 2023 1959 2086 adim-

485 2119 602 2177 tardus
621 2126 730 2178 autem
751 2120 795 2178 ad
816 2119 1024 2196 loquendum,
1040 2125 1071 2176 et
1090 2126 1158 2177 tar·
1210 2112 1460 2194 plere.Verbum
1477 2114 1595 2176 etenim
1612 2115 1679 2191 Dei,
1696 2117 1799 2192 cibus,
1815 2118 1912 2181 robur
1927 2127 1959 2182 et

408 2217 471 2275 dus
489 2218 534 2275 ad
552 2217 650 2276 iram.
667 2214 771 2278 Jacob,
789 2234 810 2288 1,
828 2214 876 2277 19,
1211 2209 1369 2272 medicina
1397 2217 1446 2272 est
1466 2211 1591 2286 animae,
1617 2213 1681 2276 vita
1711 2221 1742 2276 et
1765 2215 1958 2280 illuminatio

448 2313 524 2376 Due
545 2321 619 2375 sunt
637 2321 743 2396 partes
765 2312 843 2395 legis
863 2313 990 2388 diviuae,
1007 2313 1157 2376 videlicet
1210 2306 1290 2386 ejus.
1315 2309 1388 2370 ldeo
1418 2309 1559 2391 loquitur
1582 2311 1725 2374 Christus
1752 2332 1759 2376 :
1786 2313 1872 2376 Beati
1901 2315 1957 2397 qui
1972 2339 2101 2390 tranas.

408 2411 591 2475 testimonia
615 2419 646 2474 et
670 2420 837 2495 praecepta.
865 2411 1058 2474 Testimonia
1082 2420 1157 2473 sunt
1209 2405 1343 2468 audiunt
1367 2406 1502 2469 verbum
1527 2409 1582 2470 Dei
1607 2417 1638 2472 et
1659 2411 1843 2474 custodiunt
1866 2413 1955 2476 illud.

300 2529 302 2534 v
407 2510 448 2572 de
472 2511 650 2586 credendis,
672 2517 707 2572 ut
730 2511 815 2592 quod
838 2511 920 2573 Deus
946 2519 994 2573 est.
1019 2530 1100 2572 unus
1125 2517 1156 2572 et
1209 2503 1405 2584 Augustinus
1427 2523 1554 2587 quoque
1576 2507 1719 2570 affirmat
1736 2529 1742 2572 :
1759 2510 1828 2572 Non
1851 2512 1957 2573 minus

407 2607 521 2682 trinus,
551 2609 636 2690 quod
664 2608 720 2671 Dei
751 2608 848 2670 Filius
878 2615 926 2670 est
955 2609 1154 2688 incarnatus;
1210 2602 1343 2682 dignum
1374 2609 1422 2665 est
1451 2604 1585 2667 verbum
1616 2607 1683 2681 Dei,
1714 2626 1811 2689 quam
1841 2627 1957 2692 corpus

407 2712 565 2788 precepta
585 2714 659 2768 sunt
678 2706 717 2769 de
736 2707 865 2788 agendis
885 2713 940 2768 aut
959 2706 1153 2768 omittendis.
1210 2700 1336 2763 Christi.
1363 2702 1484 2765 ldcirco
1508 2720 1571 2765 non
1601 2705 1707 2767 minus
1732 2724 1805 2770 reus
1830 2708 1957 2790 estqui

406 2805 441 2866 ln
463 2804 521 2866 bac
543 2811 650 2866 autem
670 2804 804 2886 epistola
826 2805 970 2886 quedam
993 2813 1156 2886 ponuntur
1209 2798 1343 2860 verbum
1367 2799 1422 2861 Dei
1445 2800 1642 2882 negligenter
1662 2803 1761 2878 audit,
1782 2824 1879 2887 quam
1901 2807 1957 2888 qui

406 2902 599 2985 pertinentia
614 2903 652 2964 ad
670 2903 850 2965 testimonia
865 2922 921 2964 seu
937 2904 1104 2978 credenda,
1121 2910 1156 2964 ut
1209 2914 1324 2979 corpus
1347 2897 1462 2960 Christi
1485 2917 1523 2960 ex
1548 2901 1740 2982 negligentia
1764 2923 1822 2965 sua
1843 2905 1955 2967 cadere

406 3001 491 3083 quod
511 3018 606 3063 omne
627 3001 736 3063 datum
758 3001 915 3083 optimum
937 3010 969 3063 et
988 3019 1082 3064 omne
1102 3002 1155 3065 do·
1210 2994 1242 3056 io
1264 3002 1380 3056 tomam
1403 2996 1567 3078 permittit.

405 3119 484 3163 num
505 3098 684 3183 perlectum
699 3119 717 3162 a
733 3101 796 3163 Deo
817 3101 969 3183 procedit.
988 3101 1026 3162 Et
1045 3120 1154 3183 quam·
1249 3093 1406 3157 Debemus
1426 3113 1500 3176 ergo
1521 3096 1614 3177 proni
1634 3115 1704 3160 esse
1724 3106 1756 3161 et
1774 3100 1893 3164 alacres
1916 3101 1955 3164 ad

404 3199 453 3261 vis
473 3199 608 3261 naturali
629 3199 750 3262 ratione
768 3199 800 3261 id
820 3200 920 3282 possit
934 3199 1073 3282 probari,
1090 3218 1153 3263 non
1169 3199 1190 3262 C
1208 3191 1402 3254 oodioodom
1420 3193 1554 3256 verbum
1578 3195 1642 3256 Dol-
1667 3196 1782 3272 Primo,
1805 3201 1956 3281 quomam

406 3303 511 3358 tamen
529 3305 633 3380 potest
647 3297 848 3360 sufficienter
863 3298 991 3381 probari
1006 3317 1044 3360 ex
1060 3299 1153 3361 lumi·
1208 3289 1342 3352 vorbom
1364 3291 1418 3353 Doi
1443 3291 1602 3354 illuminat
1623 3295 1761 3358 animam
1783 3297 1823 3359 ad
1844 3315 1956 3378 cogno-

406 3413 446 3456 ne
471 3394 619 3467 naturali,
644 3395 729 3476 quod
754 3395 862 3457 omnia
887 3396 951 3457 sint
974 3416 992 3457 a
1017 3397 1092 3470 lleo,
1116 3415 1154 3459 eo
1208 3390 1361 3452 ooomlom
1377 3408 1414 3451 oo
1430 3409 1501 3472 omo
1515 3391 1598 3454 Deos
1617 3393 1657 3455 ob
1676 3394 1745 3476 ipso
1764 3396 1909 3478 sequimi,
1924 3405 1956 3459 ol

405 3491 497 3554 modo
512 3509 575 3573 quo
589 3491 672 3554 fides
687 3492 747 3555 boc
762 3499 892 3555 tenetet
907 3493 1064 3576 scriptura
1080 3494 1153 3556 libri
1208 3487 1275 3548 smo
1300 3505 1436 3569 qoomm
1466 3489 1578 3551 notitia
1606 3491 1721 3554 salvari
1751 3510 1814 3555 non
1839 3502 1952 3576 potest.

406 3587 563 3652 Genesaos
583 3590 684 3652 docet.
701 3591 834 3672 lnsuper
853 3591 891 3653 ad
910 3592 1067 3654 credenda
1085 3611 1154 3674 per·
1208 3584 1344 3646 Vorbom
1370 3586 1489 3648 olooim
1515 3588 1581 3662 Dob
1608 3595 1655 3651 osi
1680 3608 1768 3652 soom
1792 3592 1955 3674 Scriptum

406 3686 486 3748 tinet
501 3687 585 3767 quod
600 3687 757 3764 subditur,
774 3688 956 3750 Voluntaria
971 3690 1081 3768 genuit
1095 3708 1152 3752 nos
1206 3689 1238 3743 ot
1262 3682 1412 3745 solmeria
1435 3686 1626 3749 documenta
1649 3688 1734 3751 circa
1758 3690 1953 3773 Scripturam

406 3783 504 3847 verbo
525 3784 678 3859 veritatis,
695 3793 730 3846 ut
751 3785 851 3848 simus
874 3785 1002 3847 initium
1024 3786 1152 3868 aliquod
1206 3781 1395 3863 conscripta.
1421 3783 1502 3845 Hinc
1530 3785 1574 3846 att
1598 3787 1751 3868 Propheta
1778 3809 1785 3852 :
1811 3789 1954 3854 Lucerna
1979 3823 2105 3878 aaa„

406 3889 558 3946 creaturae
577 3882 659 3962 ejus,
676 3883 702 3946 si
725 3883 921 3964 intelligatur
935 3884 973 3946 dc
989 3901 1152 3964 regenera-
1206 3878 1342 3959 podibus
1367 3880 1447 3942 mois
1472 3881 1605 3944 verbum
1631 3892 1734 3959 loom>
1755 3887 1898 3963 Domino,
1922 3896 1954 3950 ot
1969 3890 2014 3930 ¹⁰⁵·

405 3980 491 4043 tione
511 3980 670 4063 spirituali
693 3988 725 4043 et
744 3981 990 4063 supernaturali,
1011 3981 1094 4044 facta
1119 3983 1151 4045 iu
1207 3975 1315 4038 lumoo
1340 3979 1462 4041 semitis
1489 3980 1584 4061 meis;
1604 3983 1754 4064 itemque,
1779 3985 1954 4050 Declaratio
1980 4020 2038 4064 m„
2056 4025 2104 4067 ‚30¹

405 4077 492 4141 fonte
513 4079 666 4161 Baptismi
692 4098 748 4141 seu
773 4098 830 4161 per
854 4079 1095 4144 instructionem
1121 4089 1153 4143 et
1206 4093 1390 4140 sermonum
1419 4085 1546 4141 loomm
1576 4079 1747 4157 illuminat,
1773 4091 1805 4145 ol
1829 4084 1952 4147 iolollo-

404 4177 537 4256 gratiam
553 4177 796 4240 Christi.Cetera
811 4179 843 4240 in
860 4178 993 4260 epistola
1008 4179 1066 4241 hac
1082 4197 1153 4243 con·
1206 4179 1292 4234 olom
1313 4175 1366 4236 dol
1384 4176 1535 4257 parvolis·
1554 4177 1612 4251 Qui
1633 4197 1707 4259 orgo
1721 4182 1829 4244 toldus
1849 4190 1897 4245 ost
1912 4184 1952 4246 od

406 4283 490 4337 tenta
511 4276 672 4358 pertinent
691 4276 730 4337 ad
752 4277 872 4358 agenda
892 4284 947 4338 aut
966 4278 1150 4352 omittenda,
1205 4271 1400 4335 audiendum
1422 4274 1572 4350 salubria,
1589 4277 1751 4358 propriam
1770 4278 1853 4360 fugit
1871 4282 1953 4343 salu-

405 4381 440 4436 ut
463 4375 548 4456 quod
571 4375 616 4436 ait
641 4394 648 4438 :
675 4375 721 4438 sit
745 4374 849 4437 omnis
878 4375 974 4438 homo
997 4376 1089 4438 v0101
1112 4378 1151 4439 ad
1167 4376 1191 4437 Ι)
1206 4376 1282 4443 tem,
1299 4377 1331 4432 at
1345 4371 1439 4433 babet
1459 4372 1667 4452 ignorantiam
1688 4394 1837 4452 crassam,
1853 4387 1951 4441 amat-

403 4473 607 4535 audiendum,
1205 4487 1268 4549 que
1290 4468 1436 4532 tenebras
1458 4489 1523 4535 suae
1545 4474 1671 4535 mantis.
1689 4474 1835 4539 Secundo
1856 4478 1950 4540 debe-

443 4571 552 4652 ltaque
572 4571 604 4632 in
626 4570 739 4653 primis
757 4571 944 4635 obediamus
966 4573 1040 4635 huic
1061 4573 1151 4636 brevi
1207 4585 1277 4628 mos
1308 4567 1443 4630 verbum
1474 4570 1530 4632 Dei
1562 4580 1707 4654 prompte
1736 4574 1950 4658 velociterque

404 4669 460 4731 sed
479 4687 553 4731 vere
572 4668 692 4732 salubri
712 4669 810 4732 verbo
827 4670 979 4752 Apostoli,
996 4689 1060 4753 quo
1080 4691 1150 4754 pro·
1204 4665 1325 4738 modim,
1342 4666 1418 4747 quio
1435 4675 1574 4731 montom
1592 4669 1624 4730 in
1641 4689 1750 4734 amoro
1765 4673 1821 4735 Dei
1839 4693 1950 4738 acoen-

404 4766 489 4829 latur
505 4787 511 4831 :
529 4767 575 4830 Sit
597 4767 701 4830 omnis
726 4767 821 4830 bomo
843 4768 935 4830 velox
959 4769 997 4831 ad
1022 4771 1151 4832 audien·
1204 4762 1251 4823 dil
1274 4770 1305 4824 ol
1327 4764 1367 4824 od
1392 4764 1627 4845 proficiendum
1652 4768 1841 4847 inflammob
1859 4773 1951 4854 juxta

403 4865 490 4928 dum.
507 4865 594 4938 Quod
614 4865 769 4927 etiamad
789 4865 950 4947 subjectos
970 4885 1006 4928 ac
1026 4867 1149 4950 simpli·
1204 4861 1283 4922 illud
1304 4863 1448 4927 Jeramie
1465 4883 1472 4928 τ
1492 4865 1602 4928 Faetus
1623 4874 1672 4930 est
1693 4887 1798 4933 sermo
1822 4872 1949 4934 Domini
1974 4901 2100 4956 rane.

402 4981 466 5038 ces,
491 4963 530 5026 ad
559 4962 699 5026 minores
722 4981 758 5025 aa
781 4964 917 5027 feminas
946 4966 1148 5048 potissimum
1205 4961 1236 5021 in
1253 4962 1347 5024 corde
1363 4980 1434 5025 meo
1448 4964 1538 5045 quasi
1559 4965 1641 5046 ignis
1658 4976 1844 5034 exestuans.
1862 4971 1949 5035 Unde
2079 5043 2084 5051 .

402 5062 550 5146 partinet,
571 5061 628 5144 qui
647 5063 938 5138 sermocinationes,
960 5064 1149 5130 exhortatio-
1203 5057 1247 5120 ait
1274 5059 1439 5122 Psalmista
1464 5081 1471 5125 :
1497 5063 1635 5142 Ignitum
1663 5065 1827 5148 eloquium
1856 5076 1948 5132 tuum
1977 5097 2099 5154 recum,

402 5180 469 5236 nes,
491 5161 706 5243 correptiones
730 5161 931 5243 superiorum
955 5181 1086 5226 suorum
1111 5184 1148 5229 ac
1202 5158 1416 5221 vehomenter·
1439 5159 1477 5222 El
1498 5161 1645 5227 Salomon
1663 5183 1671 5229 :
1688 5165 1797 5229 Omnis
1815 5167 1949 5251 (inquit)
1963 5164 2010 5206 ¹⁴⁰·

316 5281 320 5290 ,
401 5259 631 5345 sapientiorum
651 5267 683 5322 et
702 5259 865 5323 seniorum
888 5259 1010 5324 fervide
1030 5262 1148 5327 debant
1201 5277 1306 5323 sermo
1321 5261 1376 5322 Dei
1392 5260 1519 5342 ignitus.
1537 5263 1680 5346 Denique
1694 5285 1779 5349 saepe
1793 5269 1949 5351 ⁰⁰¹¹ti¹¹git
1962 5223 2099 5330 strenus.
