4140 6258
396 497 544 546 ιοιιιιιιιιι
565 499 597 545 ιι
617 497 691 546 rosr
709 497 903 546 mmmmm.
924 517 965 529 -
985 499 1160 548 summme
1180 499 1211 548 m
1232 499 1399 549 crrsromu
1615 483 1675 548 357

123 671 292 747 Dominus,
309 671 342 734 in
357 671 409 735 die
424 671 666 736 resurrectionis
682 689 760 736 meae
776 670 810 734 iu
825 670 872 734 lu·
887 671 913 736 A
929 673 993 734 ruit
1018 689 1026 734 :
1052 673 1169 756 primo,
1195 672 1345 736 undecim
1368 672 1526 756 Apostolis
1551 691 1674 736 recum·
1693 690 1822 744 namur,

123 779 244 834 turum.
927 769 1090 844 bentibus,
1108 779 1143 833 ut
1160 771 1239 833 dicit
1257 771 1379 834 Marcus
1386 789 1394 851 3
1410 771 1537 846 deinde,
1553 770 1674 834 eisdem
1689 758 1758 800 ¹4¹⁹·

163 871 208 931 Ει
231 871 312 948 qnia
335 870 424 930 nisus
447 877 493 929 est
513 869 637 948 Cephcc,
653 867 684 930 id
708 874 767 941 est,
782 868 874 930 Petro
927 875 959 929 ct
982 868 1053 931 aliis
1076 867 1185 930 multis
1210 869 1243 931 in
1268 877 1375 932 monte
1399 868 1525 944 Oliveti,
1548 868 1674 952 quando

5 987 107 1036 taranta.
122 968 283 1049 apparuit,
300 966 353 1029 cui
373 965 515 1031 Christus
537 966 682 1049 praedixit
699 984 706 1028 :
723 967 768 1028 l'u
784 983 873 1028 voca·
927 967 1081 1041 ascendit,
1108 975 1143 1030 ιιι
1165 966 1283 1030 dicitur
1308 967 1341 1029 in
1365 967 1507 1031 Actibus.
1531 968 1569 1030 Et
1592 969 1676 1030 inter
1701 988 1822 1040 nunna

124 1065 211 1128 heris
236 1065 367 1148 Gephas.
395 1065 434 1128 Et
457 1065 603 1147 quamvis
628 1064 717 1127 locus
741 1071 772 1126 et
796 1063 874 1126 hora
928 1065 999 1128 illos
1029 1066 1169 1129 creditur
1197 1067 1297 1130 luisse
1327 1067 1482 1142 Matthias,
1508 1067 1563 1150 qui
1592 1065 1734 1129 interm·

124 1164 223 1246 hujus
244 1163 453 1247 apparitionis
473 1181 536 1227 non
559 1170 789 1245 cognoscantur
811 1181 874 1224 cer·
927 1165 1154 1229 Ascensionem
1170 1173 1201 1228 et
1221 1166 1425 1230 Pentecosten
1445 1166 1478 1228 in
1495 1165 1673 1248 apostolum

124 1263 201 1336 tive,
218 1263 358 1326 creditur
379 1270 486 1326 tamen
509 1262 591 1324 lacta
614 1262 742 1344 quando
764 1261 873 1323 Petrus
928 1271 976 1326 est
998 1270 1172 1346 promotus.

4 1375 107 1426 sumac.
125 1369 157 1425 et
177 1362 313 1425 loannes
333 1381 351 1424 a
373 1367 581 1426 monumento
602 1360 765 1424 redierunt
787 1378 874 1442 sepa·
967 1365 1426 1426 Novissimeautemomnium
1441 1363 1673 1448 predictorum,

125 1461 232 1535 ratim,
259 1459 293 1522 in
322 1459 511 1544 crepusculo
539 1458 603 1522 diei
632 1458 874 1521 resurrectionis
928 1469 1004 1543 puta
1037 1469 1108 1544 post
1141 1463 1361 1526 ascensionem
1396 1469 1491 1544 atque
1524 1461 1674 1524 Paracleti

123 1559 307 1633 dominice,
323 1559 450 1640 quando
469 1558 579 1621 Petrus
597 1556 676 1619 abiit
691 1575 800 1620 secum
817 1555 875 1619 mi·
930 1559 1126 1634 missionem,
1152 1570 1309 1640 tanquam
1335 1563 1492 1632 abortivo,
1517 1562 1606 1621 visus
1629 1569 1675 1620 esc

123 1677 210 1720 rans.
227 1660 272 1719 ιιι
291 1667 364 1734 post
386 1658 454 1717 hoec
477 1657 566 1719 visus
590 1663 639 1718 est
661 1656 825 1726 undecim,
842 1655 873 1716 id
928 1660 1067 1719 etmihi.
1085 1659 1149 1722 Hoc
1168 1659 1231 1721 luit
1250 1658 1376 1741 quando
1395 1659 1510 1721 Paulus
1529 1657 1675 1721 transivit
1689 1673 1821 1726 returnar.

121 1765 186 1831 cst,
202 1755 352 1819 undecim
367 1754 526 1838 Apostolis
540 1755 688 1836 apparuit
704 1753 735 1816 in
751 1751 874 1816 concla·
929 1755 1118 1819 Damascum
1133 1757 1171 1820 ad
1188 1757 1443 1840 persequendum
1460 1756 1674 1821 Christianos:

121 1857 169 1930 vi,
195 1855 227 1917 in
251 1862 361 1917 octava
389 1851 629 1916 resurrectionis
654 1871 730 1926 sue,
754 1850 874 1915 Thema
892 1854 1007 1916 Btunc
1028 1856 1115 1917 enim
1138 1855 1281 1920 Christus
1304 1855 1336 1917 in
1358 1853 1411 1917 via
1432 1853 1494 1917 sibi
1515 1855 1675 1937 apparuit,

3 1974 52 2016 rna
64 1978 94 2017 ss.
122 1961 295 2038 praesente,
312 1960 347 2014 ιιι
366 1951 451 2034 apud
470 1951 622 2014 loannem
644 1949 755 2013 lertur.
772 1950 874 2033 Appa-
930 1959 965 2014 ut
980 1951 1012 2015 in
1027 1952 1159 2016 Actibus
1175 1951 1373 2015 describitur.
1386 1952 1481 2015 Porro
1496 1949 1676 2014 abortivum

12 2073 91 2117 ιιιιιι.
122 2053 193 2116 ruit
207 2070 335 2135 quoque
350 2049 500 2113 undecim
515 2049 674 2132 Apostolis
690 2050 722 2111 in
738 2048 874 2123 Galilaea,
930 2057 1061 2114 vocatur
1077 2049 1159 2114 letus
1180 2059 1267 2112 extra
1282 2068 1458 2131 congruum
1479 2058 1607 2131 tempus
1624 2069 1677 2113 na-

2 2141 109 2185 ¹''¹¹·¹⁶‘²
123 2159 161 2214 ut
185 2151 347 2214 Mattheus
366 2148 470 2212 hehet.
489 2149 523 2210 ln
539 2148 591 2211 die
609 2155 717 2210 autem
737 2166 876 2211 resurre-
931 2167 1034 2220 scens,
1054 2157 1109 2211 ιιιι
1133 2167 1207 2211 cum
1232 2148 1385 2212 violentia
1408 2147 1528 2222 exiens,
1547 2148 1615 2212 sive
1638 2150 1677 2211 ad

1 2213 108 2316 linae,
123 2250 244 2314 ctionis
258 2267 323 2311 snae
344 2247 486 2312 Christus
506 2245 654 2330 apparuit
668 2245 779 2308 decem
795 2244 876 2327 Apo·
931 2245 1071 2309 debitam
1088 2264 1151 2309 uon
1167 2247 1358 2329 perveniens
1377 2246 1596 2328 quantitatem.
1614 2247 1679 2310 Sic-

2 2332 18 2369 l'
123 2347 353 2423 stolis'lhoma
367 2345 506 2420 ahsente,
516 2352 551 2406 ut
565 2344 677 2408 scribit
690 2343 878 2407 loannesllt
931 2363 995 2427 que
1024 2353 1154 2427 propter
1179 2345 1239 2406 tria
1263 2350 1426 2426 comparat
1451 2363 1485 2407 se
1508 2344 1678 2427 Apostolus

124 2455 214 2510 recte
229 2463 315 2508 nunc
330 2444 458 2516 dicitur,
473 2443 567 2506 Visus
583 2450 631 2506 est
647 2464 663 2502 ιι
682 2442 829 2505 undecim
846 2464 875 2516 a,
919 2442 1085 2516 ‚abortivo
1102 2442 1218 2517 Primo,
1236 2442 1387 2524 quoniam
1402 2449 1476 2505 ante
1492 2443 1678 2506 missionem

124 2545 280 2629 quoniam
295 2549 438 2625 tempore
458 2541 555 2622 hujus
573 2539 781 2623 apparitionis
801 2558 878 2604 non·
932 2541 1070 2625 Spiritus
1096 2541 1202 2605 Sancti
1226 2540 1280 2603 alii
1305 2541 1446 2624 Apostoli
1471 2541 1680 2624 spiritualiter

123 2645 205 2708 dnm
224 2641 415 2705 substitutus
434 2639 495 2702 luit
509 2639 654 2701 hlatthias
674 2655 732 2720 pro
751 2638 878 2701 tradito
932 2649 1006 2704 sunt
1029 2640 1129 2703 renati
1155 2660 1211 2703 scu
1236 2639 1386 2723 baptizati
1410 2659 1429 2702 a
1454 2639 1588 2716 Christo,
1611 2641 1679 2724 ipse

124 2763 168 2805 re.
180 2742 308 2804 Deinde
324 2741 411 2799 visus
425 2747 470 2797 est
483 2741 560 2814 plus
575 2757 672 2816 quam
688 2738 877 2816 quingentis
932 2739 1135 2822 postmodum
1160 2737 1199 2802 ab
1221 2738 1353 2811 Anania,
1370 2746 1405 2800 ut
1425 2738 1457 2800 in
1476 2738 1608 2802 Actibus
1629 2740 1681 2801 ha·
1705 2762 1765 2807 nra.
1781 2765 1813 2806 ιι.

121 2841 293 2920 [ratribus
304 2839 472 2898 einch-ec
485 2837 603 2915 quibus
617 2837 717 2894 multi
731 2843 876 2904 manent,
932 2836 1034 2900 betur.
1052 2835 1209 2910 Secundo,
1226 2835 1301 2917 quia
1321 2853 1394 2897 cum
1415 2836 1552 2918 quadam
1567 2837 1681 2899 coacti·

125 2941 156 3002 id
177 2944 238 3011 cst,
265 2934 470 3018 corporaliter
493 2933 617 3006 vivunt,
638 2952 738 3012 usquc
757 2934 876 3005 adhuc,
932 2952 992 2996 one
1012 2951 1186 2997 conversus
1205 2940 1263 3006 est,
1279 2933 1403 2995 scilicet
1422 2951 1479 3016 per
1498 2939 1634 2996 terrores
1649 2941 1681 2996 et

124 3038 201 3122 quia
217 3043 361 3118 tempore
377 3049 441 3116 quo
454 3032 569 3095 Paulus
584 3031 652 3094 haec
671 3031 810 3114 scripsit,
830 3033 876 3095 vi·
895 3035 917 3100 C
933 3032 1047 3106 minas,
1064 3031 1188 3095 Christo
1207 3031 1246 3093 ad
1267 3049 1340 3093 eum
1361 3031 1486 3094 dicente
1504 3049 1510 3093 :
1528 3030 1609 3105 Quid
1629 3049 1680 3092 me
1707 3047 1821 3100 ruane.

125 3140 257 3213 xerunt3
270 3133 404 3212 quidam
421 3139 529 3191 autern
542 3129 801 3199 dormz'erunmd
816 3139 875 3206 est,
932 3129 1157 3213 persequerisl
1172 3129 1292 3192 [lurum
1309 3127 1429 3190 esttibi
1446 3136 1554 3192 contra
1570 3128 1681 3192 stimu-

125 3241 229 3297 mcrte
259 3230 355 3314 sopiti
383 3236 467 3301 sunt,
495 3227 623 3290 tandem
654 3230 874 3292 resurrecturi.
933 3229 999 3290 lum
1016 3227 1189 3291 calcitrare.
1207 3227 1324 3300 Tertio,
1341 3227 1492 3309 qnoniam
1510 3226 1582 3288 aliis
1597 3226 1679 3309 Apo·

125 3334 169 3396 De
184 3333 245 3394 hac
260 3329 381 3393 visione
397 3327 501 3389 nullus
517 3324 786 3406 Evangelistarum
801 3327 877 3409 quid
932 3326 1021 3391 stolis
1037 3326 1142 3388 minor
1156 3324 1227 3400 luit,
1239 3332 1385 3406 respectu
1401 3325 1473 3388 vitae
1489 3344 1553 3388 suae
1568 3333 1679 3407 praetc-

125 3429 265 3512 scripsit.
292 3426 399 3510 Aliqui
425 3433 531 3488 tamen
556 3423 729 3507 opinantur
750 3426 876 3507 appari·
932 3425 1047 3497 ritae,in
1064 3442 1124 3506 qua
1139 3422 1343 3506 blasphemus
1359 3422 1679 3496 fuitccntumeliosus
1693 3450 1701 3494 1
1709 3451 1826 3502 rem„‚n,

126 3531 247 3592 tionem
277 3527 359 3589 hanc
388 3523 504 3588 iactam
534 3522 566 3584 in
596 3522 734 3596 Galilaea,
760 3522 816 3584 uhi
845 3532 878 3587 et
932 3531 963 3586 et
982 3528 1167 3604 persecutor
1186 3520 1347 3594 Ecclesia,
1364 3521 1447 3583 sicut
1467 3521 1678 3584 adTimothe-

124 3627 257 3712 quando
283 3623 432 3708 apparuit
456 3620 605 3684 undecim
630 3621 808 3703 discipulis,
834 3622 877 3684 ita
933 3640 987 3682 um
1008 3619 1152 3682 scribens
1174 3626 1308 3682 testatur
1328 3638 1365 3681 ac
1387 3618 1494 3682 deflet.
1512 3619 1585 3682 ldeo
1605 3617 1679 3682 suh-

124 3726 213 3811 quod
237 3733 312 3787 tuuc
337 3740 400 3785 nou
425 3721 530 3783 solum
554 3719 701 3802 apparuit
726 3721 875 3783 undecim
932 3719 978 3782 dit
1001 3737 1008 3781 :
1032 3723 1100 3794 Eoo
1124 3720 1210 3778 enirn
1236 3737 1307 3777 sum
1333 3719 1491 3778 minimus
1515 3721 1680 3793 Apostolo-

124 3827 205 3900 illis,
232 3822 287 3887 sed
311 3829 344 3884 et
366 3819 550 3904 quingentis
574 3817 644 3880 istis
673 3817 839 3900 discipulis
866 3837 873 3881 :
932 3839 1008 3878 rum
1031 3839 1042 3876 .·
1064 3833 1127 3879 non
1152 3815 1353 3897 simpliciter,
1379 3815 1434 3878 sed
1459 3821 1614 3896 quantum
1639 3813 1679 3876 ad

123 3924 213 4008 quod
239 3922 396 3984 incertum
418 3917 553 3979 videtur.
571 3917 697 3977 Deinde
718 3917 807 3975 visus
829 3925 875 3976 est
930 3915 1048 3997 aliqua,
1068 3915 1144 3996 quia
1164 3913 1277 3976 ultimo
1296 3914 1335 3977 ad
1356 3913 1566 3996 apostolatum
1587 3929 1678 3976 voca-

120 4025 241 4086 Jaccbo
256 4017 379 4091 hliuori,
397 4015 486 4079 fratri
501 4013 639 4077 Simonis
655 4021 687 4076 et
704 4015 802 4088 Judae,
819 4015 875 4096 qui
930 4025 991 4079 tus
1008 4016 1101 4077 Juxta
1123 4031 1218 4094 quem
1245 4012 1375 4076 modum
1399 4012 1534 4075 lacobus
1555 4010 1677 4094 Alphaei

121 4121 219 4188 vovit
229 4141 261 4184 se
276 4138 340 4184 non
356 4123 573 4181 comesturum
595 4131 761 4196 quousque
776 4112 874 4175 Filius
929 4116 983 4196 (de
1005 4131 1069 4195 quo
1089 4111 1279 4194 preadictum
1298 4111 1359 4191 est)
1378 4118 1508 4174 vocatus
1527 4118 1575 4172 est
1592 4111 1678 4174 laco
1691 4135 1780 4244 mm
1787 4148 1823 4189 1,

120 4221 268 4286 hominis
290 4241 309 4283 a
333 4205 435 4281 morte
460 4220 670 4294 resurgeret:
698 4211 849 4274 idcirco'
842 4231 873 4273 m
889 4216 913 4278 D
931 4213 991 4276 hus
1013 4212 1125 4284 hlinor,
1142 4218 1288 4292 respectu
1309 4208 1417 4273 Jacohi
1439 4209 1500 4271 lilii
1522 4201 1725 4282 Zehedaei,⁴⁰·

120 4321 179 4384 die
199 4319 319 4382 Paschae
339 4315 483 4380 Christus
503 4313 532 4376 ei
553 4329 696 4374 seorsum
715 4309 872 4393 apparuit.
931 4331 995 4375 non
1017 4309 1183 4373 sanctitate
1202 4316 1257 4371 aut
1275 4307 1438 4390 dignitate,
1455 4307 1510 4370 sed
1530 4307 1606 4389 quia
1623 4324 1676 4369 vo-

120 4421 256 4501 Sicque,
268 4416 352 4501 quod
368 4415 485 4478 dicitur
500 4430 596 4485 nnnc,
614 4409 756 4471 «deinde
769 4431 797 4482 n,
811 4426 874 4471 non
931 4411 1054 4473 catione
1080 4408 1245 4492 posterior.
1261 4405 1375 4470 Paulus
1400 4413 1505 4467 tamen
1531 4413 1622 4469 vocat
1642 4425 1676 4468 se

121 4521 258 4584 denotat
272 4515 417 4579 ordinem
432 4509 641 4595 apparitionis
656 4507 873 4580 determinate,
932 4510 1002 4572 ideo
1027 4507 1200 4570 minimum
1223 4504 1457 4586 Apostolorum,
1475 4503 1550 4585 quia
1571 4523 1676 4587 perse·

120 4617 280 4702 quoniam
295 4611 453 4696 apparitio
468 4610 529 4672 ista
544 4608 605 4670 luit
619 4615 691 4670 ante
707 4607 784 4668 duas
799 4624 877 4686 pree·
932 4614 1025 4670 cutus
1045 4606 1107 4668 tuit
1126 4604 1300 4666 Ecclesiam
1321 4603 1387 4665 Dei.
1405 4603 1525 4666 Idcirco
1544 4602 1677 4685 subjun-

119 4718 220 4781 tatas.
245 4711 350 4794 Aliqui
375 4716 482 4771 tamen
507 4707 628 4779 dicunt,
654 4705 739 4788 quod
764 4710 878 4786 praeter
932 4706 1010 4787 git:
1037 4705 1101 4774 Qui
1129 4722 1195 4762 non
1223 4723 1294 4762 snm
1323 4703 1445 4778 dignus
1471 4703 1582 4761 vocari
1604 4721 1677 4778 apo-

121 4819 237 4886 istam,
254 4811 397 4874 Christus
422 4815 493 4890 post
516 4805 683 4888 predictas
707 4803 878 4886 apparitio·
933 4809 1045 4874 stolus,
1070 4801 1216 4864 hahendo
1246 4807 1428 4882 respectum
1457 4799 1495 4862 ad
1524 4799 1678 4862 demerita

120 4933 186 4978 nes
221 4910 322 4973 adhuc
352 4907 450 4970 semel
483 4903 631 4988 apparuit
659 4901 774 4965 laccho
803 4901 878 4963 huic
934 4901 1156 4987 praecedentia,
1166 4901 1320 4979 qnoniam
1331 4908 1605 4975 perseverassem
1620 4901 1678 4961 Ec·

121 5027 285 5077 seorsum.
302 5008 346 5070 lle
361 5003 560 5088 apparitione
579 5009 685 5064 autem
704 4999 819 5064 Iacobo
836 4998 878 5062 la
934 5003 1064 5060 r'teszcrn
1090 5001 1159 5061 Drr'.
1189 4997 1267 5060 Nam
1296 4997 1380 5060 viros
1410 5005 1442 5059 et
1470 4995 1653 5059 mulieres
1645 5015 1784 5058 mnam
1787 5015 1823 5064 ,s;

121 5120 180 5176 cta
198 5106 304 5169 nullus
321 5103 594 5186 Evangelistarum
611 5097 809 5181 conscripsit
820 5103 880 5159 Ile-
935 5100 1095 5164 Christum
1112 5097 1277 5158 credentes
1292 5095 1388 5176 cepit,
1407 5094 1550 5176 ligavit,
1542 5089 1712 5158 monice-¹¹

122 5209 215 5269 inde
237 5205 322 5267 visus
346 5203 577 5279 estApostolr's
535 5198 779 5260 lomnrbns'
771 5218 803 5259 in
829 5197 879 5259 die
936 5197 1027 5270 ravit,
1057 5203 1152 5276 atque
1181 5194 1286 5256 occidi
1316 5193 1509 5275 procuravit,
1535 5193 1617 5255 sicut
1646 5194 1677 5255 in

122 5303 340 5371 ascensionis.
356 5303 443 5364 Tunc
459 5299 546 5363 enim
563 5297 706 5361 Christus
721 5295 770 5358 his
784 5315 881 5378 appa·
936 5293 1067 5357 Actibus
1087 5292 1310 5375 Apostolorum
1333 5289 1494 5352 multoties
1515 5291 1677 5371 tangitur:
