4140 6258
447 457 508 520 370
662 474 811 523 noxrruex
831 476 864 523 ιι
885 476 958 523 rosr
977 475 1171 522 rnmrrxrnx.
1190 492 1231 503 —
1250 475 1293 520 ιιι)
1313 473 1507 536 nnnrorosos3
1530 471 1628 518 sanxo
1648 469 1785 527 onxnrns

449 645 528 708 fidei
556 646 758 710 altitudinem
788 647 997 731 spiritualiter
1020 645 1198 710 conversati
1213 644 1239 709 A
1254 664 1310 718 me,
1318 644 1381 706 nisi
1395 643 1493 706 luerit
1507 641 1537 706 ei
1552 642 1661 704 datum
1674 661 1692 704 a
1703 640 1792 702 Patre
1806 639 1959 703 meolltitc·

451 744 619 809 fuerimus.
646 745 775 829 Propter
799 746 883 828 qnod
911 747 951 808 ad
979 746 1126 810 llebraeos
1155 745 1200 807 ait

315 864 438 916 senaar,
451 843 622 927 Apostolus
643 861 650 906 :
671 843 893 907 Abundantius
917 851 1042 926 oportet
1064 861 1121 906 nos
1143 842 1197 906 ob-

306 932 327 982 t,
337 933 358 974 l.

452 961 578 1006 servare
600 961 637 1005 ea
658 962 728 1026 quae
749 943 943 1016 audivimus,
965 962 1005 1005 ne
1029 942 1109 1005 forte
1128 961 1198 1025 pcr-

451 1039 625 1104 effluamus
643 1061 650 1105 :
667 1042 827 1124 quomodo
845 1043 932 1104 enim
950 1040 1155 1122 effugiemus,
1172 1039 1199 1100 si

450 1147 571 1202 tantam
587 1139 823 1222 neglexerimus
843 1140 990 1214 salntem,
1007 1159 1078 1221 quas
1093 1138 1127 1200 in
1142 1155 1199 1200 nos

451 1237 642 1301 confirmata
660 1245 719 1313 est,
736 1240 932 1302 'contestante
956 1239 1020 1301 Deo
1041 1237 1151 1318 signis,
1169 1243 1201 1299 et

452 1336 617 1419 prodigiis,
634 1344 666 1399 et
684 1337 868 1412 virtutibus,
885 1345 915 1399 et
936 1336 1073 1420 Spiritus
1094 1335 1200 1398 Sancti

452 1434 733 1498 distributionibus
748 1437 760 1496 t

492 1533 655 1607 Praeterea,
682 1540 717 1594 ut
746 1542 851 1597 cetera
876 1533 1099 1597 sacratissimae
1123 1531 1199 1595 fidei

453 1635 567 1692 nostrae
582 1637 769 1709 argumenta
782 1628 936 1704 omittam,
945 1645 1051 1690 nonne
1066 1645 1123 1690 nos
1138 1646 1201 1691 om-

454 1746 510 1789 nes
534 1733 589 1788 aut
613 1727 721 1810 plures
746 1746 785 1790 ex
810 1727 902 1790 nobis
926 1726 1148 1789 admirabilem
1170 1732 1202 1790 et

1254 761 1325 805 rum
1344 741 1462 804 fatetur
1479 741 1535 803 :Si
1556 739 1628 822 quis
1648 737 1786 802 voluerit
1802 737 1959 800 volnntrten
1971 757 2040 806 aaa..

1255 841 1310 904 Dei
1330 839 1446 914 facere,
1463 845 1632 921 cognoscet
1647 837 1686 900 de
1705 836 1845 900 doctrina
1861 855 1918 898 mea
1931 857 1959 900 an
1969 822 1988 862 ¹³¹

1255 960 1294 1002 ex
1315 940 1380 1003 Deo
1400 947 1457 1002 est.
1474 938 1533 1013 Oui
1556 938 1643 1000 enim
1666 934 1849 1020 imperativa
1867 943 1894 997 et
1909 935 1960 997 elfi-

1255 1039 1322 1102 caci
1338 1038 1501 1102 voluntate
1515 1036 1653 1100 voluerit
1665 1035 1856 1098 voluntatem
1871 1034 1916 1096 llei
1931 1034 1961 1096 la·

1256 1156 1338 1213 cere,
1362 1137 1394 1198 id
1419 1143 1467 1198 est
1492 1142 1651 1217 praecepta
1673 1151 1810 1206 servare,
1832 1132 1960 1214 potissime

1256 1236 1311 1318 qui
1335 1235 1492 1297 studuerit
1513 1233 1689 1297 secundum
1710 1230 1889 1311 evangelica
1906 1229 1962 1311 legis

1256 1334 1389 1396 consilia
1409 1332 1589 1397 conversari
1610 1328 1763 1414 perfecte,
1780 1329 1807 1391 is
1825 1329 1854 1391 in
1871 1329 1963 1410 seipso

1256 1432 1549 1516 experimentaliter
1568 1429 1664 1493 sentit
1683 1427 1763 1491 fidei
1777 1427 1930 1500 veritatem,
1942 1437 1963 1488 et

1256 1530 1392 1612 Spiritus
1412 1529 1519 1592 Sancti
1542 1526 1767 1590 admirabilem
1787 1543 1823 1586 ac
1840 1524 1963 1606 gratiosis

1256 1629 1368 1692 simam
1391 1627 1618 1710 operationem.
1639 1625 1744 1700 Quum
1768 1641 1840 1704 ergo
1861 1631 1914 1685 tan
1931 1622 1964 1684 in-

1256 1727 1454 1790 aestimabilis
1478 1725 1640 1789 beatitudo
1665 1721 1823 1806 promissa
1843 1721 1879 1783 sit
1897 1721 1964 1784 nobis

453 1825 623 1906 gratiosam
642 1825 699 1888 Dei
718 1826 936 1906 operationem
957 1825 989 1887 in
1008 1824 1102 1887 nobis
1122 1825 1200 1907 ipsis
1218 1827 1364 1900 BaDco,
1381 1843 1445 1888 non
1460 1843 1622 1887 cessemus
1640 1841 1713 1885 cum
1733 1820 1823 1885 omni
1836 1818 1966 1900 diligentia

453 1942 564 1985 sumus
582 1923 719 1986 ubertim
736 1923 870 2006 experti,
888 1924 1065 2005 praesertim
1081 1922 1113 1985 in
1130 1941 1201 1986 con-

453 2021 599 2084 versione
621 2029 729 2084 nostra
748 2022 787 2084 ad
808 2021 972 2103 religionis
995 2021 1201 2102 ingressumt

453 2119 533 2192 Quid
549 2119 635 2182 enim
651 2127 716 2182 tam
731 2119 1103 2194 admirabilissimum,ut
1118 2120 1202 2201 quod

453 2217 670 2280 adolescentes
691 2226 722 2281 et
735 2219 870 2299 juvenes
890 2219 1011 2280 mundo
1030 2217 1200 2299 aptissimi,

454 2316 576 2378 divitiis
600 2325 632 2378 et
655 2316 779 2379 deliciis
803 2317 986 2390 affluentes,
1009 2316 1202 2378 vanitatibus

454 2414 572 2477 assueti
588 2415 739 2496 vitiisque
755 2415 879 2498 repleti,
893 2422 1024 2498 repente
1039 2422 1071 2476 et
1086 2415 1203 2497 impro-

454 2513 523 2575 vise
547 2512 686 2576 totaliter
715 2522 821 2576 mente
845 2521 876 2576 et
900 2514 1063 2576 voluntate
1087 2513 1203 2575 immu-

454 2619 572 2686 tentur,
591 2619 858 2693 compungantur,
876 2611 940 2674 imo
956 2612 994 2674 de
1010 2619 1153 2674 extremo
1169 2611 1201 2672 in

454 2716 635 2772 extremum
660 2727 724 2772 non
748 2729 806 2793 per
830 2710 973 2773 medium
1003 2716 1200 2783 moveantur,

453 2807 627 2870 alterentur
651 2816 682 2869 et
706 2816 942 2882 convertantur,
968 2817 1064 2891 atque
1094 2807 1202 2870 invitis

454 2905 651 2988 parentibus
673 2907 874 2989 propinquis,
895 2907 1018 2982 amicis,
1035 2924 1145 2969 omnes
1166 2907 1202 2968 il-

1257 1933 1289 1986 et
1302 1925 1438 1997 fervore,
1456 1942 1529 1985 cum
1549 1922 1637 1985 omni
1657 1920 1797 2005 puritate
1812 1926 1841 1982 et
1854 1918 1965 2001 pmlertu

1257 2022 1490 2086 incessabiliter
1511 2020 1630 2084 servire
1648 2019 1823 2082 Altissimo.

1297 2121 1453 2204 Amplius,
1469 2137 1507 2182 ex
1525 2118 1677 2182 hodierna
1694 2117 1830 2200 epistola
1846 2116 1874 2177 in
1890 2113 1967 2176 humi-

1257 2219 1344 2281 litate
1366 2219 1573 2282 vehementer
1594 2217 1798 2290 instruimur,
1815 2233 1902 2298 quum
1915 2213 1968 2275 bea·

1257 2317 1400 2381 tissimus
1419 2324 1451 2379 ct
1470 2315 1739 2379 laboriosissimus
1762 2315 1822 2377 iste
1841 2312 1966 2395 apostolus

1258 2415 1382 2488 Paulus,
1399 2415 1453 2497 qui
1474 2413 1535 2475 fuit
1554 2432 1656 2495 usque
1675 2413 1715 2474 ad
1734 2412 1861 2475 tertium
1878 2409 1966 2473 coelun
1982 2427 2044 2471 nara

1258 2521 1377 2596 raptae,
1390 2519 1482 2576 vocat
1497 2531 1530 2574 se
1546 2511 1718 2575 minimum
1732 2510 1934 2594 Apostolorum
1946 2494 2043 2598 etim,

1257 2612 1450 2694 apostolatus
1478 2610 1690 2693 appellatione
1719 2610 1891 2692 indignum,
1915 2607 1969 2689 quia

1258 2711 1432 2773 Ecclesiam
1462 2708 1518 2772 Dei
1547 2728 1581 2771 se
1611 2709 1761 2772 meminit
1791 2715 1967 2792 persecutum.

1257 2809 1336 2890 Ejus
1358 2825 1433 2890 ergo
1453 2807 1601 2890 exemplo
1623 2807 1833 2870 humiliemus
1855 2825 1905 2868 nos
1923 2824 1970 2867 on·

1257 2907 1370 2970 nifarie
1390 2914 1422 2969 et
1445 2906 1616 2990 complete,
1636 2913 1668 2969 ct
1689 2906 1847 2988 quidquid
1867 2903 1929 2967 boni
1947 2903 1970 2963 in

455 3005 501 3067 los
527 3013 558 3067 et
578 3013 682 3068 totum
708 3007 864 3068 mundum
887 3013 973 3069 etse
995 3007 1080 3088 ipsos
1104 3006 1239 3072 relin-t]
1258 3005 1350 3068 nobis
1378 3011 1437 3079 est,
1462 3006 1527 3067 Deo
1554 3004 1738 3067 humillime
1769 3023 1805 3067 ao
1827 3003 1971 3085 gratissime

455 3111 564 3186 quant,
590 3104 741 3167 Ordinem
771 3105 890 3167 intrent
915 3105 1037 3186 inquo
1066 3104 1203 3167 civiliter

455 3202 645 3277 moriuntur,
663 3210 694 3265 et
714 3202 747 3264 in
767 3202 967 3285 professione
989 3221 1023 3264 sc
1045 3221 1146 3285 usque
1169 3203 1202 3265 in

453 3301 551 3364 finem
566 3301 753 3385 promittunt
767 3301 1108 3383 mansurostQuodque
1123 3319 1204 3362 sum-

454 3418 506 3462 me
521 3399 669 3462 mirabile
684 3407 732 3462 est
747 3407 779 3462 et
793 3399 911 3463 divinae
927 3399 1120 3482 operationis
1140 3398 1204 3462 evi-

454 3498 678 3561 dentissimum
700 3499 840 3580 signum,
863 3498 1048 3580 frequenter
1072 3497 1203 3580 praefata

455 3598 645 3674 immutati0‚
657 3597 873 3681 compunctio
887 3598 1064 3673 conversio,
1081 3597 1121 3659 fit
1135 3596 1203 3660 abs-

455 3714 518 3777 que
541 3695 736 3759 adminiculo
758 3697 846 3759 omni
870 3697 1021 3772 humano,
1045 3704 1077 3759 et
1100 3703 1135 3761 ut
1156 3696 1202 3758 sic

455 3794 577 3875 loquar,
593 3794 685 3876 quasi
705 3795 862 3858 renitente
882 3813 921 3858 eo
940 3795 995 3878 qui
1013 3795 1152 3876 tangitur
1167 3813 1204 3856 ca

456 3899 489 3954 et
511 3893 697 3974 religionem
720 3893 907 3974 ingreditur.

497 3992 641 4074 Insuper,
666 3993 790 4074 quoties
819 4011 920 4075 quum
945 3991 1090 4066 desolati,
1116 3991 1204 4055 inde·

456 4089 534 4164 voti,
549 4090 633 4165 duri,
652 4091 764 4152 tentati
787 4089 961 4172 frigidique
983 4108 1136 4166 essemus,
1154 4109 1205 4153 cx·

1256 3103 1484 3178 adscribentes,
1501 3103 1631 3186 propria
1648 3111 1781 3186 peccata
1801 3110 1832 3166 et
1847 3101 1970 3185 quotidia-

1258 3221 1314 3264 nas
1334 3201 1444 3285 culpas
1464 3207 1587 3264 nostras
1604 3219 1824 3284 proponamus
1843 3200 1971 3263 uberrime

1258 3301 1360 3365 oculis
1379 3301 1507 3376 nostris,
1525 3321 1564 3364 ex
1584 3317 1721 3383 quorum
1743 3300 1861 3364 intuitu
1878 3307 1904 3360 et
1917 3315 1971 3380 pon·

1257 3400 1420 3463 derationc
1444 3400 1601 3481 condigna
1622 3399 1840 3481 despiciamus
1860 3405 1887 3461 et
1904 3395 1972 3458 casti-

1257 3518 1369 3580 gemus
1398 3515 1455 3561 nos
1485 3498 1581 3581 ipsos,
1608 3498 1763 3581 omnique
1788 3495 1972 3582 persecutione

1257 3604 1352 3680 atque
1377 3597 1522 3660 molestia
1550 3597 1662 3679 dignos
1691 3615 1751 3660 nos
1781 3596 1972 3660 arbitremur:

1258 3697 1367 3778 sicque
1383 3695 1539 3779 quidquid
1554 3695 1756 3759 adversitatis
1773 3693 1925 3777 contigerit
1935 3707 1973 3752 no

1258 3795 1319 3870 bis,
1345 3794 1501 3878 quidquid
1531 3795 1765 3876 persecutionis
1794 3794 1885 3857 fuerit
1904 3789 1974 3852 nobis

1258 3894 1394 3968 illatum,
1420 3893 1653 3976 patientissime
1681 3893 1865 3966 toleremus,
1885 3887 1974 3973 gratias

1259 3994 1323 4055 Deo
1338 3999 1466 4074 agentes
1482 3991 1567 4074 quod
1587 3991 1621 4055 in
1641 3991 1794 4074 praesenti
1813 3989 1920 4072 aliquid
1934 4003 1975 4068 pro

1259 4091 1374 4155 nostris
1404 4090 1589 4154 excessibus
1617 4091 1834 4170 sustinemus;
1861 4105 1913 4151 nec
1935 4083 1975 4147 ali·

458 4187 539 4272 perti
560 4206 617 4252 nos
640 4208 751 4251 sumus
774 4188 880 4251 subito
900 4188 1068 4263 consolari,
1086 4187 1204 4251 illumi·
1219 4196 1244 4258 Ι)
1259 4191 1336 4273 quid
1356 4198 1403 4254 tot
1425 4197 1456 4253 et
1478 4189 1574 4252 tantis
1596 4189 1738 4273 peccatis
1760 4188 1875 4253 nostris
1893 4183 1975 4248 condi·

457 4288 539 4363 nari,
554 4287 697 4363 accendi,
717 4286 918 4369 tranquillari
936 4305 973 4349 ac
992 4287 1089 4368 agiles
1109 4287 1204 4350 fierit

456 4387 525 4450 Non
545 4387 657 4470 utique
672 4386 796 4450 viribus
811 4385 939 4460 nostris,
958 4405 1058 4468 quum
1077 4386 1116 4448 ad
1130 4387 1205 4449 talia

458 4504 542 4566 sepe
560 4503 624 4548 non
642 4485 806 4548 valeamus
826 4485 1018 4566 pertingere,
1036 4491 1205 4566 quantum-

459 4601 597 4664 cumque
619 4600 772 4646 conemur
792 4582 831 4644 ad
849 4600 896 4656 ea,
914 4581 1076 4644 multoties
1097 4590 1203 4644 autem

459 4681 626 4763 repentina
649 4681 864 4763 praeventione
889 4681 958 4742 sine
982 4687 1090 4743 nostro
1114 4698 1205 4743 cona·

459 4780 545 4842 mine
566 4780 605 4842 ad
624 4797 661 4842 ca
682 4779 835 4842 facillime
860 4779 1089 4861 pertingamus,
1110 4786 1204 4861 atque

458 4878 570 4941 crebro
585 4886 649 4941 mm
665 4879 792 4961 copiose
808 4885 839 4942 et
853 4878 967 4952 valide,
985 4885 1021 4939 ut
1035 4896 1094 4940 nec
1110 4879 1205 4941 reniti

459 4977 631 5052 valeamus,
648 4996 706 5040 nec
730 4977 811 5040 ferre
833 4977 1002 5060 possimus.
1020 4976 1099 5038 ilinc
1119 4977 1205 5041 thri-

324 5101 443 5155 msa,
458 5085 526 5140 stus
541 5083 675 5139 testatur
692 5095 698 5141 :
715 5077 813 5140 Nemo
832 5084 938 5159 potest
952 5077 1062 5140 venire
1082 5077 1120 5139 ad
1141 5097 1202 5152 me,

311 5167 345 5208 ll.

458 5177 521 5240 nisi
546 5177 644 5253 Pater,
672 5177 727 5259 qui
752 5176 839 5239 misit
863 5195 926 5251 me,
953 5177 1084 5239 traxerit
1108 5193 1202 5257 cum3

323 5297 429 5344 ratast.
458 5277 610 5360 itemque,
634 5276 732 5340 Nemo
751 5275 885 5359 (inquit)
903 5281 1007 5358 potest
1031 5275 1140 5338 venire
1164 5273 1203 5339 ad

1259 4308 1357 4370 gnum
1373 4289 1438 4373 pati
1454 4308 1511 4351 nos
1526 4289 1693 4351 fateamur.
1710 4289 1771 4362 Qui
1787 4305 1844 4350 sua
1857 4285 1977 4348 uniuersa

1259 4395 1389 4469 peccata
1409 4388 1468 4450 rite
1488 4385 1658 4470 perpendit
1676 4393 1708 4449 et
1729 4385 1903 4450 efficaciter
1919 4399 1976 4464 pon·

1258 4487 1357 4560 derat,
1376 4487 1459 4548 circa
1479 4486 1616 4548 aliorum
1637 4485 1784 4549 defectus
1807 4495 1977 4567 nequaquan

1259 4584 1415 4647 inutiliter
1441 4592 1626 4667 occupatur,
1653 4583 1822 4647 neclecta
1849 4601 1899 4644 sen
1919 4575 1978 4638 sitia

1258 4683 1389 4746 alterius
1418 4684 1543 4746 curiose
1574 4684 1734 4758 observat,
1767 4689 1917 4746 scrutatur
1938 4681 1978 4737 aut

1259 4783 1372 4846 stolide
1390 4783 1520 4864 judicat.
1537 4783 1602 4846 lmo
1626 4783 1710 4846 sicut
1733 4783 1856 4845 nullius
1876 4783 1978 4862 peccats

1259 4883 1305 4944 sie
1330 4883 1471 4944 intuetur
1494 4901 1531 4944 ac
1555 4882 1710 4964 ponderat
1733 4877 1978 4964 quemadmodum

1258 4980 1398 5063 propria,
1425 4981 1470 5042 sic
1495 4981 1657 5042 neminem
1682 4987 1747 5043 tam
1773 4979 1976 5043 defectuosum

1259 5088 1458 5161 peccatorem
1474 5080 1517 5141 ita
1531 5079 1768 5161 aspernabilem
1785 5085 1902 5162 reputat
1916 5075 1978 5138 sicut

1258 5197 1292 5240 se
1315 5177 1433 5261 ipsum.
1456 5179 1494 5240 Et
1514 5179 1700 5260 frequenter
1721 5179 1756 5242 in
1781 5186 1901 5242 tantum
1922 5171 1978 5236 sibi-

1259 5285 1325 5339 met
1344 5277 1503 5360 displicet,
1521 5284 1555 5340 ut
1570 5277 1715 5341 videatur
1733 5277 1801 5341 sibi
1821 5277 1900 5361 quod
1917 5271 1980 5336 inin
