4214 6254
405 446 446 512 88
634 464 667 511 lrt
687 464 739 510 DIE
760 462 877 510 SANGTO
898 462 1114 510 rumccosrus
1136 479 1176 492 -
1197 463 1240 508 ab
1260 461 1457 522 nutlolosos3
1480 460 1579 508 scano
1600 459 1727 515 coluros

405 637 575 702 mationem
591 643 715 700 tenetur
729 655 860 701 suorum
876 636 1153 709 allectuum,sum-
1167 637 1193 701 Α
1207 636 1299 699 nobis
1325 635 1413 718 loqui
1438 643 1571 718 possunt
1596 650 1777 698 sermonem
1800 630 1947 714 impedia-

405 757 457 801 me
472 743 595 820 oportet
611 755 717 818 prava,
735 755 816 800 vana
831 745 862 799 et
881 736 994 799 stolida
1013 735 1153 798 devitare
1207 742 1349 808 musam
1363 734 1460 796 verba
1475 733 1686 816 protrahendo
1699 729 1948 814 superfluealios

405 832 575 915 colloquia,
597 853 656 897 nec
681 834 724 897 ita
749 833 953 918 loquentibus
977 832 1150 907 attendere,
1207 831 1429 894 amelioribus
1449 830 1572 893 actibus
1593 829 1759 912 impedire,
1778 827 1948 912 praepedire

405 932 609 1013 applaudere,
627 932 815 996 consentire.
1208 930 1418 993 inveniamur.
1438 932 1510 993 ldeo
1532 930 1699 992 Salomone
1722 935 1880 991 testante:
1897 929 2054 1002 Tenum

446 1028 590 1093 Secundo
605 1030 773 1094 observare
789 1049 919 1094 necesse
934 1037 1030 1093 estut
1045 1029 1083 1091 de
1099 1028 1152 1092 bo·
1207 1035 1273 1090 tum
1297 1028 1445 1110 spiritum
1465 1047 1559 1091 suum
1580 1027 1701 1111 profert
1719 1026 1854 1105 stultus3
1874 1025 1949 1108 sapi·
1961 1014 1988 1053 ¹¹·

405 1126 466 1200 nis,
484 1127 590 1203 licitis,
611 1128 826 1192 aedificatoriis
848 1129 949 1191 simus
973 1128 1150 1210 loquentes,
1206 1145 1263 1188 ens
1278 1135 1384 1189 autem
1405 1127 1515 1190 diflert
1529 1135 1561 1189 et
1576 1132 1716 1189 reservat
1729 1126 1762 1188 in
1778 1132 1948 1206 posterum.

272 1238 389 1290 tPetmv.
405 1225 489 1288 sicut
512 1227 662 1310 princeps
686 1227 731 1290 ait
753 1228 976 1310 Apostolorum
998 1227 1056 1289 :Si
1080 1226 1152 1307 quis
1207 1226 1255 1298 Et,
1276 1225 1334 1299 Qui
1356 1226 1537 1289 moderatur
1557 1224 1641 1288 labia
1657 1243 1724 1299 sua,
1746 1223 2056 1306 prudentissi-autc.

259 1305 292 1346 ¹¹·
406 1322 558 1405 loquitur,
575 1326 665 1407 quasi
690 1343 852 1388 sermones
877 1325 950 1404 Dei;
963 1333 1002 1386 et
1025 1324 1151 1398 Paulus,
1207 1342 1278 1386 mus
1293 1331 1357 1401 est3
1373 1331 1404 1386 et
1419 1323 1504 1398 item,
1515 1323 1633 1386 Stultus
1647 1322 1743 1385 verba
1755 1321 1950 1402 multiplicat.
1960 1333 2058 1382 ravair,

267 1422 518 1489 coastasmmo
542 1431 647 1486 vester
675 1442 803 1506 semper
827 1423 859 1484 in
888 1423 989 1505 gratia
1017 1423 1082 1486 sale
1112 1422 1153 1484 sit
1207 1423 1310 1495 Ouum
1346 1421 1433 1484 enim
1468 1422 1500 1483 in
1536 1420 1741 1502 multiloquio
1773 1438 1837 1484 non
1872 1419 2058 1482 desonam.

257 1500 278 1541 ⁶·
405 1520 562 1594 conditus,
586 1521 618 1583 id
643 1529 690 1584 est
714 1521 905 1584 discretione
929 1528 1068 1582 ornatus.
1094 1520 1152 1593 Qui
1208 1528 1385 1601 peccatum,
1403 1519 1594 1601 insipientie
1610 1526 1641 1582 et
1658 1518 1762 1582 cordis
1780 1518 1951 1581 intimarati

403 1625 510 1681 autern
525 1619 566 1681 ad
586 1618 781 1701 loquendum
800 1627 850 1681 cst
868 1619 1069 1692 indiscretus,
1085 1637 1153 1679 ver·
1207 1625 1255 1679 est
1280 1636 1349 1680 esse
1374 1617 1554 1681 verbosum.
1576 1617 1706 1698 Propter
1730 1615 1814 1697 quod
1840 1615 1873 1679 in
1897 1615 1952 1678 lob

404 1715 454 1778 bis
474 1715 570 1778 fatuis
588 1716 678 1799 quasi
699 1716 891 1798 quibusdam
906 1715 1070 1778 vermibus
1086 1735 1152 1777 sca·
1208 1715 1342 1778 babetur
1360 1715 1544 1797 :Numquid
1562 1715 1611 1778 vir
1625 1715 1779 1778 verbosus
1797 1713 1953 1795 justifica·
1974 1727 2057 1772 vana.

403 1814 480 1876 turit
501 1833 538 1876 ac
559 1815 723 1896 putrescit.
1166 1816 1188 1878 Β
1209 1812 1316 1873 biturl
1345 1812 1424 1875 llinc
1453 1813 1486 1873 in
1516 1812 1738 1874 Ecclesiastico
1766 1812 1952 1874 asseritur:

444 1913 588 1996 Insuper,
600 1913 675 1995 quia
689 1913 729 1975 ad
743 1921 849 1974 actum
866 1912 993 1974 virtutis
1009 1930 1072 1974 non
1088 1911 1152 1973 sui·
1206 1910 1310 1972 Verba
1333 1910 1525 1992 sapientium
1548 1916 1663 1972 statera
1684 1909 1951 1992 ponderabuntur.
1972 1923 2062 1967 accita.

402 2012 474 2074 licit
488 2031 580 2093 agere
596 2013 725 2086 bonum,
738 2013 800 2075 nisi
817 2019 849 2074 et
863 2013 923 2074 boo
937 2012 1020 2074 bene
1034 2019 1150 2093 agatur,
1243 2009 1337 2071 Sexto
1352 2009 1551 2090 pensandum
1566 2015 1615 2070 est
1628 2008 1680 2070 cui
1697 2007 1954 2090 loquamur,qua-
1967 1989 1995 2027 ³⁸·

403 2117 514 2191 utpote
529 2129 602 2172 cum
619 2109 866 2172 circumstantiis
882 2108 1010 2180 debitis,
1022 2125 1080 2171 suo
1095 2107 1152 2169 sci·
1208 2114 1300 2168 tenus
1317 2107 1493 2188 capacitati,
1505 2105 1680 2168 conditioni
1696 2113 1728 2168 et
1742 2105 1887 2187 qualitati
1903 2125 1955 2169 au-

404 2206 479 2270 licet
509 2206 578 2269 loco
608 2214 640 2270 et
667 2215 822 2289 tempore,
852 2215 925 2281 etc,
955 2207 1031 2268 binc
1060 2206 1153 2268 tertio
1207 2205 1364 2266 dientium
1392 2204 1489 2266 verba
1517 2212 1624 2267 nostra
1651 2213 1798 2286 aptemus
1823 2222 1860 2266 ao
1886 2222 1955 2286 pro

403 2304 638 2368 observandum
661 2313 709 2368 est
731 2323 908 2384 congruum
930 2312 985 2366 aut
1008 2303 1152 2366 debitum
1207 2303 1428 2384 perdonamus,
1437 2321 1476 2364 ne
1492 2321 1714 2385 praesumamus
1730 2301 1953 2384 sapientiorem

255 2425 387 2480 racanas.
403 2411 543 2486 tempus,
560 2403 635 2485 quia
651 2410 686 2464 ut
700 2404 848 2466 Salomon
869 2403 972 2465 lassus
987 2410 1045 2476 est,
1062 2402 1152 2463 'lem-
1207 2401 1331 2474 docere,
1348 2401 1505 2463 seniorem
1526 2408 1557 2462 et
1572 2400 1794 2463 virtuosiorem
1811 2400 1954 2483 increpu-

403 2521 464 2583 pus
489 2509 537 2563 est
561 2501 723 2582 loquendi,
745 2508 777 2563 et
800 2509 928 2582 tempus
953 2499 1088 2562 tacendi.
1107 2499 1152 2561 Si·
1208 2519 1252 2573 re,
1268 2519 1385 2562 vanum
1402 2500 1541 2574 laudare,
1559 2500 1759 2582 inexpertum
1776 2500 1953 2574 consulere,

404 2596 535 2678 quidem
551 2596 628 2658 dum
648 2615 687 2658 cx
703 2597 862 2659 locutione
881 2596 969 2658 nulla
984 2597 1085 2659 oritur
1100 2604 1153 2658 aut
1207 2598 1400 2662 obstinatum
1432 2599 1602 2680 corripere,
1628 2605 1879 2681 contemptorem
1911 2598 1957 2660 in-

403 2703 549 2777 speratur
569 2694 689 2756 utilitas
710 2701 766 2757 aut
785 2694 957 2776 proiectus,
974 2713 1032 2757 nec
1053 2694 1153 2757 bonor
1207 2705 1340 2772 struere,
1358 2696 1521 2760 illusorem
1544 2714 1684 2771 monere,
1703 2695 1956 2778 simplicioribus

404 2792 472 2867 Dei,
482 2801 609 2874 tempus
625 2793 751 2856 tacendi
766 2800 814 2854 cst
823 2811 832 2872 3
847 2793 924 2854 dum
940 2811 1015 2856 vero
1029 2792 1152 2855 fructus
1207 2795 1270 2858 alta
1283 2813 1471 2878 proponere,
1489 2813 1595 2857 coram
1611 2794 1839 2878 insipientibus
1854 2794 1955 2876 loqui,

404 2890 613 2973 probabiliter
637 2909 676 2954 ex
700 2909 846 2954 sermone
875 2891 966 2972 sequi
996 2898 1151 2972 speratur,
1207 2894 1257 2956 vel
1274 2894 1356 2956 inter
1371 2893 1578 2976 sapientiores
1593 2893 1810 2956 sermocinari.
1826 2893 1908 2956 Hinc
1924 2894 1955 2956 in

403 2996 458 3050 aut
472 2988 669 3052 rationabilis
685 3008 779 3051 causa
793 3008 849 3052 seu
869 2989 1040 3052 necessitas
1055 2989 1153 3070 exigit
1171 2994 1192 3057 (l
1208 2991 1429 3054 Ecclesiastico
1444 2992 1600 3074 scriptum
1620 2999 1668 3054 est
1684 3009 1691 3053 :
1708 2992 1743 3055 In
1764 2992 1871 3055 medio
1890 3011 1955 3054 ma·
1975 3015 2070 3058 raam
2093 2994 2094 3058 l

404 3087 503 3171 loqui,
521 3095 650 3170 tempus
665 3095 713 3150 est
728 3087 889 3169 loquendi.
901 3087 981 3149 Hinc
998 3087 1029 3148 in
1046 3087 1152 3149 Ecclc-
1207 3099 1338 3172 gnatum
1355 3108 1418 3153 non
1436 3109 1608 3171 praesumas
1630 3090 1737 3172 loqui;
1753 3097 1785 3152 et
1804 3089 1859 3152 ubi
1881 3098 1956 3153 sunt
1972 3083 2000 3120 ¹³·
2094 3095 2095 3154 l

257 3202 388 3257 ruitur.
403 3185 531 3249 siastico
547 3186 662 3268 legitur
680 3203 686 3248 :
706 3186 806 3249 Homo
823 3185 949 3268 sapiens
970 3185 1087 3247 tacebit
1102 3205 1152 3247 us·
1208 3207 1310 3262 senes,
1333 3206 1396 3251 non
1417 3189 1553 3250 multum
1575 3189 1723 3271 loquaris.
1746 3189 1794 3260 Et,
1812 3187 1871 3251 Ubi
1891 3207 1955 3251 non
1982 3208 2057 3252 raus.

404 3303 467 3366 que
482 3284 521 3346 ad
536 3293 682 3366 tempus;
700 3284 837 3347 lascivus
856 3291 964 3346 autem
981 3291 1012 3345 et
1032 3283 1153 3365 impru-
1208 3293 1256 3348 est
1270 3286 1408 3360 auditus,
1426 3304 1487 3349 non
1504 3285 1651 3348 ellundas
1666 3285 1959 3349 sermonemltem-

404 3383 482 3446 dens
498 3401 561 3446 non
576 3382 715 3446 servabit
729 3382 1013 3465 tempus.Salomon
1029 3400 1153 3464 quoque
1208 3403 1271 3466 que
1297 3402 1304 3446 :
1329 3384 1529 3460 Adolescens,
1556 3385 1685 3466 loquere
1715 3383 1749 3446 in
1778 3402 1874 3446 causa
1902 3391 1957 3446 tua
1972 3406 2075 3452 rauna.

257 3503 391 3556 raama,
405 3487 599 3564 protestatur
624 3498 631 3542 :
657 3480 714 3553 Qui
746 3481 834 3562 prius
858 3480 1028 3562 respondet
1056 3499 1152 3562 quam
1208 3483 1280 3562 vir3
1297 3483 1323 3544 si
1344 3482 1394 3545 bis
1415 3483 1625 3564 interrogatus
1645 3483 1755 3556 lucris,
1771 3482 1887 3546 habeat
1907 3501 1958 3545 ca-

259 3569 292 3610 ¹³·
406 3579 525 3654 audiat,
542 3578 675 3642 stultum
692 3597 725 3641 se
741 3598 810 3641 esse
826 3579 1022 3641 demonstrat
1035 3587 1067 3641 et
1082 3598 1153 3641 con·
1208 3589 1267 3662 put
1291 3598 1478 3662 responsum
1503 3589 1605 3643 tuum.
1628 3581 1694 3654 Quo
1717 3587 1850 3654 constat,
1871 3581 1958 3663 quod

405 3677 531 3740 lusione
553 3676 738 3759 dignumt]
760 3677 885 3759 quoties
905 3696 988 3739 unus
1009 3685 1152 3740 nostrum
1208 3679 1331 3741 Fratres
1347 3679 1491 3760 juniores
1507 3686 1539 3741 et
1553 3679 1766 3761 simpliciores
1781 3679 1899 3741 debent
1919 3680 1959 3742 ad

405 3775 504 3840 verba
518 3775 659 3850 alterius,
678 3775 742 3838 imo
758 3774 918 3837 interdum
934 3783 965 3837 et
983 3775 1152 3856 praesiden·
1210 3777 1405 3859 loquendum
1426 3796 1495 3839 esse
1516 3777 1680 3852 tardiores,
1697 3785 1728 3839 ct
1748 3776 1780 3838 in
1797 3777 1958 3859 loquendo

405 3875 447 3938 tis
461 3880 516 3938 aut
535 3873 669 3936 senioris
685 3881 716 3936 et
736 3873 948 3956 sapientioris,
966 3873 1154 3956 insipienter
1208 3876 1304 3937 etiam
1324 3875 1486 3938 breviores
1505 3874 1646 3957 :alioqui
1667 3875 1801 3938 frontosi
1824 3893 1957 3957 appare·

405 3971 627 4053 interrumpit!
1208 3973 1288 4036 bunt
1304 3982 1335 4036 et
1354 3973 1570 4036 inverecundi.
1589 3973 1708 4036 Deinde
1728 3973 1895 4037 Salomone
1911 3982 1957 4036 te·

445 4071 561 4145 Quarto
575 4069 792 4133 observandus
807 4076 855 4131 est
876 4087 1035 4150 congruus
1053 4069 1151 4145 locus,
1209 4080 1310 4135 stante
1337 4090 1343 4135 :
1370 4071 1428 4146 Qui
1453 4071 1558 4133 erudit
1586 4072 1772 4145 derisorem,
1798 4071 1867 4154 ipse
1892 4072 1956 4135 sibi
1972 4092 2081 4140 resana.

405 4178 440 4232 ut
456 4187 519 4231 non
535 4167 568 4230 in
589 4167 723 4230 ecclesia
743 4186 802 4229 nec
822 4167 990 4250 prohibitis
1011 4168 1088 4230 locis
1109 4169 1152 4230 lo·
1169 4176 1192 4238 Ι)
1209 4170 1360 4250 injuriam
1381 4171 1474 4250 faoit3
1491 4179 1521 4232 ct
1536 4171 1591 4252 qui
1611 4170 1722 4233 illusor
1742 4179 1800 4244 est,
1817 4189 1880 4234 non
1899 4189 1957 4233 au·
1972 4194 2082 4240 resumi,

406 4287 548 4351 quamur.
556 4267 644 4341 Quod
659 4275 768 4330 contra
782 4266 881 4347 aliqui
897 4275 1040 4329 nostrum
1056 4267 1151 4329 ctiam
1209 4269 1256 4331 dit
1271 4289 1370 4351 quum
1387 4269 1565 4350 corripitur.
1584 4269 1751 4351 Propterea
1765 4269 1870 4332 denuo
1885 4271 1930 4332 ait
1948 4287 1955 4332 :

406 4369 439 4430 in
460 4367 557 4430 choro
576 4372 608 4428 et
627 4365 711 4428 circa
729 4365 840 4428 altaria
858 4366 897 4428 ad
917 4365 1087 4447 quamdam
1111 4365 1152 4429 lo·
1208 4369 1242 4430 ln
1267 4367 1398 4430 auribus
1424 4367 1644 4449 insipientium
1671 4387 1711 4430 ne
1737 4368 1888 4450 loquaris,
1913 4388 1957 4431 ne
1983 4395 2085 4438 nram.

406 4466 597 4548 quacitatem
614 4472 688 4527 sunt
703 4464 806 4546 proni,
823 4471 855 4526 et
872 4463 903 4525 in
919 4464 1029 4546 paucis
1045 4464 1151 4527 verbis
1208 4466 1289 4530 forte
1305 4466 1482 4547 despiciant
1497 4465 1673 4529 doctrinam
1689 4467 1807 4548 eloquii
1823 4467 1879 4529 tui.
1896 4466 1958 4530 Pro
1971 4463 1992 4503 ⁹·

405 4566 545 4628 multum
565 4563 740 4641 excedunt3
757 4561 905 4624 similiter
927 4563 959 4624 in
984 4562 1151 4626 relectorio
1209 4565 1325 4627 talibus
1341 4582 1415 4644 ergo
1430 4564 1529 4645 magis
1545 4565 1699 4627 orandum
1717 4573 1774 4628 est.
1791 4566 1956 4628 Verumta-

403 4671 499 4745 atque
529 4662 677 4746 capitulo.
707 4661 761 4723 lsti
791 4668 866 4724 sunt
896 4660 1042 4724 homines
1077 4661 1151 4723 inti·
1210 4683 1282 4726 men
1302 4663 1437 4744 quadam
1460 4663 1681 4725 benevolentia
1701 4663 1860 4726 interdum
1881 4674 1957 4727 sunt

404 4761 577 4835 moretiel
601 4761 628 4824 si
652 4777 716 4823 non
741 4759 904 4833 malitiosi,
926 4766 1030 4822 tamen
1056 4759 1152 4834 leves,
1209 4760 1436 4843 preveniendi,
1460 4767 1492 4822 et
1513 4760 1556 4823 ita
1577 4779 1650 4822 curn
1671 4761 1827 4823 industria
1847 4762 1956 4825 admo-

405 4859 546 4943 pueriles
577 4877 613 4921 ac
645 4857 791 4921 dissoluti
823 4876 830 4920 :
862 4858 932 4920 idco
963 4856 1087 4920 fortiter
1118 4877 1151 4920 se
1207 4859 1305 4922 nendi
1324 4876 1331 4921 :
1349 4859 1433 4941 quod
1455 4860 1494 4921 ad
1515 4859 1720 4940 praesidentes
1741 4867 1864 4922 constat
1885 4881 1955 4944 spe-

404 4959 584 5024 emendent.
1209 4959 1332 5022 cialiter
1352 4958 1522 5041 pertinere.

445 5057 560 5132 Quinto
576 5054 730 5118 servanda
748 5062 797 5117 est
817 5073 965 5118 mensura
984 5055 1016 5117 in
1032 5054 1150 5130 verbis,
1248 5058 1391 5140 Septimo
1410 5065 1458 5119 est
1479 5057 1677 5141 pensandum
1697 5058 1833 5140 qualiter
1851 5058 1892 5121 sit
1915 5060 1957 5122 lo

405 5178 445 5221 ne
461 5155 615 5239 loquendo
629 5154 818 5218 excedamus
834 5163 866 5217 et
880 5154 1153 5228 cliluamusalios-
1208 5157 1384 5238 quendum,
1413 5156 1562 5218 videlicet
1594 5165 1767 5230 mansuete,
1800 5159 1952 5232 modeste,

405 5277 467 5341 que
486 5273 666 5337 gravemus,
687 5261 718 5317 et
742 5271 853 5318 eorum
878 5254 933 5336 qui
957 5253 1151 5318 fructuosius
1208 5255 1348 5318 suaviter
1371 5263 1402 5317 et
1427 5255 1585 5331 distincte,
1607 5255 1767 5320 interdum
1791 5256 1887 5319 etiarn
1913 5257 1954 5318 ri-
