4288 6264
748 450 898 497 oolttmm
918 453 938 498 V
959 453 1032 500 POST
1052 453 1181 499 PASCUA.
1203 471 1244 482 ··-
1263 453 1437 503 eutheario
1458 457 1490 502 ΙΝ
1511 457 1707 506 lavariocam!

843 861 1148 948 ENARRATIO
1181 865 1236 950 IN
1271 866 1605 956 EvlltoELlUM

636 1124 732 1180 auru,
753 1125 839 1170 narrt
860 1124 930 1170 arco
951 1125 1048 1181 voms,
1071 1127 1098 1172 sr
1119 1128 1192 1182 oure
1215 1127 1381 1176 narramus
1402 1131 1524 1178 ramex
1546 1133 1578 1178 nv
1598 1134 1716 1182 acarna
1737 1138 1810 1195 vae,

958 1224 1050 1269 usvair
1070 1225 1166 1270 vcors.
1182 1209 1293 1272 loann.
1310 1229 1373 1284 xvi,
1389 1209 1491 1276 23-30.

522 1497 706 1561 ODIERNO
727 1498 759 1560 in
780 1497 944 1578 evangelio
964 1498 1108 1561 Christus
1127 1517 1196 1580 spe·
1211 1507 1236 1570 Α
1251 1502 1440 1581 postuletur,
1457 1507 1634 1569 secundum
1650 1509 1730 1573 illud
1743 1512 1853 1576 iacobi
1870 1535 1878 1578 :
1894 1515 2005 1580 Postu·
2027 1541 2120 1586 :aena

533 1597 657 1658 cialiter
680 1595 823 1658 hortatur
847 1595 960 1657 fideles
985 1596 1024 1658 ad
1050 1595 1196 1658 invocan-
1251 1599 1294 1660 let
1314 1599 1346 1660 in
1365 1600 1440 1676 lide,
1456 1603 1538 1665 nihil
1557 1606 1789 1693 haesitans3qui
1809 1619 1918 1676 autem
1939 1615 2003 1679 hta-
2018 1606 2039 1648 ⁷·

445 1695 523 1756 dum
552 1695 675 1758 Patrem
705 1693 887 1772 coelestem3
910 1700 941 1755 et
970 1695 1196 1756 convenienter
1251 1697 1334 1771 sitat,
1355 1699 1470 1762 similis
1492 1710 1541 1764 est
1564 1703 1679 1767 fluctui
1702 1709 1823 1774 maris:
1841 1729 1906 1774 uon
1925 1733 2003 1795 ergo

446 1793 594 1874 promisit
608 1792 776 1873 discipulis
791 1792 875 1874 quod
891 1792 980 1853 Pater
995 1791 1132 1854 coelestis
1147 1809 1197 1854 eo·
1250 1796 1385 1858 aestimet
1409 1797 1504 1862 homo
1527 1801 1591 1875 ille,
1613 1805 1697 1884 quod
1719 1808 1857 1890 accipiat
1877 1811 2001 1893 aliquid

446 1909 518 1952 rum
542 1909 654 1972 preces
674 1890 848 1964 exaudiret,
866 1890 892 1951 si
915 1889 949 1951 in
971 1889 1102 1952 nomine
1124 1890 1193 1952 Filii
1249 1893 1359 1956 clleo.
1378 1895 1456 1976 Spes
1475 1899 1595 1981 quippe
1615 1920 1671 1964 seu
1692 1905 1851 1970 certitudo
1872 1911 2003 1973 exaudi-

444 1988 515 2069 ejus
530 2007 604 2052 eum
620 1997 757 2061 orarent,
775 1996 809 2050 ut
824 1988 870 2050 sic
885 1988 1036 2070 discipuli
1052 1989 1091 2050 de
1107 1989 1194 2052 Chri·
1249 1991 1345 2054 tionis
1360 1993 1454 2057 debet
1469 2014 1538 2059 esse
1553 2018 1591 2060 ex
1607 2003 1861 2069 consideratione
1877 2007 2002 2072 bonita-

444 2087 484 2174 sti
501 2105 628 2150 recessu
642 2094 720 2149 tunc
735 2087 916 2149 imminenti
934 2087 1026 2149 valde
1041 2087 1193 2162 dolentes,
1249 2088 1289 2151 tis
1305 2099 1337 2152 et
1353 2093 1578 2159 misericordiae
1599 2099 1653 2160 dei
1671 2120 1678 2164 :
1696 2109 1819 2167 certum
1841 2113 1891 2168 est
1911 2126 2001 2170 narn-

443 2185 694 2248 eonsolationem
709 2185 902 2267 acciperent.
910 2186 1007 2246 Dicit
1018 2203 1092 2266 ergo
1101 2189 1194 2246 lesus
1249 2207 1320 2269 que,
1329 2192 1411 2271 quod
1426 2211 1463 2254 ex
1480 2203 1567 2275 parte
1582 2196 1679 2279 ipsius
1693 2217 1754 2262 non
1771 2202 1833 2264 crit
1847 2203 1997 2269 deiectus

443 2283 617 2358 discipulis
631 2285 712 2352 suis,
728 2282 759 2344 id
775 2282 1006 2364 estApostolis,
1023 2283 1056 2344 in
1075 2301 1192 2346 sermo·
1247 2286 1425 2361 Quartam
1446 2300 1514 2353 oret
1536 2292 1631 2358 homo
1653 2315 1712 2378 pro
1735 2317 1779 2361 se.
1802 2302 1889 2375 Quod
1912 2304 1996 2378 dico,

444 2399 484 2442 ne
504 2387 577 2461 post
592 2380 721 2444 lloenam
739 2400 745 2444 :
762 2384 880 2451 Arnen,
895 2401 989 2440 amen
1005 2383 1077 2441 dico
1093 2383 1191 2453 codis,
1246 2401 1311 2447 non
1339 2388 1429 2468 quasi
1459 2388 1554 2453 homo
1583 2411 1647 2455 non
1676 2396 1790 2460 debeat
1818 2417 1909 2464 orare
1939 2422 1999 2485 pro

443 2477 475 2540 id
492 2485 551 2552 est,
568 2497 653 2552 vere,
670 2497 744 2541 vere
759 2478 849 2541 vobis
864 2477 992 2540 aiiirmo
1009 2495 1015 2540 :
1033 2486 1065 2540 et
1080 2479 1192 2561 repeti·
1246 2483 1328 2557 aliis,
1345 2505 1445 2566 quum
1468 2489 1552 2551 dicat
1575 2494 1737 2573 apostolus
1757 2496 1905 2575 lacobus,
1922 2501 1998 2564 Ora·
2015 2521 2121 2570 rasas-‚u

442 2576 497 2650 tio,
518 2575 773 2640 confirmationis
789 2595 826 2638 ac
842 2576 1043 2638 certitudinis
1064 2577 1191 2659 signum
1246 2588 1276 2642 te
1301 2601 1359 2663 pro
1388 2584 1538 2661 invicem,
1565 2596 1598 2650 ut
1625 2592 1812 2674 salvemini3
1838 2599 1895 2660 sed
1919 2600 1996 2681 quia

442 2683 507 2752 est3
528 2677 559 2734 si
578 2677 661 2754 quid
677 2678 844 2750 petieritis
864 2679 1013 2745 Patrem,
1034 2674 1066 2737 id
1088 2684 1147 2750 est,
1164 2677 1190 2738 si
1206 2685 1228 2746 Β
1245 2680 1345 2742 oratio
1358 2681 1448 2761 justi,
1464 2685 1559 2748 etiam
1578 2688 1725 2754 salutaris
1741 2701 1837 2774 atque
1853 2697 1994 2774 assidua,

440 2773 562 2854 aliquid
582 2773 715 2854 dignum
733 2780 765 2835 et
782 2773 918 2835 salutare
932 2792 951 2835 a
965 2773 1054 2836 Patre
1073 2781 1190 2837 aetemo
1245 2777 1405 2842 interdum
1423 2799 1485 2844 uon
1501 2785 1671 2849 exauditur
1690 2792 1846 2870 procliis,
1863 2804 1997 2877 propter

441 2871 596 2934 instanter
615 2878 710 2954 atque
729 2870 869 2934 fideliter
889 2871 1136 2954 postulaveritis,
1153 2875 1187 2932 in
1244 2877 1461 2958 indignitatem
1477 2890 1508 2943 et
1522 2883 1763 2967 incapacitatem
1778 2891 1997 2977 illorumque

440 2973 571 3031 nomine
596 2991 676 3042 meo,
697 2971 728 3033 id
751 2978 799 3032 est
823 2989 881 3056 per
907 2990 959 3033 me
981 2971 1187 3034 mediatorem
1243 2975 1328 3037 niam
1349 2977 1566 3043 indesinenter
1587 2992 1711 3064 ponunt
1732 2987 1859 3052 obicem
1883 2996 1994 3073 gratia

438 3067 494 3130 Dei
519 3087 556 3132 ao
580 3069 760 3144 hominum,
781 3087 839 3151 per
860 3069 1011 3132 meritum
1036 3076 1068 3131 et
1089 3069 1187 3132 virtu·
1242 3072 1308 3134 Dei.
1325 3073 1405 3136 lliuc
1422 3077 1504 3140 Deus
1523 3079 1605 3142 dixit
1620 3082 1660 3144 ad
1673 3083 1844 3150 ieremiam
1863 3088 1903 3152 de
1921 3111 1993 3172 pes·

437 3173 502 3229 tem
525 3167 682 3249 passionis
704 3187 794 3243 mete,
815 3168 881 3231 imo
902 3168 999 3231 totius
1021 3185 1187 3231 conversa·
1242 3171 1323 3234 simo
1338 3175 1457 3255 populo
1469 3177 1749 3245 ludaeorumzNon
1763 3204 1909 3252 assumas
1924 3189 1991 3253 lau·
2005 3218 2098 3262 nm,
2116 3223 2127 3262 ἦ,

435 3265 532 3330 tionis
554 3284 633 3330 meae
655 3267 689 3329 in
710 3267 827 3332 saeculo
851 3267 924 3341 isto,
944 3275 976 3330 et
997 3287 1056 3350 per
1078 3268 1186 3330 omnia
1241 3269 1314 3331 dem
1338 3278 1370 3332 et
1393 3274 1568 3337 orationem
1594 3295 1651 3360 pro
1675 3280 1738 3361 eis3
1761 3283 1788 3345 si
1811 3285 1934 3368 Moyses
1958 3297 1990 3351 et
2006 3288 2073 3334 ¹¹2¹·

435 3383 507 3447 quae
531 3382 589 3446 pro
613 3365 781 3428 hominum
806 3367 908 3428 salute
928 3366 1101 3448 assumpsi,
1123 3366 1185 3428 leci
1240 3367 1367 3430 Samuel
1383 3372 1528 3433 steterint
1542 3391 1648 3437 coram
1664 3396 1727 3453 me,
1739 3397 1803 3442 non
1818 3390 1868 3444 est
1882 3385 1990 3449 anima

435 3479 472 3524 ac
487 3461 623 3544 pertuli3
638 3462 701 3536 vel,
718 3484 735 3522 a
751 3463 871 3545 siquid
887 3463 1042 3544 petieritis
1061 3464 1184 3525 Patrem
1240 3482 1311 3527 mea
1325 3467 1363 3528 ad
1380 3470 1535 3550 populum
1551 3472 1783 3549 istum.0uint0
1797 3499 1927 3565 quoque
1942 3504 1990 3548 re·

435 3559 469 3621 in
490 3561 620 3622 nomine
636 3576 707 3622 meo
723 3581 752 3635 a,
769 3560 801 3622 id
817 3567 866 3622 est
879 3560 1000 3642 aliquid
1021 3561 1183 3642 pertinens
1238 3564 1378 3644 quiritur
1397 3570 1594 3634 conversatio
1615 3573 1680 3636 Deo
1699 3574 1840 3656 placens,
1857 3582 1933 3663 quia
1954 3593 1989 3647 ut

434 3659 473 3720 ad
497 3657 633 3721 salutem
656 3659 788 3739 (nomen
813 3659 932 3721 etenim
957 3658 1029 3720 Filii
1056 3659 1112 3720 Dei
1136 3667 1185 3722 est
1239 3662 1387 3725 Salomon
1409 3673 1613 3744 contestatur,
1634 3671 1693 3744 Qui
1717 3673 1857 3739 declinat
1874 3698 1987 3744 aurem
2034 3717 2100 3759 m,

432 3757 534 3830 lesus,
560 3757 645 3839 quod
670 3755 899 3838 iuterpretatur
923 3755 1059 3819 salvator
1080 3774 1087 3818 :
1112 3757 1182 3820 ideo
1239 3779 1328 3822 suem
1360 3780 1400 3824 ne
1424 3765 1531 3826 audiat
1561 3766 1674 3848 legem,
1700 3773 1801 3836 oratio
1830 3776 1902 3857 ejus
1925 3780 1987 3842 erit
2002 3783 2104 3825 nvi-⁹·

433 3855 466 3916 in
490 3855 620 3918 nomine
644 3855 716 3916 Filii
739 3855 939 3937 deprecatur,
960 3855 1015 3938 qui
1037 3855 1121 3938 quod
1142 3857 1181 3918 ad
1201 3861 1452 3926 Gexsecrabilis.
1469 3863 1561 3945 Apud
1575 3867 1728 3932 loannem
1749 3890 1877 3956 quoque
1894 3877 1988 3942 habe.

431 3953 568 4015 salutem
590 3953 739 4036 pertinet,
757 3955 876 4019 orando
898 3955 1067 4037 impetrare
1091 3972 1182 4018 cona·
1237 3965 1291 4021 tur
1317 3979 1324 4023 ε
1350 3960 1530 4026 Peccatores
1554 3964 1638 4028 Deus
1662 3987 1724 4033 non
1748 3974 1853 4054 audit3
1879 3978 1935 4040 sed
1959 3979 1985 4041 si
2017 4007 2126 4051 smne„

430 4052 516 4132 tur);
545 4055 638 4113 dabit
667 4056 767 4124 cobis,
796 4053 847 4116 vel
877 4053 994 4126 statim,
1025 4054 1075 4116 vel
1105 4061 1182 4117 tem·
1237 4057 1309 4138 quis
1336 4058 1439 4121 cultor
1466 4069 1514 4122 est
1543 4062 1598 4124 llei
1628 4073 1659 4127 et
1687 4069 1885 4136 voluntatem
1915 4075 1984 4156 ejus
2002 4071 2041 4113 ³¹·

429 4167 507 4232 porc
528 4161 720 4233 opportuno.
745 4151 782 4212 Et
803 4151 963 4213 interdum
983 4152 1066 4213 Deus
1090 4151 1181 4233 largi·
1237 4155 1323 4229 iacit,
1349 4155 1434 4218 hunc
1460 4161 1599 4223 exaudit.
1625 4164 1711 4228 lstud
1736 4175 1843 4232 tamen
1868 4171 1984 4236 intelli·

428 4257 492 4323 tur,
508 4266 572 4313 non
589 4249 720 4331 quidem
741 4249 826 4330 quod
848 4248 977 4330 petitur,
994 4250 1049 4311 sed
1065 4250 1180 4313 melius
1235 4255 1374 4334 gendum
1390 4257 1517 4320 videtur
1532 4261 1570 4322 de
1589 4272 1754 4343 peccatore
1775 4267 1808 4330 in
1829 4275 1983 4352 peccandi

427 4348 562 4430 aliquid.
1235 4355 1398 4434 proposito
1420 4367 1635 4438 permanente.
1658 4363 1689 4425 Si
1712 4383 1788 4429 vero
1808 4367 1926 4452 aliquis
1951 4373 1983 4436 in

468 4447 611 4529 Denique
639 4447 678 4509 ad
708 4445 981 4510 exaudibilitatem
1013 4447 1176 4524 orationis,
1234 4451 1359 4513 mortali
1382 4453 1423 4514 sit
1445 4456 1548 4537 culpa,
1566 4466 1597 4519 et
1617 4469 1783 4541 peccatum
1806 4485 1901 4531 suum
1921 4471 1982 4534 dis-

426 4545 532 4629 primo
552 4545 727 4628 requiritur
747 4553 783 4608 ut
802 4565 878 4610 vere
900 4546 1050 4620 salutaria
1070 4555 1178 4629 postu·
1234 4550 1351 4630 plieeat
1374 4551 1447 4625 sihi,
1471 4555 1642 4637 cupiatque
1667 4559 1747 4622 illud
1771 4563 1930 4643 deserere,
1951 4577 1982 4632 et

426 4645 540 4707 lentur.
563 4643 668 4707 Oratio
693 4663 843 4727 namque,
864 4646 1041 4708 secundum
1067 4647 1177 4708 Dama·
1232 4656 1353 4730 pugnet
1376 4651 1527 4713 adversus
1552 4653 1642 4732 illud,
1664 4665 1696 4719 et
1716 4659 1828 4724 videus
1854 4683 1888 4727 se
1913 4668 1980 4731 siue

425 4761 570 4818 scenum,
587 4751 635 4806 est
657 4743 770 4825 petitio
793 4745 987 4818 decentium,
1009 4745 1109 4807 idest
1130 4764 1178 4808 re·
1232 4747 1288 4808 llei
1310 4749 1447 4828 gratioso
1468 4751 1587 4815 auxilio
1609 4757 1782 4836 praevalere
1801 4779 1866 4824 non
1889 4782 1979 4846 posse

424 4862 496 4906 rum
519 4862 598 4925 quas
620 4843 712 4905 decet
733 4843 811 4926 peti,
830 4864 848 4907 a
870 4844 942 4908 lieo.
964 4845 1121 4920 Secundo,
1141 4853 1176 4908 ut
1231 4855 1341 4908 contra
1366 4852 1630 4915 consuetudinem
1654 4854 1799 4922 vitiosam
1828 4881 1885 4926 seu
1912 4883 1980 4948 pro

423 4951 665 5025 perseveranter
689 4950 807 5017 oretur,
828 4943 911 5004 sicut
935 4943 979 5004 ait
1002 4943 1172 5008 Salvator:
1230 4946 1363 5009 nitatem
1387 4949 1541 5032 iniquam,
1560 4953 1685 5017 invocet
1707 4957 1761 5020 llei
1784 4960 1977 5040 subsidium,

288 5056 409 5114 racana,
423 5041 554 5124 Oportet
573 5060 700 5123 semper
719 5058 819 5113 orare,
836 5049 868 5104 et
887 5058 950 5104 non
970 5043 1126 5124 deiicere;
1142 5049 1213 5111 etl)
1229 5044 1326 5107 talem
1351 5057 1551 5129 peccatorem
1576 5052 1639 5114 cito
1659 5058 1807 5120 exaudiet
1829 5060 1924 5124 Bous.
1942 5063 1980 5126 Et

276 5125 408 5237 'snm
422 5141 594 5224 Apostolus
607 5159 614 5204 :
627 5140 702 5203 Sine
717 5140 954 5204 intermissione
963 5143 1097 5225 (inquit)
1107 5163 1175 5207 ora·
1230 5147 1378 5226 quamvis
1392 5147 1508 5229 aliquis
1524 5149 1564 5211 sit
1578 5153 1709 5217 omnino
1723 5155 1865 5238 iniquus,
1878 5160 1978 5224 nihilo

275 5249 308 5294 ¹⁷·
423 5249 464 5306 te.
482 5239 597 5315 Tertio,
614 5239 867 5324 utintegraiide
883 5249 1003 5304 etcum
1020 5242 1175 5329 bonaspe
1230 5245 1338 5308 minus
1362 5247 1594 5313 consulendum
1619 5259 1667 5314 est
1691 5253 1719 5315 ei
1744 5262 1779 5316 ut
1802 5266 1881 5335 oret,
1903 5277 1977 5346 quo
