4164 6258
436 503 585 552 normias
607 506 637 552 rr
658 505 732 554 rosr
751 506 946 554 minumus.
967 523 1007 536 -
1028 505 1128 557 sanilo
1149 509 1302 558 sncnunus
1585 495 1644 560 257

607 917 799 1006 SERMO
838 919 1137 1008 SECUNDUS

499 1179 649 1236 ooatmh
674 1180 782 1229 trcrar
807 1180 919 1240 IRASCl,
942 1179 980 1228 ΙΤ
1004 1182 1155 1238 onatrmr
1180 1182 1251 1231 NON.

170 1459 201 1518 lc
216 1457 263 1516 sis
281 1460 374 1518 veloce
392 1460 437 1518 ad
455 1459 676 1529 irascendum,
691 1461 771 1538 quia
794 1460 849 1519 ira
863 1461 889 1524 A
904 1468 1010 1524 actum
1035 1461 1166 1526 rationis
1191 1463 1326 1546 impedit
1348 1483 1385 1527 ao
1410 1464 1583 1548 perturbat.
1600 1467 1650 1530 ln·

179 1557 212 1615 in
229 1557 307 1616 aino
322 1557 419 1616 stulti
433 1555 845 1636 requiescanceleurqlo.
904 1558 1030 1621 terdum
1056 1559 1102 1622 ira
1130 1561 1275 1644 sequitur
1299 1563 1466 1638 rationem,
1493 1564 1536 1626 ita
1565 1565 1650 1647 quod

143 1653 187 1715 lra
206 1653 290 1716 inter
309 1661 432 1736 septem
450 1661 580 1736 peccata
600 1655 746 1718 mortalia
763 1673 848 1718 com·
903 1656 983 1719 ratio
1004 1663 1117 1739 sponte
1140 1657 1220 1721 iram
1240 1660 1386 1735 assumit,
1403 1669 1439 1723 ut
1459 1669 1564 1724 actum
1587 1661 1652 1725 vir·

108 1758 239 1832 putatur.
252 1751 356 1824 Quum
371 1769 446 1833 ergo
461 1770 499 1814 ex
515 1769 574 1814 suo
588 1769 704 1832 genere
720 1753 761 1816 sit
777 1771 848 1836 pec·
902 1753 980 1816 tutis
1002 1754 1163 1818 robustius
1185 1765 1280 1840 atque
1299 1758 1426 1822 virilius
1444 1768 1648 1843 exsequatur.

108 1855 204 1912 catum
221 1850 364 1924 mortale,
372 1850 487 1912 merito
501 1849 648 1913 Salomon
664 1851 848 1914 exhortatur
902 1851 958 1916 Est
978 1854 1075 1916 etiam
1099 1857 1243 1919 naturale
1267 1864 1302 1919 ut
1322 1857 1467 1940 appetitu
1492 1859 1649 1941 superiori

108 1966 144 2008 ne
157 1947 256 2010 simus
276 1948 367 2030 proni
385 1949 425 2010 ad
443 1948 655 2011 irascendum.
673 1949 731 2014 Cui
746 1951 847 2013 omni·
900 1969 938 2013 ac
954 1951 1279 2036 intellectivo,utpote
1293 1954 1649 2032 voluntate,secnndum

107 2063 144 2110 no
158 2047 327 2110 concordat
341 2047 425 2130 qnod
444 2047 477 2110 in
493 2048 598 2130 prima
617 2067 675 2111 sua
689 2049 846 2112 canonica
901 2049 1056 2112 rationem
1077 2058 1173 2126 moto,
1190 2051 1350 2134 appetitus
1373 2052 1506 2116 inlerior
1526 2053 1651 2117 sensiti-

16 2144 147 2216 :n.1‚o.ait
167 2145 328 2228 apostolus
352 2144 487 2209 lacobus
512 2162 520 2207 ε
546 2146 593 2209 Sit
616 2147 721 2210 omnis
750 2148 846 2211 homo
901 2167 960 2210 vus
976 2147 1209 2231 subsequenter
1224 2157 1433 2214 moveaturet
1448 2160 1648 2236 cooperetur:

106 2243 193 2306 velox
210 2244 251 2306 ad
270 2243 477 2319 audiendum,
494 2243 603 2308 tardus
622 2252 729 2309 autem
745 2247 784 2308 ad
803 2246 847 2310 lo-
902 2247 1011 2330 sicque
1032 2247 1079 2310 ira
1102 2249 1248 2330 sequitur
1271 2249 1427 2312 rationem
1448 2269 1485 2313 ac
1506 2251 1650 2315 volunta-

107 2343 275 2423 quendum,
285 2349 316 2404 θῖ
331 2343 438 2405 tardus
454 2343 493 2406 ad
508 2343 598 2404 iram.
611 2343 671 2407 Sed
686 2345 736 2407 his
751 2352 846 2427 atque
902 2351 979 2420 tem,
1005 2353 1037 2408 et
1062 2345 1109 2408 eis
1138 2347 1288 2422 deservit,
1315 2348 1399 2412 sicut
1429 2349 1563 2412 inlerius
1592 2367 1651 2414 suo

106 2440 262 2504 similibus
277 2440 515 2505 aoowritatibus
530 2441 763 2527 Scripturarum
778 2461 847 2508 con
903 2443 1070 2526 superiori,
1091 2445 1154 2508 ista
1177 2463 1253 2526 ergo
1277 2453 1325 2508 est
1346 2446 1393 2509 ira
1417 2446 1598 2522 laudabilis,
1620 2454 1652 2511 et

16 2579 28 2608 ,,
39 2579 63 2617 Ν,
76 2569 93 2608 5,
106 2539 223 2602 trariari
240 2540 367 2603 videtur
381 2541 466 2622 quod
485 2541 529 2602 ait
547 2541 722 2617 Psalmista,
738 2542 847 2606 lrasci·
903 2549 1035 2604 vocatur
1053 2544 1100 2606 ira
1120 2561 1177 2626 por
1191 2544 1306 2618 zelum,
1323 2546 1399 2628 quia
1419 2553 1565 2610 movetur
1580 2563 1652 2608 con·

105 2637 191 2710 mini,
206 2644 241 2700 et
262 2637 361 2701 nolite
381 2656 514 2719 peccare
535 2657 543 2702 ι
563 2657 659 2721 quam
682 2639 887 2704 auctorita-ll
904 2647 953 2702 tra
973 2639 1163 2722 injustitiam
1187 2642 1365 2705 secundum
1388 2643 1520 2706 rationis
1541 2662 1653 2707 censu·

16 2742 164 2804 tenestem
178 2735 538 2818 allegatallegandoquo
553 2737 709 2819 approbet
724 2738 846 2801 Paulus
904 2755 990 2819 ram;
1015 2747 1127 2822 estque
1155 2749 1245 2803 actos
1270 2741 1398 2804 virtutis
1427 2742 1653 2824 moralisque

104 2833 180 2916 Ergo
199 2835 389 2918 prophetico
407 2834 645 2918 apostolicoque
665 2837 849 2900 testimonio
904 2835 1021 2899 dicitur
1035 2837 1241 2914 vindicativa‚
1258 2857 1329 2921 qnae
1349 2847 1397 2902 est
1416 2859 1489 2923 pars
1507 2839 1649 2922 justitia.

104 2933 146 2993 ira
160 2941 208 2995 est
222 2932 500 2996 commendabilis.
517 2933 652 3016 insuper
670 2935 709 2998 de
725 2934 849 3000 Christo
903 2935 948 2996 lle
962 2953 1025 3019 qna
1040 2935 1086 2998 ira
1100 2936 1179 2999 dicit
1193 2935 1362 3018 Gregorius
1373 2955 1379 3000 :
1389 2937 1475 3000 'lunc
1490 2936 1652 3001 robustius

16 3031 257 3115 „„.‚5‚scriptnm
281 3040 330 3096 est
349 3033 434 3116 apud
455 3033 596 3096 Marcum
614 3053 621 3098 :
638 3033 848 3098 Contristetua
904 3033 984 3096 ratio
1007 3042 1117 3097 contra
1146 3043 1276 3119 peccata
1304 3035 1449 3118 erigitur,
1474 3055 1576 3119 quum
1604 3037 1652 3099 ira

101 3137 147 3192 est
166 3149 266 3214 super
285 3129 424 3194 cecitate
443 3131 549 3194 cordis
570 3149 694 3206 eorum,
711 3131 847 3194 circnm-
903 3131 1031 3194 subdita
1046 3131 1160 3196 rationi
1174 3132 1357 3196 famulatur.
1379 3133 1418 3196 llt
1439 3133 1554 3198 iterum
1572 3153 1579 3196 ε
1596 3133 1652 3198 Ca-

100 3228 239 3309 spiciens
254 3245 308 3292 eos
324 3247 399 3292 cum
416 3229 473 3291 ira.
491 3229 601 3292 Omnis
617 3237 724 3293 autem
742 3239 848 3295 motus
904 3230 1045 3292 vendum
1067 3231 1202 3313 (inquit)
1226 3250 1430 3314 summopere
1454 3239 1513 3308 est,
1539 3251 1579 3296 ne
1604 3234 1652 3296 ira

100 3327 152 3407 qni
174 3326 239 3390 luit
260 3327 293 3389 in
316 3326 451 3401 Christo,
469 3326 638 3390 laudabilis
659 3329 791 3391 exstitit.
904 3346 975 3409 que
990 3336 1026 3391 ut
1044 3329 1294 3393 instrumentum
1315 3330 1443 3394 virtutis
1464 3331 1649 3407 assumitur,

138 3424 191 3487 Fst
207 3426 317 3508 itaque
332 3425 573 3500 advertendum,
584 3427 670 3508 qnod
685 3427 769 3490 sicut
782 3427 848 3490 odi·
903 3426 1018 3490 rationi
1040 3426 1234 3504 dominetur,
1251 3446 1291 3491 ne
1310 3428 1402 3511 quasi
1422 3429 1552 3493 domina
1572 3449 1651 3514 prae-

101 3539 152 3584 um
179 3531 230 3585 θεῖ
259 3541 360 3586 unum
390 3531 512 3608 septem
541 3523 726 3588 mortalium
755 3525 847 3589 vitio·
903 3533 964 3600 eat,
989 3528 1045 3590 sed
1070 3534 1221 3611 tauquam
1250 3528 1366 3592 ancilla
1394 3529 1434 3592 ed
1458 3529 1650 3612 obsequium

100 3637 180 3694 rum,
206 3619 310 3684 nihilo
339 3621 445 3684 minus
474 3629 523 3686 est
549 3623 708 3707 quoddam
737 3623 847 3686 odium
903 3633 1022 3706 parata,
1038 3633 1159 3707 atcrgo
1175 3625 1307 3689 rationis
1326 3645 1491 3710 nunqnam
1510 3628 1647 3692 recedat.

16 3715 231 3792 mnuhonum.
250 3718 294 3781 llo
317 3735 380 3803 quo
401 3718 519 3782 latetur
540 3721 695 3803 Propheta
712 3738 719 3782 :
736 3719 847 3784 Nonne
943 3723 1087 3806 lienique
1115 3723 1155 3787 de
1179 3724 1238 3788 hac
1267 3725 1314 3788 ira
1343 3724 1549 3806 intelligenda
1575 3734 1651 3790 sunt

17 3801 35 3842 ²·
97 3816 152 3897 qui
167 3817 308 3880 oderunt
322 3824 364 3892 te',
380 3818 524 3893 Domine,
540 3818 690 3882 oderaml
703 3818 847 3884 Perfecto
863 3826 885 3890 c
902 3820 1000 3884 verba
1015 3822 1232 3906 chrysostomi
1246 3824 1417 3887 asserentis
1430 3841 1437 3886 :
1449 3825 1507 3900 Qui
1522 3843 1562 3888 ex
1578 3843 1651 3888 cau-

20 3947 82 3986 aaa,
96 3915 168 3978 odio
188 3916 321 3979 oderam
342 3915 423 3979 illos.
440 3917 583 4002 ltemquc
600 3917 754 4000 :iniquos
773 3919 846 3982 odio
902 3937 937 3982 sa
956 3919 1114 3996 irascitur,
1130 3940 1204 3984 reus
1224 3939 1288 3984 non
1303 3929 1360 3985 est.
1377 3923 1456 3986 Nam
1474 3924 1501 3986 si
1519 3923 1566 3986 ira
1585 3941 1649 3988 non

95 4012 206 4077 habui.
229 4014 295 4078 lloc
317 4013 438 4098 quippe
459 4013 638 4098 perfectum
661 4023 758 4099 atque
780 4017 845 4080 lau·
901 4017 1009 4093 luerit,
1032 4037 1092 4083 nec
1115 4020 1260 4084 doctrina
1284 4021 1425 4104 prolicit,
1447 4039 1506 4084 noo
1528 4021 1651 4104 judicia

93 4110 199 4175 dabile
215 4113 339 4186 odium,
355 4120 404 4176 est
417 4113 506 4176 odire
521 4111 648 4197 iniquos
667 4115 845 4180 secundum
901 4124 996 4194 stant,
1023 4137 1082 4181 nec
1111 4118 1247 4182 crimina
1274 4127 1532 4202 compescuntur.
1561 4115 1650 4184 Ju'sta
1671 4185 1673 4190 ,

92 4211 179 4294 quod
203 4211 285 4274 tales
309 4218 395 4286 sunt,
416 4229 480 4274 non
505 4211 538 4274 in
562 4219 718 4294 qnantum
743 4221 843 4280 sunt:
901 4233 976 4297 ergo
998 4216 1055 4292 ira,
1073 4223 1175 4280 mater
1195 4225 1244 4280 est
1265 4217 1456 4301 disciplinae,
1473 4219 1505 4280 id
1527 4226 1577 4281 est
1596 4219 1650 4282 de·

91 4309 158 4373 imo
179 4318 218 4372 ut
232 4309 392 4385 homines,
408 4316 483 4374 sunt
497 4309 636 4374 amandi.
659 4311 715 4388 lta,
733 4331 843 4395 quam·
901 4313 975 4378 bite
991 4315 1202 4398 correptionis
1220 4334 1257 4378 ac
1275 4315 1463 4398 punitionis.
1481 4316 1568 4380 Unde
1582 4333 1647 4380 non

89 4409 138 4471 vis
154 4409 205 4473 ira
218 4409 413 4492 generaliter
428 4418 556 4494 sumpta
570 4410 695 4474 dicatur
710 4413 843 4476 mortale
901 4413 1090 4477 solum-non
1110 4421 1222 4496 peccat
1243 4413 1299 4498 qui
1324 4432 1398 4478 cnm
1422 4432 1518 4488 causa
1539 4415 1647 4480 irasci·

88 4516 274 4592 peccatum,
291 4516 462 4572 esttamen
481 4509 589 4592 aliqua
604 4509 651 4573 ira
665 4509 759 4586 hona,
776 4511 842 4576 lau·
900 4520 962 4588 tur,
978 4513 1035 4577 sed
1054 4520 1193 4589 econtra,
1210 4513 1273 4576 nisi
1292 4513 1391 4577 iratus
1410 4514 1509 4578 luerit
1523 4522 1644 4599 peccat,

88 4607 220 4684 dabilis,
233 4608 385 4672 virtuosa.
403 4609 452 4673 lra
465 4627 604 4694 namque
619 4616 668 4673 est
681 4611 842 4694 appetitus
898 4611 1051 4694 quoniam
1073 4611 1300 4676 irrationabilis
1323 4612 1477 4698 patientia
1497 4613 1575 4678 vitia
1599 4633 1647 4678 se-

85 4708 244 4771 vindictae
273 4715 404 4793 propter
432 4708 552 4772 illatam
580 4709 742 4790 injuriam.
770 4710 842 4776 llrec
900 4711 1011 4788 minat,
1023 4709 1250 4792 negligentiam
1265 4713 1445 4789 nutrit,noe
1460 4713 1565 4778 solum
1580 4733 1647 4777 ma·

84 4813 198 4868 antem
224 4805 370 4869 vindicta
392 4805 474 4870 bene
497 4813 529 4869 et
552 4806 634 4871 malo
661 4815 765 4892 potest
789 4826 843 4894 op·
899 4810 946 4874 los
967 4811 1139 4875 sedetiam
1160 4810 1260 4875 bonos
1281 4811 1378 4874 trahit
1396 4813 1436 4878 ad
1456 4814 1547 4877 mala.
1565 4813 1645 4877 llino

87 4904 147 4968 tari
172 4911 208 4968 et
233 4903 388 4980 exerceri,
409 4904 570 4981 videlicet,
592 4907 769 4970 secundum
794 4927 842 4971 re·
899 4928 1027 4994 quoque
1049 4911 1094 4974 ait
1116 4911 1295 4975 Bemardus
1317 4931 1325 4976 :
1348 4913 1497 4989 Irascere,
1523 4921 1555 4976 et
1579 4913 1646 4978 noli
1670 4934 1711 4983 ro.
1725 4940 1783 4991 ms.

87 5011 146 5069 ctae
166 5004 305 5068 rationis
318 5003 479 5086 judicium
493 5013 525 5068 et
538 5006 683 5071 ordinem
700 5006 795 5088 juris,
811 5016 844 5072 et
859 5014 884 5077 o
899 5028 1040 5094 peccare.
1058 5009 1206 5074 Peccabis
1224 5019 1332 5075 autem
1351 5012 1448 5075 nimis
1467 5013 1643 5090 irascendo,

85 5106 188 5170 etiam
206 5101 304 5168 modo
318 5105 647 5187 perversolnterdum
662 5107 781 5170 etenim
797 5107 844 5170 ira
899 5110 1048 5194 peccabis
1061 5111 1157 5175 etiam
1171 5112 1300 5176 omnino
1315 5129 1378 5175 non
1391 5112 1645 5178 irascendoNam

85 5205 254 5291 praevenit
270 5206 426 5270 rationem
442 5224 450 5270 :
467 5212 499 5269 et
512 5205 574 5269 ista
593 5215 641 5270 est
660 5207 707 5270 ira
726 5208 843 5274 inordi-
901 5229 965 5275 non
990 5210 1085 5274 irasci
1109 5210 1166 5273 uhi
1190 5211 1392 5274 irascendum
1415 5219 1474 5286 θεῖ,
1490 5220 1538 5276 θεῖ
1559 5213 1644 5276 nolle

83 5319 180 5394 nata;
197 5315 235 5374 et
254 5317 386 5374 vocatur
401 5307 449 5371 ira
469 5325 528 5391 per
545 5309 671 5388 vitium,
691 5311 844 5392 quoniam
899 5313 1064 5376 emendare
1079 5311 1342 5396 peccatnm3plus
1354 5330 1430 5377 vero
1444 5313 1538 5378 irasci
1551 5331 1647 5396 quam

220 5448 254 5500 Τ.
272 5451 311 5502 30.
1490 5449 1520 5501 17
