4192 6258
394 501 541 550 nounucn
562 503 627 549 xxn
648 501 721 549 rosr
740 497 934 548 minuerent.
955 519 995 529 -
1013 499 1189 548 minusne
1210 503 1242 550 m
1261 503 1455 552 menoetius
1636 485 1698 550 589

147 667 193 731 cii
215 675 270 732 aut
290 669 405 752 judicii
426 671 639 755 particularis,
660 671 745 754 quod
768 669 807 733 lit
828 669 897 732 uni·
913 670 1162 754 htemporalem
1178 670 1257 734 mihi
1270 690 1398 755 poenam
1413 678 1622 746 commuta,et
1636 691 1697 732 mn·

143 767 266 850 cuique
295 769 371 833 dum
400 772 546 846 moritur,
577 770 701 834 nullum
730 777 897 853 peccatum
951 770 1010 828 mia
1026 772 1163 830 reddam
1179 771 1252 841 tibi,
1264 769 1294 832 id
1311 777 1370 844 est,
1381 785 1439 852 pro
1453 769 1611 832 universis
1626 785 1697 852 pec

144 866 220 947 ejus
239 885 335 950 quem
354 869 476 950 judicat
491 870 651 952 relinquat
672 868 821 942 inultum,
838 885 897 930 nec
952 867 1030 930 catis
1061 867 1142 931 meis
1170 867 1365 931 satisfaciam
1394 868 1464 943 tibi,
1493 874 1526 930 et
1554 866 1638 930 sicut
1666 873 1697 928 te

143 965 325 1047 poenitendi
350 969 469 1031 tribuat
492 975 621 1050 tempus
650 967 825 1030 seeundum
856 966 898 1028 le·
953 964 1141 1028 inhonoravi
1171 966 1252 1029 male
1275 966 1397 1048 agendo
1420 985 1457 1029 ac
1481 965 1563 1030 bona
1591 964 1698 1029 debita

143 1081 222 1144 gem
250 1082 467 1142 communem,
497 1074 605 1128 tamen
635 1065 777 1148 quotidie
806 1065 897 1147 ponit
952 1063 1140 1139 omittendo,
1157 1065 1200 1128 ita
1221 1074 1253 1128 ῖθ
1272 1064 1435 1128 honorabo
1456 1064 1537 1128 bene
1559 1064 1698 1128 vivendo

143 1162 304 1226 rationem
319 1183 394 1228 cum
409 1165 511 1228 servis
525 1164 602 1238 suis,
620 1163 651 1226 id
667 1170 715 1227 θεῖ
732 1162 894 1238 lidelibus,
952 1169 984 1224 et
1008 1162 1090 1225 bona
1119 1163 1264 1244 neglecta
1287 1164 1512 1246 recuperando.
1539 1164 1698 1225 Miser-tus

144 1279 206 1342 per
221 1261 357 1326 vicarios
372 1281 446 1326 suos
463 1263 620 1346 prelatos,
637 1269 671 1325 et
684 1281 743 1345 per
757 1261 897 1344 Scriptu-
952 1270 1060 1322 autem
1075 1263 1229 1322 dominus
1241 1262 1331 1325 Iesus
1346 1263 1434 1322 serni
1450 1263 1555 1332 iiiios,
1569 1263 1697 1322 dimisit

144 1376 253 1422 rarum
267 1361 510 1434 admonitiones,
517 1380 574 1443 per
589 1359 810 1442 inspirationes
826 1377 898 1442 que
952 1379 1037 1430 eum,
1053 1369 1084 1420 et
1099 1377 1194 1423 omne
1213 1362 1359 1421 debitum
1374 1362 1501 1421 dimisit
1516 1362 1548 1420 ei
1560 1380 1571 1419 .·
1587 1359 1697 1441 sieque

145 1475 212 1538 que
234 1457 386 1532 internas,
404 1458 584 1540 instigando
603 1457 766 1521 hominem
787 1457 825 1520 ad
846 1456 896 1520 sui
953 1457 1024 1539 plus
1051 1459 1138 1520 dedit
1167 1477 1263 1542 quam
1293 1477 1403 1522 servus
1432 1458 1554 1540 petivit.
1581 1458 1698 1521 Servus

145 1555 251 1636 ipsius
272 1556 531 1621 discussionem:
552 1563 648 1639 atque
670 1557 702 1618 in
723 1557 782 1619 hac
803 1556 895 1620 ratio·
923 1549 928 1556 ’
952 1557 1039 1618 enim
1060 1557 1173 1639 petivit
1192 1575 1255 1620 non
1271 1558 1366 1620 vendi
1381 1564 1413 1619 et
1427 1557 1613 1620 dilationem
1632 1557 1697 1618 adi·

145 1653 200 1714 nis
215 1654 373 1736 positione
387 1655 513 1718 veniam
531 1673 567 1718 ac
582 1655 756 1737 poenitendi
772 1661 896 1736 tempus
952 1654 1044 1736 pisci,
1062 1655 1116 1716 sed
1135 1655 1284 1718 dominus
1304 1673 1368 1718 non
1388 1655 1491 1719 solum
1512 1673 1575 1718 non
1590 1655 1699 1718 vendi·

145 1750 291 1832 largitur.
315 1753 430 1836 Sioque
452 1752 602 1836 parabola
626 1753 686 1815 ista
709 1752 748 1815 de
773 1753 897 1816 Christo
952 1752 999 1814 dit
1014 1772 1101 1827 eum,
1118 1773 1177 1817 nec
1197 1753 1300 1817 solnm
1322 1754 1480 1817 concessit
1498 1753 1695 1829 dilationem,

145 1851 329 1932 exponitur.
351 1852 408 1914 Per
430 1851 522 1913 illum
542 1869 619 1914 vero
638 1852 693 1934 qui
715 1851 826 1914 debuit
845 1852 896 1913 de·
914 1851 938 1914 B
953 1850 1008 1914 sed
1023 1868 1118 1914 omne
1133 1869 1260 1934 qnoque
1280 1852 1424 1914 debiturn
1443 1869 1535 1915 servo
1549 1852 1695 1916 dimisit:

145 1966 221 2010 cem
236 1951 338 2012 millia
354 1951 482 2025 talenta,
495 1951 685 2031 intelligitur
699 1950 896 2033 quicumque
952 1949 1029 2032 quia
1052 1968 1255 2032 quacumque
1277 1950 1354 2012 horn
1376 1958 1523 2033 peccator
1548 1967 1606 2032 pro
1630 1949 1697 2014 suis
1737 1977 1823 2026 rami,

146 2046 246 2111 homo
261 2049 384 2130 magnis
399 2068 436 2112 ac
452 2049 561 2110 multis
576 2049 714 2132 peccatis
729 2048 893 2111 obnoxius.
953 2047 1134 2128 ingemiscit
1162 2049 1312 2130 peccatis,
1337 2050 1445 2112 omnia
1473 2048 1503 2111 ei
1527 2049 1695 2124 donantur,
1710 2045 1842 2094 ¹⁹¹¹¹·²¹·²²·

191 2149 297 2215 Quum
312 2157 420 2208 autem
440 2146 513 2210 tulis
532 2156 744 2228 transgressor
760 2166 824 2208 mon
840 2149 897 2207 hc-
953 2165 1012 2208 nec
1028 2146 1114 2226 larga
1128 2147 1183 2209 Dei
1203 2147 1304 2228 pietas
1324 2147 1471 2209 dimidiat
1485 2147 1624 2222 veniam,
1641 2147 1697 2210 sed

147 2247 237 2306 beret
253 2248 340 2306 unde
356 2249 520 2317 redderet,
530 2245 561 2308 id
576 2252 635 2320 est,
645 2263 741 2327 opera
755 2245 897 2309 virtuosa
954 2250 1069 2306 cuncta
1092 2243 1236 2306 mortalia
1260 2243 1357 2306 simul
1375 2243 1508 2306 dimittit
1527 2245 1566 2306 ad
1591 2243 1698 2306 minus

144 2361 185 2405 ao
211 2343 374 2407 meritoria
402 2363 467 2408 non
496 2344 628 2407 haberet
653 2344 770 2426 quibus
794 2344 896 2406 Deum
954 2348 1109 2423 quantum
1138 2341 1177 2404 ad
1206 2340 1308 2424 eulpae
1336 2341 1503 2405 oliensam.
1529 2342 1698 2424 Potestque

146 2441 302 2524 placaret,
328 2450 360 2506 et
384 2463 449 2507 suae
472 2443 604 2524 justitiae
629 2442 819 2524 condignam
843 2443 897 2504 ho
953 2446 1041 2501 tanta
1062 2459 1131 2502 esse
1153 2440 1301 2502 contritio
1323 2440 1519 2523 peonitentia
1540 2447 1573 2503 et
1593 2446 1700 2502 tantus

145 2541 236 2603 noris
252 2543 581 2624 recompensationem
600 2559 659 2624 pro
673 2541 760 2602 illata
780 2540 897 2621 injuria
954 2538 1061 2603 iervor
1074 2559 1139 2603 suso
1153 2540 1344 2616 dilectionis,
1360 2548 1531 2625 tantusque
1545 2541 1649 2624 pudor
1663 2539 1701 2604 de

147 2639 326 2702 exhiberet.
353 2641 425 2704 llaec
453 2641 542 2703 enim
571 2657 634 2703 non
664 2639 760 2701 habet
785 2639 839 2720 qui
864 2639 897 2700 in
954 2638 1093 2720 propriis
1107 2639 1206 2714 vitiis,
1223 2639 1308 2721 quod
1323 2640 1431 2702 omnia
1449 2647 1580 2722 peccata
1598 2657 1655 2702 sua
1670 2638 1700 2702 ei

147 2737 276 2801 mortali
306 2747 354 2802 est
379 2739 485 2821 culpa,
512 2739 587 2820 quia
615 2745 647 2800 et
672 2738 699 2800 si
727 2737 898 2819 aliquando
953 2737 1050 2798 etiam
1079 2744 1234 2818 quantum
1264 2736 1303 2799 ad
1331 2755 1459 2819 poenam
1490 2755 1564 2801 mox
1593 2737 1701 2800 dimit·

147 2836 264 2900 habuit
279 2855 326 2912 aa,
344 2856 401 2919 per
420 2855 557 2919 sequens
579 2837 712 2901 mortale
732 2843 899 2919 peccatum
954 2841 1070 2897 tantur.

147 2944 225 2998 sunt
241 2935 432 2999 mortificata
449 2955 456 2999 :
474 2954 532 3019 per
552 2935 773 3018 poenitentiam
791 2943 898 2998 tamen
994 2936 1155 3012 Epressus
1179 2943 1300 3004 autem,
1325 2933 1357 2995 id
1386 2941 1434 2996 est
1463 2941 1570 2996 mente
1595 2953 1614 2996 a
1637 2934 1702 2997 Deo

145 3041 285 3116 possunt
309 3035 415 3098 denuo
438 3034 608 3098 vivificari.
624 3037 728 3096 lussit
748 3055 821 3095 eum
845 3037 899 3094 do·
915 3029 937 3094 C
955 3051 1096 3107 aversus,
1122 3052 1235 3093 seruus
1258 3034 1326 3103 itte,
1353 3031 1434 3094 liber
1457 3052 1476 3095 a
1499 3032 1619 3107 debito,
1645 3034 1701 3095 sed

144 3133 261 3194 minus
275 3135 347 3210 ejus
362 3133 600 3205 venumdari,id
615 3140 663 3196 est
677 3133 781 3216 poenis
795 3132 899 3196 addici
955 3150 1066 3194 rursus
1092 3131 1197 3193 victus
1222 3149 1241 3192 a
1266 3130 1356 3205 vitio,
1383 3137 1493 3213 utpote
1521 3132 1622 3194 Deum
1652 3149 1700 3194 re·

144 3249 186 3294 ac
204 3231 406 3294 damonibus
426 3232 520 3306 tradi,
537 3240 572 3294 ut
591 3249 649 3314 pro
669 3231 764 3313 culpa
781 3231 900 3313 recipe·
955 3230 1104 3313 linquens
1127 3247 1185 3312 per
1209 3228 1386 3292 recidivum
1411 3231 1545 3311 pcccati,
1572 3231 1700 3292 invenit

145 3337 197 3391 ret
218 3347 359 3412 poenam,
377 3330 646 3413 quemadmodum
666 3330 699 3391 in
716 3329 899 3392 venditione
955 3349 1059 3390 unum
1082 3332 1122 3389 de
1144 3329 1308 3388 conservis
1330 3330 1410 3398 suis,
1433 3330 1493 3408 qui
1516 3331 1647 3390 debebat
1671 3329 1703 3388 ei

146 3446 252 3490 unum
278 3430 373 3492 datur
396 3446 455 3511 pro
479 3429 551 3492 alio.
578 3429 742 3492 Damones
772 3445 899 3510 quoque
953 3437 1083 3488 eentum
1097 3428 1261 3498 denarios,
1278 3426 1309 3488 id
1329 3433 1378 3489 est
1393 3427 1555 3490 modicum
1575 3445 1701 3510 compa·

146 3544 208 3609 pro
223 3535 389 3610 peccatore
404 3527 451 3590 eis
467 3527 799 3602 tradimsolvuntheo
814 3544 900 3588 num·
954 3525 1075 3588 ratione
1096 3525 1195 3588 debiti
1221 3525 1272 3588 sui
1294 3542 1357 3609 quo
1381 3526 1449 3608 ipse
1470 3528 1535 3589 Deo
1557 3543 1616 3589 suo
1638 3525 1702 3587 luit

147 3644 241 3688 mum
263 3625 426 3700 vindicta,
451 3626 681 3689 subserviendo
709 3625 826 3688 divinae
848 3623 899 3705 ju·
954 3623 1121 3704 obligatus.
1138 3621 1248 3685 Omnis
1264 3623 1384 3686 etenim
1404 3624 1500 3687 homo
1514 3631 1564 3687 est
1577 3623 1702 3686 debitor

146 3724 244 3788 stitia
277 3724 311 3786 in
345 3724 513 3806 punitione
543 3723 693 3786 damnati.
727 3723 789 3784 ista
823 3720 900 3783 lacit
954 3721 1010 3784 Dei
1032 3729 1163 3803 propter
1184 3720 1345 3783 beneficia
1365 3722 1406 3784 ab
1430 3740 1469 3785 eo
1490 3728 1648 3805 suscepta,
1670 3729 1702 3784 et

146 3821 294 3885 Christus
319 3823 462 3904 quotidie
486 3840 544 3904 per
566 3820 846 3884 comminationem
868 3827 900 3882 et
954 3826 1085 3901 propter
1106 3826 1236 3902 peccata
1261 3819 1293 3881 in
1315 3837 1391 3882 eum
1413 3821 1607 3884 commissa:
1626 3837 1700 3882 nam

145 3919 452 4002 pronuntiationem
485 3919 656 4001 Scriptura
687 3937 723 3981 ae
756 3918 899 4000 prealato·
954 3926 1085 4000 propter
1103 3916 1263 3980 benelicia
1278 3924 1405 3980 tenetur
1419 3919 1484 3981 Deo
1498 3919 1613 3999 gratias
1629 3936 1701 4000 age-

146 4038 222 4081 rum
253 4018 413 4081 Ecclesia.
444 4021 488 4080 Et
518 4037 654 4078 umorem
683 4018 765 4094 ejus,
791 4017 822 4079 id
852 4023 900 4079 est
955 4037 989 4080 re
1008 4036 1044 4080 ac
1063 4018 1200 4095 servire3
1217 4024 1348 4098 propter
1369 4025 1499 4100 peccata
1518 4036 1595 4082 vero
1616 4027 1701 4082 tene-

144 4117 402 4191 sensualitatem,
419 4125 450 4176 et
464 4117 563 4194 filios,
581 4115 612 4177 id
628 4122 676 4176 est
690 4133 787 4197 opera
802 4115 896 4190 mala,
954 4122 1007 4177 tur
1028 4112 1211 4176 satislecere
1233 4113 1262 4176 ei
1286 4131 1345 4196 pro
1370 4115 1488 4196 injuria
1512 4123 1543 4179 et
1564 4116 1698 4181 oflensa.

144 4225 179 4276 et
194 4218 307 4276 ommia
321 4236 394 4294 qum
408 4216 542 4275 habebat
558 4214 591 4276 in
606 4232 652 4287 se,
668 4213 820 4296 quoniam
835 4232 900 4277 om·
914 4212 940 4274 D
954 4211 1053 4274 Habet
1077 4211 1172 4273 etiam
1197 4212 1293 4273 homo
1317 4211 1493 4274 debitorem
1518 4214 1701 4294 proximum

144 4313 202 4376 nia
224 4313 284 4375 ista
306 4313 445 4393 obligata
464 4318 538 4374 sunt
560 4311 598 4374 ad
621 4328 748 4392 poenam
771 4318 900 4393 propter
955 4328 1048 4372 suum
1065 4309 1121 4391 qui
1140 4308 1287 4391 peccavit
1307 4308 1339 4371 in
1354 4327 1440 4383 eum,
1456 4309 1508 4372 vel
1527 4310 1590 4374 alio
1606 4313 1701 4377 modo

145 4419 292 4495 peccata,
318 4422 348 4474 et
371 4413 481 4480 reddi,
503 4410 535 4472 id
559 4415 607 4472 est
630 4408 747 4472 divinae
769 4410 901 4489 justitiae
954 4408 1076 4490 aliquid
1095 4409 1124 4470 ei
1144 4415 1288 4488 tenetur;
1304 4409 1359 4470 sed
1381 4408 1526 4471 debitum
1547 4428 1611 4492 quo
1630 4429 1702 4494 pro-

143 4509 302 4573 satislieri
325 4509 544 4593 propeccatis
566 4508 663 4570 illins.
956 4507 1061 4569 ximus
1085 4506 1243 4588 obligatus
1267 4515 1316 4568 θεῖ
1337 4505 1441 4581 nohis,
1458 4508 1630 4572 minimum
1654 4518 1703 4574 est

189 4611 374 4672 Procidens
397 4617 519 4677 autem,
545 4605 577 4668 id
606 4614 654 4668 θεῖ
678 4625 775 4687 super
798 4625 902 4688 genua
955 4605 1191 4688 comparatione
1211 4605 1309 4668 debiti
1329 4607 1471 4688 quolleo
1489 4608 1632 4671 adstricti
1652 4629 1703 4672 su-

145 4728 210 4773 sua
231 4727 339 4782 ruens,
360 4707 412 4770 vel
434 4725 468 4770 se
490 4708 521 4770 in
544 4714 661 4769 terram
685 4713 899 4788 prosternens,
956 4723 1039 4778 mus,
1056 4703 1131 4786 quia
1151 4703 1183 4765 in
1199 4703 1299 4766 Deum
1320 4723 1453 4786 peecare
1469 4713 1557 4770 tanto
1571 4714 1620 4770 est
1633 4725 1702 4788 gra·

147 4828 266 4870 servus
286 4808 356 4877 iiie,
378 4806 410 4868 id
433 4814 480 4868 θεῖ
502 4813 648 4887 peccator
670 4823 727 4886 per
748 4805 903 4887 poenitcn-
956 4805 1161 4886 viusquanto
1174 4801 1277 4882 major
1291 4809 1339 4864 est
1354 4805 1503 4868 sanctitas
1518 4813 1550 4869 et
1565 4805 1702 4888 dignitas

148 4908 232 4970 tiam
254 4924 288 4968 εθ
308 4906 373 4968 Deo
394 4904 579 4978 humilians,
597 4905 730 4980 repebat
753 4922 838 4974 eum,
854 4906 902 4963 di·
956 4903 1025 4984 ejus
1045 4921 1110 4983 prae
1125 4900 1284 4964 omnibus.
1301 4902 1347 4964 Ad
1368 4902 1453 4984 quod
1472 4904 1699 4970 insinuandum

149 5025 228 5067 cens
251 5025 262 5064 .·
287 5005 493 5068 Patientiam
522 5003 602 5062 debe
630 5003 666 5060 im
694 5021 756 5072 me,
780 5001 812 5064 id
842 5008 900 5077 est,
956 5002 1111 5082 scriptum
1127 5007 1175 5062 est
1190 4999 1295 5082 primo
1309 5000 1429 5082 Regum
1448 5019 1455 5063 τ
1472 5001 1504 5064 Si
1520 5006 1846 5085 peccaverittaeamaa

149 5102 412 5167 emendationem
449 5119 552 5163 meam
587 5108 619 5162 et
652 5099 902 5163 satisfactionem
956 5100 1005 5162 vir
1028 5099 1199 5172 invirum,
1222 5098 1339 5180 placari
1365 5099 1393 5160 ei
1419 5106 1523 5180 potest
1546 5101 1646 5182 Deus3
1671 5104 1698 5166 si

149 5205 329 5268 clementer
352 5208 512 5284 exspecta,
532 5220 591 5263 nee
615 5200 721 5263 statim
744 5217 796 5262 me
816 5201 901 5263 dam·
955 5206 1063 5262 autem
1085 5197 1119 5258 in
1139 5197 1309 5259 Dominum
1329 5198 1519 5279 peccaverit,
1538 5199 1610 5282 quis
1632 5219 1699 5266 ora·

148 5321 222 5379 nes,
242 5303 298 5366 sed
319 5309 438 5366 aeterna
461 5300 621 5382 supplicia
641 5319 711 5382 qua
733 5299 847 5376 merui,
869 5299 901 5361 in
957 5297 1005 5359 bit
1023 5313 1082 5378 pro
1104 5299 1163 5359 eol
1178 5299 1220 5358 Εῖ
1241 5305 1352 5356 tenens
1370 5296 1488 5360 collum
1508 5297 1591 5380 eius,
1606 5305 1701 5381 suffo-
