4140 6258
346 509 493 558 oorrmroa
515 511 547 556 rx
568 510 641 558 rosr
661 509 855 558 mrnrrarax.
877 529 917 541 -
938 513 980 558 ao
1000 511 1197 578 mrorosos3
1219 515 1319 562 amo
1339 515 1467 572 omarus
1621 497 1679 562 33l

132 700 193 746 nee
219 701 259 746 ex
289 702 386 766 prava
414 684 520 747 radice
548 693 750 749 murmurent
774 685 922 752 contrad
940 686 1054 769 capiat,
1072 709 1089 748 a
1105 688 1167 752 nisi
1183 688 1323 752 bumana
1337 711 1366 764 a,
1383 689 1415 752 id
1433 696 1482 753 est
1499 688 1618 765 brevis,
1638 690 1683 753 le-

132 799 218 844 eum.
229 782 282 845 Ait
295 800 434 866 namque
449 781 617 865 Gregorius
628 784 794 866 :Quisquis
809 801 882 847 oon·
937 785 986 848 vis
1001 793 1033 848 ot
1046 787 1239 861 transitoria,
1256 795 1292 850 ut
1311 795 1386 852 sunt
1405 788 1502 872 primi
1519 795 1636 864 motus,
1652 795 1684 852 et

132 886 181 942 tra
201 881 438 963 superpositam
458 881 519 944 sibi
538 891 726 965 potestatem
742 902 883 946 murmu-
937 883 1102 948 inclinatio
1116 887 1155 949 ad
1171 887 1319 960 venialia,
1337 887 1405 952 sine
1420 887 1538 970 quibus
1554 887 1603 968 agi
1619 904 1683 951 non

132 987 191 1052 rat,
208 979 303 1040 illum
326 980 488 1062 redarguit
509 983 565 1063 qui
585 987 772 1064 potestatem
795 981 882 1044 insti·
936 983 1020 1046 valet
1041 984 1108 1046 baec
1129 983 1202 1047 vita.
1224 985 1262 1047 Et
1280 985 1340 1048 hoc
1360 986 1404 1048 ait
1422 985 1603 1068 Apostolus,
1619 1004 1683 1049 non

132 1077 194 1138 tuit
208 1096 247 1139 ac
262 1077 409 1157 donavit3
426 1078 573 1162 quisquis
588 1098 664 1143 vero
679 1098 737 1162 pro
751 1086 881 1162 peccato
937 1083 1048 1164 utique
1064 1082 1257 1147 licentiando
1272 1084 1340 1147 sive
1354 1085 1510 1148 hortando
1529 1093 1565 1147 nt
1579 1086 1684 1148 venia-

132 1193 192 1238 suo
207 1175 389 1256 corrigitur,
406 1195 445 1240 eo
461 1177 532 1259 ipso
545 1177 610 1258 jam
625 1178 730 1259 justus
746 1177 818 1240 lieri
835 1178 881 1240 in·
936 1181 1009 1243 liter
1033 1199 1214 1263 peccemus,
1233 1183 1288 1244 sed
1314 1201 1376 1246 non
1400 1184 1546 1258 vetando,
1563 1184 1685 1264 gravio-

133 1275 238 1348 cboat,
250 1291 315 1356 quo
331 1273 474 1338 lerientis
489 1276 646 1356 justitiam
664 1294 727 1340 uon
742 1284 879 1339 accusat.
937 1297 1035 1361 raque
1060 1279 1137 1342 vitia
1160 1280 1368 1362 prohibendo.
1396 1281 1539 1344 Venialia
1563 1282 1683 1364 quippo

133 1372 342 1434 llurmuratio
370 1389 498 1455 quoque
525 1383 635 1437 contra
662 1375 796 1439 vicarios
826 1375 881 1438 Dei
936 1378 1084 1459 quamvis
1106 1378 1242 1460 singula,
1264 1398 1328 1443 non
1352 1388 1458 1442 tamen
1484 1379 1591 1442 omnia
1612 1399 1683 1462 pos·

134 1470 293 1532 redundat
309 1471 340 1532 in
357 1470 469 1545 Deum,
482 1471 565 1534 sicut
580 1471 722 1535 Christus
742 1472 786 1535 ait
804 1492 883 1555 praa-
937 1483 1012 1538 sunt
1027 1475 1129 1538 vitari.
1147 1476 1310 1552 Praeterea,
1325 1497 1425 1560 quum
1445 1485 1525 1540 teste
1543 1477 1683 1560 Scriptu-

19 1586 119 1634 lmae.
136 1569 207 1630 latis
225 1587 233 1631 ι
251 1569 309 1642 Qui
325 1586 381 1632 vos
397 1570 530 1651 spernit,
543 1589 594 1632 me
611 1571 742 1653 spernit.
756 1572 794 1634 Et
808 1572 883 1634 Pau·
937 1594 982 1649 ra,
996 1574 1109 1638 militia
1131 1575 1173 1636 sit
1192 1577 1257 1637 vita
1277 1576 1416 1638 bominis
1438 1595 1535 1658 super
1553 1583 1682 1650 terram,
1711 1602 1752 1646 100
1761 1605 1824 1653 mr.

1 1685 118 1736 arum.
135 1667 184 1728 lus
199 1666 536 1730 Thessalonicensibus
556 1668 699 1730 scribens
717 1687 724 1730 :
741 1668 798 1742 Qui
816 1670 882 1732 baec
937 1673 1038 1736 simus
1062 1691 1189 1755 semper
1218 1673 1256 1735 ad
1286 1692 1426 1756 pugnam
1452 1681 1561 1738 contra
1584 1680 1684 1738 tenta·

2 1779 8 1789 ·
131 1765 411 1848 (inquit)spernit‚
423 1783 485 1828 non
501 1765 664 1829 hominem
681 1766 813 1849 spernit,
826 1768 880 1830 sed
938 1779 1045 1833 menta
1076 1771 1222 1842 accincti,
1254 1779 1364 1834 contra
1396 1781 1526 1854 peccata
1558 1773 1683 1846 armati,

132 1863 245 1924 Deum.
268 1863 356 1925 Unde
376 1871 408 1924 et
426 1863 547 1946 lloyses
570 1882 698 1946 quoque
722 1866 880 1946 perversis
895 1869 918 1932 B
937 1877 1044 1932 contra
1058 1868 1235 1932 daemonum
1250 1870 1435 1932 tentationes
1450 1879 1543 1953 atque
1556 1870 1685 1932 insidias

14 1981 117 2031 serm,
132 1961 286 2024 israelitis
305 1962 408 2025 dixit:
431 1963 498 2024 Non
520 1971 629 2026 contra
648 1980 705 2025 uos
726 1971 774 2026 est
795 1983 880 2026 mur·
936 1967 1328 2049 preparati‚custodiendo
1343 1985 1398 2030 cor
1412 1975 1604 2042 nostrum‚et
1618 1987 1685 2031 ocu·
1700 1995 1829 2044 aalma.

132 2078 207 2122 mur
227 2067 382 2132 vestrum,
399 2060 454 2122 sed
476 2068 585 2122 contra
606 2061 787 2124 Dominum.
937 2065 982 2126 los
1002 2065 1106 2126 cordis
1128 2083 1254 2146 semper
1273 2065 1418 2128 babendo
1440 2067 1478 2127 ad
1499 2067 1682 2140 Dominum,
1698 2057 1832 2170 ζζξζξω

172 2157 279 2220 Tertio
294 2175 463 2220 caveamus
479 2177 519 2220 ne
535 2166 644 2221 contra
659 2159 879 2241 corripientes,
936 2163 1006 2243 ejus
1028 2161 1228 2244 implorando
1248 2163 1414 2226 auxilium.

131 2262 319 2316 accusantes
338 2273 395 2316 seu
415 2255 647 2336 proclamantes
665 2273 721 2318 nos
741 2275 881 2318 murmu-
978 2261 1031 2322 Est
1052 2279 1180 2342 quoque
1199 2261 1331 2325 tentatio
1353 2262 1474 2325 bomini
1498 2264 1683 2346 multiplici-

131 2371 253 2426 remus,
265 2371 366 2434 quum
383 2353 443 2435 ipsi
458 2353 590 2416 vulnera
606 2362 712 2416 nostra
727 2354 820 2417 nobis
835 2372 882 2416 os·
936 2366 984 2422 ter
1006 2359 1094 2420 utilis
1115 2377 1151 2420 ac
1172 2359 1320 2434 salubris,
1337 2361 1364 2422 si
1387 2360 1528 2442 legitime
1553 2361 1685 2425 relucte-

131 2452 274 2513 tendant.
291 2451 422 2533 Propter
441 2453 525 2534 quod
541 2452 688 2515 Salomon
708 2453 740 2514 iu
756 2453 882 2516 Prover-
936 2465 997 2519 tur.
1015 2457 1145 2539 Propter
1160 2459 1244 2540 quod
1259 2459 1371 2521 asserit
1387 2460 1582 2540 Augustinus
1595 2479 1602 2522 :
1614 2461 1685 2523 Vita

6 2585 118 2623 mauu,
132 2549 196 2611 biis
213 2549 355 2631 loquitur
371 2567 378 2610 :
395 2549 470 2612 Viro
485 2550 539 2632 qui
557 2551 782 2633 corripientem
803 2553 882 2614 dura
936 2563 1043 2618 nostra
1064 2556 1095 2618 in
1116 2555 1173 2618 bac
1193 2557 1448 2638 peregrinatione
1465 2577 1535 2620 osse
1554 2577 1616 2621 nou
1632 2579 1684 2621 va-

132 2649 259 2710 cervice
275 2648 461 2722 contemnit,
475 2649 662 2731 repentinus
678 2651 882 2732 superveniet
938 2654 979 2716 let
1002 2654 1071 2716 siue
1092 2655 1277 2728 tentatione,
1288 2656 1370 2745 ¹quia
1394 2655 1555 2736 proiectus
1577 2665 1685 2720 noster

1 2770 117 2820 fecsse.
133 2746 293 2809 interitus.
321 2746 359 2808 Et
389 2746 505 2808 iterum
535 2748 691 2830 scriptum
720 2756 768 2810 est
794 2768 801 2812 :
828 2749 882 2810 Vir
937 2771 994 2834 per
1009 2752 1214 2814 tentationem
1235 2761 1374 2814 nostram
1396 2752 1548 2816 allicitur.
1566 2755 1629 2817 Nec
1645 2757 1684 2817 si·

132 2845 263 2926 sapiens
289 2862 352 2906 non
383 2844 597 2907 murmurabit
621 2855 795 2928 correptus.
823 2847 881 2920 Oui
936 2850 968 2912 bi
991 2851 1063 2932 quis
1087 2850 1267 2924 innotescit,
1284 2851 1346 2912 nisi
1369 2858 1524 2930 tentatus;
1545 2871 1604 2916 nec
1631 2871 1684 2936 po·
1725 2872 1797 2916 accur.

130 2951 241 3006 autem
257 2949 342 3004 amat
357 2961 391 3004 se
408 2941 439 3004 in
456 2961 501 3016 se,
520 2961 584 3006 non
601 2944 633 3005 in
654 2945 728 3018 Deo,
748 2952 779 3007 et
794 2945 882 3027 cupit
936 2955 998 3010 test
1016 2947 1159 3010 coronari
1180 2947 1240 3010 nisi
1258 2949 1380 3022 vicerit,
1398 2968 1456 3011 nec
1472 2950 1600 3014 vincere
1621 2952 1681 3014 nisi
1698 2937 1830 3048 ,22223191215'

131 3041 274 3122 reputari
303 3059 339 3103 ac
370 3039 485 3102 metuit
506 3040 681 3122 aspernari,
708 3043 881 3124 corripien·
900 3049 921 3112 C
937 3046 1116 3121 certaverit,
1133 3066 1191 3110 nec
1214 3057 1334 3110 certare
1353 3048 1414 3110 nisi
1437 3057 1607 3113 tentatores
1630 3051 1682 3113 ba-

129 3140 218 3201 tibus
239 3137 422 3220 indignatur
444 3156 451 3200 :
477 3146 508 3201 et
529 3148 634 3202 tamma
657 3140 882 3204 miserabiliter
937 3145 1051 3207 buerit.
1069 3145 1210 3208 Viriliter
1225 3163 1309 3227 ergo,
1326 3146 1466 3221 ohomo‚
1483 3149 1570 3210 omui
1586 3156 1683 3213 tenta-

129 3244 317 3309 excaecatus,
343 3255 399 3298 sua
419 3237 645 3318 indignatione,
673 3238 879 3321 impatientia,
936 3243 1015 3306 tioni
1037 3243 1157 3305 resiste.
1175 3243 1253 3305 Nam
1275 3244 1358 3306 Deus
1374 3253 1465 3308 tunm
1487 3246 1575 3309 novit
1590 3264 1682 3311 cona-

129 3335 396 3409 murmuratione,
427 3335 528 3398 multo
557 3337 881 3419 contemptibiliorem
937 3349 1121 3414 tumtunm
1144 3341 1274 3423 inspicit
1295 3340 1502 3418 voluntatem,
1521 3351 1683 3408 certamen

128 3455 163 3498 se
187 3433 276 3508 facit,
294 3433 516 3515 maculamque
536 3434 679 3496 incurrit.
697 3435 755 3508 Qui
779 3436 805 3497 si
828 3455 881 3518 pa·
936 3446 1028 3501 tuum
1054 3447 1162 3502 contra
1186 3458 1314 3502 carnem
1339 3459 1375 3502 ac
1397 3441 1557 3504 daemones
1583 3444 1686 3506 intue-

128 3534 249 3595 tieuter
273 3539 305 3594 et
333 3539 493 3613 gratanter
522 3533 756 3614 correptionem
787 3535 880 3598 susti·
936 3545 1006 3616 tur;
1023 3538 1167 3600 hortatur
1186 3547 1221 3600 ut
1243 3556 1377 3619 pugnes,
1392 3539 1483 3619 juvat
1505 3549 1540 3602 nt
1562 3542 1682 3617 vincaS,

128 3633 266 3706 unisset,
293 3631 385 3693 laude
414 3638 446 3692 et
474 3630 594 3694 bonore
624 3632 739 3712 dignus
767 3631 882 3695 luisset
937 3635 1140 3698 deiicientem
1164 3635 1321 3710 sublevat,
1337 3636 1519 3699 vincentem
1543 3646 1682 3700 coronat.

127 3730 344 3792 existimatus.
938 3733 1020 3794 [teus
1043 3733 1265 3794 universorum
1287 3741 1390 3796 rector
1409 3752 1482 3796 cum
1503 3735 1591 3796 omui
1611 3735 1685 3798 San-

170 3829 291 3901 Ouarto
310 3827 487 3889 cavendnm
507 3846 547 3888 ne
563 3835 672 3890 contra
692 3828 881 3908 injuriantes
936 3839 1060 3894 olorum
1085 3832 1227 3893 exercitu
1252 3839 1343 3894 tuum
1370 3834 1526 3914 inspectat
1547 3852 1583 3895 ac
1605 3853 1683 3916 prae·

128 3944 385 3998 murmuremus,
406 3944 505 4006 quum
528 3925 612 3987 dicat
633 3925 775 3989 Salvator
795 3928 879 4008 apud
937 3929 1070 3991 stolatur
1085 3938 1257 4004 certamen,
1273 3938 1304 3992 et
1321 3929 1379 3991 tibi
1400 3937 1509 3993 contra
1524 3932 1682 3994 demones

0 4063 26 4086 t
70 4061 108 4096 J,
125 4023 434 4086 blattbaeumzlteati
451 4023 527 4084 estis
542 4042 642 4104 quum
659 4024 881 4087 maledixerint
936 4028 1092 4111 praelianti
1112 4036 1237 4091 aeternae
1260 4028 1467 4092 beatitudinis
1487 4039 1576 4111 parat
1595 4048 1682 4093 coro-

29 4113 49 4152 1·
124 4122 224 4185 vobis
249 4121 406 4194 homiues,
426 4128 458 4184 et
480 4121 638 4202 persecuti
661 4139 717 4185 vos
742 4123 879 4202 lueriut3
936 4146 1020 4189 uam.
1048 4128 1201 4209 Denique,
1227 4127 1310 4189 siout
1333 4127 1478 4190 diabolus
1502 4128 1683 4209 specialiter

122 4221 279 4303 gaudete,
301 4219 453 4302 quoniam
479 4237 600 4281 merces
624 4228 728 4282 vestra
753 4221 880 4303 copiosa
896 4229 921 4290 D
936 4233 1036 4288 tentat
1060 4243 1117 4288 uos
1140 4226 1179 4288 dc
1202 4226 1340 4306 peccatis
1364 4225 1402 4287 ad
1425 4245 1495 4308 quae
1518 4226 1682 4307 proniores

122 4328 178 4383 est
195 4319 228 4381 in
245 4319 344 4382 coelis.
362 4318 442 4380 llinc
457 4317 501 4380 ait
514 4317 653 4380 lsidorus
671 4335 678 4379 ε
695 4318 801 4381 Discat
816 4338 878 4382 uon
937 4342 994 4386 nos
1016 4343 1086 4386 esse
1106 4323 1295 4397 considerat,
1312 4323 1358 4384 sic
1373 4330 1405 4384 et
1419 4340 1476 4384 nos
1496 4332 1605 4385 contra
1624 4325 1682 4386 hu-

123 4435 333 4481 murmurare
348 4417 404 4498 qui
420 4416 503 4478 mala
518 4416 637 4498 patitur
644 4435 652 4494 ;
669 4423 700 4478 et
714 4417 741 4480 si
758 4418 880 4499 ignorat
935 4422 1076 4502 jusmodi
1100 4422 1176 4484 vitia
1198 4421 1392 4502 singularius
1414 4440 1541 4504 semper
1563 4442 1681 4504 pugne-

120 4537 186 4582 cur
212 4515 289 4577 talia
313 4515 461 4597 patiatur,
484 4533 540 4596 per
565 4515 625 4578 boe
650 4533 684 4578 se
706 4515 791 4595 juste
814 4517 878 4598 pati
937 4539 1019 4594 mus,
1042 4527 1074 4581 et
1096 4538 1133 4582 ea
1157 4519 1308 4580 radicitus
1332 4519 1507 4601 exstirpare
1532 4521 1681 4583 nitamur.

119 4617 314 4686 arbitretur,
331 4613 406 4696 quia
425 4613 465 4675 ab
484 4613 538 4675 illo
560 4613 756 4694 gubernatur
774 4633 810 4676 ac
829 4616 879 4695 ju·
936 4619 1107 4680 Pensemus
1129 4619 1213 4699 quod
1237 4618 1378 4700 loquitur
1396 4617 1459 4681 Leo
1482 4618 1565 4701 Papa
1586 4639 1593 4684 ε
1615 4619 1683 4683 Non

118 4717 256 4778 dicatur
280 4712 372 4793 cujus
393 4730 556 4793 nunquam
580 4712 698 4792 injusta
722 4713 879 4776 exsistunt
936 4717 1052 4779 desinit
1067 4715 1167 4778 hostis
1182 4716 1332 4798 antiquus
1348 4717 1559 4780 tentationum
1576 4717 1683 4800 laque-

116 4812 261 4896 judicia.
286 4811 511 4873 Verumtamen
542 4811 671 4893 quidam
695 4811 879 4892 frequenter
935 4833 970 4877 os
988 4814 1108 4896 ubique
1128 4815 1334 4895 pretendere,
1353 4823 1387 4876 ut
1408 4833 1568 4897 quoquam
1590 4818 1684 4879 modo

118 4920 218 4976 tanto
233 4910 418 4993 passionum
438 4909 603 4991 replentur
619 4908 736 4983 lurore,
754 4917 788 4971 ut
805 4929 878 4974 con·
935 4915 1084 4975 virtutem
1099 4913 1244 4974 lidelium
1258 4920 1354 4994 queat
1366 4931 1585 4996 corrumpere3
1596 4917 1684 4978 novit

118 5022 171 5074 tra
200 5009 361 5071 insensata
382 5016 414 5071 et
435 5007 608 5071 inanimata
631 5008 817 5083 irascantur,
835 5009 878 5073 lo·
935 5013 985 5074 cui
1010 5011 1176 5074 illecebras
1200 5012 1304 5074 carnis
1327 5012 1458 5093 ingerat,
1480 5013 1532 5074 cui
1554 5013 1682 5076 invidie

116 5115 271 5194 quantur
290 5125 327 5169 ac
351 5114 561 5168 murmurent.
934 5110 1022 5172 virus
1046 5109 1203 5183 infundet,
1224 5129 1320 5191 quern
1343 5128 1479 5174 moerore
1502 5111 1679 5184 conturbet,

2 5242 98 5290 „m
160 5205 317 5289 Amplius
331 5205 423 5268 docet
437 5205 659 5287 Apostolus,nt
675 5206 805 5268 tentatio
820 5225 877 5270 uos
934 5227 1030 5290 quem
1046 5208 1161 5288 gaudio
1178 5206 1276 5280 fallat,
1294 5227 1389 5290 quem
1406 5217 1492 5271 metu
1508 5210 1678 5291 opprimat,

115 5333 134 5370 a
152 5325 226 5371 non
241 5304 461 5387 apprehendat
475 5326 504 5378 a,
523 5304 628 5378 idest,
645 5305 876 5368 nonvincatet
932 5325 1030 5388 quem
1055 5307 1263 5368 admiratione
1287 5307 1430 5384 seducat;
1451 5308 1595 5369 omnium
1618 5308 1680 5370 dis-
