4214 6254
382 501 414 548 lll
434 501 486 548 ot!
508 499 624 548 SANGTO
645 500 861 551 rmauosms
882 519 923 531 ···
943 500 985 548 Ab
1005 499 1200 565 hectoreae&
1223 502 1322 550 Smo
1342 503 1454 550 SEXTUS
1653 483 1694 549 89

141 689 268 754 gorose,
302 674 380 736 dum
412 690 486 735 cum
520 670 637 754 pietate
669 687 733 736 non
766 669 1021 754 prolicithtulis
1046 672 1131 756 quod
1156 691 1195 736 ex
1219 671 1378 755 colloquio
1401 690 1510 736 secum
1535 671 1691 747 habendo,

144 770 292 853 loquens.
312 771 393 835 lline
418 771 534 833 iterum
559 770 591 832 in
616 769 794 833 Proverbiis
818 769 895 832 dici·
949 769 1049 834 linem
1072 771 1230 834 intentum
1254 769 1400 834 obtinere
1423 771 1592 854 possimus.

4 892 129 938 eran-,a
143 877 216 933 tur:
228 869 404 952 Responsio
420 867 527 933 mollis
542 867 660 950 trangit
675 868 773 948 iram;
790 886 895 932 sermo
988 869 1060 932 Hac
1076 869 1183 952 itaque
1199 869 1232 932 in
1248 869 1417 952 loquendo,
1432 876 1586 952 quantum
1603 869 1696 952 tragi-

145 967 245 1031 durus
268 968 401 1030 suscitat
418 966 570 1030 furorem.
587 966 626 1028 Et
645 966 678 1029 in
698 966 894 1030 Ecclesiasti-
950 966 1030 1029 litati
1045 974 1160 1030 nostra
1180 967 1333 1050 possibile
1351 973 1410 1041 est,
1427 966 1644 1043 observemus,
1660 975 1697 1029 ut

4 1077 130 1128 tecti-ua.
146 1083 184 1128 co
200 1083 208 1128 τ
225 1066 365 1129 Verbum
387 1066 481 1130 dulce
504 1063 696 1148 multiplicat
716 1065 847 1140 amicos,
863 1072 895 1127 et
949 1082 1013 1128 non
1041 1065 1266 1148 delinquamus
1291 1065 1324 1128 in
1354 1066 1462 1146 lingua
1487 1073 1604 1128 nostra.
1630 1067 1697 1128 lmo

147 1165 274 1246 mitigat
302 1165 473 1245 inimicos3
498 1171 530 1226 et
554 1163 663 1245 lingua
685 1163 831 1226 eucharis
861 1163 894 1226 in
949 1181 1012 1226 non
1033 1163 1234 1228 confidamus
1249 1182 1306 1226 nos
1327 1163 1465 1246 propriis
1484 1163 1609 1227 viribus
1626 1181 1697 1247 pos·

146 1262 233 1326 bono
260 1263 390 1327 homine
414 1261 598 1326 abundabit.
623 1263 742 1325 lterum
767 1281 894 1345 quoque
949 1281 983 1326 se
1007 1263 1074 1326 haec
1099 1263 1206 1326 omnia
1232 1263 1352 1344 jugiter
1377 1261 1557 1337 observare,
1583 1263 1638 1325 sed
1663 1263 1695 1325 in

53 1387 130 1425 mr,
145 1360 191 1423 ait
215 1361 406 1443 Scriptura:
427 1361 536 1424 Dulcis
559 1361 696 1444 eloquio,
719 1361 894 1444 possidebit
949 1361 1013 1423 Deo
1032 1361 1074 1423 sit
1094 1369 1160 1424 tota
1179 1381 1252 1444 spes
1273 1370 1389 1435 nostra,
1406 1368 1439 1424 et
1457 1361 1527 1443 ejus
1549 1360 1695 1424 directio-

147 1459 277 1540 majora.
304 1459 365 1522 Sed
389 1461 475 1522 etin
500 1458 723 1523 Ecclesiastico
747 1460 892 1541 legitur:
948 1477 1033 1532 nem,
1054 1458 1223 1534 auxilium,
1243 1459 1473 1542 protectionem
1497 1458 1624 1522 assidue
1649 1458 1695 1521 in-

60 1581 77 1622 a.
92 1593 129 1628 ιι..
145 1557 245 1620 Tibiae
259 1565 291 1618 et
305 1557 491 1640 psalterium
511 1577 641 1620 suavem
660 1556 783 1620 iaciunt
796 1558 893 1620 melo·
947 1574 1110 1631 vocemus,
1126 1565 1283 1639 quatenus
1300 1557 1392 1638 juxta
1410 1556 1559 1639 predicta
1575 1574 1633 1619 nos
1648 1557 1694 1618 di-

146 1655 243 1730 diam,
261 1663 293 1718 et
314 1674 411 1738 super
432 1663 564 1739 utraque
587 1655 694 1738 lingua
714 1655 830 1718 suavis.
948 1654 1028 1737 rigat
1048 1655 1081 1716 in
1101 1655 1260 1738 loquendo
1278 1663 1372 1737 atque
1390 1654 1522 1717 tacendo
1540 1672 1547 1716 :
1564 1654 1640 1737 quia
1659 1654 1691 1716 in

187 1753 303 1816 Octavo
319 1772 452 1837 pensare
471 1753 625 1816 debemus
641 1771 698 1815 cur
713 1753 891 1836 loquamur,
947 1753 1125 1816 Proverbiis
1142 1753 1304 1826 scribitur,
1321 1753 1465 1816 Hominis
1484 1759 1532 1815 est
1548 1752 1692 1816 animum
1706 1770 1837 1820 eranum.

144 1869 210 1934 quo
225 1851 349 1914 scilicet
363 1851 516 1934 fineque
530 1851 714 1914 intentione.
730 1851 892 1916 Generalis
909 1862 931 1924 Β
947 1869 1135 1933 preparare,
1152 1851 1205 1914 sed
1227 1851 1352 1914 Domini
1372 1857 1420 1913 est
1439 1850 1616 1932 gubernare
1634 1850 1693 1912 lin-

143 1957 264 2024 autam,
286 1949 451 2012 ultimatus
476 1957 507 2012 et
530 1968 700 2032 supremus
722 1949 798 2012 linis
822 1969 891 2013 esse
945 1950 1128 2031 guamlpse
1144 1949 1241 2030 igitur
1256 1949 1396 2030 linguam
1412 1955 1551 2012 nostram
1567 1967 1693 2030 semper

141 2047 239 2111 debet
256 2047 375 2129 jugiter
394 2047 495 2110 honor
514 2047 580 2110 Dei.
600 2047 720 2111 Deinde
741 2054 816 2110 sunt
836 2047 890 2110 alii
945 2046 1122 2128 gubernare
1152 2047 1310 2129 dignetur,
1336 2047 1473 2110 maxime
1503 2045 1571 2109 istis
1597 2046 1691 2109 eollo

140 2145 227 2209 lines
242 2145 422 2209 secundarii
443 2154 475 2209 et
489 2145 626 2229 proximi
647 2165 683 2208 ac
698 2146 827 2220 diversi,
845 2147 890 2209 vi·
946 2145 1107 2228 quiorum,
1137 2146 1364 2219 minutionum‚
1392 2145 1536 2208 laborum
1567 2144 1691 2218 diebus,

139 2244 258 2306 delicet
274 2251 310 2305 ut
329 2243 524 2306 instruamur
543 2243 583 2306 ab
602 2243 665 2306 alio
680 2244 729 2306 vel
751 2263 825 2306 eum
846 2244 891 2306 in·
946 2263 986 2306 ne
1011 2245 1213 2318 excedamus,
1230 2245 1284 2306 sed
1309 2244 1342 2306 in
1367 2261 1492 2306 morum
1516 2250 1642 2316 ornatu,
1659 2244 1691 2305 in

138 2349 313 2414 struamus
330 2341 381 2404 vel
397 2360 493 2404 causa
507 2341 598 2405 bonae
617 2341 821 2405 recreationis
836 2349 891 2405 aut
946 2342 1049 2406 cordis
1071 2342 1240 2416 munditia,
1257 2343 1289 2405 in
1308 2341 1408 2424 gratia
1427 2341 1564 2424 Spiritus
1586 2341 1691 2404 Sancti

138 2439 308 2522 prudentis
333 2439 569 2521 explorationis.
596 2439 684 2502 Unde
712 2440 888 2502 secundum
946 2441 1142 2504 incessanter
1163 2458 1353 2514 crescamus,
1371 2447 1403 2503 et
1424 2440 1491 2502 dies
1513 2439 1570 2502 hos
1592 2457 1693 2502 sacra·

137 2537 328 2620 qualitatem
349 2537 424 2600 linis
444 2537 556 2600 intenti
576 2537 776 2600 considerare
794 2537 888 2601 debe·
946 2539 1087 2602 tissimos
1102 2558 1176 2600 cum
1197 2539 1364 2601 devotione
1384 2538 1600 2620 expendamus
1618 2555 1692 2601 con·

138 2655 214 2698 mus
233 2655 274 2699 an
295 2636 322 2698 is
341 2655 415 2699 cum
435 2653 499 2718 quc
518 2635 605 2719 loqui
625 2635 832 2711 intendimus,
848 2637 889 2700 sit
946 2637 1049 2718 digna.

9 1373 52 1414 Pro

4 1439 27 1479 u.

8 1577 50 1622 Ere

4 1645 26 1682 ll.

53 1580 60 1622 l

691 3084 883 3172 SERth
923 3083 1143 3172 SEXTUS

271 3353 356 3408 ouh!
378 3354 424 3400 Sl'l'
445 3354 590 3411 saluauit,
612 3353 806 3400 mucruostnt
827 3353 866 3399 hc
887 3352 1087 3409 testamcutum,
1107 3352 1230 3398 VERBUM
1251 3353 1302 3398 ortt
1323 3352 1427 3400 hubert
1448 3353 1564 3401 tholah

557 3451 614 3498 VEL
634 3449 731 3510 suthe,
752 3451 809 3497 SED
829 3451 926 3498 oraha
947 3449 1065 3507 QUOQUE
1086 3450 1269 3496 homotona.

205 3732 228 3791 I
249 3731 324 3810 quis
352 3731 464 3808 diliqa't
493 3749 555 3800 me,
579 3749 756 3790 sermonem
786 3730 1077 3793 meumCmortale
1107 3738 1273 3812 peccatum
1301 3731 1482 3796 cordialiter
1506 3733 1689 3807 detestetur,

220 3829 372 3889 servabit.
388 3826 497 3891 loann.
514 3845 578 3902 xrv,
593 3826 642 3890 23.
944 3828 1033 3902 vitet,
1050 3837 1082 3891 et
1103 3847 1230 3912 semper
1249 3831 1348 3892 vitare
1368 3839 1541 3913 proponat;
1557 3849 1597 3894 an
1617 3851 1691 3896 vere

4 3967 122 4003 -,,,,,
185 3925 336 4002 Quamvis
349 3925 630 4006 juxtaSalomonis
645 3926 820 4009 eloquium,
838 3945 891 3988 ne·
944 3927 983 3988 sit
1003 3927 1146 4002 humilis,
1164 3937 1360 4004 mansuetus,
1376 3930 1571 4005 caritativus,
1587 3950 1692 3995 errem-

141 4026 223 4089 sciat
238 4026 334 4088 homo
349 4031 436 4088 certo
450 4044 489 4087 an
505 4042 612 4088 amore
631 4044 671 4087 au
686 4025 759 4088 odio
776 4025 891 4107 dignus
945 4025 1053 4107 plaris‚
1075 4026 1211 4101 sobrius,
1235 4028 1400 4091 timoratus
1410 4045 1418 4106 ;
1435 4037 1591 4112 precepta
1616 4049 1692 4112 quo·

142 4125 197 4198 sit,
215 4123 315 4186 multa
333 4131 439 4185 tamen
460 4122 637 4205 probabilia
658 4123 747 4204 signa
762 4123 795 4185 in
812 4123 892 4186 Scri·
944 4142 1006 4204 que
1022 4125 1169 4187 observet
1184 4126 1350 4204 Ecclesiae3
1367 4145 1425 4189 nec
1440 4129 1624 4210 quempiam
1641 4149 1691 4192 ve-

142 4223 247 4306 pturis
276 4229 460 4302 tanguntur,
491 4240 548 4304 per
576 4241 646 4303 quae
672 4221 892 4284 verisimiliter
945 4221 981 4284 lit
1003 4223 1199 4298 contristare,
1221 4225 1417 4307 perturbare,
1441 4245 1570 4306 gravare
1595 4246 1601 4290 :
1626 4229 1691 4292 imo

140 4322 226 4385 scire
242 4320 386 4384 valemus
400 4339 440 4382 an
459 4320 560 4382 aimus
576 4321 608 4382 in
629 4321 758 4382 caritate
777 4328 808 4382 et
822 4340 890 4403 gra·
944 4324 1029 4402 quod
1051 4322 1113 4385 sihi
1133 4340 1195 4385 non
1216 4324 1285 4384 vult
1304 4324 1376 4386 lieri
1396 4326 1516 4388 nemini
1539 4328 1642 4402 iaciat,
1659 4337 1692 4391 et

141 4421 197 4483 tia.
214 4419 354 4494 Quorum
378 4438 478 4482 unum
500 4427 548 4482 est
571 4419 654 4482 istud
677 4419 762 4501 quod
782 4419 815 4482 in
838 4439 890 4482 ex·
944 4421 1028 4502 quod
1045 4421 1105 4482 sihi
1121 4420 1192 4483 lieri
1210 4423 1299 4504 cupit
1313 4423 1461 4485 exhibeat
1475 4425 1555 4488 aliis.
1574 4427 1632 4500 Oui
1648 4435 1690 4490 ta-

139 4519 234 4584 ordio
256 4518 353 4600 hujus
374 4517 529 4600 evangelii
553 4518 653 4599 tangit
676 4517 827 4592 Salvator,
844 4519 889 4580 di·
945 4519 1006 4581 lem
1022 4539 1056 4581 se
1072 4519 1205 4593 invenit,
1222 4520 1362 4583 confidat
1377 4541 1410 4584 se
1430 4523 1530 4585 Deum
1547 4525 1688 4606 diligere.

139 4618 246 4680 cendo
276 4635 283 4679 :
314 4617 345 4680 Si
376 4616 450 4698 quis
483 4616 588 4699 diligit
619 4635 680 4690 me,
709 4635 888 4680 sermonem
943 4617 1000 4690 Oui
1016 4626 1122 4680 autem
1138 4619 1176 4680 ad
1193 4619 1475 4700 indignandumad
1492 4623 1690 4689 irascendum

140 4736 253 4780 meum
277 4715 425 4779 servabit.
450 4715 560 4778 Sermo
584 4715 701 4779 Christi
724 4724 772 4778 est
796 4734 889 4778 evan·
943 4724 974 4778 et
999 4717 1229 4792 ulciscendum,
1251 4718 1290 4779 ad
1313 4719 1541 4798 animositates,
1562 4732 1690 4789 conten-

136 4815 244 4897 gelica
258 4833 315 4876 sua
328 4815 472 4877 doctrina
486 4833 523 4876 ac
536 4814 648 4896 jussio.
658 4813 716 4888 Oui
732 4831 806 4895 ergo
822 4813 889 4876 vult
942 4815 1056 4890 tiones,
1079 4816 1300 4892 detractiones,
1325 4825 1356 4880 et
1380 4819 1502 4884 similes
1527 4825 1689 4906 passiones

138 4911 351 4997 probabiliter
366 4929 496 4976 noscere
515 4931 555 4975 an
570 4931 645 4975 vere
664 4931 700 4974 ac
717 4912 889 4994 spirituali·
903 4909 927 4972 D
942 4934 978 4977 ac
994 4916 1104 4998 culpas
1120 4935 1153 4978 se
1170 4916 1292 4979 invenit
1307 4937 1454 5000 pronum,
1472 4921 1581 4984 timeat
1596 4926 1689 4988 vehe-

137 5021 191 5074 ter
205 5011 316 5092 diligat
335 5011 508 5086 Christum,
524 5010 674 5074 interiora
693 5030 751 5072 sua
766 5011 888 5074 sincere
943 5023 1076 5087 menter,
1093 5015 1268 5096 praesertim
1285 5017 1311 5078 si
1328 5017 1493 5098 religiosus
1507 5022 1646 5097 exsistat,
1657 5033 1689 5087 et

137 5109 308 5188 discutiat;
325 5109 495 5190 diligenter
513 5128 549 5172 ac
568 5109 753 5190 frequenter
771 5110 888 5172 exami-
943 5113 1082 5176 maxime
1110 5133 1209 5195 quum
1238 5115 1433 5190 animositas,
1464 5118 1520 5192 ira,
1547 5123 1687 5203 crapula,

137 5217 196 5272 net
216 5228 255 5271 au
277 5207 436 5291 quidquid
459 5209 610 5290 praecepit
629 5208 772 5272 Christus
791 5208 888 5270 adim·
942 5211 1105 5285 detractio,
1122 5212 1293 5286 eontentio,
1310 5231 1348 5276 er
1364 5233 1422 5277 suo
1436 5233 1551 5296 genere
1573 5228 1686 5283 morta-

134 5308 232 5392 pleat,
240 5315 272 5370 et
286 5305 444 5390 quidquid
460 5305 624 5389 prohibuit
639 5306 731 5386 vitet3
741 5325 781 5370 an
796 5325 888 5370 omne
942 5307 984 5370 lia
998 5309 1062 5370 sint
1082 5317 1221 5392 peccata,
1238 5319 1269 5374 et
1285 5311 1451 5394 religiosus
1471 5334 1509 5377 ex
1525 5335 1582 5379 sua
1597 5337 1686 5382 voca-
