4192 6258
432 421 493 488 506
780 441 928 490 nonuvrca
947 443 1024 491 xvrn
1044 445 1117 492 rosr
1137 443 1331 492 mannasca.
1351 463 1392 475 -
1412 445 1512 494 sunno
1532 445 1643 494 rnrvus

433 612 590 690 Secundo,
617 616 693 698 quia
724 615 844 698 majora
874 622 1025 679 meretur.
1050 617 1181 700 Propter
1194 615 1220 680 ll
1235 617 1417 682 conditione
1440 617 1596 701 implicita
1614 619 1653 682 de
1672 617 1792 681 talibus
1813 615 1964 697 regratian-

285 728 419 784 araovm,
433 714 518 796 quod
533 714 578 778 ait
592 714 735 780 Salvator
751 733 757 778 :
774 715 908 779 Habenti
924 715 1062 792 dabitur,
1075 717 1106 780 id
1122 723 1177 788 est,
1235 718 1311 780 dum
1338 725 1386 780 est
1410 719 1485 793 Deo,
1508 724 1540 780 et
1563 718 1640 780 item
1665 717 1699 779 in
1722 714 1864 800 generali
1885 723 1965 798 atque

286 795 320 837 ²⁰·
432 813 549 895 gratias
574 815 613 877 de
637 815 777 897 acceptis
802 815 906 897 agenti
930 815 1058 877 dabitur
1080 816 1180 898 gratia
1235 835 1310 878 cnm
1334 816 1492 899 probabili
1516 817 1736 880 aestimatione.

433 912 593 996 copiosior
608 913 640 975 in
656 914 1106 997 presenti:quemadmodum
1122 933 1179 997 per
1283 915 1394 997 ltaque
1420 915 1510 997 juxta
1539 915 1715 998 praehabita
1743 913 1965 977 consideremus

432 1010 694 1094 ingratitudinem
715 1022 857 1077 meretur
871 1013 967 1077 bomo
986 1013 1109 1077 collatis
1125 1014 1179 1076 do-
1234 1013 1420 1097 frequenter
1443 1033 1480 1076 ac
1504 1013 1675 1096 diligenter
1693 1013 1846 1075 universa
1863 1011 1966 1076 benefi-

432 1109 494 1186 nis,
511 1109 562 1174 his
583 1129 711 1194 quoque
729 1131 800 1194 qum
815 1112 878 1175 sibi
894 1112 996 1175 danda
1011 1119 1101 1174 erant
1116 1111 1179 1174 nisi
1235 1113 1285 1175 cia
1304 1111 1362 1175 Dei
1382 1112 1553 1194 generalia,
1570 1111 1721 1195 specialia
1740 1129 1779 1174 ac
1798 1110 1965 1192 singularia,

432 1208 574 1290 ingratus
599 1209 722 1285 luisset,
744 1211 874 1294 privari,
895 1211 1097 1292 graviterque
1121 1230 1179 1293 pu·
1235 1217 1266 1274 et
1290 1211 1355 1273 Deo
1378 1210 1600 1293 praecordiales
1627 1217 1732 1291 grates
1759 1208 1913 1282 dieamus,
1933 1209 1967 1270 ci·

430 1306 503 1369 niri.
525 1308 694 1390 Propterea
708 1309 752 1371 ait
765 1308 943 1372 Bernardus
961 1326 968 1370 :
984 1309 1179 1390 lngratitndo
1234 1328 1297 1392 que
1317 1326 1375 1392 pro
1394 1325 1488 1390 posse
1503 1308 1608 1371 vicem
1621 1307 1742 1390 jugiter
1758 1307 1966 1390 rependamus,

430 1411 479 1468 est
494 1413 608 1468 ventus
624 1426 731 1483 urens,
741 1406 862 1470 iontem
879 1407 1006 1490 pietatis
1021 1415 1053 1469 et
1071 1408 1178 1488 gratiae
1235 1408 1341 1490 ipsum
1357 1407 1431 1470 totis
1445 1405 1570 1470 viribus
1585 1406 1789 1480 honorantes,
1804 1423 1864 1468 nec
1877 1413 1966 1468 tamen

431 1502 492 1564 sibi
518 1504 691 1568 desiccans.
714 1505 884 1586 Gregorius
908 1524 1035 1588 qnoque
1062 1523 1069 1568 :
1095 1506 1178 1569 lndi-
1234 1507 1410 1588 quidquam
1430 1505 1625 1588 condignum
1644 1523 1703 1568 nos
1722 1523 1818 1586 agere
1834 1503 1967 1586 proliten-

430 1619 512 1682 gnns
527 1603 660 1685 (inquit)
674 1610 723 1668 est
737 1605 860 1679 dandis,
877 1605 931 1687 qui
951 1622 1016 1668 non
1031 1605 1096 1686 agit
1109 1622 1177 1686 gra·
1233 1613 1300 1666 tes:
1318 1604 1495 1687 praesertim
1510 1605 1586 1687 quia
1601 1603 1662 1666 boc
1677 1603 1787 1686 ipsum
1802 1610 1852 1666 est
1864 1602 1966 1666 donum

430 1700 489 1764 tias
512 1701 551 1764 de
571 1701 704 1765 collatis.
725 1703 841 1778 Tertio,
859 1703 1010 1786 quoniam
1030 1722 1176 1785 magnam
1234 1703 1289 1765 Dei
1310 1703 1520 1787 precipuum,
1541 1702 1648 1765 taliter
1667 1701 1732 1765 Deo
1754 1720 1826 1765 esse
1846 1708 1965 1782 gratum

429 1808 630 1882 promeretur
650 1801 784 1882 gloriam
806 1801 839 1863 in
861 1801 978 1865 luturo.
1189 1794 1214 1858 Β
1234 1820 1294 1864 nec
1308 1819 1477 1884 possumus
1491 1800 1621 1883 gloriari
1635 1801 1699 1863 nisi
1714 1801 1748 1862 in
1765 1799 1965 1863 misericordia

469 1898 622 1962 Proeterea
643 1899 837 1982 ingratitudo
859 1899 955 1962 habet
976 1907 1040 1963 tres
1062 1901 1178 1981 gradus
1232 1901 1299 1964 Dei.
1317 1900 1389 1962 ldeo
1404 1918 1478 1962 cnm
1494 1899 1659 1964 Psalmista
1677 1899 1824 1962 dicamus
1840 1917 1848 1962 ε
1863 1899 2058 1962 Miseri-ram.

429 1997 463 2059 in
484 1997 604 2060 malitia
622 1997 819 2072 dillerentes,
836 1999 1013 2061 secundnm
1029 1998 1088 2062 tria
1107 2018 1178 2081 quae
1233 1998 1356 2062 eordias
1375 1999 1502 2062 Domini
1525 1999 1557 2062 in
1579 2005 1734 2062 aeternnm
1754 1997 1895 2062 canobo.
1975 1984 1990 2022 ⁴·

429 2096 468 2159 ad
490 2096 717 2177 gratitudinem
739 2097 910 2179 exiguntur
928 2115 934 2159 :
951 2115 1088 2180 quorum
1114 2097 1178 2179 pri·
1272 2097 1417 2181 Insuper,
1441 2097 1532 2178 juxta
1555 2105 1700 2161 tenorem
1729 2097 1891 2160 hodierne
1910 2096 1966 2178 epi·

429 2213 518 2258 mum
536 2203 594 2269 est,
611 2195 807 2258 benelicium
827 2196 1010 2279 impensum
1028 2213 1177 2278 recogno·
1233 2195 1331 2269 stolae,
1348 2196 1533 2259 studeamus
1554 2195 1646 2258 ditari
1668 2196 1701 2257 in
1717 2196 1783 2258 lleo
1803 2196 1836 2257 in
1855 2196 1965 2258 nniver-
1977 2212 2019 2256 ico
2032 2215 2057 2252 n.

429 2311 535 2372 scere;
553 2293 729 2356 secundum
746 2301 803 2368 est,
821 2294 900 2356 illud
919 2293 1046 2356 laudare
1061 2301 1093 2356 et
1107 2313 1176 2376 gra·
1232 2295 1276 2356 sis
1298 2293 1401 2368 doniS,
1417 2294 1529 2375 gratiis
1547 2302 1643 2376 atquo
1662 2292 1849 2368 virtutibus,
1864 2293 1966 2375 quibus

428 2391 488 2454 tias
511 2409 621 2472 agere3
641 2393 771 2455 tertium
791 2401 849 2468 est,
869 2392 960 2475 juxta
984 2389 1176 2474 exigentiam
1232 2392 1347 2456 animae
1370 2392 1526 2456 veraciter
1550 2391 1798 2475 locupletantur,
1819 2400 1966 2462 ornantur,

429 2488 491 2552 loci
512 2508 549 2552 ac
569 2489 723 2572 temporis
745 2507 803 2572 pro
824 2508 918 2573 posse
938 2491 1043 2554 vicem
1067 2510 1177 2572 repen·
1233 2490 1672 2572 impinguantur,vestiuntur
1685 2508 1723 2552 ac
1739 2489 1967 2567 roborantm3et

428 2588 513 2650 dere.
539 2587 664 2651 Primus
693 2605 768 2670 ergo
796 2588 1034 2669 ingratitudinis
1061 2590 1176 2669 gradus
1233 2596 1352 2671 quanto
1374 2589 1443 2652 istae
1464 2588 1585 2652 divitiae
1609 2594 1684 2650 sunt
1705 2588 1841 2651 terrenis
1861 2586 1967 2649 divitiis

428 2692 488 2760 est,
510 2685 615 2748 vicem
641 2703 704 2749 non
729 2687 861 2750 reddere
882 2705 889 2748 :
912 2687 951 2749 ad
976 2686 1061 2768 quod
1085 2687 1177 2750 redu·
1233 2687 1480 2770 prestantiores,
1506 2694 1691 2769 quantoque
1719 2686 1829 2749 anima
1851 2703 1967 2767 corpore

428 2784 512 2846 citur
537 2784 669 2847 reddere
694 2785 776 2847 mala
804 2803 863 2866 pro
891 2784 993 2848 bonis.
1021 2785 1108 2859 Quod
1132 2785 1177 2848 la·
1233 2785 1358 2866 dignior
1373 2792 1523 2860 esttanto
1537 2785 1610 2868 plus
1626 2785 1789 2848 enitamur
1804 2785 1871 2847 istis
1884 2784 1968 2846 abnn-

428 2882 518 2945 ciunt
533 2899 643 2946 omnes
664 2883 778 2965 iniqui,
795 2883 946 2966 quoniam
966 2883 1178 2948 inhonoratio·
1233 2885 1309 2947 dare
1328 2883 1449 2947 divitiis
1469 2903 1565 2966 quarn
1587 2884 1738 2946 externis.
1757 2883 1817 2946 Sed
1838 2881 1967 2944 inleliccs
2077 2883 2078 2888 ’

427 2999 513 3055 nem,
531 2989 749 3063 contemptum
766 2988 798 3044 et
812 2982 1039 3045 contumeliam
1056 2980 1178 3045 iaciunt
1193 2983 1215 3048 C
1233 2983 1295 3044 lilii
1310 2983 1394 3058 ada,
1405 2982 1554 3046 excecati
1570 2981 1811 3064 miserandique
1825 2981 1965 3049 homines,

428 3081 501 3143 Deo.
520 3080 684 3143 Secundus
699 3080 814 3161 gradus
831 3087 889 3153 est,
902 3080 1097 3143 beneficium
1114 3081 1178 3143 dis·
1233 3081 1389 3144 exteriora
1411 3089 1507 3162 atque
1530 3080 1699 3163 praesentia
1725 3080 1798 3163 plus
1820 3098 1909 3163 quarn
1927 3079 1967 3140 iu·

428 3178 591 3252 simulare,
612 3195 676 3240 non
701 3178 947 3242 demonstrando
971 3198 1004 3241 se
1027 3180 1106 3241 illud
1128 3198 1177 3242 ac·
1232 3179 1349 3241 teriora
1367 3198 1403 3241 ac
1423 3178 1532 3242 lutura
1551 3185 1735 3260 pensantes
1752 3195 1810 3260 pro
1828 3185 1967 3258 tempora·

429 3276 553 3358 cepisse
580 3295 587 3339 :
612 3277 652 3338 ad
678 3276 762 3358 quod
792 3277 956 3339 reducitur
980 3277 1176 3339 beneficium
1234 3276 1318 3338 libus
1343 3275 1412 3337 istis
1436 3275 1558 3338 divitiis
1586 3275 1801 3337 sollicitantur
1829 3273 1965 3356 quotidie,

428 3374 618 3456 vituperare.
646 3375 680 3436 ln
705 3393 768 3456 quo
792 3374 890 3456 gradu
921 3382 995 3437 sunt
1018 3375 1178 3456 negligen·
1233 3375 1379 3437 laborant
1402 3374 1565 3449 continue,
1588 3381 1620 3436 et
1641 3373 1747 3436 varias
1771 3373 1838 3436 vias
1858 3371 1966 3452 excogi-

427 3479 487 3546 tes,
504 3472 560 3554 qui
580 3471 739 3536 beneficia
758 3473 813 3536 Dei
835 3491 898 3536 non
920 3481 1064 3555 pensant,
1084 3481 1115 3536 et
1135 3473 1177 3536 ita
1232 3481 1300 3537 tant
1315 3475 1433 3556 quibus
1449 3481 1643 3554 congregent
1662 3473 1725 3536 sibi
1740 3481 1873 3547 terrena,
1887 3470 1965 3552 qnasi
2075 3535 2076 3540 ,

428 3589 462 3634 εθ
483 3569 602 3632 babent
617 3571 708 3652 quasi
729 3590 766 3633 ea
786 3587 848 3633 non
870 3571 934 3632 sint
948 3590 965 3632 a
981 3571 1045 3633 Deo
1062 3572 1174 3634 sortiti.
1233 3574 1265 3635 in
1282 3574 1341 3636 hoc
1356 3571 1473 3636 saecnlo
1489 3572 1553 3634 sint
1567 3572 1754 3653 perenniter
1768 3569 1964 3653 permansuri3

428 3668 552 3731 Tertius
572 3675 667 3750 atque
687 3669 894 3750 gravissimus
913 3670 1028 3750 gradus
1048 3677 1106 3744 est,
1122 3669 1176 3732 bo·
1232 3671 1371 3734 deveris
1387 3678 1418 3733 et
1434 3670 1640 3732 interioribus
1656 3670 1773 3733 animae
1787 3669 1911 3740 divitiis,
1921 3675 1963 3728 ant

429 3764 584 3827 nelicium
607 3783 670 3828 non
693 3784 918 3848 recognoscere
939 3767 1002 3830 :ad
1024 3766 1108 3849 quod
1131 3786 1177 3828 re·
1232 3769 1331 3842 nulla,
1357 3776 1413 3831 aut
1436 3767 1612 3831 novissima
1637 3786 1715 3830 cura
1741 3767 1863 3839 osteis,
1887 3761 1964 3846 quasi
2074 3827 2075 3840 ,

429 3862 567 3937 ducitur,
584 3862 780 3927 beneficium
797 3865 889 3947 quasi
904 3863 1101 3927 maleficium
1122 3884 1177 3927 aas·
1233 3873 1305 3949 post
1326 3867 1425 3929 vitam
1450 3867 1532 3929 hanc
1552 3884 1617 3930 non
1640 3866 1707 3929 sint
1729 3865 1762 3928 in
1783 3865 1845 3928 alio
1862 3862 1963 3927 saeculo

429 3961 552 4023 timare.
570 3961 635 4024 lloc
655 3961 892 4042 ingratitudinis
913 3963 1012 4043 gradu
1032 3961 1177 4025 laborant
1233 3965 1266 4026 in
1288 3973 1442 4028 aternum
1464 3965 1592 4028 victuri.

431 4059 597 4122 increduli.
610 4060 689 4122 Hinc
705 4061 748 4123 ait
763 4061 1005 4144 chrysostomus
1022 4079 1029 4123 ε
1048 4060 1176 4143 Optima
1273 4062 1517 4127 Consideremus
1532 4081 1629 4144 quam
1645 4062 1839 4126 incessanter
1851 4079 1886 4123 ac
1899 4069 1964 4122 stro·
2073 4127 2074 4132 γ

429 4158 662 4222 beneliciorum
687 4159 874 4221 custoditrix
896 4166 945 4222 est
966 4160 1035 4240 ipsa
1057 4158 1215 4222 memo-D
1232 4179 1295 4223 nne
1311 4160 1411 4224 sancti
1425 4159 1486 4222 viri
1502 4177 1560 4242 pro
1576 4161 1804 4244 expurgatione
1818 4159 1961 4229 vitiomm,
2073 4183 2074 4230 t

428 4257 475 4320 ria
489 4257 834 4339 beneficiorum,atque
850 4264 1003 4341 perpetua
1019 4257 1175 4321 conlessio
1232 4277 1290 4341 pro
1310 4259 1479 4341 adeptione
1494 4259 1664 4335 virtutum,
1681 4277 1741 4342 pro
1760 4260 1855 4342 gratia
1873 4256 1962 4340 perle-

427 4357 609 4438 gratiarum.
1232 4357 1347 4421 ctionis
1375 4357 1608 4430 laboraverunt,
1638 4358 1770 4432 orando,
1793 4355 1960 4439 jejunando,

468 4455 610 4537 ltemque
629 4454 729 4536 quaeri
750 4461 852 4537 potest
868 4455 999 4529 utiliter,
1016 4457 1175 4538 quomodo
1233 4456 1423 4538 plangendo,
1449 4475 1484 4518 se
1507 4457 1594 4538 ipsos
1619 4473 1728 4520 coram
1753 4457 1816 4519 Deo
1837 4453 1961 4538 quotidie

429 4551 546 4614 babere
566 4572 599 4614 se
615 4551 710 4614 debet
728 4552 824 4614 bomo
845 4552 878 4614 in
899 4552 1096 4633 regratiando
1112 4555 1175 4616 Deo
1232 4555 1443 4617 examinando
1457 4573 1493 4616 ac
1510 4573 1639 4638 semper
1653 4555 1962 4634 custodiendaquem

429 4666 487 4731 pro
511 4649 602 4712 donis
630 4650 738 4731 gratiae
765 4658 891 4731 gratum
917 4649 1074 4725 lactentis,
1100 4652 1176 4735 quia
1231 4653 1402 4715 admodum
1426 4652 1466 4715 de
1490 4653 1678 4716 beatissimo
1700 4654 1771 4717 viro
1795 4653 1823 4716 S.
1838 4647 1960 4714 Domini-

428 4745 570 4809 incortus
599 4753 647 4809 est
675 4747 772 4810 bomo
800 4767 839 4810 an
867 4747 908 4810 sit
932 4748 965 4809 in
989 4749 1119 4812 caritate
1144 4757 1176 4813 et
1231 4767 1279 4823 co,
1297 4749 1478 4814 institutore
1494 4750 1621 4814 Ordinis
1638 4752 1784 4814 Fratrum
1799 4747 1961 4813 Praedicato-

428 4843 539 4925 gratia,
565 4845 674 4926 sicque
699 4845 825 4906 videtur
854 4863 917 4908 non
947 4864 1040 4929 posse
1065 4848 1104 4910 de
1128 4848 1174 4911 eis
1231 4847 1508 4929 rum,legitur.Qui
1523 4849 1598 4912 dum
1614 4851 1718 4913 adbuc
1733 4843 1962 4913 adolescentulus

428 4942 493 5004 Deo
518 4943 690 5023 regratiari.
712 4942 842 5025 Propter
864 4945 948 5026 quod
972 4943 1175 5008 Cassiodorus
1231 4953 1325 5020 esset,
1342 4965 1426 5029 sepe
1444 4947 1477 5009 in
1496 4947 1646 5011 noctibus
1666 4966 1765 5031 super
1786 4947 1893 5010 nudam
1909 4942 1962 5003 bn-

430 5047 622 5123 protestatur
638 5061 645 5105 :
662 5041 720 5114 Qui
737 5048 855 5122 quanta
869 5041 930 5103 sibi
947 5043 1047 5123 gratia
1063 5044 1176 5106 collata
1231 5063 1320 5106 mum
1342 5045 1501 5108 dormivit.
1519 5045 1690 5129 Quumque
1711 5047 1828 5110 missus
1844 5047 1915 5108 esset
1926 5039 1961 5102 ad

430 5137 471 5201 sit
488 5140 600 5214 nescit,
616 5146 750 5220 quantas
769 5137 915 5220 largienti
929 5140 1045 5221 gratias
1062 5142 1175 5204 debeat
1231 5143 1385 5218 studium,
1409 5151 1441 5207 et
1464 5163 1577 5226 magna
1598 5153 1684 5208 esset
1706 5146 1832 5208 caristia
1850 5145 1879 5206 in
1895 5139 1960 5202 eivi-

430 5254 493 5299 non
509 5236 713 5319 intelligit.Et
728 5237 1088 5320 respondendum,quod
1103 5259 1175 5303 cum
1231 5248 1295 5304 tate
1319 5262 1383 5325 qua
1407 5243 1535 5318 mansit,
1562 5242 1662 5307 libros
1692 5261 1767 5308 suos
1796 5262 1865 5308 curn
1886 5237 1959 5304 omni
