4214 6254
410 481 468 548 ldl
707 501 856 549 uonmrcn
876 503 887 548 ι
908 501 981 548 rosr
1000 499 1196 548 ramrrsrru.
1216 519 1256 529 -
1276 498 1503 546 autumnum
1523 497 1719 546 muneremur

407 671 506 748 tione,
516 671 592 756 quia
607 680 678 756 post
692 672 872 755 generalem
887 671 1153 735 resurrectionem
1170 669 1195 733 Α
1211 669 1360 733 sideratio
1380 668 1575 744 reflectatur,
1591 669 1676 751 qued
1698 668 1738 730 de
1756 667 1857 750 gloria
1880 665 1948 729 San·

408 771 585 853 punientur
604 771 637 833 in
651 771 758 833 anima
778 778 809 834 et
828 789 971 853 corpore,
989 789 1027 832 cn
1046 787 1155 832 verme
1211 776 1333 830 ctorum
1355 787 1419 832 nou
1441 767 1633 848 cogitabunt.

409 868 624 942 conscientia,
641 888 680 932 ex
696 877 781 931 certa
801 868 982 950 cognitione
998 869 1156 950 irrecupe·
1251 867 1311 929 Sed
1333 874 1443 930 contra
1466 867 1532 929 heac
1557 865 1656 947 objici
1683 871 1799 947 posset,
1823 863 1899 946 quia
1919 863 1948 924 in

408 966 518 1029 rabilis
543 986 608 1030 suae
631 967 855 1040 damnationis,
877 974 909 1029 et
935 965 1155 1048 desperatione
1211 964 1356 1048 reprobis
1373 965 1469 1028 etiam
1490 973 1561 1047 pest
1580 965 1666 1027 diem
1684 964 1798 1045 judicii
1816 963 1849 1024 iu
1868 967 1949 1025 ater-

408 1065 513 1128 omnis
536 1065 657 1128 salutis.
675 1065 740 1127 Nec
761 1071 886 1127 tantum
905 1071 1094 1146 torquentur
1115 1062 1155 1124 ab
1212 1083 1289 1125 num
1306 1082 1514 1144 permansura
1527 1071 1575 1125 est
1589 1081 1684 1145 poena
1701 1061 1902 1143 damni,quae
1916 1079 1949 1122 er

409 1163 481 1244 igne
497 1170 643 1236 tartareo,
653 1171 807 1244 quantum
826 1163 1005 1245 puniuntur
1019 1162 1052 1224 in
1069 1179 1156 1223 men·
1212 1161 1463 1225 consideratione
1478 1169 1527 1223 est
1541 1160 1703 1223 felicitatis
1717 1160 1842 1222 amissae
1859 1176 1866 1220 :
1883 1176 1950 1238 ergo

408 1269 495 1336 te,co
511 1261 595 1343 quod
611 1261 718 1322 sciunt
732 1279 897 1342 nunquam
913 1279 947 1322 se
962 1259 1154 1332 liberandos,
1211 1267 1244 1322 et
1258 1268 1329 1341 post
1341 1259 1500 1340 judicium
1516 1259 1701 1340 cogitabunt
1716 1258 1817 1339 iniqui
1835 1257 1874 1319 de
1888 1255 1951 1318 leli-

409 1367 444 1421 ut
458 1359 571 1421 scribit
585 1357 743 1420 Albertus.
771 1359 859 1420 Vidit
874 1359 1040 1420 Abraham
1057 1377 1077 1416 a
1091 1361 1157 1417 lon·
1212 1358 1306 1421 citate
1326 1358 1458 1432 ooelesti,
1475 1376 1571 1439 quam
1591 1357 1694 1420 scient
1712 1376 1746 1419 se
1765 1355 1911 1418 amisisse
1924 1361 1951 1416 et

406 1476 458 1534 pe,
474 1456 505 1518 id
531 1464 589 1530 est,
606 1456 821 1519 consideravit
842 1474 916 1518 cum
938 1473 1007 1517 csse
1030 1455 1061 1516 in
1088 1455 1157 1518 loco
1212 1455 1329 1518 electos
1350 1455 1536 1518 obtinuisse.
1558 1456 1720 1528 Praeterca,
1741 1452 1897 1537 quidquid
1917 1453 1951 1513 ad

408 1554 471 1617 alte
487 1573 632 1636 superse
653 1555 755 1636 posito
773 1571 780 1614 :
797 1554 873 1635 quia
892 1571 955 1616 non
975 1553 1079 1615 solum
1095 1553 1158 1615 dis·
1212 1561 1419 1634 augmentum
1444 1553 1673 1634 cumulumque
1703 1551 1840 1615 miseriae
1864 1550 1951 1632 perti-

409 1652 634 1725 similitudine,
652 1653 706 1714 sed
730 1659 761 1714 et
783 1651 875 1714 locali
901 1651 1050 1714 distantia
1075 1651 1158 1712 inter
1213 1660 1277 1726 net,
1295 1660 1366 1733 post
1385 1651 1469 1713 diem
1489 1651 1602 1732 judicii
1623 1651 1655 1712 iu
1674 1649 1819 1733 reprobis
1839 1668 1952 1731 perma-

409 1769 443 1812 se
459 1749 618 1812 distabant
634 1750 703 1812 loca
716 1749 857 1832 prelata,
874 1749 1023 1812 videlicet
1037 1749 1156 1810 limbus
1213 1750 1313 1822 nebit,
1330 1749 1500 1831 potiusque
1524 1749 1693 1830 augebitur
1715 1767 1813 1830 quam
1838 1747 1953 1808 minuc-

410 1855 548 1930 patrum,
565 1848 774 1928 infernusque
795 1848 1026 1910 damnatorum.
1048 1847 1156 1928 ltaque
1175 1851 1198 1913 B
1214 1847 1313 1909 tur:si
1329 1865 1402 1928 ergo
1416 1853 1565 1929 praetacta
1576 1847 1657 1926 visio
1671 1846 1779 1927 gloriae
1792 1843 1953 1907 electomm

410 1947 486 2008 huic
508 1946 598 2008 diviti
621 1947 831 2010 condemnato
852 1945 1047 2008 intellectum
1070 1945 1157 2007 dedit
1213 1954 1308 2026 auget
1323 1945 1483 2008 miseriam
1499 1943 1872 2018 damnatorum,deberet
1885 1961 1954 2024 pra-

289 2059 296 2072 ·
409 2045 546 2107 vexatio.
563 2045 693 2127 Propter
709 2045 793 2127 quod
811 2045 853 2106 aii
870 2043 1038 2125 Gregorius
1056 2061 1062 2104 :
1079 2043 1160 2106 Ocu·
1214 2044 1322 2105 sertim
1350 2050 1422 2124 post
1446 2042 1530 2104 diem
1553 2042 1668 2123 judicii
1690 2042 1723 2104 in
1747 2041 1794 2104 eis
1820 2060 1951 2102 manere.

410 2142 457 2206 los
473 2161 552 2225 quos
569 2143 685 2205 clausit
699 2143 751 2204 bic
767 2143 871 2225 culpa,
890 2142 933 2203 ibi
949 2142 1074 2223 aperuit
1093 2160 1160 2224 poe-
1213 2143 1346 2225 lnsuper
1360 2141 1496 2204 Thomas
1511 2159 1608 2221 super
1621 2146 1770 2221 quartum
1786 2140 1954 2202 Sententia-

409 2259 462 2302 na.
479 2242 514 2303 ln
536 2241 594 2302 hac
616 2240 734 2302 etenim
756 2240 822 2302 vita
844 2241 951 2322 pravis
976 2240 1157 2302 delectatio·
1215 2259 1285 2303 rum
1314 2239 1466 2313 allirmat,
1494 2240 1577 2321 quod
1608 2238 1820 2302 consideratio
1850 2255 1951 2300 eorum

410 2339 507 2401 nibus
538 2347 643 2400 mente
675 2345 820 2413 caecatus,
851 2355 914 2400 nou
946 2338 1159 2401 consideravit
1214 2357 1284 2420 quae
1309 2338 1471 2400 miseriam
1492 2344 1625 2420 possunt
1648 2355 1776 2417 augere,
1794 2344 1954 2418 permanet

410 2437 570 2518 supplicia
592 2436 765 2518 impiorum
787 2455 823 2498 ac
843 2435 957 2517 gaudie
978 2437 1155 2498 Beaterum.
1214 2437 1247 2504 in
1271 2435 1439 2510 damnatis,
1456 2454 1516 2498 nec
1539 2435 1740 2498 vehementia
1764 2454 1869 2517 poenae
1893 2433 1954 2496 illo

410 2537 454 2596 Et
470 2539 637 2596 Lazarum
654 2536 690 2595 in
705 2537 782 2595 aino
797 2536 880 2613 ejus,
897 2535 928 2596 id
948 2542 1006 2610 est,
1030 2535 1062 2596 in
1082 2553 1158 2616 pra·
1214 2554 1285 2597 rum
1311 2535 1596 2597 considerationem
1622 2534 1708 2596 illam
1735 2533 1886 2596 absorbet
1905 2551 1912 2595 :
1930 2533 1952 2595 si

410 2632 475 2695 fata
500 2633 608 2715 quiete
633 2640 664 2695 et
691 2643 776 2696 certa
798 2633 1033 2715 exspectatione
1058 2632 1158 2694 lelici-
1214 2633 1320 2713 itaque
1335 2632 1546 2695 consideratio
1561 2631 1766 2694 beatitudinis
1785 2631 1953 2694 electorum

410 2731 484 2794 tatis
506 2738 642 2805 aeternae,
660 2731 692 2793 in
714 2751 777 2814 qua
797 2731 955 2793 Abrabam
978 2730 1048 2792 luit.
1213 2737 1306 2811 auget
1331 2730 1491 2792 tristitiam
1517 2729 1737 2812 reproborum,
1761 2729 1905 2792 manebit
1926 2728 1953 2789 iu

450 2829 604 2904 Quocirca
627 2829 738 2892 scribit
762 2830 941 2910 Gregorius,
962 2831 1046 2912 quod
1071 2831 1157 2892 dam·
1213 2836 1368 2891 aternum
1398 2829 1430 2889 in
1461 2829 1518 2900 eis,
1553 2846 1612 2889 nec
1641 2847 1698 2910 per
1725 2827 1954 2890 vehementiam

410 2928 474 2991 nati
498 2928 659 3010 usquead
679 2929 763 2990 diem
782 2927 896 3008 judicii
916 2928 1046 2991 Sanctos
1062 2949 1159 3011 super
1215 2945 1316 3008 poenae
1338 2925 1475 2988 tolletur.
1493 2927 1654 2988 Postremo
1675 2925 1853 2988 multorum
1875 2925 1953 2986 dam·

410 3043 444 3088 se
463 3027 632 3088 attendunt
650 3033 682 3088 et
703 3027 814 3088 vident
835 3025 867 3087 in
889 3026 1001 3107 gloria,
1019 3046 1083 3089 uon
1104 3048 1157 3090 au-
1176 3023 1198 3087 C
1214 3033 1360 3086 natorum
1377 3042 1470 3106 poena
1486 3024 1587 3105 major
1602 3031 1650 3087 est
1665 3043 1761 3098 nunc,
1773 3044 1872 3106 quam
1888 3041 1955 3106 quo

411 3131 475 3186 tem
500 3131 570 3206 post
594 3124 680 3186 diem
700 3122 824 3204 judicii.
844 3124 931 3197 Quod
953 3126 1091 3206 qualiter
1114 3125 1159 3187 in·
1214 3122 1360 3183 rumdam
1393 3123 1614 3184 damnatorum
1648 3140 1742 3204 poena
1772 3130 1846 3204 pest
1877 3122 1954 3184 diem

410 3222 620 3303 telligendum
636 3222 688 3296 sit,
705 3222 785 3304 Lyra
805 3221 962 3302 majorum
983 3222 1105 3302 judicio
1125 3241 1158 3285 se
1212 3219 1324 3300 judicii
1341 3219 1411 3282 crit.
1428 3220 1459 3282 Si
1481 3237 1555 3301 ergo
1574 3221 1687 3282 horum
1709 3238 1802 3303 poena
1818 3239 1883 3284 nou
1903 3220 1954 3281 im·

411 3321 612 3383 committere
637 3319 805 3402 perbibet;
830 3328 862 3382 et
885 3320 983 3393 addit,
1010 3321 1095 3401 quod
1120 3340 1159 3383 ex
1214 3317 1303 3400 pedit
1322 3336 1376 3380 eos
1398 3326 1471 3380 ante
1491 3318 1649 3398 judicium
1670 3337 1688 3380 a
1710 3319 1834 3382 visione
1855 3319 1955 3400 gloria

411 3419 471 3481 hoc
487 3418 557 3481 loco
571 3436 634 3479 non
655 3417 792 3480 habetur
807 3417 973 3480 sullioicns
992 3437 1159 3499 argumen-
1214 3417 1400 3490 electorum,
1416 3434 1492 3497 ergo
1512 3435 1605 3498 poena
1627 3416 1755 3480 illorum
1780 3425 1855 3499 pest
1877 3417 1955 3480 diem

411 3522 481 3577 tum
496 3515 581 3596 quod
601 3515 740 3577 damnati
757 3514 887 3576 videant
905 3515 1039 3595 gloriam
1053 3516 1160 3578 Beato-
1213 3515 1338 3595 judicii,
1364 3515 1471 3576 minus
1501 3515 1653 3598 impediet
1677 3534 1731 3578 eos
1757 3523 1828 3598 post
1853 3517 1954 3578 horam

412 3632 485 3676 rum
508 3631 609 3694 usque
629 3613 667 3674 ad
688 3612 774 3674 diem
792 3612 918 3692 judicii,
934 3621 969 3674 ut
989 3631 1101 3676 sonare
1115 3616 1160 3676 vi·
1213 3612 1327 3693 judicii
1347 3631 1365 3674 a
1384 3613 1507 3674 visione
1526 3613 1721 3693 hujusmodi.
1739 3615 1848 3677 Posset
1866 3613 1955 3676 etiam

411 3711 525 3772 dentur
539 3709 637 3771 verba
652 3708 884 3789 Gregorii‚quia
899 3709 1041 3772 Salvator
1055 3718 1160 3773 narrat
1215 3711 1299 3784 addi,
1316 3710 1400 3791 quod
1417 3710 1509 3772 multi
1525 3711 1651 3792 reprobi
1668 3712 1701 3772 in
1716 3712 1774 3774 hac
1790 3712 1857 3775 vita
1870 3729 1956 3793 agno

412 3809 465 3871 bic
495 3826 562 3870 rem
592 3815 713 3888 gestam
742 3815 815 3869 ante
846 3825 937 3869 suam
966 3809 1158 3890 passionem,
1215 3816 1307 3871 scunt
1320 3809 1454 3889 gloriam
1470 3809 1637 3872 Beatorum
1657 3811 1831 3872 consistere
1848 3810 1880 3872 in
1900 3810 1955 3871 cla·

412 3905 542 3988 quando
560 3905 719 3968 Abraham
741 3905 884 3966 nondum
908 3904 971 3967 luit
991 3905 1024 3968 in
1047 3907 1157 3987 gloria.
1216 3927 1249 3969 ra
1271 3925 1328 3989 per
1347 3908 1488 3989 speciem
1511 3909 1633 3971 visione
1655 3909 1771 3972 divinae
1790 3909 1953 3972 essentiae:

414 4004 475 4066 Sed
490 4003 638 4066 Nicolaus
653 4002 692 4064 de
712 4002 809 4065 Gorra
827 4003 936 4084 aliquo
956 4005 1049 4066 modo
1064 4005 1161 4068 eluci·
1216 4024 1290 4087 ergo
1305 4014 1337 4068 et
1352 4013 1422 4088 post
1443 4015 1577 4069 mortem
1599 4007 1694 4089 positi
1714 4007 1747 4070 in
1767 4007 1894 4070 inlemo
1908 4024 1955 4088 po

412 4100 1001 4181 datverbaGregorii,diccns:Videre
1017 4105 1160 4184 requiem
1215 4111 1323 4166 terunt
1347 4105 1407 4166 hoc
1432 4105 1582 4185 cogitare,
1605 4113 1636 4168 et
1665 4106 1768 4188 qualis
1793 4107 1834 4170 sit
1862 4105 1955 4188 gloria

412 4220 470 4266 seu
493 4201 626 4281 gloriam
652 4199 819 4262 beatorum
843 4200 1001 4282 contingit
1024 4202 1160 4284 duplici·
1176 4205 1200 4266 D
1215 4203 1383 4265 Beatorum
1409 4204 1442 4265 in
1466 4204 1598 4285 speciali
1624 4223 1768 4287 pensare,
1785 4204 1954 4287 praesertim

413 4308 484 4363 ter:
503 4301 608 4383 primo
624 4299 657 4362 in
673 4299 825 4382 generali,
842 4299 884 4361 ita
900 4307 937 4361 ut
950 4301 1090 4362 damnati
1110 4319 1160 4364 co
1216 4321 1315 4383 quum
1332 4302 1480 4382 cogitatio
1494 4303 1567 4364 talis
1586 4310 1670 4365 esset
1686 4303 1717 4365 iu
1738 4304 1785 4366 eis
1802 4304 1955 4366 calamite-

411 4400 513 4480 gitent
528 4399 659 4462 Sanctos
675 4417 743 4461 esse
759 4397 791 4458 in
808 4398 915 4480 quiete
931 4406 962 4460 ct
975 4399 1086 4480 gloria,
1104 4400 1159 4461 sed
1215 4401 1255 4463 tis
1275 4408 1492 4481 augmentum.
1509 4401 1605 4463 hlulta
1624 4401 1743 4464 similia
1762 4412 1892 4484 possent
1909 4402 1955 4464 hic

412 4497 445 4559 in
469 4496 555 4578 quali
577 4514 642 4559 non
664 4496 790 4574 videut;
806 4496 946 4560 secundo
968 4497 1001 4557 in
1021 4497 1159 4578 particu-
1216 4499 1386 4573 introduci,
1404 4519 1474 4580 quae
1497 4499 1603 4580 potius
1623 4503 1875 4582 pertranseunda
1893 4501 1953 4582 opi-

412 4595 482 4668 lari,
500 4595 544 4657 ita
558 4594 643 4676 quod
658 4594 787 4656 videant
802 4594 906 4674 qualis
921 4595 963 4656 sit
978 4595 1078 4676 gloria
1097 4597 1159 4658 ele·
1215 4616 1284 4670 nor,
1301 4616 1341 4660 ne
1364 4599 1485 4660 incerta
1507 4615 1565 4680 pro
1586 4599 1680 4660 certis
1702 4600 1910 4662 conscribam.

411 4699 546 4755 otorum.
575 4691 680 4753 Primo
709 4691 804 4753 modo
832 4692 959 4774 reprobi
990 4713 1091 4774 usque
1119 4694 1159 4756 ad
1256 4699 1298 4757 Et
1314 4698 1382 4772 ipse
1395 4701 1540 4757 clamans
1555 4718 1566 4756 .·
1578 4697 1669 4777 juxta
1684 4697 1764 4760 illud
1778 4699 1877 4774 lsaiae,
1893 4699 1953 4761 Cla·
1965 4703 2042 4754 onst

411 4791 496 4854 diem
511 4789 625 4870 judicii
640 4789 750 4850 vident
763 4787 896 4869 gloriam
912 4790 1159 4865 Beatorum,non
1215 4794 1344 4856 mabitis
1364 4814 1429 4875 praa
1449 4795 1557 4857 dolore
1579 4797 1694 4868 cordis,
1710 4804 1741 4858 ct
1761 4815 1826 4879 prae
1845 4796 1953 4860 contri-

410 4897 517 4952 autem
544 4888 685 4951 secundo
708 4888 811 4949 modo.
830 4888 892 4950 Nec
915 4895 1022 4949 tamen
1045 4890 1084 4952 de
1103 4891 1160 4952 hu·
1215 4893 1300 4955 tione
1316 4893 1448 4975 spiritus
1464 4892 1639 4955 ululabitis.
1656 4894 1881 4959 Verumtamen
1901 4896 1953 4956 istc

409 4987 551 5069 jusmodi
573 4985 697 5049 visione
720 4985 876 5058 laetantur,
892 4986 947 5048 sed
973 4988 1160 5050 contristan-
1216 4991 1336 5054 clamor
1358 4991 1534 5072 spiritualis
1554 4992 1616 5054 luit
1637 4998 1732 5074 atquc
1753 4994 1895 5065 interior,
1911 4999 1953 5054 ut-

411 5094 472 5159 tur,
482 5092 546 5148 tam
562 5103 601 5147 er
616 5083 727 5146 aliena
741 5082 903 5145 felicitatis
920 5084 1050 5158 invidia,
1062 5106 1158 5167 quam
1215 5097 1288 5172 pote
1303 5089 1431 5152 allectio
1441 5090 1619 5152 vehemens.
1627 5093 1954 5154 Dicit:PaterAbro·

412 5203 450 5247 ex
472 5183 559 5245 illius
581 5181 698 5264 quietis
718 5181 866 5244 carentia.
884 5183 956 5245 Post
976 5182 1060 5245 diem
1083 5203 1158 5248 vero
1214 5190 1299 5249 ham.
1317 5188 1439 5250 Patrem
1460 5196 1561 5263 vocat,
1579 5189 1672 5270 cujus
1691 5189 1826 5253 virtutes
1842 5188 1952 5252 imitari

411 5281 537 5363 judicii,
553 5281 597 5343 ita
612 5280 650 5342 ad
668 5279 813 5362 proprias
828 5297 938 5363 poenas
958 5298 1070 5343 eorum
1085 5299 1159 5346 con·
1214 5283 1499 5365 neglexitzidcirce
1515 5284 1665 5366 indignus
1682 5283 1742 5348 luit
1756 5304 1831 5349 eum
1848 5302 1952 5349 vocare
