4164 6258
451 461 511 528 278
793 481 942 530 norrrmca
962 483 1005 529 vu
1025 483 1098 530 rosr
1117 483 1311 530 rmmrarmr.
1330 501 1371 511 -
1392 483 1491 528 sunno
1511 482 1663 529 secururs

454 652 511 715 Dei
531 653 564 716 in
585 653 645 716 hoc
660 653 744 736 quod
765 672 828 717 non
849 653 951 716 solum
974 653 1078 727 bonis,
1094 653 1149 716 sed
1170 659 1202 715 et
1215 656 1241 719 Α
1256 652 1370 715 invitat
1394 659 1576 734 peccatores
1600 653 1639 715 ad
1665 649 1972 734 poenitentionalis

455 751 547 814 malis
567 751 1042 833 pravissimisquehominibus,
1059 769 1202 813 necessa·
1256 770 1329 813 rens
1358 770 1392 813 se
1421 751 1658 833 paratissimum
1689 751 1728 812 ad
1758 750 1970 831 ignoscendum,

454 849 501 911 ria
521 849 594 912 vitae
613 857 644 912 et
664 849 746 912 bona
766 850 922 913 exteriora
941 857 1005 911 tam
1028 848 1202 911 liberaliter
1255 849 1338 910 sicut
1362 868 1420 931 per
1445 849 1641 912 Ezechielem
1671 856 1807 912 testatur
1832 865 1839 908 :
1863 848 1972 910 Reverti·
1997 871 2045 914 rm.

454 947 595 1021 exhibet,
612 948 745 1022 rictum,
762 948 924 1020 vestitum,
941 947 1069 1009 divitias
1091 954 1122 1009 et
1146 945 1200 1008 ho·
1255 948 1335 1026 mini
1351 955 1383 1010 et
1396 948 1505 1022 vivite,
1523 949 1599 1030 quia
1617 947 1690 1010 nolo
1711 954 1847 1009 mortem
1867 947 2015 1008 morter-“⁰¹
2027 938 2037 974 ³¹*

453 1064 556 1108 nores.
569 1046 645 1119 Quis
660 1047 828 1128 proprium
844 1046 1011 1108 inimicum
1027 1045 1133 1107 taliter
1147 1064 1203 1105 nu·
1255 1045 1348 1126 tis(id
1364 1053 1412 1120 est
1428 1046 1536 1128 inique
1551 1046 1681 1127 agentis,
1689 1053 1744 1107 aut
1759 1045 1844 1126 quod
1858 1043 1971 1106 debiturn

304 1162 438 1218 tranas.
453 1144 508 1206 trit
522 1144 634 1214 tHinc
658 1145 703 1206 ait
725 1144 866 1206 Salvator
884 1163 890 1208 :
908 1143 1090 1206 Altissimus
1112 1142 1201 1204 beni·
1255 1152 1303 1205 est
1321 1145 1534 1225 negligentis),
1551 1145 1606 1206 sed
1625 1150 1660 1205 ut
1681 1150 1882 1206 convertatur
1897 1151 1923 1204 et
1939 1145 1971 1203 ri-

452 1261 534 1323 guus
550 1249 598 1304 est
617 1261 714 1323 super
733 1241 872 1323 ingratos
892 1248 925 1302 ct
945 1241 1053 1303 malos.
1070 1241 1149 1303 Nam
1166 1249 1202 1302 ut
1256 1251 1317 1304 vat.
1339 1244 1374 1305 ln
1398 1243 1477 1305 lsaia
1501 1261 1629 1324 quoquc
1653 1242 1810 1324 scriptum
1835 1249 1880 1302 est
1898 1260 1903 1304 :
1920 1242 2043 1303 Prorsus

317 1340 615 1411 uaeraltatthaeus
644 1339 771 1422 plenius
800 1340 912 1402 scribit
938 1359 945 1403 :
971 1339 1076 1402 Solem
1106 1358 1200 1401 suum
1255 1349 1364 1422 pterea
1388 1347 1551 1422 exspectat
1573 1341 1738 1413 Dominus,
1757 1347 1793 1402 ut
1815 1340 1972 1401 misereatur

305 1425 339 1465 lb.

452 1438 530 1501 facit
550 1438 628 1501 oriri
648 1456 744 1520 super
765 1436 866 1500 bonos
888 1445 920 1500 et
941 1437 1051 1511 maloS,
1068 1445 1099 1499 et
1118 1436 1201 1519 pluit
1256 1439 1363 1501 vestri.
1380 1440 1460 1502 llinc
1479 1448 1511 1500 et
1530 1438 1735 1501 beatissimus
1755 1439 1900 1520 princeps
1912 1438 1973 1519 lpo

453 1555 550 1619 super
569 1537 672 1618 justos
694 1544 726 1598 et
747 1535 893 1616 injustos.
1255 1536 1409 1599 stolorum
1434 1537 1467 1598 in
1492 1556 1549 1599 sua
1573 1537 1712 1598 secunda
1736 1543 1919 1619 protestatur
1933 1536 1973 1596 Ca·
2056 1591 2057 1602 ,

493 1633 764 1715 Tertio,quoniam
781 1641 961 1715 peccatores
977 1652 994 1695 a
1009 1640 1110 1695 morte
1127 1640 1202 1694 tem·
1256 1635 1370 1698 nonica
1391 1655 1397 1698 :
1421 1636 1580 1698 Patienter
1605 1635 1669 1716 agit
1693 1635 1847 1697 Dominus
1871 1643 1973 1716 propter
1983 1645 2056 1696 trram

452 1732 552 1813 porali
572 1750 609 1793 ac
629 1731 769 1794 aeternali
789 1732 933 1814 quotidie
950 1739 982 1794 et
996 1731 1117 1793 tamdiu
1136 1739 1200 1791 tuc-
1254 1750 1321 1806 vos,
1338 1734 1450 1796 nolens
1471 1733 1595 1814 aliquos
1618 1733 1734 1815 perire,
1751 1733 1806 1794 scd
1828 1750 1927 1794 omnes
1945 1710 1996 1792 ad''

450 1837 510 1892 tur.
520 1830 790 1911 Quandocumque
806 1830 893 1891 enim
909 1830 981 1911 quis
998 1838 1108 1911 peccat
1122 1847 1199 1891 mor·
1216 1836 1240 1897 B
1255 1831 1476 1911 penitentiam
1499 1831 1625 1893 reverti.
2057 1861 2058 1922 q

450 1929 566 2002 taliter,
602 1937 743 1991 meretur
778 1929 962 1990 immediate
996 1946 1058 1990 non
1094 1927 1198 1990 solum
1294 1929 1398 2002 Sexto,
1425 1929 1576 2010 quoniam
1608 1928 1839 2010 poenitentibus
1859 1929 1974 1992 reniam-

449 2027 640 2090 aetcrnaliter
664 2026 881 2100 condemnari,
909 2026 963 2088 sed
993 2025 1199 2107 corporaliter
1253 2046 1315 2110 que
1341 2027 1535 2108 petentibus,
1562 2045 1626 2090 non
1651 2027 1756 2089 solum
1782 2028 1921 2089 universa
1941 2027 1974 2088 in-

451 2143 578 2207 quoque
597 2125 711 2198 occidi,
729 2142 765 2186 co
787 2125 871 2205 quod
887 2131 1007 2185 tantam
1025 2122 1121 2185 faciat
1135 2124 1198 2184 Deo
1253 2125 1361 2205 dulget
1383 2132 1522 2206 peccata,
1540 2126 1595 2187 sed
1616 2125 1748 2206 insuper
1774 2125 1975 2206 pretiosissima

450 2223 584 2285 creatori
615 2240 672 2284 suo
703 2222 863 2302 injuriam.
896 2223 994 2296 l'nde,
1021 2222 1198 2284 secundum
1252 2230 1347 2303 atque
1372 2223 1625 2304 supernaturalia
1654 2222 1792 2305 Spiritus
1816 2223 1914 2284 Sancti
1935 2223 1974 2284 do·
2058 2223 2059 2260 f

449 2321 674 2401 augustinum,
696 2327 844 2402 peccator
872 2320 1021 2401 indignus
1046 2328 1093 2382 est
1118 2340 1198 2402 pane
1254 2339 1303 2394 na,
1320 2321 1454 2401 gratiam
1476 2329 1601 2400 gratum
1624 2321 1796 2383 facientem
1817 2329 1848 2383 et
1866 2321 1975 2381 virtutes

450 2419 1198 2502 quorescitur,terraquamcalcat,aerequem
1255 2419 1397 2499 largitur,
1424 2418 1575 2492 infundit,
1606 2427 1792 2497 conservat3
1819 2427 1849 2481 et
1875 2419 1975 2480 animas

450 2518 597 2600 respirat,
623 2524 655 2580 et
684 2517 812 2599 propria
835 2517 901 2579 vita
930 2536 993 2598 qua
1016 2517 1106 2591 vivit,
1133 2518 1198 2579 imo
1254 2517 1349 2596 paulo
1377 2523 1450 2578 ante
1480 2523 1545 2578 tam
1574 2523 1695 2598 turpes,
1722 2523 1788 2578 tam
1812 2517 1930 2579 vitiosas
1948 2535 1974 2576 ac

451 2617 539 2680 omni
569 2615 728 2678 beneficio
753 2615 828 2694 Dei;
854 2616 949 2697 idque
980 2623 1120 2678 meretur
1142 2616 1197 2697 qui
1256 2615 1435 2687 foedas‚tam
1452 2613 1742 2677 innumerabilibus
1757 2614 1976 2694 enormibusque

451 2713 628 2776 mortaliter
646 2719 766 2795 peccat,
785 2719 820 2773 ut
838 2713 943 2774 omnis
963 2721 1106 2774 creatura
1127 2731 1198 2775 con·
1255 2713 1393 2794 peccatis
1417 2712 1592 2786 sordentes,
1612 2719 1676 2774 tam
1704 2712 1976 2775 misericordissime

450 2821 498 2874 tra
512 2831 586 2874 eum
603 2812 794 2892 insurgat,ct
809 2810 965 2873 Creatoris
981 2811 1030 2872 sui
1046 2811 1197 2890 injuriam
1253 2811 1400 2891 adspicit,
1423 2811 1541 2884 visitat,
1563 2820 1664 2884 ornat,
1691 2811 1815 2893 implet,
1839 2809 1977 2892 amplecti·

451 2910 623 2973 ulciscatur
646 2911 678 2972 in
701 2928 748 2972 eo.
766 2910 869 2983 Quum
892 2926 967 2990 ergo
991 2908 1136 2971 diabolus
1158 2910 1199 2970 sit
1254 2916 1355 2981 tur,et
1371 2909 1482 2970 intime
1498 2909 1559 2971 sibi
1577 2909 1646 2970 unit
1661 2917 1756 2990 atque
1773 2907 1975 2980 conformatio

449 3015 515 3070 tam
536 3007 753 3071 atrocissimus
775 3008 943 3069 hominum
965 3007 1075 3080 hostis,
1092 3007 1200 3069 certis·
1216 3006 1237 3069 C
1254 3013 1377 3068 tantum
1398 3013 1432 3068 ut
1453 3006 1638 3088 frequenter
1658 3007 1711 3069 ubi
1734 3006 1808 3090 plus
1826 3006 2007 3070 abundatur
2031 3046 2048 3058 ,‚

450 3107 568 3169 simum
593 3113 640 3168 est
662 3106 746 3188 quod
772 3104 947 3168 mortaliter
969 3105 1199 3186 transgrediar·
1253 3105 1418 3178 delictum,
1435 3104 1576 3166 abundet
1596 3105 1669 3187 plus
1690 3105 1801 3185 gratia.

450 3213 514 3266 tem
538 3205 757 3286 paratissimus
775 3205 815 3266 sit
833 3204 978 3286 protinus
994 3204 1200 3284 corporaliter
1294 3203 1413 3282 ltaque,
1431 3222 1531 3284 quum
1552 3202 1624 3264 talis
1645 3210 1676 3264 et
1696 3210 1783 3265 tanta
1803 3203 1843 3264 sit
1861 3203 1975 3272 bonitas,

450 3304 620 3378 trucidare,
637 3303 772 3384 ejusque
791 3303 931 3365 animam
954 3303 992 3365 ad
1014 3303 1132 3365 inferos
1153 3322 1199 3364 ra·
1254 3301 1366 3362 caritas
1391 3308 1423 3363 et
1447 3301 1666 3362 misericordia
1695 3301 1750 3363 Dei
1775 3301 1814 3364 ad
1843 3301 1975 3370 homiues,

451 3402 652 3484 perc:idque
668 3408 833 3483 perageret
848 3401 875 3463 si
892 3401 1090 3482 permitteret
1104 3401 1196 3462 Deus.
1253 3416 1317 3460 non
1343 3399 1444 3460 simus
1468 3399 1496 3459 ei
1525 3399 1726 3479 ingratiose
1752 3398 1872 3461 indulta
1893 3397 1976 3480 preni-

311 3519 438 3572 ucenae.
452 3499 512 3563 Sed
538 3500 607 3582 ipse
631 3500 720 3562 Pater
746 3499 1036 3561 misericordiarum
1061 3507 1092 3561 et
1117 3499 1199 3560 Deus
1254 3497 1361 3560 tentiae
1378 3504 1516 3578 tempora
1532 3496 1723 3559 infructuose
1740 3505 1975 3579 pertranseamus,

452 3598 550 3660 totius
572 3597 797 3660 consolationis
822 3598 882 3659 hoc
905 3597 1063 3678 prohibet,
1080 3605 1112 3659 et
1134 3615 1199 3659 sce·
1254 3595 1309 3657 sed
1331 3594 1493 3658 fructuose
1514 3613 1551 3656 ac
1573 3595 1744 3657 salubriter
1766 3596 1975 3678 expendamus;

454 3695 568 3758 leratos
584 3695 703 3757 tamdiu
718 3715 736 3758 a
751 3695 873 3777 duplici
890 3702 988 3757 morte
1004 3695 1200 3757 tuetur.Hinc
1254 3701 1286 3754 et
1305 3693 1405 3755 Deum
1427 3693 1608 3755 cordialiter
1627 3693 1659 3756 in
1681 3693 1832 3756 omnibus
1851 3701 1880 3756 et
1897 3709 1977 3774 super

316 3805 439 3857 thren-ru,
453 3793 486 3855 in
508 3793 640 3856 Threnis
662 3792 807 3857 dicitur:
829 3793 1052 3856 Misericordia
1074 3793 1199 3855 Domini
1254 3791 1361 3853 omnia
1383 3791 1562 3871 diligentes,
1580 3809 1655 3853 cum
1676 3792 1765 3854 omni
1788 3791 1937 3873 diligentia
1952 3796 1976 3850 et

306 3869 340 3911 ²²¹
453 3891 528 3973 quia
557 3909 621 3953 non
650 3911 762 3954 sumus
791 3891 973 3973 consumpti
1000 3910 1006 3955 :
1033 3891 1107 3973 quia
1136 3909 1199 3954 non
1253 3890 1456 3969 gratitudine,
1478 3898 1720 3971 perseveranter
1744 3899 1776 3954 et
1797 3887 1976 3971 infatigabili-

453 3989 639 4052 defecerunt
664 3989 884 4052 miserationes
909 3989 989 4069 ejus.
1015 3989 1051 4050 Et
1074 3989 1198 4052 lsaias:
1253 3995 1302 4049 ter
1321 3987 1536 4069 obsequamur
1556 3987 1671 4050 eidem.

328 4097 361 4143 ιε.
377 4113 392 4152 ι,
404 4103 424 4144 a.
452 4088 520 4150 Nisi
543 4088 696 4151 Dominus
718 4087 855 4150 Sabaoth
871 4087 1004 4169 (inquit)
1020 4087 1201 4168 reliquisset
1293 4086 1455 4160 Praeterea,
1472 4087 1554 4150 hanc
1571 4088 1824 4152 misericordiam
1838 4089 1887 4152 Dei
1900 4087 1975 4148 docet

452 4186 544 4248 nobis
566 4204 686 4260 semen,
703 4185 795 4267 quasi
818 4185 954 4247 Sodoma
975 4184 1157 4247 fuissemus.
1215 4184 1311 4248 Dnos
1337 4187 1538 4266 evangelium
1563 4206 1714 4269 presens,
1737 4189 1882 4270 quoniam
1903 4184 1975 4248 Chri·

490 4284 769 4366 Quarto,quoniam
785 4282 957 4365 unicuique
972 4282 1091 4344 homini
1106 4301 1200 4365 quan·
1254 4291 1333 4358 stus,
1355 4285 1437 4346 Deus
1460 4293 1491 4346 et
1513 4284 1620 4360 homo,
1641 4286 1823 4368 adspiciens
1843 4283 1974 4368 populum

450 4383 601 4446 tumlibet
616 4383 726 4464 impio,
745 4382 867 4461 ingrato
887 4399 923 4442 ac
942 4381 1077 4462 perfido,
1094 4401 1132 4444 ex
1152 4400 1199 4444 or·
1254 4383 1419 4464 copiosum
1449 4403 1482 4446 se
1506 4392 1741 4466 assequentem,
1767 4387 1846 4447 dixit
1866 4387 1974 4466 ,lposto

450 4481 612 4544 dinatione
627 4480 735 4542 divina
749 4479 839 4541 adest
853 4479 983 4560 angelus
999 4487 1199 4561 sanctus,per
1254 4480 1292 4544 lis
1303 4501 1309 4544 :
1320 4481 1469 4544 llisereor
1483 4501 1580 4564 super
1594 4483 1732 4545 turbam.
1743 4483 1775 4546 Si
1791 4486 1873 4546 enim
1885 4497 1973 4562 corpo
1994 4503 2062 4546 rau:

451 4599 548 4662 quem
570 4581 652 4642 Deus
675 4579 759 4642 bona
781 4578 916 4659 inspirat
937 4578 1133 4653 hominibus,
1153 4586 1198 4640 at·
1253 4579 1310 4642 rali
1331 4581 1469 4662 penuriae
1484 4589 1515 4643 et
1530 4580 1608 4643 fami
1627 4581 1728 4646 turbae
1747 4582 1835 4646 illius
1854 4571 2000 4646 misertus²

452 4697 547 4760 quea
563 4677 673 4739 multis
693 4677 834 4760 peccatis
854 4676 986 4739 retrahit
1004 4695 1040 4739 ac
1061 4677 1199 4740 custodit
1252 4687 1310 4752 est,
1331 4680 1431 4742 multo
1453 4680 1591 4762 amplius
1616 4681 1823 4745 miserebitur
1841 4677 1974 4764 spirituali

451 4776 588 4858 iniquos.
1253 4779 1436 4859 indigentias
1459 4788 1490 4841 et
1512 4779 1589 4842 fami
1606 4780 1787 4844 animarum
1809 4789 1972 4848 nostrarum,

491 4875 616 4949 Quinto,
633 4873 785 4956 quoniam
806 4872 1023 4935 indesinenter
1044 4893 1100 4955 per
1119 4873 1197 4936 divi·
1253 4877 1279 4939 si
1301 4877 1340 4939 ad
1363 4896 1438 4939 eum
1459 4895 1516 4940 nos
1539 4886 1772 4943 convertamus.
1795 4881 1858 4954 Quo
1875 4875 1973 4940 etenim

451 4991 508 5036 nos
523 4973 704 5048 instinctus,
714 4991 772 5055 per
786 4971 945 5052 angelicas
961 4971 1196 5053 inspirationes,
1252 4975 1359 5037 anima
1382 4993 1513 5056 corpore
1534 4983 1637 5038 exstat
1658 4979 1864 5058 prestantior,
1878 4983 1904 5038 et
1919 4989 1974 5053 quo

452 5091 507 5154 per
522 5072 689 5136 hominum
706 5070 947 5154 pradicationes
962 5077 993 5132 et
1007 5070 1198 5132 exhortatio·
1253 5075 1355 5154 major
1374 5081 1422 5139 est
1440 5074 1568 5136 miseria
1588 5093 1695 5138 carere
1712 5077 1876 5140 virtutibus
1892 5087 1972 5154 quam

450 5191 516 5246 nes,
533 5191 590 5254 per
610 5171 802 5253 Scripturas,
820 5187 878 5250 per
892 5169 973 5231 dona
992 5176 1025 5231 et
1039 5168 1198 5232 beneficia
1251 5173 1470 5254 corporalibus
1484 5173 1656 5248 alimentis,
1669 5193 1708 5238 eo
1724 5176 1870 5239 Dominus
1884 5177 1973 5234 noster

450 5291 516 5347 sua,
534 5289 592 5354 per
606 5270 794 5333 Sanctorum
815 5267 968 5331 miracula
987 5275 1019 5330 et
1038 5269 1195 5352 exempla,
1249 5274 1338 5335 lesus
1360 5271 1503 5334 Christus
1526 5272 1656 5354 pronior
1677 5283 1726 5337 est
1747 5273 1902 5338 animabus
1921 5266 1971 5330 mi·
