4192 6258
427 505 488 568 548
679 527 827 574 homulus
847 527 889 573 XX
910 527 983 574 rost
1003 525 1197 574 rutulantum.
1217 543 1257 555 -
1277 525 1451 574 ENARRATIO
1472 526 1504 572 ut
1525 526 1719 573 uvnnouttmt

428 701 536 758 menta
551 695 766 779 implere,sibi
782 697 844 780 ipsi
859 715 922 760 non
938 704 1041 780 potest
1057 699 1089 760 in
1105 717 1175 761 san·
1189 697 1215 762 Δ
1229 698 1315 780 gitur
1336 715 1463 781 quoque
1483 699 1522 762 de
1541 698 1655 761 abbate
1672 695 1820 768 Arsenio,
1837 693 1892 776 qui
1908 703 1962 756 erat

428 795 488 858 ctis
506 795 668 860 laboribus
689 816 829 879 parcere,
847 798 1115 881 quemadmodum
1136 798 1175 861 de
1231 796 1354 880 primus
1377 799 1410 860 in
1433 797 1550 881 palatio
1572 795 1774 879 imperatoris
1799 798 1833 856 et
1855 799 1964 854 senator

428 894 458 957 S.
476 894 622 958 Pacomio
645 894 771 977 legitur,
788 898 874 980 quod
897 916 997 980 quum
1022 907 1105 960 esset
1130 898 1175 960 vi·
1231 897 1510 979 praecipuusquod
1525 914 1622 977 quum
1635 893 1738 957 iaetus
1753 898 1840 955 esset
1853 889 1964 953 eremita

427 992 508 1074 giuti
528 1011 684 1057 annorum
706 1002 762 1057 aut
780 995 917 1070 circiter,
934 997 1023 1059 dives
1042 1015 1079 1058 ac
1099 996 1175 1059 deli·
1231 1003 1262 1056 et
1284 995 1470 1069 monachus,
1487 994 1629 1078 quotidie
1652 991 1810 1055 laboravit
1833 989 1964 1052 manibus

428 1098 497 1154 cate
527 1091 678 1168 nutritus,
708 1093 835 1156 cuidam
865 1094 935 1158 viro
963 1094 1111 1176 religioso
1139 1113 1176 1157 ae
1231 1091 1308 1164 suis,
1330 1099 1363 1155 et
1387 1093 1425 1156 de
1451 1092 1517 1154 suis
1541 1091 1622 1154 vixit
1645 1088 1823 1162 laboribus,
1844 1087 1964 1168 totisque

428 1196 548 1264 saneto,
569 1189 724 1254 Palaemon
749 1191 890 1265 nomine,
914 1210 947 1254 se
970 1192 1010 1254 ad
1032 1191 1176 1254 habitan·
1232 1190 1380 1254 noctibus
1403 1190 1557 1273 vigilavit,
1573 1189 1709 1252 orationi
1730 1196 1764 1252 et
1786 1186 1963 1267 contempla-

427 1287 505 1349 dum
526 1287 702 1369 conjunxit.
721 1289 799 1352 Cum
820 1307 885 1372 quo
904 1289 1176 1353 abstinentissimo
1232 1290 1309 1353 tioni
1332 1289 1490 1352 insistens.
1509 1289 1676 1371 Quumque
1694 1287 1782 1349 cirea
1801 1284 1962 1348 diluculum

423 1385 509 1448 vixit
524 1386 557 1448 in
577 1405 669 1468 pane,
687 1385 751 1450 sale
771 1395 803 1450 et
821 1407 914 1470 aqua,
930 1387 1127 1451 orationihus
1145 1395 1177 1450 et
1231 1397 1344 1451 natura
1363 1388 1433 1469 ejus
1454 1388 1639 1470 fatigaretur
1657 1394 1689 1450 et
1709 1403 1860 1449 somnum
1877 1385 1964 1463 erige

427 1484 548 1567 vigiliis
564 1504 782 1570 manuumque
802 1486 965 1550 laboribus
985 1495 1114 1550 strenue
1129 1487 1176 1549 ni·
1232 1494 1291 1562 ret,
1312 1487 1394 1549 dixit
1413 1487 1453 1549 ad
1475 1505 1625 1550 somnum
1642 1503 1649 1548 ε
1666 1484 1758 1560 Veni,
1776 1501 1867 1547 serve
1885 1483 1961 1544 male.

429 1583 490 1646 mis
511 1583 672 1647 insistens.
689 1585 857 1667 Quumque
877 1586 1041 1648 nocturnis
1058 1594 1177 1669 tempo
1232 1586 1347 1668 Sicque
1378 1585 1518 1648 sedendo
1545 1583 1697 1647 dormivit
1725 1602 1791 1645 una
1820 1582 1964 1644 dumtaxat

428 1681 518 1744 ribus
547 1683 576 1745 S.
598 1683 754 1748 Palaemon
784 1685 906 1748 videret
933 1685 966 1746 Β.
993 1686 1176 1748 Pneomium
1230 1685 1318 1747 hora.
1340 1684 1469 1766 Legitur
1494 1683 1570 1746 item
1595 1683 1634 1745 de
1656 1682 1685 1745 S.
1703 1681 1875 1755 Bemardo,
1894 1681 1963 1761 qnod

428 1797 541 1842 somno
560 1781 695 1861 gravari,
712 1781 823 1844 eduxit
841 1800 916 1844 eum
937 1782 975 1844 de
991 1781 1082 1857 cella,
1099 1801 1177 1864 prae-
1231 1781 1357 1845 nullum
1386 1790 1514 1864 tempus
1538 1788 1663 1843 tantum
1688 1799 1723 1842 se
1749 1779 1882 1862 perdere
1903 1795 1963 1840 oon·

428 1877 578 1960 cepitque
593 1879 622 1940 ei
639 1897 767 1942 arenam
785 1888 911 1962 portare
931 1880 970 1943 de
989 1879 1059 1943 loeo
1079 1881 1117 1942 ad
1134 1879 1214 1946 lo-B
1231 1880 1433 1965 querebatur,
1450 1881 1534 1943 sicut
1552 1879 1636 1962 quod
1656 1878 1848 1942 dormiendo
1864 1895 1963 1960 erpen-

427 1994 513 2052 oum,
530 1983 566 2039 ut
585 1977 631 2040 sie
646 1977 784 2042 disceret
797 1979 925 2042 vincere
942 1997 1101 2043 somnum.
1119 1980 1173 2042 Le·
1227 1980 1297 2043 dit:
1314 1989 1346 2043 et
1366 1988 1473 2042 tamen
1494 1978 1587 2042 valde
1609 1996 1724 2060 parum
1748 1975 1906 2040 dormivit.

816 2408 1121 2497 ENARRATIO
1154 2409 1209 2496 IN
1243 2407 1583 2496 EVANGELIUM

496 2675 627 2724 sonorus
648 2675 703 2723 asa
722 2676 810 2724 susus
831 2676 1021 2724 enrucrrmus
1042 2676 1244 2724 sacunnorm
1263 2675 1301 2722 rr
1322 2677 1503 2733 rnnmsnrs,
1524 2674 1589 2722 ure.
1605 2657 1715 2722 hlatth.
1732 2675 1811 2734 xxu,
1829 2656 1905 2720 r-u.

486 2955 669 3025 Atvnron
684 2957 980 3039 noster,unigenitus
996 2957 1092 3020 Filius
1107 2955 1172 3029 Dei,
1227 2963 1279 3019 tur
1303 2955 1386 3018 Deus
1413 2955 1514 3030 Pater,
1540 2954 1595 3038 qui
1622 2955 1790 3036 unigenito
1818 2953 1893 3018 Filio
1914 2969 1962 3016 sno

500 3055 646 3141 sequenti
671 3055 722 3117 die
748 3061 819 3138 post
842 3054 960 3118 iestum
981 3054 1170 3130 Palmarum,
1187 3054 1209 3119 C
1227 3053 1356 3137 nuptias
1374 3053 1462 3128 iecit,
1479 3053 1556 3117 dum
1579 3052 1608 3116 ei
1630 3052 1664 3116 in
1690 3061 1783 3118 uteru
1807 3053 1963 3116 saeratissi-

426 3155 542 3218 multas
557 3152 723 3237 parabolas
737 3154 901 3236 proposuit
915 3153 1114 3236 principibus
1129 3172 1174 3215 sa·
1226 3171 1284 3216 me
1298 3151 1437 3234 Virginis
1452 3159 1599 3215 naturam
1614 3152 1782 3234 conjunxit
1795 3152 1962 3214 humanam.

424 3255 601 3327 cerdotum,
617 3251 782 3315 Pharisaeis
801 3270 838 3313 ac
858 3251 977 3314 Scribis
997 3271 1053 3314 εει]
1068 3252 1173 3314 docto
1226 3250 1346 3314 Deinde
1361 3251 1466 3314 eidem
1481 3251 1561 3314 Filio
1578 3269 1635 3314 suo
1649 3251 1857 3332 desponsavit
1870 3249 1963 3313 Ecole-
2073 3297 2074 3324 ,

425 3352 514 3415 ribus
532 3352 712 3415 Judaeorum
730 3367 737 3412 :
755 3351 788 3413 in
808 3349 926 3433 quibus
946 3349 1105 3432 parabolis
1128 3350 1173 3411 in·
1226 3349 1318 3424 siam,
1335 3349 1511 3431 presertim
1531 3350 1606 3412 dum
1626 3349 1724 3432 coepit
1746 3349 1876 3432 publice
1896 3367 1962 3430 pre»

424 3451 563 3514 sinuavit
587 3448 847 3531 ingratitudinem
871 3467 908 3510 ac
932 3449 1172 3512 derelictionem
1226 3447 1343 3523 dicare,
1374 3455 1406 3510 et
1434 3447 1552 3512 multos
1581 3455 1781 3522 convertere,
1813 3455 1904 3530 atque
1929 3465 1961 3508 ε]

423 3549 560 3612 Judnieae
577 3547 680 3630 plebis
694 3547 958 3628 vocationemque
973 3546 1173 3628 gentium.Et
1227 3547 1305 3630 ipsis
1331 3545 1488 3610 fabricare
1513 3546 1700 3622 Ecclesiam,
1726 3546 1760 3608 id
1785 3555 1836 3610 est
1857 3565 1911 3630 per
1930 3543 1961 3606 li-

426 3647 509 3710 inter
524 3646 690 3729 parabolas
705 3645 775 3708 illas
795 3665 868 3719 una,
885 3645 952 3709 haec
971 3646 1033 3708 luit
1052 3646 1171 3728 quein
1225 3645 1298 3707 dem
1318 3652 1351 3708 et
1369 3644 1533 3708 caritatem
1553 3663 1607 3707 eos
1627 3644 1842 3726 spiritualiter
1860 3645 1961 3707 aduna-

425 3745 589 3826 evangelio
616 3744 735 3827 scripta
759 3752 807 3807 est
832 3743 995 3808 hodierno.
1021 3745 1074 3807 Ait
1097 3761 1171 3826 ergo
1225 3762 1269 3806 re.
1286 3743 1367 3807 Hinc
1386 3763 1405 3804 a
1424 3743 1573 3806 Zacharia
1589 3743 1628 3806 de
1644 3742 1771 3807 Christo
1786 3743 1959 3826 pradictum

303 3891 307 3900 .
396 3859 400 3864 ·
425 3843 620 3924 evangelista
642 3843 805 3906 Matthaeus
822 3860 829 3905 :
1225 3849 1274 3904 est
1290 3859 1297 3903 :
1315 3842 1395 3904 Ecce
1411 3841 1471 3916 vir,
1488 3839 1599 3905 Oriens
1614 3859 1732 3904 nomen
1747 3842 1842 3924 ejus3
1857 3849 1886 3904 et
1898 3840 1959 3903 adi·
1981 3859 2043 3902 ruis

463 3944 607 4002 Locutus
625 3949 671 4001 est
694 3944 786 4002 Iesus
800 3942 1010 4018 principibus
1028 3945 1172 4002 sacerdo·
1224 3939 1337 4003 iicebit
1355 3940 1512 4022 templum
1532 3940 1679 4016 Domine,
1696 3948 1729 4004 et
1746 3942 1810 4004 erit
1829 3939 1959 4004 sacerdos
1970 3927 2019 3968 '²¹²

425 4050 507 4111 tum,
523 4039 579 4122 qui
599 4047 675 4102 tuno
698 4038 829 4101 fuerunt
853 4039 959 4102 Annas
983 4047 1014 4102 et
1036 4039 1170 4122 Caiphas
1225 4057 1322 4121 super
1342 4039 1422 4103 solio
1443 4055 1511 4102 suo.

422 4140 501 4220 (nou
523 4137 609 4220 quod
629 4136 725 4200 simul
743 4137 864 4200 fuerint
885 4138 1047 4220 principes
1068 4155 1170 4199 sacer·
1265 4141 1308 4201 Et
1325 4141 1416 4200 misit
1436 4140 1518 4202 Deus
1538 4139 1629 4201 Pater
1647 4159 1756 4200 servos
1774 4161 1861 4210 saeos,
1876 4139 1904 4201 id
1921 4145 1959 4200 est
2072 4129 2073 4154 ¹

423 4237 534 4300 dotum
551 4235 619 4300 sive
634 4235 814 4318 pontifices,
821 4235 875 4298 sed
892 4235 966 4318 quia
981 4254 1064 4298 unus
1078 4235 1169 4299 alteri
1185 4237 1210 4299 D
1225 4237 1347 4319 priores
1361 4237 1531 4320 Prophetas
1546 4256 1583 4300 ac
1598 4246 1714 4320 patres,
1726 4239 1878 4301 videlicet
1891 4239 1959 4318 llor-

423 4334 456 4398 in
481 4334 651 4418 pontilicio
675 4353 758 4416 saepe
783 4334 937 4396 successit
960 4351 967 4396 τ
991 4341 1057 4397 erat
1082 4334 1169 4396 enim
1225 4354 1290 4411 sen,
1310 4336 1425 4409 Aaron,
1447 4335 1639 4410 Samuelem,
1660 4343 1735 4410 ete,
1757 4357 1872 4397 vocare
1891 4333 1960 4396 iuri·

361 4431 363 4434 ’
423 4433 627 4515 pontificium
640 4431 819 4495 ludaeorum
831 4431 991 4505 venale‚et
1004 4451 1087 4495 anuo
1102 4450 1173 4496 evo
1226 4442 1319 4505 totos,
1337 4434 1368 4495 id
1393 4440 1441 4496 est
1465 4429 1621 4516 populum
1642 4433 1749 4508 lsrael,
1770 4453 1867 4517 quem
1891 4434 1959 4496 lleus

424 4530 492 4593 luto
517 4528 662 4612 pontifex
691 4528 897 4611 mutabatur),
923 4540 952 4590 et
977 4533 1170 4603 Pherisoeis,
1225 4551 1283 4614 per
1302 4533 1405 4614 legem
1424 4551 1461 4594 ac
1482 4533 1570 4595 varia
1591 4531 1751 4613 beneficia
1769 4533 1913 4597 invitavit
1928 4529 1959 4592 ad

425 4645 561 4711 quorum
577 4628 708 4710 quidam
729 4626 860 4690 inerunt
878 4628 1006 4702 Scribe,
1024 4631 1061 4690 iu
1071 4649 1171 4706 para·
1226 4632 1420 4694 eredendum
1437 4631 1469 4693 in
1485 4631 1659 4707 Christum,
1670 4632 1710 4694 ad
1725 4632 1959 4714 prestolandum

426 4729 518 4797 botis,
537 4728 648 4786 diceus
663 4728 806 4788 :Simile
825 4728 951 4803 fectum
971 4737 1017 4788 est
1035 4749 1172 4806 repnum
1224 4729 1356 4811 gratiam
1373 4737 1406 4791 et
1420 4729 1555 4792 salutem
1571 4747 1627 4791 seu
1648 4730 1899 4811 redemptionem
1914 4745 1959 4809 per
2071 4767 2072 4808 ι

425 4829 590 4894 eoelorum,
611 4824 642 4886 id
665 4832 713 4886 est
736 4824 900 4905 negotium
923 4843 979 4887 seu
1005 4843 1172 4907 processus
1226 4847 1310 4891 eum.
1329 4828 1416 4890 Unde
1436 4828 1469 4889 in
1488 4827 1622 4890 Actibus
1640 4829 1791 4910 princeps
1813 4826 1960 4910 Apostelo
2071 4817 2072 4830 ¹

279 4945 412 5005 eusippi„
428 4922 594 4986 militantis
614 4922 775 4996 Ecclesiae,
792 4923 884 5003 cujus
904 4926 1101 4989 conversatio
1125 4933 1174 4990 est
1226 4946 1298 4989 rum
1318 4927 1363 4988 ait
1384 4943 1390 4988 :
1413 4926 1528 4989 Omnes
1550 4926 1714 5009 Prophetae
1736 4946 1754 4989 a
1775 4925 1918 4989 Samuele
1935 4931 1999 4988 etue
2012 4942 2050 4978 er·

280 5013 314 5066 ²⁰·
427 5025 460 5086 iu
480 5021 580 5096 ooelis,
597 5030 629 5084 et
648 5021 681 5084 in
700 5040 762 5104 qua
776 5022 859 5084 Deus
874 5032 985 5103 regnat
1001 5024 1171 5106 perfidem
1226 5024 1669 5108 deinceps,annuntiaverunt
1683 5025 1752 5088 dies
1768 5025 1856 5101 istos,
1866 5022 1960 5086 videli-

426 5130 457 5184 et
476 5121 650 5196 caritatem,
667 5121 795 5181 homiui
810 5123 891 5198 repi,
908 5121 939 5183 id
955 5130 1003 5185 est
1017 5123 1102 5186 iacto
1116 5144 1172 5188 seu
1227 5131 1277 5187 eet
1291 5132 1419 5206 tempus
1435 5123 1672 5196 incarnationis,
1685 5123 1843 5206 passionis
1857 5141 1891 5185 ae
1904 5137 1961 5202 gra·

426 5220 515 5303 operi
530 5220 672 5284 hominis
688 5218 783 5300 regis,
792 5221 851 5299 qui
862 5221 941 5296 fecit
954 5223 1089 5298 nuptias
1102 5226 1172 5301 filio
1227 5224 1279 5288 tiae
1293 5223 1419 5287 Christi.
1435 5225 1491 5285 Ae
1505 5225 1650 5299 nuptias,
1667 5222 1698 5284 id
1717 5229 1766 5286 est
1785 5223 1823 5285 ad
1842 5219 1960 5284 fidelem

427 5339 496 5380 suo.
515 5319 572 5382 Per
593 5319 679 5382 hunc
702 5317 867 5382 hominem
891 5337 998 5402 regem
1024 5320 1173 5404 intelligi·
1226 5342 1263 5386 ac
1285 5321 1482 5386 caritativam
1505 5321 1657 5385 unionem
1678 5339 1745 5386 sue
1764 5320 1880 5384 mentis
1897 5335 1960 5380 cum
2070 5333 2071 5354 ι
