4214 6254
444 487 505 556 {64
608 583 611 588 Ι
810 509 958 558 bouutltta
979 511 1002 556 ll
1021 510 1096 556 POST
1115 509 1309 556 tamtam.
1329 526 1369 538 ··
1389 509 1489 556 Sfflt)
1508 508 1633 556 marus

446 689 587 763 peccata,
614 683 790 746 secundum
815 681 899 764 quod
925 679 1041 764 triplex
1066 687 1114 744 est
1142 680 1196 744 bo
1209 679 1235 744 A
1248 698 1311 762 que
1326 681 1364 742 ad
1379 679 1564 743 babendum
1579 678 1714 742 bonores
1730 683 1762 740 et
1780 674 1970 746 excellentias,

447 798 525 842 num
545 787 687 844 creatum
706 780 745 843 ad
764 779 849 864 quod
871 780 1018 843 homines
1041 779 1196 841 inclinan-
1249 778 1425 841 secundum
1442 777 1603 860 propriam
1623 776 1818 840 voluntatem
1840 781 1870 836 et
1885 793 1973 836 sensn-

446 883 508 940 tur.
527 879 582 942 Est
604 880 691 943 enim
714 879 834 944 bonum
857 878 1057 952 delectabile,
1073 877 1194 940 bonum
1248 877 1331 940 alem
1352 877 1629 958 inordinatamque
1651 873 1887 938 inclinationem
1907 873 1974 935 ordi·

446 976 537 1049 utile,
560 985 592 1040 et
617 977 736 1041 bonum
762 977 942 1042 honestum.
964 977 1087 1040 Bonum
1111 976 1195 1039 dele·
1250 984 1305 1039 nat
1329 976 1474 1058 proprios
1497 984 1588 1037 actus
1612 981 1644 1036 et
1673 973 1788 1046 studia,
1814 979 1848 1034 ut
1874 971 1974 1034 scilicet

446 1075 562 1137 ctabile
576 1083 635 1150 est,
646 1076 731 1158 quod
747 1076 866 1139 directe
881 1084 914 1137 et
929 1075 1111 1137 immediate
1126 1090 1196 1156 pro
1249 1072 1391 1136 abundet
1412 1072 1593 1136 carnalibus
1614 1071 1751 1146 deliciis,
1768 1069 1975 1152 temporalibus

447 1179 517 1254 pter
531 1172 727 1256 voluptatem
742 1174 915 1257 appetitur,
931 1173 982 1235 vel
999 1173 1030 1234 in
1051 1190 1114 1255 qno
1130 1191 1194 1234 ma·
1250 1173 1383 1246 divitiis,
1402 1172 1573 1234 mundanis
1596 1169 1850 1252 transitoriisque
1871 1168 1976 1231 bonori-

445 1271 495 1351 gis
528 1272 674 1334 consistit
705 1272 864 1353 voluptas,
895 1279 930 1333 ut
963 1278 1038 1334 sarnt
1069 1270 1195 1351 objecta
1251 1270 1320 1333 bus.
1339 1271 1420 1332 llcce
1435 1271 1514 1333 tales
1535 1277 1608 1332 sunt
1629 1267 1690 1330 lilii
1712 1266 1821 1332 saculi
1836 1266 1933 1347 hujus,
1946 1266 1975 1328 li·

445 1376 558 1450 gustus
582 1377 615 1432 et
637 1377 752 1444 taetus,
769 1377 879 1452 utpote
904 1369 1007 1443 cibus,
1028 1376 1133 1450 potus,
1149 1367 1194 1430 fe·
1251 1369 1285 1430 lii
1310 1368 1403 1452 plane
1426 1367 1558 1442 diaboli,
1575 1375 1685 1450 utpote
1709 1384 1821 1430 omnes
1844 1365 1974 1447 quisunt

448 1467 545 1541 mina,
557 1475 652 1550 atque
667 1468 797 1531 similia.
809 1468 932 1531 Bonum
948 1468 1027 1530 utile
1041 1468 1194 1549 estquod
1252 1469 1284 1529 in
1309 1475 1439 1549 peceato
1464 1465 1590 1530 mortali
1610 1484 1617 1528 :
1637 1466 1789 1548 quoniam
1814 1463 1911 1528 omnis
1931 1464 1974 1544 qui

447 1564 614 1628 ordinatur
637 1574 670 1628 et
692 1567 936 1629 accommodum
960 1573 1009 1628 est
1031 1565 1070 1627 ad
1095 1564 1193 1638 alind,
1252 1565 1284 1626 in
1301 1566 1425 1628 mortali
1441 1572 1490 1627 est
1503 1564 1609 1646 culpa,
1622 1564 1784 1647 propriam
1801 1561 1973 1625 voluntatem

448 1662 531 1724 sicut
559 1663 688 1728 divitiae.
715 1664 838 1727 Bonum
868 1664 1037 1726 honestum
1067 1662 1193 1736 dicitur,
1251 1663 1379 1746 praefert
1393 1663 1548 1726 voluntati
1563 1661 1801 1736 divinae,contra
1816 1660 1904 1741 cujus
1917 1679 1976 1740 pra

447 1760 533 1842 quod
549 1767 679 1844 propter
694 1781 728 1825 se
743 1762 906 1844 appetitur
921 1779 928 1823 :
946 1769 977 1824 et
996 1761 1059 1824 tale
1075 1760 1195 1824 bonum
1252 1769 1380 1845 ceptum
1404 1762 1470 1843 agit
1492 1760 1576 1842 quod
1603 1759 1665 1822 sibi
1691 1759 1819 1842 placet3
1843 1766 1873 1821 et
1894 1757 1931 1819 ita
1950 1775 1975 1818 sa

446 1858 564 1921 dicitur
592 1861 705 1935 virtue,
736 1860 912 1943 praesertim
943 1858 1103 1939 felicitas3
1134 1859 1195 1922 tale
1213 1862 1236 1925 B
1252 1861 1358 1941 ipsum
1389 1859 1546 1942 praeponit
1569 1858 1699 1940 proprio
1722 1857 1872 1931 Creatori,
1895 1855 1976 1936 magis

445 1958 542 2020 etiam
565 1958 685 2022 bonum
707 1966 872 2041 reputatur
893 1958 1128 2042 quodammodo
1149 1956 1195 2019 di·
1252 1959 1409 2020 inbaerens
1435 1964 1467 2018 et
1495 1957 1701 2038 acquiescens
1730 1954 1895 2018 desideriis
1921 1971 1976 2036 pro

445 2055 559 2135 gnitas,
572 2056 683 2131 bonor,
694 2056 893 2131 excellentia,
905 2056 1054 2138 praelatio.
1066 2055 1112 2117 bd
1128 2055 1195 2117 baec
1251 2056 1341 2138 priis,
1354 2074 1449 2138 quam
1465 2055 1695 2138 omnipotentis
1710 2055 1766 2117 [tei
1782 2053 1939 2117 mandatis.
1948 2052 1976 2114 Et

445 2153 587 2235 triplicia
605 2153 689 2218 bona
709 2154 852 2216 allicitur
872 2154 968 2217 bomo
986 2173 1026 2216 ex
1047 2152 1195 2235 improbo
1250 2155 1303 2216 bic
1323 2171 1412 2216 error
1431 2153 1574 2228 rationis,
1592 2153 1650 2216 ista
1671 2152 1864 2235 perversitas
1884 2151 1976 2214 volun·

445 2251 495 2312 sui
522 2251 623 2334 ipsius
650 2271 769 2326 amore,
794 2252 931 2315 volendo
959 2261 991 2314 et
1013 2251 1195 2334 appetendo
1249 2253 1331 2326 tatis,
1358 2252 1488 2334 baecque
1514 2252 1706 2314 inordinatio
1730 2251 1830 2314 totius
1859 2249 1976 2312 bominis

446 2367 494 2422 ea,
520 2366 583 2411 non
613 2351 790 2412 secundum
821 2351 905 2432 quod
935 2349 997 2412 sibi
1020 2349 1195 2431 expediunt
1250 2358 1322 2413 sunt
1337 2350 1544 2424 inlinita‚hoc
1558 2358 1607 2412 est
1622 2349 1758 2413 infinitae
1774 2346 1976 2412 irrationabili·

447 2465 505 2529 per
526 2447 758 2511 ordinationem
781 2448 830 2510 sui
853 2448 891 2510 ad
914 2467 1021 2510 veram
1046 2447 1192 2521 salutem,
1249 2450 1370 2512 tatiset
1388 2449 1610 2512 enormitatis:
1628 2447 1748 2511 idcireo
1768 2456 1896 2530 peccato
1912 2463 1976 2508 mor·

446 2543 502 2606 sed
528 2553 623 2628 prout
646 2547 773 2628 placent
796 2555 828 2608 et
853 2553 1033 2628 congruunt
1057 2546 1194 2628 propriae
1250 2548 1303 2610 tali
1325 2548 1460 2610 debetur
1481 2566 1576 2630 poena
1596 2555 1724 2611 aeterna.

446 2650 579 2718 naturae,
595 2651 626 2706 et
648 2645 844 2708 sensualitati
867 2664 904 2708 ao
925 2644 1080 2708 voluntati
1101 2645 1140 2707 ad
1159 2662 1193 2706 se
1290 2648 1335 2709 Ex
1351 2647 1556 2729 praeinductis
1574 2645 1641 2727 jam
1661 2653 1758 2728 patet,
1775 2646 1861 2728 quod
1880 2644 1976 2726 siquis

446 2740 582 2805 reflexae.
599 2743 634 2804 ln
657 2750 813 2824 quantum
835 2742 990 2825 igiturex
1011 2761 1118 2805 amore
1143 2742 1192 2805 sui
1250 2745 1327 2808 velit
1342 2745 1490 2807 universa
1510 2751 1639 2826 peccata
1656 2745 1758 2807 vitare
1777 2763 1816 2807 ac
1835 2761 1975 2826 superare,

446 2846 592 2902 movetur
606 2841 702 2904 bomo
715 2841 755 2904 ad
770 2840 984 2923 appetendum
1001 2841 1121 2904 bonum
1142 2842 1193 2903 de·
1249 2845 1281 2905 in
1296 2843 1385 2906 omni
1399 2861 1527 2925 quoque
1543 2843 1659 2904 virtute
1675 2841 1846 2925 prolicere,
1856 2842 1910 2904 boc
1924 2840 1977 2902 solo

446 2938 604 3014 lectabile,
621 2939 667 3002 sic
687 2958 726 3002 ex
742 2940 803 3002 isto
823 2940 947 3023 privato
962 2958 1069 3003 amore
1084 2940 1192 3002 oriun·
1249 2941 1381 3023 indiget,
1397 2950 1432 3003 ut
1453 2941 1636 3023 improbum
1652 2941 1701 3002 sui
1722 2959 1865 3004 amorem
1881 2939 1978 3002 evellat

445 3044 497 3098 tur
510 3037 595 3118 gula,
613 3037 751 3112 luxuria,
768 3046 800 3100 et
814 3037 961 3120 plurimae
976 3039 1141 3112 vanitates,
1158 3040 1229 3103 uto
1248 3041 1286 3102 de
1303 3040 1397 3103 corde
1412 3057 1481 3114 suo,
1498 3048 1530 3102 et
1549 3038 1661 3120 diligat
1680 3059 1714 3102 se
1733 3038 1766 3100 in
1783 3040 1859 3102 Deo.
1876 3039 1977 3118 Nempe

443 3133 524 3209 ludi,
539 3135 615 3216 joci,
634 3137 729 3212 risus,
746 3136 879 3210 choreae,
896 3136 1074 3218 amplexus,
1090 3143 1193 3198 tactus
1248 3157 1282 3201 se
1298 3139 1330 3199 in
1346 3138 1410 3200 Deo
1424 3138 1568 3218 diligere,
1585 3145 1633 3200 est
1646 3155 1683 3199 ea
1698 3137 1780 3200 velle
1797 3145 1830 3200 et
1848 3145 1978 3220 appetere

444 3240 476 3295 et
499 3235 608 3297 oscula
632 3234 836 3297 carnalitatis.
860 3234 1015 3316 Denique,
1036 3236 1069 3297 in
1094 3253 1193 3317 quan·
1247 3257 1318 3319 quae
1334 3237 1395 3298 sibi
1411 3235 1587 3318 expediunt
1600 3236 1639 3297 ad
1655 3235 1916 3318 complacendum
1934 3235 1979 3295 llo

443 3338 512 3393 tum
528 3351 567 3394 ex
584 3333 731 3414 improbo
746 3333 796 3395 sui
812 3349 920 3395 amoro
936 3341 1083 3395 movetur
1098 3333 1194 3396 bomo
1249 3335 1337 3399 mino
1357 3336 1431 3408 Deo,
1447 3334 1486 3397 ad
1506 3334 1727 3397 honorandum
1748 3353 1824 3396 eum
1847 3335 1878 3396 in
1894 3330 1978 3396 omni·

443 3429 482 3492 ad
507 3431 723 3512 appetendum
752 3429 836 3493 bona
865 3430 967 3506 utilia,
993 3431 1039 3493 sic
1063 3449 1101 3492 ex
1130 3430 1192 3493 isto
1250 3433 1321 3507 bus,
1342 3434 1381 3496 ad
1401 3432 1610 3495 obtinendum
1630 3432 1864 3495 beatitudinem
1882 3430 1979 3512 sempi-

445 3545 552 3591 amore
577 3538 752 3592 nascuntur
775 3529 917 3602 avaritia,
938 3529 1041 3603 dolus,
1063 3528 1191 3592 fraudu·
1249 3539 1382 3594 ternam.
1400 3532 1472 3594 llaec
1490 3537 1597 3594 autem
1617 3539 1693 3593 sunt
1707 3530 1843 3594 virtutes
1862 3537 1978 3592 etactus

446 3626 554 3700 lentia,
571 3626 666 3701 furta,
683 3627 812 3709 rapinaa,
824 3635 856 3688 et
870 3627 932 3688 alia
946 3626 1192 3690 innumerabilia
1249 3648 1370 3704 earum,
1397 3637 1499 3711 puta:
1519 3629 1694 3704 humilitas,
1719 3629 1884 3711 patientia,
1907 3645 1979 3690 man·

447 3725 539 3787 mala.
550 3726 583 3787 ln
601 3731 755 3807 quantum
770 3742 845 3788 vero
860 3743 899 3788 ex
914 3743 1020 3788 amore
1036 3726 1095 3788 boc
1112 3726 1193 3788 inor·
1249 3727 1395 3802 suetudo,
1417 3728 1529 3810 pietas,
1548 3727 1750 3801 abstinentia,
1770 3726 1907 3800 devotio,
1925 3743 1979 3788 ora·

447 3823 556 3885 dinato
571 3832 718 3886 movetur
732 3823 827 3886 bomo
841 3824 880 3885 ad
896 3823 979 3886 bona
993 3824 1135 3898 honesta,
1147 3824 1193 3886 vi·
1249 3826 1304 3900 tio,
1328 3845 1362 3888 se
1386 3826 1492 3907 ipsum
1517 3825 1698 3900 humiliare,
1723 3825 1804 3889 alios
1829 3826 1976 3894 bonorare,

447 3921 563 3983 delicet
582 3921 621 3984 ad
640 3922 861 3984 excellentiam
877 3929 909 3984 et
928 3922 1075 3996 bonoreS,
1092 3922 1135 3985 ita
1154 3941 1193 3985 ex
1248 3924 1381 3986 adversa
1399 3923 1621 4006 equanimiter
1635 3924 1806 3998 sustinere,
1823 3941 1916 4006 opera
1933 3919 1978 3982 mi·

446 4038 484 4083 eo
504 4027 675 4083 causantur
693 4020 854 4102 superbia,
870 4020 1014 4095 ambitio,
1030 4040 1112 4083 vana
1130 4021 1194 4101 glo·
1249 4023 1428 4086 sericordiea
1443 4021 1688 4097 exercere‚iram
1705 4022 1978 4104 reprimere,llenm

444 4119 503 4194 ria,
520 4119 593 4182 vani
608 4125 738 4182 ornatus
753 4126 785 4181 et
802 4119 1013 4193 curiositates,
1028 4120 1192 4200 jactantia,
1249 4121 1477 4203 superomnia
1500 4139 1672 4202 praeamare
1697 4128 1730 4182 et
1757 4120 1838 4184 alios
1867 4127 1979 4183 cunctos
2063 4111 2064 4124 ¹

444 4217 625 4292 ostentatio,
647 4215 865 4300 presumptio,
881 4224 976 4298 atque
995 4217 1190 4298 hujusmodi.
1209 4221 1233 4283 D
1250 4219 1282 4281 in
1299 4219 1363 4281 Deo
1377 4218 1566 4300 diligere,ad
1582 4218 1637 4280 Dei
1652 4217 1808 4300 obsequia
1823 4217 1979 4281 [ementem

483 4318 592 4400 ltaque
614 4333 704 4378 amor
723 4314 783 4377 iste
805 4315 948 4397 privatus
971 4324 1056 4378 recte
1076 4316 1194 4378 dicitur
1248 4337 1285 4380 ac
1309 4318 1447 4379 alacrem
1472 4335 1553 4392 esse,
1579 4335 1612 4378 se
1637 4317 1742 4398 ipsum
1770 4335 1831 4398 pro
1859 4314 1979 4400 propriis

444 4434 587 4478 crescere
610 4413 772 4496 usquead
796 4414 851 4476 Dei
872 4421 1102 4496 contemptum,
1118 4415 1194 4497 quia
1250 4415 1389 4498 peccatis
1414 4414 1556 4497 quotidie
1580 4415 1744 4496 castigare,
1761 4415 1897 4478 aliorum
1916 4429 1979 4495 quo-

445 4514 568 4576 induoit
582 4513 746 4577 bominem
765 4511 804 4573 ad
824 4513 1039 4594 appetendum
1059 4533 1130 4594 quae
1147 4521 1192 4575 ta·
1250 4533 1312 4596 que
1327 4521 1456 4596 peccata
1470 4512 1600 4588 deflere,
1618 4521 1776 4596 precepta
1796 4514 1939 4576 Ecclesia
1953 4511 1978 4573 in

444 4619 495 4673 cta
509 4617 707 4682 suntcontra
722 4609 777 4672 bei
795 4618 1002 4692 praeoepta,et
1016 4611 1102 4693 quod
1117 4631 1193 4694 prae·
1247 4613 1423 4693 jejunando
1450 4632 1486 4674 ao
1515 4611 1694 4675 festinando
1722 4611 1870 4695 implere,
1893 4627 1979 4674 corre-

444 4709 536 4792 ponit
550 4727 584 4770 se
599 4708 705 4789 ipsum
720 4709 795 4770 Deo.
811 4708 870 4782 Qui
891 4709 977 4771 enim
994 4709 1039 4772 sic
1054 4718 1140 4773 amat
1157 4730 1191 4774 se
1249 4711 1374 4793 ptiones
1406 4718 1501 4793 atque
1532 4711 1744 4774 correctiones
1774 4710 1926 4775 fraternas
1949 4725 1978 4769 aa

443 4808 477 4869 in
492 4805 623 4880 se,lacit
637 4824 671 4867 se
688 4806 793 4888 ipsum
808 4806 909 4869 linem
926 4808 976 4869 sui
991 4808 1104 4890 ipsiuS,
1116 4810 1191 4891 quia
1248 4817 1394 4891 paternas
1410 4809 1583 4884 caritative,
1600 4817 1759 4890 gratanter
1772 4829 1809 4872 ac
1826 4811 1879 4895 pie
1892 4807 1977 4872 susci·

443 4924 506 4968 non
522 4905 696 4967 ordinatae
711 4912 743 4966 et
761 4911 851 4967 actus
870 4922 944 4967 suos
964 4906 1003 4967 ad
1019 4906 1074 4968 Dei
1093 4907 1191 4971 bono-
1247 4927 1334 4990 pere,
1350 4926 1448 4990 seque
1465 4909 1497 4970 in
1516 4909 1667 4971 omnibus
1685 4909 1900 4990 exemplarem
1914 4925 1977 4990 pre

444 5023 511 5067 rem
527 5011 558 5067 et
572 5002 718 5084 gloriam,
734 5021 839 5085 neque
858 5004 898 5065 ad
919 5021 1026 5066 veram
1043 5004 1189 5080 salutem,
1247 5007 1332 5068 bere.
1349 5006 1411 5069 lsta
1425 5015 1457 5069 θῖ
1476 5005 1656 5070 consimilia
1670 5015 1745 5069 sunt
1762 5024 1862 5089 opera
1875 5004 1976 5069 amoris
2062 5045 2063 5058 ,

444 5121 515 5186 quae
529 5102 560 5163 in
577 5101 632 5163 Dei
648 5100 801 5164 fruitione
819 5101 982 5180 consistit;
999 5102 1053 5164 sed
1073 5100 1191 5166 lruitur
1247 5105 1297 5168 sui
1318 5105 1351 5167 in
1373 5106 1447 5168 Deo.

443 5201 617 5284 semetipso
638 5208 670 5264 et
691 5199 791 5262 utitur
812 5200 877 5264 Deo
899 5219 936 5262 ac
960 5201 1052 5264 donis
1077 5201 1188 5283 ipsius,
1286 5204 1449 5278 Praeterea,
1465 5222 1554 5268 amor
1578 5203 1633 5267 Dei
1658 5222 1803 5268 crescens
1829 5221 1926 5287 usque
1945 5198 1976 5263 ad

429 5300 520 5388 quia
533 5300 572 5363 ad
587 5299 804 5383 deliciandum
818 5318 855 5362 ac
869 5299 1133 5382 prosperandum,
1144 5309 1191 5364 at·
1248 5309 1467 5385 contemptum
1483 5304 1544 5379 sui,
1561 5312 1610 5368 est
1624 5304 1737 5368 caritas
1752 5303 1924 5394 spiritualis
1940 5301 1977 5390 in·
