<?xml version="1.0" encoding="UTF-8"?>
<!DOCTYPE html PUBLIC "-//W3C//DTD XHTML 1.0 Transitional//EN"
    "http://www.w3.org/TR/xhtml1/DTD/xhtml1-transitional.dtd">
<html xmlns="http://www.w3.org/1999/xhtml" xml:lang="en" lang="en">
 <head>
  <title>
</title>
<meta http-equiv="Content-Type" content="text/html;charset=utf-8" />
  <meta name='ocr-system' content='tesseract 3.04.00' />
  <meta name='ocr-capabilities' content='ocr_page ocr_carea ocr_par ocr_line ocrx_word'/>
</head>
<body>
  <div class='ocr_page' id='page_1' title='image "./doctorisecstati01unkngoog_0613.png"; bbox 0 0 4192 6258; ppageno 0'>
   <div class='ocr_carea' id='block_1_1' title="bbox 431 504 492 570">
    <p class='ocr_par' dir='ltr' id='par_1_1' title="bbox 431 504 492 570">
     <span class='ocr_line' id='line_1_1' title="bbox 431 504 492 570; baseline 0 0"><span class='ocrx_word' id='word_1_1' title='bbox 431 504 492 570; x_wconf 74' lang='lat'><strong>582</strong></span> 
     </span>
    </p>
   </div>
   <div class='ocr_carea' id='block_1_2' title="bbox 645 521 1769 586">
    <p class='ocr_par' dir='ltr' id='par_1_2' title="bbox 645 521 1769 586">
     <span class='ocr_line' id='line_1_2' title="bbox 645 521 1769 586; baseline -0.004 -16"><span class='ocrx_word' id='word_1_2' title='bbox 645 521 794 570; x_wconf 67' lang='lat' dir='ltr'><strong>nonnitus</strong></span> <span class='ocrx_word' id='word_1_3' title='bbox 814 523 868 569; x_wconf 75' lang='lat' dir='ltr'><strong>XXI</strong></span> <span class='ocrx_word' id='word_1_4' title='bbox 888 523 961 570; x_wconf 80' lang='lat' dir='ltr'>POST</span> <span class='ocrx_word' id='word_1_5' title='bbox 980 523 1174 570; x_wconf 77' lang='lat' dir='ltr'><strong>TlllNl&#39;lATllll.</strong></span> <span class='ocrx_word' id='word_1_6' title='bbox 1196 541 1236 552; x_wconf 93' lang='lat'><strong>·-</strong></span> <span class='ocrx_word' id='word_1_7' title='bbox 1256 522 1298 570; x_wconf 73' lang='lat' dir='ltr'><strong>Ab</strong></span> <span class='ocrx_word' id='word_1_8' title='bbox 1317 522 1513 586; x_wconf 80' lang='lat' dir='ltr'><strong>sst1o10s0s;</strong></span> <span class='ocrx_word' id='word_1_9' title='bbox 1536 522 1635 570; x_wconf 73' lang='lat' dir='ltr'>SERHO</span> <span class='ocrx_word' id='word_1_10' title='bbox 1656 521 1769 568; x_wconf 74' lang='lat' dir='ltr'><strong>smus</strong></span> 
     </span>
    </p>
   </div>
   <div class='ocr_carea' id='block_1_3' title="bbox 433 689 1968 776">
    <p class='ocr_par' dir='ltr' id='par_1_3' title="bbox 433 689 1968 776">
     <span class='ocr_line' id='line_1_3' title="bbox 433 689 1968 776; baseline -0.003 -20"><span class='ocrx_word' id='word_1_11' title='bbox 433 693 516 757; x_wconf 88' lang='lat' dir='ltr'><strong>sicut</strong></span> <span class='ocrx_word' id='word_1_12' title='bbox 530 693 628 756; x_wconf 89' lang='lat' dir='ltr'><strong>lorica</strong></span> <span class='ocrx_word' id='word_1_13' title='bbox 648 711 763 776; x_wconf 92' lang='lat' dir='ltr'><strong>corpus</strong></span> <span class='ocrx_word' id='word_1_14' title='bbox 783 693 894 767; x_wconf 88' lang='lat' dir='ltr'><strong>ambit,</strong></span> <span class='ocrx_word' id='word_1_15' title='bbox 910 693 989 774; x_wconf 89' lang='lat' dir='ltr'><strong>tegit</strong></span> <span class='ocrx_word' id='word_1_16' title='bbox 1007 711 1044 755; x_wconf 88' lang='lat' dir='ltr'><strong>aa</strong></span> <span class='ocrx_word' id='word_1_17' title='bbox 1065 693 1179 766; x_wconf 87' lang='lat' dir='ltr'><strong>munit,</strong></span> <span class='ocrx_word' id='word_1_18' title='bbox 1195 691 1221 754; x_wconf 87' lang='grc' dir='ltr'>Α</span> <span class='ocrx_word' id='word_1_19' title='bbox 1236 691 1299 755; x_wconf 91' lang='lat' dir='ltr'><strong>tela</strong></span> <span class='ocrx_word' id='word_1_20' title='bbox 1314 692 1503 775; x_wconf 87' lang='lat' dir='ltr'><strong>nequissimi</strong></span> <span class='ocrx_word' id='word_1_21' title='bbox 1524 691 1616 772; x_wconf 89' lang='lat' dir='ltr'><strong>ignea</strong></span> <span class='ocrx_word' id='word_1_22' title='bbox 1633 689 1848 772; x_wconf 78' lang='lat' dir='ltr'><strong>exstinguere,</strong></span> <span class='ocrx_word' id='word_1_23' title='bbox 1863 689 1919 753; x_wconf 88' lang='lat' dir='ltr'><strong>hoe</strong></span> <span class='ocrx_word' id='word_1_24' title='bbox 1930 699 1968 754; x_wconf 87' lang='lat' dir='ltr'><strong>est</strong></span> 
     </span>
    </p>
   </div>
   <div class='ocr_carea' id='block_1_4' title="bbox 431 791 1183 1853">
    <p class='ocr_par' dir='ltr' id='par_1_4' title="bbox 431 791 1183 1853">
     <span class='ocr_line' id='line_1_4' title="bbox 433 791 1182 873; baseline -0.003 -19"><span class='ocrx_word' id='word_1_25' title='bbox 433 793 480 854; x_wconf 90' lang='lat' dir='ltr'><strong>sio</strong></span> <span class='ocrx_word' id='word_1_26' title='bbox 494 791 603 854; x_wconf 91' lang='lat' dir='ltr'><strong>anima</strong></span> <span class='ocrx_word' id='word_1_27' title='bbox 623 798 729 854; x_wconf 91' lang='lat' dir='ltr'><strong>nostra</strong></span> <span class='ocrx_word' id='word_1_28' title='bbox 748 792 891 873; x_wconf 89' lang='lat' dir='ltr'><strong>undique</strong></span> <span class='ocrx_word' id='word_1_29' title='bbox 911 791 1077 854; x_wconf 78' lang='lat' dir='ltr'>decoretur</span> <span class='ocrx_word' id='word_1_30' title='bbox 1089 791 1182 872; x_wconf 87' lang='lat' dir='ltr'><strong>justi-</strong></span> 
     </span>
     <span class='ocr_line' id='line_1_5' title="bbox 432 889 1179 972; baseline -0.003 -20"><span class='ocrx_word' id='word_1_31' title='bbox 432 889 487 964; x_wconf 88' lang='lat' dir='ltr'><strong>tia,</strong></span> <span class='ocrx_word' id='word_1_32' title='bbox 515 890 689 971; x_wconf 87' lang='lat' dir='ltr'><strong>unicuique</strong></span> <span class='ocrx_word' id='word_1_33' title='bbox 713 889 848 952; x_wconf 89' lang='lat' dir='ltr'><strong>reddens</strong></span> <span class='ocrx_word' id='word_1_34' title='bbox 873 891 958 972; x_wconf 89' lang='lat' dir='ltr'><strong>quod</strong></span> <span class='ocrx_word' id='word_1_35' title='bbox 982 889 1012 952; x_wconf 93' lang='lat' dir='ltr'><strong>ei</strong></span> <span class='ocrx_word' id='word_1_36' title='bbox 1035 889 1179 964; x_wconf 91' lang='lat' dir='ltr'><strong>debetur,</strong></span> 
     </span>
     <span class='ocr_line' id='line_1_6' title="bbox 432 987 1180 1070; baseline 0 -21"><span class='ocrx_word' id='word_1_37' title='bbox 432 988 497 1050; x_wconf 87' lang='lat' dir='ltr'><strong>Deo</strong></span> <span class='ocrx_word' id='word_1_38' title='bbox 513 1006 627 1069; x_wconf 90' lang='lat' dir='ltr'><strong>puram</strong></span> <span class='ocrx_word' id='word_1_39' title='bbox 644 987 871 1050; x_wconf 86' lang='lat' dir='ltr'><strong>conscientiam</strong></span> <span class='ocrx_word' id='word_1_40' title='bbox 888 996 919 1049; x_wconf 94' lang='lat' dir='ltr'><strong>et</strong></span> <span class='ocrx_word' id='word_1_41' title='bbox 933 987 1098 1061; x_wconf 81' lang='lat' dir='ltr'>honorem,</span> <span class='ocrx_word' id='word_1_42' title='bbox 1110 1004 1180 1070; x_wconf 95' lang='lat' dir='ltr'><strong>pro·</strong></span> 
     </span>
     <span class='ocr_line' id='line_1_7' title="bbox 432 1085 1182 1160; baseline -0.001 -12"><span class='ocrx_word' id='word_1_43' title='bbox 432 1086 527 1148; x_wconf 89' lang='lat' dir='ltr'><strong>ximis</strong></span> <span class='ocrx_word' id='word_1_44' title='bbox 549 1085 663 1148; x_wconf 90' lang='lat' dir='ltr'><strong>bonam</strong></span> <span class='ocrx_word' id='word_1_45' title='bbox 684 1085 813 1160; x_wconf 89' lang='lat' dir='ltr'><strong>famam,</strong></span> <span class='ocrx_word' id='word_1_46' title='bbox 831 1085 1001 1148; x_wconf 91' lang='lat' dir='ltr'><strong>consilium</strong></span> <span class='ocrx_word' id='word_1_47' title='bbox 1022 1092 1053 1147; x_wconf 88' lang='lat' dir='ltr'><strong>et</strong></span> <span class='ocrx_word' id='word_1_48' title='bbox 1068 1085 1182 1148; x_wconf 93' lang='lat' dir='ltr'><strong>auxili·</strong></span> 
     </span>
     <span class='ocr_line' id='line_1_8' title="bbox 433 1183 1179 1259; baseline -0.001 -12"><span class='ocrx_word' id='word_1_49' title='bbox 433 1203 499 1256; x_wconf 94' lang='lat' dir='ltr'><strong>um,</strong></span> <span class='ocrx_word' id='word_1_50' title='bbox 515 1203 552 1246; x_wconf 89' lang='lat' dir='ltr'><strong>ac</strong></span> <span class='ocrx_word' id='word_1_51' title='bbox 578 1183 750 1246; x_wconf 89' lang='lat' dir='ltr'><strong>fraternam</strong></span> <span class='ocrx_word' id='word_1_52' title='bbox 774 1185 805 1246; x_wconf 91' lang='lat' dir='ltr'><strong>in</strong></span> <span class='ocrx_word' id='word_1_53' title='bbox 830 1184 980 1246; x_wconf 92' lang='lat' dir='ltr'><strong>omnibus</strong></span> <span class='ocrx_word' id='word_1_54' title='bbox 1005 1185 1179 1259; x_wconf 89' lang='lat' dir='ltr'><strong>caritatem,</strong></span> 
     </span>
     <span class='ocr_line' id='line_1_9' title="bbox 431 1281 1180 1365; baseline -0.001 -21"><span class='ocrx_word' id='word_1_55' title='bbox 431 1281 591 1364; x_wconf 83' lang='lat' dir='ltr'><strong>superiori</strong></span> <span class='ocrx_word' id='word_1_56' title='bbox 607 1281 833 1357; x_wconf 91' lang='lat' dir='ltr'><strong>obedientiam,</strong></span> <span class='ocrx_word' id='word_1_57' title='bbox 850 1281 912 1344; x_wconf 91' lang='lat' dir='ltr'><strong>sibi</strong></span> <span class='ocrx_word' id='word_1_58' title='bbox 933 1283 995 1365; x_wconf 90' lang='lat' dir='ltr'><strong>ipsi</strong></span> <span class='ocrx_word' id='word_1_59' title='bbox 1011 1283 1115 1344; x_wconf 89' lang='lat' dir='ltr'><strong>cordis</strong></span> <span class='ocrx_word' id='word_1_60' title='bbox 1131 1282 1180 1344; x_wconf 91' lang='lat' dir='ltr'><strong>sui</strong></span> 
     </span>
     <span class='ocr_line' id='line_1_10' title="bbox 432 1379 1182 1460; baseline 0.001 -19"><span class='ocrx_word' id='word_1_61' title='bbox 432 1379 621 1442; x_wconf 87' lang='lat' dir='ltr'><strong>custodiam.</strong></span> <span class='ocrx_word' id='word_1_62' title='bbox 639 1380 754 1460; x_wconf 91' lang='lat' dir='ltr'><strong>Sicque</strong></span> <span class='ocrx_word' id='word_1_63' title='bbox 775 1380 807 1440; x_wconf 91' lang='lat' dir='ltr'><strong>in</strong></span> <span class='ocrx_word' id='word_1_64' title='bbox 829 1380 952 1442; x_wconf 89' lang='lat' dir='ltr'><strong>cunctis</strong></span> <span class='ocrx_word' id='word_1_65' title='bbox 971 1380 1132 1442; x_wconf 85' lang='lat' dir='ltr'><strong>sincerum</strong></span> <span class='ocrx_word' id='word_1_66' title='bbox 1150 1387 1182 1442; x_wconf 89' lang='lat' dir='ltr'><strong>et</strong></span> 
     </span>
     <span class='ocr_line' id='line_1_11' title="bbox 432 1476 1181 1558; baseline 0 -18"><span class='ocrx_word' id='word_1_67' title='bbox 432 1477 607 1540; x_wconf 88' lang='lat' dir='ltr'><strong>discretum</strong></span> <span class='ocrx_word' id='word_1_68' title='bbox 632 1476 806 1540; x_wconf 82' lang='lat' dir='ltr'><strong>habeamus</strong></span> <span class='ocrx_word' id='word_1_69' title='bbox 830 1478 961 1558; x_wconf 78' lang='lat' dir='ltr'><strong>justitiae</strong></span> <span class='ocrx_word' id='word_1_70' title='bbox 981 1478 1096 1553; x_wconf 90' lang='lat' dir='ltr'><strong>zelum,</strong></span> <span class='ocrx_word' id='word_1_71' title='bbox 1115 1496 1181 1540; x_wconf 94' lang='lat' dir='ltr'><strong>om-</strong></span> 
     </span>
     <span class='ocr_line' id='line_1_12' title="bbox 432 1575 1181 1650; baseline 0.001 -13"><span class='ocrx_word' id='word_1_72' title='bbox 432 1594 507 1638; x_wconf 85' lang='lat' dir='ltr'><strong>nem</strong></span> <span class='ocrx_word' id='word_1_73' title='bbox 533 1575 744 1638; x_wconf 85' lang='lat' dir='ltr'><strong>inordinatam</strong></span> <span class='ocrx_word' id='word_1_74' title='bbox 769 1575 986 1650; x_wconf 89' lang='lat' dir='ltr'><strong>affectionem,</strong></span> <span class='ocrx_word' id='word_1_75' title='bbox 1007 1575 1181 1638; x_wconf 92' lang='lat' dir='ltr'><strong>simulatio-</strong></span> 
     </span>
     <span class='ocr_line' id='line_1_13' title="bbox 433 1673 1181 1756; baseline 0.003 -21"><span class='ocrx_word' id='word_1_76' title='bbox 433 1692 519 1747; x_wconf 91' lang='lat' dir='ltr'><strong>nem,</strong></span> <span class='ocrx_word' id='word_1_77' title='bbox 536 1674 763 1748; x_wconf 86' lang='lat' dir='ltr'><strong>adulationem,</strong></span> <span class='ocrx_word' id='word_1_78' title='bbox 780 1673 926 1737; x_wconf 89' lang='lat' dir='ltr'><strong>fraudem</strong></span> <span class='ocrx_word' id='word_1_79' title='bbox 943 1675 1181 1756; x_wconf 81' lang='lat' dir='ltr'><strong>versutiamque</strong></span> 
     </span>
     <span class='ocr_line' id='line_1_14' title="bbox 433 1771 1183 1853; baseline 0.004 -21"><span class='ocrx_word' id='word_1_80' title='bbox 433 1771 581 1846; x_wconf 89' lang='lat' dir='ltr'><strong>vitantes,</strong></span> <span class='ocrx_word' id='word_1_81' title='bbox 599 1779 755 1853; x_wconf 87' lang='lat' dir='ltr'><strong>quatenus</strong></span> <span class='ocrx_word' id='word_1_82' title='bbox 775 1790 881 1835; x_wconf 89' lang='lat' dir='ltr'><strong>coram</strong></span> <span class='ocrx_word' id='word_1_83' title='bbox 898 1773 962 1835; x_wconf 87' lang='lat' dir='ltr'><strong>Deo</strong></span> <span class='ocrx_word' id='word_1_84' title='bbox 980 1773 1081 1835; x_wconf 89' lang='lat' dir='ltr'><strong>simus</strong></span> <span class='ocrx_word' id='word_1_85' title='bbox 1096 1791 1183 1835; x_wconf 90' lang='lat' dir='ltr'><strong>vera-</strong></span> 
     </span>
    </p>
   </div>
   <div class='ocr_carea' id='block_1_5' title="bbox 1236 789 1967 869">
    <p class='ocr_par' dir='ltr' id='par_1_5' title="bbox 1236 789 1967 869">
     <span class='ocr_line' id='line_1_15' title="bbox 1236 789 1967 869; baseline 0 -17"><span class='ocrx_word' id='word_1_86' title='bbox 1236 790 1466 854; x_wconf 89' lang='lat' dir='ltr'><strong>diaholicorum</strong></span> <span class='ocrx_word' id='word_1_87' title='bbox 1481 798 1750 854; x_wconf 81' lang='lat' dir='ltr'><strong>tentamentorum</strong></span> <span class='ocrx_word' id='word_1_88' title='bbox 1770 789 1879 869; x_wconf 87' lang='lat' dir='ltr'><strong>jacula</strong></span> <span class='ocrx_word' id='word_1_89' title='bbox 1891 799 1967 852; x_wconf 87' lang='lat' dir='ltr'><strong>acuta</strong></span> 
     </span>
    </p>
   </div>
   <div class='ocr_carea' id='block_1_6' title="bbox 1236 887 2071 972">
    <p class='ocr_par' dir='ltr' id='par_1_6' title="bbox 1236 887 2071 972">
     <span class='ocr_line' id='line_1_16' title="bbox 1236 887 2071 972; baseline 0.006 -23"><span class='ocrx_word' id='word_1_90' title='bbox 1236 907 1272 950; x_wconf 89' lang='lat' dir='ltr'><strong>ac</strong></span> <span class='ocrx_word' id='word_1_91' title='bbox 1287 889 1489 952; x_wconf 83' lang='lat' dir='ltr'><strong>vehementia</strong></span> <span class='ocrx_word' id='word_1_92' title='bbox 1508 907 1669 971; x_wconf 93' lang='lat' dir='ltr'><strong>superare,</strong></span> <span class='ocrx_word' id='word_1_93' title='bbox 1686 889 1754 950; x_wconf 89' lang='lat' dir='ltr'><strong>sive</strong></span> <span class='ocrx_word' id='word_1_94' title='bbox 1774 888 1815 950; x_wconf 89' lang='lat' dir='ltr'><strong>de</strong></span> <span class='ocrx_word' id='word_1_95' title='bbox 1830 887 1912 950; x_wconf 90' lang='lat' dir='ltr'><strong>vitiis</strong></span> <span class='ocrx_word' id='word_1_96' title='bbox 1924 906 1968 968; x_wconf 90' lang='lat' dir='ltr'><strong>gu-</strong></span> <span class='ocrx_word' id='word_1_97' title='bbox 2070 901 2071 972; x_wconf 75' lang='lat' dir='ltr'><strong>j</strong></span> 
     </span>
    </p>
   </div>
   <div class='ocr_carea' id='block_1_7' title="bbox 1235 985 2049 1373">
    <p class='ocr_par' dir='ltr' id='par_1_7' title="bbox 1235 985 2049 1373">
     <span class='ocr_line' id='line_1_17' title="bbox 1236 985 1967 1069; baseline -0.001 -20"><span class='ocrx_word' id='word_1_98' title='bbox 1236 987 1274 1050; x_wconf 78' lang='lat' dir='ltr'><strong>le</strong></span> <span class='ocrx_word' id='word_1_99' title='bbox 1297 996 1392 1069; x_wconf 91' lang='lat' dir='ltr'><strong>atque</strong></span> <span class='ocrx_word' id='word_1_100' title='bbox 1416 987 1620 1062; x_wconf 88' lang='lat' dir='ltr'><strong>carnalitatis,</strong></span> <span class='ocrx_word' id='word_1_101' title='bbox 1646 988 1715 1050; x_wconf 88' lang='lat' dir='ltr'><strong>sive</strong></span> <span class='ocrx_word' id='word_1_102' title='bbox 1742 987 1782 1048; x_wconf 88' lang='lat' dir='ltr'><strong>de</strong></span> <span class='ocrx_word' id='word_1_103' title='bbox 1810 985 1967 1048; x_wconf 86' lang='lat' dir='ltr'><strong>ambitione</strong></span> 
     </span>
     <span class='ocr_line' id='line_1_18' title="bbox 1235 1084 1968 1169; baseline -0.004 -21"><span class='ocrx_word' id='word_1_104' title='bbox 1235 1093 1289 1148; x_wconf 92' lang='lat' dir='ltr'><strong>aut</strong></span> <span class='ocrx_word' id='word_1_105' title='bbox 1303 1086 1412 1148; x_wconf 83' lang='lat' dir='ltr'><strong>acedia</strong></span> <span class='ocrx_word' id='word_1_106' title='bbox 1431 1104 1489 1149; x_wconf 92' lang='lat' dir='ltr'><strong>nos</strong></span> <span class='ocrx_word' id='word_1_107' title='bbox 1509 1087 1709 1169; x_wconf 81' lang='lat' dir='ltr'><strong>impugnent,</strong></span> <span class='ocrx_word' id='word_1_108' title='bbox 1725 1103 1798 1167; x_wconf 79' lang='lat' dir='ltr'><strong>quaa</strong></span> <span class='ocrx_word' id='word_1_109' title='bbox 1816 1085 1920 1147; x_wconf 87' lang='lat' dir='ltr'><strong>omnia</strong></span> <span class='ocrx_word' id='word_1_110' title='bbox 1933 1084 1968 1146; x_wconf 86' lang='lat' dir='ltr'><strong>fa·</strong></span> 
     </span>
     <span class='ocr_line' id='line_1_19' title="bbox 1236 1183 1967 1265; baseline -0.003 -20"><span class='ocrx_word' id='word_1_111' title='bbox 1236 1185 1296 1246; x_wconf 88' lang='lat' dir='ltr'><strong>alle</strong></span> <span class='ocrx_word' id='word_1_112' title='bbox 1326 1192 1586 1258; x_wconf 88' lang='lat' dir='ltr'><strong>contemnuntur,</strong></span> <span class='ocrx_word' id='word_1_113' title='bbox 1611 1183 1638 1246; x_wconf 86' lang='lat' dir='ltr'><strong>si</strong></span> <span class='ocrx_word' id='word_1_114' title='bbox 1667 1184 1723 1245; x_wconf 90' lang='lat' dir='ltr'><strong>illa</strong></span> <span class='ocrx_word' id='word_1_115' title='bbox 1750 1189 1898 1265; x_wconf 72' lang='lat' dir='ltr'><strong>praetacta</strong></span> <span class='ocrx_word' id='word_1_116' title='bbox 1920 1183 1967 1244; x_wconf 90' lang='lat' dir='ltr'><strong>rilc</strong></span> 
     </span>
     <span class='ocr_line' id='line_1_20' title="bbox 1235 1281 2049 1373; baseline -0.004 -29"><span class='ocrx_word' id='word_1_117' title='bbox 1235 1291 1419 1364; x_wconf 86' lang='lat' dir='ltr'><strong>pensentur.</strong></span> <span class='ocrx_word' id='word_1_118' title='bbox 1437 1283 1524 1346; x_wconf 91' lang='lat' dir='ltr'><strong>Unde</strong></span> <span class='ocrx_word' id='word_1_119' title='bbox 1546 1290 1578 1344; x_wconf 92' lang='lat' dir='ltr'><strong>et</strong></span> <span class='ocrx_word' id='word_1_120' title='bbox 1598 1281 1721 1363; x_wconf 89' lang='lat' dir='ltr'><strong>galeam</strong></span> <span class='ocrx_word' id='word_1_121' title='bbox 1743 1281 1868 1354; x_wconf 87' lang='lat' dir='ltr'><strong>salutis,</strong></span> <span class='ocrx_word' id='word_1_122' title='bbox 1884 1281 1911 1342; x_wconf 92' lang='lat' dir='ltr'><strong>id</strong></span> <span class='ocrx_word' id='word_1_123' title='bbox 1930 1287 1967 1342; x_wconf 85' lang='lat' dir='ltr'><strong>est</strong></span> <span class='ocrx_word' id='word_1_124' title='bbox 1981 1295 2049 1373; x_wconf 58' lang='lat' dir='ltr'><strong>{aas</strong></span> 
     </span>
    </p>
   </div>
   <div class='ocr_carea' id='block_1_8' title="bbox 1235 1363 2072 1462">
    <p class='ocr_par' dir='ltr' id='par_1_8' title="bbox 1235 1363 2072 1462">
     <span class='ocr_line' id='line_1_21' title="bbox 1235 1363 2072 1462; baseline -0.008 -19"><span class='ocrx_word' id='word_1_125' title='bbox 1235 1396 1325 1462; x_wconf 92' lang='lat' dir='ltr'><strong>spem</strong></span> <span class='ocrx_word' id='word_1_126' title='bbox 1348 1380 1464 1444; x_wconf 82' lang='lat' dir='ltr'><strong>futurae</strong></span> <span class='ocrx_word' id='word_1_127' title='bbox 1485 1379 1658 1454; x_wconf 86' lang='lat' dir='ltr'><strong>felicitatis,</strong></span> <span class='ocrx_word' id='word_1_128' title='bbox 1675 1379 1860 1461; x_wconf 85' lang='lat' dir='ltr'><strong>specialiter</strong></span> <span class='ocrx_word' id='word_1_129' title='bbox 1880 1363 2001 1460; x_wconf 82' lang='lat' dir='ltr'><strong>expri·¹&#39;·</strong></span> <span class='ocrx_word' id='word_1_130' title='bbox 2071 1379 2072 1382; x_wconf 75' lang='grc'>’</span> 
     </span>
    </p>
   </div>
   <div class='ocr_carea' id='block_1_9' title="bbox 1234 1478 1967 1855">
    <p class='ocr_par' dir='ltr' id='par_1_9' title="bbox 1234 1478 1967 1855">
     <span class='ocr_line' id='line_1_22' title="bbox 1236 1478 1967 1561; baseline -0.001 -21"><span class='ocrx_word' id='word_1_131' title='bbox 1236 1479 1295 1541; x_wconf 88' lang='lat' dir='ltr'><strong>mit</strong></span> <span class='ocrx_word' id='word_1_132' title='bbox 1321 1479 1507 1560; x_wconf 90' lang='lat' dir='ltr'><strong>assumique</strong></span> <span class='ocrx_word' id='word_1_133' title='bbox 1533 1478 1678 1561; x_wconf 76' lang='lat' dir='ltr'><strong>praecipit</strong></span> <span class='ocrx_word' id='word_1_134' title='bbox 1700 1485 1830 1540; x_wconf 87' lang='lat' dir='ltr'><strong>sanctus</strong></span> <span class='ocrx_word' id='word_1_135' title='bbox 1854 1478 1967 1559; x_wconf 82' lang='lat' dir='ltr'><strong>Aposto-</strong></span> 
     </span>
     <span class='ocr_line' id='line_1_23' title="bbox 1236 1575 1967 1658; baseline -0.001 -20"><span class='ocrx_word' id='word_1_136' title='bbox 1236 1576 1296 1651; x_wconf 90' lang='lat' dir='ltr'><strong>lus,</strong></span> <span class='ocrx_word' id='word_1_137' title='bbox 1315 1577 1390 1658; x_wconf 90' lang='lat' dir='ltr'><strong>quia</strong></span> <span class='ocrx_word' id='word_1_138' title='bbox 1415 1577 1441 1639; x_wconf 91' lang='lat' dir='ltr'><strong>si</strong></span> <span class='ocrx_word' id='word_1_139' title='bbox 1464 1575 1721 1640; x_wconf 73' lang='lat' dir='ltr'><strong>inestimabilem</strong></span> <span class='ocrx_word' id='word_1_140' title='bbox 1745 1575 1864 1638; x_wconf 74' lang='lat' dir='ltr'><strong>futura</strong></span> <span class='ocrx_word' id='word_1_141' title='bbox 1885 1575 1967 1637; x_wconf 90' lang='lat' dir='ltr'><strong>beati·</strong></span> 
     </span>
     <span class='ocr_line' id='line_1_24' title="bbox 1234 1673 1967 1756; baseline 0 -20"><span class='ocrx_word' id='word_1_142' title='bbox 1234 1674 1356 1736; x_wconf 90' lang='lat' dir='ltr'><strong>tudinis</strong></span> <span class='ocrx_word' id='word_1_143' title='bbox 1382 1675 1635 1756; x_wconf 81' lang='lat' dir='ltr'><strong>magnitudinem</strong></span> <span class='ocrx_word' id='word_1_144' title='bbox 1660 1673 1856 1748; x_wconf 87' lang='lat' dir='ltr'><strong>intueamur,</strong></span> <span class='ocrx_word' id='word_1_145' title='bbox 1879 1675 1967 1736; x_wconf 92' lang='lat' dir='ltr'><strong>omnis</strong></span> 
     </span>
     <span class='ocr_line' id='line_1_25' title="bbox 1235 1771 1966 1855; baseline -0.003 -20"><span class='ocrx_word' id='word_1_146' title='bbox 1235 1773 1325 1837; x_wconf 94' lang='lat' dir='ltr'><strong>labor</strong></span> <span class='ocrx_word' id='word_1_147' title='bbox 1344 1773 1416 1836; x_wconf 80' lang='lat' dir='ltr'><strong>vitra</strong></span> <span class='ocrx_word' id='word_1_148' title='bbox 1437 1773 1602 1855; x_wconf 78' lang='lat' dir='ltr'><strong>praesentis</strong></span> <span class='ocrx_word' id='word_1_149' title='bbox 1621 1773 1749 1835; x_wconf 89' lang='lat' dir='ltr'><strong>videtur</strong></span> <span class='ocrx_word' id='word_1_150' title='bbox 1769 1771 1966 1855; x_wconf 87' lang='lat' dir='ltr'><strong>permodicus,</strong></span> 
     </span>
    </p>
   </div>
   <div class='ocr_carea' id='block_1_10' title="bbox 433 1870 2073 1960">
    <p class='ocr_par' dir='ltr' id='par_1_10' title="bbox 433 1870 2073 1960">
     <span class='ocr_line' id='line_1_26' title="bbox 433 1870 2073 1960; baseline 0.001 -30"><span class='ocrx_word' id='word_1_151' title='bbox 433 1870 513 1931; x_wconf 89' lang='lat' dir='ltr'><strong>citer</strong></span> <span class='ocrx_word' id='word_1_152' title='bbox 534 1870 613 1932; x_wconf 89' lang='lat' dir='ltr'><strong>recti</strong></span> <span class='ocrx_word' id='word_1_153' title='bbox 634 1871 739 1944; x_wconf 88' lang='lat' dir='ltr'><strong>corde,</strong></span> <span class='ocrx_word' id='word_1_154' title='bbox 755 1889 860 1952; x_wconf 91' lang='lat' dir='ltr'><strong>neque</strong></span> <span class='ocrx_word' id='word_1_155' title='bbox 883 1871 915 1932; x_wconf 91' lang='lat' dir='ltr'><strong>in</strong></span> <span class='ocrx_word' id='word_1_156' title='bbox 935 1878 1000 1933; x_wconf 88' lang='lat' dir='ltr'><strong>tota</strong></span> <span class='ocrx_word' id='word_1_157' title='bbox 1019 1873 1219 1936; x_wconf 90' lang='lat' dir='ltr'><strong>conversa-B</strong></span> <span class='ocrx_word' id='word_1_158' title='bbox 1236 1879 1268 1934; x_wconf 90' lang='lat' dir='ltr'><strong>et</strong></span> <span class='ocrx_word' id='word_1_159' title='bbox 1282 1871 1386 1934; x_wconf 94' lang='lat' dir='ltr'><strong>omnis</strong></span> <span class='ocrx_word' id='word_1_160' title='bbox 1402 1871 1563 1934; x_wconf 82' lang='lat' dir='ltr'><strong>excutitur</strong></span> <span class='ocrx_word' id='word_1_161' title='bbox 1583 1871 1718 1954; x_wconf 81' lang='lat' dir='ltr'><strong>pigritiae</strong></span> <span class='ocrx_word' id='word_1_162' title='bbox 1737 1879 1857 1952; x_wconf 93' lang='lat' dir='ltr'><strong>torpor.</strong></span> <span class='ocrx_word' id='word_1_163' title='bbox 1874 1871 1927 1933; x_wconf 89' lang='lat' dir='ltr'><strong>Sed</strong></span> <span class='ocrx_word' id='word_1_164' title='bbox 1943 1879 1969 1932; x_wconf 88' lang='lat' dir='ltr'><strong>et</strong></span> <span class='ocrx_word' id='word_1_165' title='bbox 2072 1937 2073 1960; x_wconf 55' lang='lat'><strong>,</strong></span> 
     </span>
    </p>
   </div>
   <div class='ocr_carea' id='block_1_11' title="bbox 432 1968 1182 2640">
    <p class='ocr_par' dir='ltr' id='par_1_11' title="bbox 432 1968 1182 2640">
     <span class='ocr_line' id='line_1_27' title="bbox 434 1968 1182 2034; baseline 0.007 -5"><span class='ocrx_word' id='word_1_166' title='bbox 434 1968 521 2030; x_wconf 90' lang='lat' dir='ltr'><strong>tione</strong></span> <span class='ocrx_word' id='word_1_167' title='bbox 551 1975 582 2030; x_wconf 93' lang='lat' dir='ltr'><strong>et</strong></span> <span class='ocrx_word' id='word_1_168' title='bbox 612 1969 750 2032; x_wconf 88' lang='lat' dir='ltr'><strong>incolatu</strong></span> <span class='ocrx_word' id='word_1_169' title='bbox 780 1977 888 2032; x_wconf 92' lang='lat' dir='ltr'><strong>nostro</strong></span> <span class='ocrx_word' id='word_1_170' title='bbox 915 1969 947 2031; x_wconf 90' lang='lat' dir='ltr'><strong>in</strong></span> <span class='ocrx_word' id='word_1_171' title='bbox 977 1969 1093 2033; x_wconf 71' lang='lat' dir='ltr'><strong>seculo</strong></span> <span class='ocrx_word' id='word_1_172' title='bbox 1121 1970 1182 2034; x_wconf 91' lang='lat' dir='ltr'><strong>isto</strong></span> 
     </span>
     <span class='ocr_line' id='line_1_28' title="bbox 435 2065 1180 2149; baseline 0.001 -21"><span class='ocrx_word' id='word_1_173' title='bbox 435 2065 522 2128; x_wconf 88' lang='lat' dir='ltr'><strong>aliud</strong></span> <span class='ocrx_word' id='word_1_174' title='bbox 556 2066 770 2140; x_wconf 66' lang='lat' dir='ltr'><strong>intendamus</strong></span> <span class='ocrx_word' id='word_1_175' title='bbox 801 2086 991 2148; x_wconf 73' lang='lat' dir='ltr'><strong>queramus,</strong></span> <span class='ocrx_word' id='word_1_176' title='bbox 1021 2076 1180 2149; x_wconf 89' lang='lat' dir='ltr'><strong>optemus,</strong></span> 
     </span>
     <span class='ocr_line' id='line_1_29' title="bbox 432 2163 1181 2246; baseline 0.003 -21"><span class='ocrx_word' id='word_1_177' title='bbox 432 2163 495 2225; x_wconf 93' lang='lat' dir='ltr'><strong>nisi</strong></span> <span class='ocrx_word' id='word_1_178' title='bbox 516 2163 571 2226; x_wconf 89' lang='lat' dir='ltr'><strong>Dei</strong></span> <span class='ocrx_word' id='word_1_179' title='bbox 589 2164 740 2227; x_wconf 86' lang='lat' dir='ltr'><strong>adorandi</strong></span> <span class='ocrx_word' id='word_1_180' title='bbox 760 2173 792 2227; x_wconf 91' lang='lat' dir='ltr'><strong>et</strong></span> <span class='ocrx_word' id='word_1_181' title='bbox 814 2165 975 2228; x_wconf 88' lang='lat' dir='ltr'><strong>benedicti</strong></span> <span class='ocrx_word' id='word_1_182' title='bbox 994 2166 1128 2246; x_wconf 92' lang='lat' dir='ltr'><strong>gloriam</strong></span> <span class='ocrx_word' id='word_1_183' title='bbox 1150 2173 1181 2228; x_wconf 89' lang='lat' dir='ltr'><strong>et</strong></span> 
     </span>
     <span class='ocr_line' id='line_1_30' title="bbox 432 2260 1180 2338; baseline 0.005 -16"><span class='ocrx_word' id='word_1_184' title='bbox 432 2260 598 2336; x_wconf 88' lang='lat' dir='ltr'><strong>honorem,</strong></span> <span class='ocrx_word' id='word_1_185' title='bbox 624 2262 803 2325; x_wconf 90' lang='lat' dir='ltr'><strong>animarum</strong></span> <span class='ocrx_word' id='word_1_186' title='bbox 833 2271 1012 2326; x_wconf 90' lang='lat' dir='ltr'><strong>nostrarum</strong></span> <span class='ocrx_word' id='word_1_187' title='bbox 1036 2264 1180 2338; x_wconf 88' lang='lat' dir='ltr'><strong>salutem,</strong></span> 
     </span>
     <span class='ocr_line' id='line_1_31' title="bbox 434 2359 1182 2436; baseline 0.003 -15"><span class='ocrx_word' id='word_1_188' title='bbox 434 2377 605 2422; x_wconf 88' lang='lat' dir='ltr'><strong>commune</strong></span> <span class='ocrx_word' id='word_1_189' title='bbox 628 2359 749 2422; x_wconf 90' lang='lat' dir='ltr'><strong>bonum</strong></span> <span class='ocrx_word' id='word_1_190' title='bbox 769 2361 929 2436; x_wconf 75' lang='lat' dir='ltr'><strong>Ecclesia,</strong></span> <span class='ocrx_word' id='word_1_191' title='bbox 947 2362 1182 2424; x_wconf 91' lang='lat' dir='ltr'><strong>universorum-</strong></span> 
     </span>
     <span class='ocr_line' id='line_1_32' title="bbox 437 2457 1181 2539; baseline 0.005 -21"><span class='ocrx_word' id='word_1_192' title='bbox 437 2476 499 2539; x_wconf 87' lang='lat' dir='ltr'><strong>que</strong></span> <span class='ocrx_word' id='word_1_193' title='bbox 523 2457 690 2520; x_wconf 89' lang='lat' dir='ltr'><strong>hominum</strong></span> <span class='ocrx_word' id='word_1_194' title='bbox 716 2460 968 2534; x_wconf 83' lang='lat' dir='ltr'><strong>conversionem,</strong></span> <span class='ocrx_word' id='word_1_195' title='bbox 985 2460 1181 2522; x_wconf 88' lang='lat' dir='ltr'><strong>reformatio-</strong></span> 
     </span>
     <span class='ocr_line' id='line_1_33' title="bbox 436 2555 1039 2640; baseline 0.005 -24"><span class='ocrx_word' id='word_1_196' title='bbox 436 2572 510 2616; x_wconf 89' lang='lat' dir='ltr'><strong>nem</strong></span> <span class='ocrx_word' id='word_1_197' title='bbox 533 2573 569 2617; x_wconf 89' lang='lat' dir='ltr'><strong>ao</strong></span> <span class='ocrx_word' id='word_1_198' title='bbox 591 2555 789 2630; x_wconf 80' lang='lat' dir='ltr'><strong>felicitatem,</strong></span> <span class='ocrx_word' id='word_1_199' title='bbox 811 2565 847 2619; x_wconf 89' lang='lat' dir='ltr'><strong>ut</strong></span> <span class='ocrx_word' id='word_1_200' title='bbox 868 2558 1039 2640; x_wconf 88' lang='lat' dir='ltr'><strong>propriam.</strong></span> 
     </span>
    </p>
   </div>
   <div class='ocr_carea' id='block_1_12' title="bbox 297 2653 1180 2732">
    <p class='ocr_par' dir='ltr' id='par_1_12' title="bbox 297 2653 1180 2732">
     <span class='ocr_line' id='line_1_34' title="bbox 297 2653 1180 2732; baseline -0.003 -11"><span class='ocrx_word' id='word_1_201' title='bbox 297 2675 420 2732; x_wconf 67' lang='lat' dir='ltr'><strong>apaan,</strong></span> <span class='ocrx_word' id='word_1_202' title='bbox 475 2653 648 2726; x_wconf 91' lang='lat' dir='ltr'><strong>Postremo,</strong></span> <span class='ocrx_word' id='word_1_203' title='bbox 670 2655 702 2715; x_wconf 93' lang='lat' dir='ltr'><strong>in</strong></span> <span class='ocrx_word' id='word_1_204' title='bbox 723 2655 847 2717; x_wconf 88' lang='lat' dir='ltr'><strong>cunctis</strong></span> <span class='ocrx_word' id='word_1_205' title='bbox 869 2675 1035 2718; x_wconf 91' lang='lat' dir='ltr'><strong>sumamus</strong></span> <span class='ocrx_word' id='word_1_206' title='bbox 1054 2665 1180 2718; x_wconf 88' lang='lat' dir='ltr'><strong>scutum</strong></span> 
     </span>
    </p>
   </div>
   <div class='ocr_carea' id='block_1_13' title="bbox 289 2740 322 2782">
    <p class='ocr_par' dir='ltr' id='par_1_13' title="bbox 289 2740 322 2782">
     <span class='ocr_line' id='line_1_35' title="bbox 289 2740 322 2782; baseline 0 -1"><span class='ocrx_word' id='word_1_207' title='bbox 289 2740 322 2782; x_wconf 74' lang='lat' dir='ltr'><strong>lb.</strong></span> 
     </span>
    </p>
   </div>
   <div class='ocr_carea' id='block_1_14' title="bbox 433 2750 1182 3033">
    <p class='ocr_par' dir='ltr' id='par_1_14' title="bbox 433 2750 1182 3033">
     <span class='ocr_line' id='line_1_36' title="bbox 434 2750 1181 2835; baseline 0.003 -21"><span class='ocrx_word' id='word_1_208' title='bbox 434 2750 523 2824; x_wconf 92' lang='lat' dir='ltr'><strong>fidei,</strong></span> <span class='ocrx_word' id='word_1_209' title='bbox 538 2751 568 2812; x_wconf 90' lang='lat' dir='ltr'><strong>ld</strong></span> <span class='ocrx_word' id='word_1_210' title='bbox 584 2759 643 2824; x_wconf 91' lang='lat' dir='ltr'><strong>est,</strong></span> <span class='ocrx_word' id='word_1_211' title='bbox 656 2752 843 2814; x_wconf 89' lang='lat' dir='ltr'><strong>catholicam</strong></span> <span class='ocrx_word' id='word_1_212' title='bbox 860 2753 959 2815; x_wconf 93' lang='lat' dir='ltr'><strong>fidem</strong></span> <span class='ocrx_word' id='word_1_213' title='bbox 975 2762 1006 2816; x_wconf 92' lang='lat' dir='ltr'><strong>et</strong></span> <span class='ocrx_word' id='word_1_214' title='bbox 1021 2755 1091 2835; x_wconf 91' lang='lat' dir='ltr'><strong>ejus</strong></span> <span class='ocrx_word' id='word_1_215' title='bbox 1108 2771 1181 2816; x_wconf 88' lang='lat' dir='ltr'><strong>con-</strong></span> 
     </span>
     <span class='ocr_line' id='line_1_37' title="bbox 435 2849 1181 2932; baseline 0.001 -20"><span class='ocrx_word' id='word_1_216' title='bbox 435 2849 661 2912; x_wconf 86' lang='lat' dir='ltr'><strong>siderationem</strong></span> <span class='ocrx_word' id='word_1_217' title='bbox 676 2867 734 2932; x_wconf 91' lang='lat' dir='ltr'><strong>pro</strong></span> <span class='ocrx_word' id='word_1_218' title='bbox 750 2850 908 2932; x_wconf 88' lang='lat' dir='ltr'><strong>spirituali</strong></span> <span class='ocrx_word' id='word_1_219' title='bbox 925 2852 1097 2915; x_wconf 88' lang='lat' dir='ltr'><strong>habeamus</strong></span> <span class='ocrx_word' id='word_1_220' title='bbox 1111 2871 1181 2914; x_wconf 88' lang='lat' dir='ltr'><strong>scu-</strong></span> 
     </span>
     <span class='ocr_line' id='line_1_38' title="bbox 433 2949 1182 3033; baseline 0.007 -24"><span class='ocrx_word' id='word_1_221' title='bbox 433 2955 477 3021; x_wconf 93' lang='lat' dir='ltr'><strong>to,</strong></span> <span class='ocrx_word' id='word_1_222' title='bbox 494 2949 539 3009; x_wconf 89' lang='lat' dir='ltr'><strong>ita</strong></span> <span class='ocrx_word' id='word_1_223' title='bbox 558 2955 593 3009; x_wconf 92' lang='lat' dir='ltr'><strong>ut</strong></span> <span class='ocrx_word' id='word_1_224' title='bbox 613 2949 870 3029; x_wconf 87' lang='lat' dir='ltr'><strong>suggestionibus</strong></span> <span class='ocrx_word' id='word_1_225' title='bbox 888 2951 1069 3013; x_wconf 75' lang='lat' dir='ltr'><strong>demonum</strong></span> <span class='ocrx_word' id='word_1_226' title='bbox 1085 2969 1182 3033; x_wconf 83' lang='lat' dir='ltr'><strong>oppo</strong></span> 
     </span>
    </p>
   </div>
   <div class='ocr_carea' id='block_1_15' title="bbox 1234 1968 1970 2444">
    <p class='ocr_par' dir='ltr' id='par_1_15' title="bbox 1234 1968 1970 2444">
     <span class='ocr_line' id='line_1_39' title="bbox 1234 1968 1967 2052; baseline -0.003 -21"><span class='ocrx_word' id='word_1_227' title='bbox 1234 1970 1377 2051; x_wconf 88' lang='lat' dir='ltr'><strong>gladium</strong></span> <span class='ocrx_word' id='word_1_228' title='bbox 1406 1969 1549 2052; x_wconf 82' lang='lat' dir='ltr'><strong>spiritua,</strong></span> <span class='ocrx_word' id='word_1_229' title='bbox 1575 1970 1660 2052; x_wconf 92' lang='lat' dir='ltr'><strong>quod</strong></span> <span class='ocrx_word' id='word_1_230' title='bbox 1685 1976 1734 2030; x_wconf 90' lang='lat' dir='ltr'><strong>est</strong></span> <span class='ocrx_word' id='word_1_231' title='bbox 1756 1968 1891 2031; x_wconf 88' lang='lat' dir='ltr'><strong>verbum</strong></span> <span class='ocrx_word' id='word_1_232' title='bbox 1912 1969 1967 2039; x_wconf 83' lang='lat' dir='ltr'><strong>liei,</strong></span> 
     </span>
     <span class='ocr_line' id='line_1_40' title="bbox 1235 2067 1970 2148; baseline -0.003 -18"><span class='ocrx_word' id='word_1_233' title='bbox 1235 2068 1389 2131; x_wconf 90' lang='lat' dir='ltr'><strong>debemus</strong></span> <span class='ocrx_word' id='word_1_234' title='bbox 1404 2086 1574 2140; x_wconf 89' lang='lat' dir='ltr'><strong>assumere,</strong></span> <span class='ocrx_word' id='word_1_235' title='bbox 1582 2085 1703 2130; x_wconf 89' lang='lat' dir='ltr'><strong>sacram</strong></span> <span class='ocrx_word' id='word_1_236' title='bbox 1720 2067 1913 2148; x_wconf 88' lang='lat' dir='ltr'><strong>Scripturam</strong></span> <span class='ocrx_word' id='word_1_237' title='bbox 1927 2067 1970 2128; x_wconf 91' lang='lat' dir='ltr'><strong>im·</strong></span> 
     </span>
     <span class='ocr_line' id='line_1_41' title="bbox 1235 2165 1969 2248; baseline -0.003 -20"><span class='ocrx_word' id='word_1_238' title='bbox 1235 2166 1405 2248; x_wconf 89' lang='lat' dir='ltr'><strong>primendo</strong></span> <span class='ocrx_word' id='word_1_239' title='bbox 1435 2165 1608 2240; x_wconf 77' lang='lat' dir='ltr'><strong>memoria,</strong></span> <span class='ocrx_word' id='word_1_240' title='bbox 1635 2173 1670 2226; x_wconf 86' lang='lat' dir='ltr'><strong>ut</strong></span> <span class='ocrx_word' id='word_1_241' title='bbox 1695 2165 1788 2246; x_wconf 86' lang='lat' dir='ltr'><strong>juxta</strong></span> <span class='ocrx_word' id='word_1_242' title='bbox 1817 2165 1902 2226; x_wconf 90' lang='lat' dir='ltr'><strong>illius</strong></span> <span class='ocrx_word' id='word_1_243' title='bbox 1927 2165 1969 2226; x_wconf 84' lang='lat' dir='ltr'><strong>do</strong></span> 
     </span>
     <span class='ocr_line' id='line_1_42' title="bbox 1236 2263 1969 2344; baseline -0.004 -18"><span class='ocrx_word' id='word_1_244' title='bbox 1236 2265 1371 2326; x_wconf 91' lang='lat' dir='ltr'><strong>ctrinam</strong></span> <span class='ocrx_word' id='word_1_245' title='bbox 1395 2265 1428 2326; x_wconf 93' lang='lat' dir='ltr'><strong>in</strong></span> <span class='ocrx_word' id='word_1_246' title='bbox 1457 2263 1607 2327; x_wconf 90' lang='lat' dir='ltr'><strong>omnibus</strong></span> <span class='ocrx_word' id='word_1_247' title='bbox 1635 2281 1694 2326; x_wconf 91' lang='lat' dir='ltr'><strong>nos</strong></span> <span class='ocrx_word' id='word_1_248' title='bbox 1724 2281 1883 2344; x_wconf 73' lang='lat' dir='ltr'><strong>negaram,</strong></span> <span class='ocrx_word' id='word_1_249' title='bbox 1906 2265 1969 2324; x_wconf 85' lang='lat' dir='ltr'><strong>vitia</strong></span> 
     </span>
     <span class='ocr_line' id='line_1_43' title="bbox 1235 2361 1969 2444; baseline -0.004 -19"><span class='ocrx_word' id='word_1_250' title='bbox 1235 2363 1485 2444; x_wconf 82' lang='lat' dir='ltr'><strong>fugiamus‚quae</strong></span> <span class='ocrx_word' id='word_1_251' title='bbox 1500 2361 1584 2424; x_wconf 94' lang='lat' dir='ltr'><strong>bona</strong></span> <span class='ocrx_word' id='word_1_252' title='bbox 1598 2368 1673 2424; x_wconf 88' lang='lat' dir='ltr'><strong>sunt</strong></span> <span class='ocrx_word' id='word_1_253' title='bbox 1686 2379 1909 2443; x_wconf 90' lang='lat' dir='ltr'><strong>exsequamur,</strong></span> <span class='ocrx_word' id='word_1_254' title='bbox 1917 2369 1969 2422; x_wconf 89' lang='lat' dir='ltr'><strong>ten·</strong></span> 
     </span>
    </p>
   </div>
   <div class='ocr_carea' id='block_1_16' title="bbox 1235 2459 2074 2540">
    <p class='ocr_par' dir='ltr' id='par_1_16' title="bbox 1235 2459 2074 2540">
     <span class='ocr_line' id='line_1_44' title="bbox 1235 2459 2074 2540; baseline -0.005 -17"><span class='ocrx_word' id='word_1_255' title='bbox 1235 2461 1411 2523; x_wconf 88' lang='lat' dir='ltr'><strong>tationihus</strong></span> <span class='ocrx_word' id='word_1_256' title='bbox 1443 2460 1648 2523; x_wconf 88' lang='lat' dir='ltr'><strong>reluctemur.</strong></span> <span class='ocrx_word' id='word_1_257' title='bbox 1680 2459 1761 2522; x_wconf 86' lang='lat' dir='ltr'><strong>Hinc</strong></span> <span class='ocrx_word' id='word_1_258' title='bbox 1791 2478 1920 2540; x_wconf 87' lang='lat' dir='ltr'><strong>magnus</strong></span> <span class='ocrx_word' id='word_1_259' title='bbox 1944 2469 1969 2522; x_wconf 92' lang='lat' dir='ltr'><strong>et</strong></span> <span class='ocrx_word' id='word_1_260' title='bbox 2073 2483 2074 2534; x_wconf 62' lang='grc' dir='ltr'>ς</span> 
     </span>
    </p>
   </div>
   <div class='ocr_carea' id='block_1_17' title="bbox 1236 2558 1970 3033">
    <p class='ocr_par' dir='ltr' id='par_1_17' title="bbox 1236 2558 1970 3033">
     <span class='ocr_line' id='line_1_45' title="bbox 1236 2558 1967 2639; baseline 0.001 -18"><span class='ocrx_word' id='word_1_261' title='bbox 1236 2567 1364 2622; x_wconf 89' lang='lat' dir='ltr'><strong>sanctus</strong></span> <span class='ocrx_word' id='word_1_262' title='bbox 1388 2558 1556 2632; x_wconf 86' lang='lat' dir='ltr'><strong>Antonius,</strong></span> <span class='ocrx_word' id='word_1_263' title='bbox 1582 2558 1794 2639; x_wconf 84' lang='lat' dir='ltr'><strong>interrogatus</strong></span> <span class='ocrx_word' id='word_1_264' title='bbox 1818 2578 1837 2620; x_wconf 91' lang='lat' dir='ltr'><strong>a</strong></span> <span class='ocrx_word' id='word_1_265' title='bbox 1867 2559 1967 2622; x_wconf 82' lang='lat' dir='ltr'><strong>Fratre.</strong></span> 
     </span>
     <span class='ocr_line' id='line_1_46' title="bbox 1236 2656 1970 2738; baseline -0.001 -19"><span class='ocrx_word' id='word_1_266' title='bbox 1236 2656 1316 2730; x_wconf 87' lang='lat' dir='ltr'><strong>Quid</strong></span> <span class='ocrx_word' id='word_1_267' title='bbox 1332 2657 1452 2719; x_wconf 89' lang='lat' dir='ltr'><strong>faciens</strong></span> <span class='ocrx_word' id='word_1_268' title='bbox 1467 2657 1530 2719; x_wconf 85' lang='lat' dir='ltr'><strong>beo</strong></span> <span class='ocrx_word' id='word_1_269' title='bbox 1546 2656 1701 2738; x_wconf 77' lang='lat' dir='ltr'><strong>placebo?</strong></span> <span class='ocrx_word' id='word_1_270' title='bbox 1716 2657 1970 2738; x_wconf 81' lang='lat' dir='ltr'><strong>respondit:0uo</strong></span> 
     </span>
     <span class='ocr_line' id='line_1_47' title="bbox 1236 2754 1969 2837; baseline -0.004 -20"><span class='ocrx_word' id='word_1_271' title='bbox 1236 2774 1374 2837; x_wconf 90' lang='lat' dir='ltr'><strong>cumque</strong></span> <span class='ocrx_word' id='word_1_272' title='bbox 1398 2755 1499 2828; x_wconf 90' lang='lat' dir='ltr'><strong>vadis,</strong></span> <span class='ocrx_word' id='word_1_273' title='bbox 1524 2756 1626 2817; x_wconf 88' lang='lat' dir='ltr'><strong>Deum</strong></span> <span class='ocrx_word' id='word_1_274' title='bbox 1651 2773 1780 2837; x_wconf 88' lang='lat' dir='ltr'><strong>semper</strong></span> <span class='ocrx_word' id='word_1_275' title='bbox 1809 2754 1891 2816; x_wconf 89' lang='lat' dir='ltr'><strong>habe</strong></span> <span class='ocrx_word' id='word_1_276' title='bbox 1917 2773 1969 2836; x_wconf 84' lang='lat' dir='ltr'><strong>pra</strong></span> 
     </span>
     <span class='ocr_line' id='line_1_48' title="bbox 1236 2853 1970 2935; baseline -0.004 -20"><span class='ocrx_word' id='word_1_277' title='bbox 1236 2853 1358 2932; x_wconf 91' lang='lat' dir='ltr'><strong>oculis;</strong></span> <span class='ocrx_word' id='word_1_278' title='bbox 1374 2861 1405 2915; x_wconf 91' lang='lat' dir='ltr'><strong>et</strong></span> <span class='ocrx_word' id='word_1_279' title='bbox 1422 2853 1455 2914; x_wconf 87' lang='lat' dir='ltr'><strong>in</strong></span> <span class='ocrx_word' id='word_1_280' title='bbox 1470 2853 1509 2915; x_wconf 92' lang='lat' dir='ltr'><strong>iis</strong></span> <span class='ocrx_word' id='word_1_281' title='bbox 1524 2873 1594 2935; x_wconf 77' lang='lat' dir='ltr'><strong>quaa</strong></span> <span class='ocrx_word' id='word_1_282' title='bbox 1609 2853 1687 2934; x_wconf 89' lang='lat' dir='ltr'><strong>agis,</strong></span> <span class='ocrx_word' id='word_1_283' title='bbox 1704 2853 1822 2915; x_wconf 88' lang='lat' dir='ltr'><strong>adhibe</strong></span> <span class='ocrx_word' id='word_1_284' title='bbox 1836 2853 1970 2915; x_wconf 87' lang='lat' dir='ltr'><strong>testifica-</strong></span> 
     </span>
     <span class='ocr_line' id='line_1_49' title="bbox 1236 2951 1970 3033; baseline -0.001 -20"><span class='ocrx_word' id='word_1_285' title='bbox 1236 2952 1356 3015; x_wconf 90' lang='lat' dir='ltr'><strong>tionem</strong></span> <span class='ocrx_word' id='word_1_286' title='bbox 1387 2951 1622 3033; x_wconf 88' lang='lat' dir='ltr'><strong>Scripturarum</strong></span> <span class='ocrx_word' id='word_1_287' title='bbox 1654 2959 1863 3031; x_wconf 84' lang='lat' dir='ltr'><strong>sanctarum3</strong></span> <span class='ocrx_word' id='word_1_288' title='bbox 1890 2959 1919 3012; x_wconf 88' lang='lat' dir='ltr'><strong>et</strong></span> <span class='ocrx_word' id='word_1_289' title='bbox 1943 2951 1970 3012; x_wconf 94' lang='lat' dir='ltr'><strong>iu</strong></span> 
     </span>
    </p>
   </div>
   <div class='ocr_carea' id='block_1_18' title="bbox 434 3047 1970 3130">
    <p class='ocr_par' dir='ltr' id='par_1_18' title="bbox 434 3047 1970 3130">
     <span class='ocr_line' id='line_1_50' title="bbox 434 3047 1970 3130; baseline -0.001 -22"><span class='ocrx_word' id='word_1_290' title='bbox 434 3065 547 3108; x_wconf 89' lang='lat' dir='ltr'><strong>namus</strong></span> <span class='ocrx_word' id='word_1_291' title='bbox 578 3048 764 3109; x_wconf 91' lang='lat' dir='ltr'><strong>memoriam</strong></span> <span class='ocrx_word' id='word_1_292' title='bbox 790 3049 952 3111; x_wconf 89' lang='lat' dir='ltr'><strong>metuendi</strong></span> <span class='ocrx_word' id='word_1_293' title='bbox 975 3049 1088 3130; x_wconf 89' lang='lat' dir='ltr'><strong>judicii</strong></span> <span class='ocrx_word' id='word_1_294' title='bbox 1113 3050 1180 3125; x_wconf 88' lang='lat' dir='ltr'><strong>Dei,</strong></span> <span class='ocrx_word' id='word_1_295' title='bbox 1198 3054 1220 3117; x_wconf 87' lang='lat' dir='ltr'>C</span> <span class='ocrx_word' id='word_1_296' title='bbox 1236 3065 1439 3130; x_wconf 89' lang='lat' dir='ltr'><strong>quocumque</strong></span> <span class='ocrx_word' id='word_1_297' title='bbox 1461 3048 1529 3110; x_wconf 91' lang='lat' dir='ltr'><strong>loco</strong></span> <span class='ocrx_word' id='word_1_298' title='bbox 1549 3048 1680 3121; x_wconf 90' lang='lat' dir='ltr'><strong>sederis,</strong></span> <span class='ocrx_word' id='word_1_299' title='bbox 1698 3065 1762 3110; x_wconf 93' lang='lat' dir='ltr'><strong>non</strong></span> <span class='ocrx_word' id='word_1_300' title='bbox 1783 3047 1848 3110; x_wconf 90' lang='lat' dir='ltr'><strong>cito</strong></span> <span class='ocrx_word' id='word_1_301' title='bbox 1864 3064 1970 3110; x_wconf 86' lang='lat' dir='ltr'><strong>movea-</strong></span> 
     </span>
    </p>
   </div>
   <div class='ocr_carea' id='block_1_19' title="bbox 434 3144 2059 3229">
    <p class='ocr_par' dir='ltr' id='par_1_19' title="bbox 434 3144 2059 3229">
     <span class='ocr_line' id='line_1_51' title="bbox 434 3144 2059 3229; baseline -0.002 -23"><span class='ocrx_word' id='word_1_302' title='bbox 434 3162 601 3227; x_wconf 87' lang='lat' dir='ltr'><strong>poenarum</strong></span> <span class='ocrx_word' id='word_1_303' title='bbox 623 3144 739 3208; x_wconf 90' lang='lat' dir='ltr'><strong>inferni</strong></span> <span class='ocrx_word' id='word_1_304' title='bbox 756 3148 1009 3229; x_wconf 91' lang='lat' dir='ltr'><strong>gaudiorumque</strong></span> <span class='ocrx_word' id='word_1_305' title='bbox 1029 3147 1113 3222; x_wconf 88' lang='lat' dir='ltr'><strong>coeli,</strong></span> <span class='ocrx_word' id='word_1_306' title='bbox 1130 3149 1182 3212; x_wconf 95' lang='lat' dir='ltr'><strong>do·</strong></span> <span class='ocrx_word' id='word_1_307' title='bbox 1237 3147 1290 3208; x_wconf 91' lang='lat' dir='ltr'><strong>ris.</strong></span> <span class='ocrx_word' id='word_1_308' title='bbox 1303 3147 1383 3208; x_wconf 91' lang='lat' dir='ltr'><strong>llinc</strong></span> <span class='ocrx_word' id='word_1_309' title='bbox 1398 3164 1525 3228; x_wconf 92' lang='lat' dir='ltr'><strong>quoque</strong></span> <span class='ocrx_word' id='word_1_310' title='bbox 1540 3146 1621 3208; x_wconf 81' lang='lat' dir='ltr'><strong>dixit</strong></span> <span class='ocrx_word' id='word_1_311' title='bbox 1634 3145 1801 3209; x_wconf 88' lang='lat' dir='ltr'><strong>Psalmista</strong></span> <span class='ocrx_word' id='word_1_312' title='bbox 1818 3163 1825 3208; x_wconf 96' lang='lat'><strong>:</strong></span> <span class='ocrx_word' id='word_1_313' title='bbox 1841 3147 1875 3208; x_wconf 96' lang='lat' dir='ltr'><strong>ln</strong></span> <span class='ocrx_word' id='word_1_314' title='bbox 1890 3145 1970 3208; x_wconf 90' lang='lat' dir='ltr'><strong>corde</strong></span> <span class='ocrx_word' id='word_1_315' title='bbox 1990 3161 2059 3202; x_wconf 68' lang='lat' dir='ltr'><strong>aar</strong></span> 
     </span>
    </p>
   </div>
   <div class='ocr_carea' id='block_1_20' title="bbox 434 3242 1183 3522">
    <p class='ocr_par' dir='ltr' id='par_1_20' title="bbox 434 3242 1183 3522">
     <span class='ocr_line' id='line_1_52' title="bbox 434 3242 1182 3327; baseline 0.004 -22"><span class='ocrx_word' id='word_1_316' title='bbox 434 3242 561 3306; x_wconf 83' lang='lat' dir='ltr'><strong>minicae</strong></span> <span class='ocrx_word' id='word_1_317' title='bbox 583 3243 751 3324; x_wconf 91' lang='lat' dir='ltr'><strong>passionis,</strong></span> <span class='ocrx_word' id='word_1_318' title='bbox 765 3244 866 3307; x_wconf 93' lang='lat' dir='ltr'><strong>divini</strong></span> <span class='ocrx_word' id='word_1_319' title='bbox 886 3246 1054 3327; x_wconf 88' lang='lat' dir='ltr'><strong>adspectus</strong></span> <span class='ocrx_word' id='word_1_320' title='bbox 1075 3247 1182 3308; x_wconf 89' lang='lat' dir='ltr'><strong>omnia</strong></span> 
     </span>
     <span class='ocr_line' id='line_1_53' title="bbox 435 3338 1180 3421; baseline 0.007 -21"><span class='ocrx_word' id='word_1_321' title='bbox 435 3338 598 3414; x_wconf 89' lang='lat' dir='ltr'><strong>intuentis,</strong></span> <span class='ocrx_word' id='word_1_322' title='bbox 624 3359 695 3421; x_wconf 80' lang='lat' dir='ltr'><strong>qua</strong></span> <span class='ocrx_word' id='word_1_323' title='bbox 719 3341 827 3403; x_wconf 92' lang='lat' dir='ltr'><strong>omnia</strong></span> <span class='ocrx_word' id='word_1_324' title='bbox 851 3342 968 3404; x_wconf 91' lang='lat' dir='ltr'><strong>cadunt</strong></span> <span class='ocrx_word' id='word_1_325' title='bbox 996 3342 1056 3404; x_wconf 92' lang='lat' dir='ltr'><strong>suh</strong></span> <span class='ocrx_word' id='word_1_326' title='bbox 1080 3342 1145 3405; x_wconf 89' lang='lat' dir='ltr'><strong>fide</strong></span> <span class='ocrx_word' id='word_1_327' title='bbox 1173 3361 1180 3405; x_wconf 95' lang='lat'><strong>:</strong></span> 
     </span>
     <span class='ocr_line' id='line_1_54' title="bbox 435 3438 1183 3522; baseline 0.005 -24"><span class='ocrx_word' id='word_1_328' title='bbox 435 3455 493 3519; x_wconf 87' lang='lat' dir='ltr'><strong>per</strong></span> <span class='ocrx_word' id='word_1_329' title='bbox 513 3456 585 3519; x_wconf 79' lang='lat' dir='ltr'><strong>qum</strong></span> <span class='ocrx_word' id='word_1_330' title='bbox 607 3438 671 3503; x_wconf 86' lang='lat' dir='ltr'><strong>Deo</strong></span> <span class='ocrx_word' id='word_1_331' title='bbox 692 3439 866 3502; x_wconf 89' lang='lat' dir='ltr'><strong>auxiliante</strong></span> <span class='ocrx_word' id='word_1_332' title='bbox 886 3457 1055 3522; x_wconf 89' lang='lat' dir='ltr'><strong>possumus</strong></span> <span class='ocrx_word' id='word_1_333' title='bbox 1076 3441 1183 3504; x_wconf 92' lang='lat' dir='ltr'><strong>omnia</strong></span> 
     </span>
    </p>
   </div>
   <div class='ocr_carea' id='block_1_21' title="bbox 1237 3229 2005 3523">
    <p class='ocr_par' dir='ltr' id='par_1_21' title="bbox 1237 3229 2005 3523">
     <span class='ocr_line' id='line_1_55' title="bbox 1238 3229 2005 3326; baseline -0.005 -19"><span class='ocrx_word' id='word_1_334' title='bbox 1238 3263 1309 3308; x_wconf 90' lang='lat' dir='ltr'><strong>meo</strong></span> <span class='ocrx_word' id='word_1_335' title='bbox 1324 3245 1476 3308; x_wconf 89' lang='lat' dir='ltr'><strong>abscondi</strong></span> <span class='ocrx_word' id='word_1_336' title='bbox 1492 3244 1618 3325; x_wconf 91' lang='lat' dir='ltr'><strong>eloquia</strong></span> <span class='ocrx_word' id='word_1_337' title='bbox 1638 3251 1702 3317; x_wconf 87' lang='lat' dir='ltr'><strong>tua,</strong></span> <span class='ocrx_word' id='word_1_338' title='bbox 1720 3252 1834 3308; x_wconf 92' lang='lat' dir='ltr'><strong>utnon</strong></span> <span class='ocrx_word' id='word_1_339' title='bbox 1855 3261 1969 3326; x_wconf 84' lang='lat' dir='ltr'><strong>peccem</strong></span> <span class='ocrx_word' id='word_1_340' title='bbox 1982 3229 2005 3264; x_wconf 73' lang='lat'><strong>&#39;¹&#39;</strong></span> 
     </span>
     <span class='ocr_line' id='line_1_56' title="bbox 1237 3343 1971 3424; baseline -0.004 -19"><span class='ocrx_word' id='word_1_341' title='bbox 1237 3343 1306 3405; x_wconf 91' lang='lat' dir='ltr'><strong>tihi.</strong></span> <span class='ocrx_word' id='word_1_342' title='bbox 1324 3343 1375 3406; x_wconf 91' lang='lat' dir='ltr'><strong>Sic</strong></span> <span class='ocrx_word' id='word_1_343' title='bbox 1391 3360 1465 3423; x_wconf 90' lang='lat' dir='ltr'><strong>ergo</strong></span> <span class='ocrx_word' id='word_1_344' title='bbox 1480 3361 1609 3424; x_wconf 84' lang='lat' dir='ltr'><strong>agamus</strong></span> <span class='ocrx_word' id='word_1_345' title='bbox 1625 3351 1656 3405; x_wconf 91' lang='lat' dir='ltr'><strong>et</strong></span> <span class='ocrx_word' id='word_1_346' title='bbox 1671 3361 1741 3416; x_wconf 92' lang='lat' dir='ltr'><strong>nos,</strong></span> <span class='ocrx_word' id='word_1_347' title='bbox 1757 3343 1797 3406; x_wconf 90' lang='lat' dir='ltr'><strong>ad</strong></span> <span class='ocrx_word' id='word_1_348' title='bbox 1814 3343 1933 3405; x_wconf 89' lang='lat' dir='ltr'><strong>laudem</strong></span> <span class='ocrx_word' id='word_1_349' title='bbox 1946 3349 1971 3402; x_wconf 90' lang='lat' dir='ltr'><strong>et</strong></span> 
     </span>
     <span class='ocr_line' id='line_1_57' title="bbox 1237 3441 1560 3523; baseline 0 -21"><span class='ocrx_word' id='word_1_350' title='bbox 1237 3441 1371 3523; x_wconf 94' lang='lat' dir='ltr'><strong>gloriam</strong></span> <span class='ocrx_word' id='word_1_351' title='bbox 1394 3441 1560 3504; x_wconf 77' lang='lat' dir='ltr'><strong>creatoris.</strong></span> 
     </span>
    </p>
   </div>
   <div class='ocr_carea' id='block_1_22' title="bbox 984 3869 1431 3957">
    <p class='ocr_par' dir='ltr' id='par_1_22' title="bbox 984 3869 1431 3957">
     <span class='ocr_line' id='line_1_58' title="bbox 984 3869 1431 3957; baseline 0 0"><span class='ocrx_word' id='word_1_352' title='bbox 984 3869 1175 3957; x_wconf 87' lang='lat' dir='ltr'><strong>SEllMO</strong></span> <span class='ocrx_word' id='word_1_353' title='bbox 1213 3869 1431 3957; x_wconf 83' lang='lat' dir='ltr'><strong>SEXTUS</strong></span> 
     </span>
    </p>
   </div>
   <div class='ocr_carea' id='block_1_23' title="bbox 596 4133 1827 4288">
    <p class='ocr_par' dir='ltr' id='par_1_23' title="bbox 596 4133 1827 4288">
     <span class='ocr_line' id='line_1_59' title="bbox 596 4133 1827 4194; baseline 0.001 -12"><span class='ocrx_word' id='word_1_354' title='bbox 596 4135 739 4192; x_wconf 76' lang='lat' dir='ltr'><strong>QUOllODO</strong></span> <span class='ocrx_word' id='word_1_355' title='bbox 760 4135 913 4182; x_wconf 75' lang='lat' dir='ltr'><strong>andronas</strong></span> <span class='ocrx_word' id='word_1_356' title='bbox 935 4134 971 4180; x_wconf 82' lang='grc' dir='ltr'><strong>ΕΤ</strong></span> <span class='ocrx_word' id='word_1_357' title='bbox 992 4135 1129 4180; x_wconf 64' lang='lat' dir='ltr'><strong>rustam</strong></span> <span class='ocrx_word' id='word_1_358' title='bbox 1149 4133 1268 4179; x_wconf 71' lang='lat' dir='ltr'><strong>usuum</strong></span> <span class='ocrx_word' id='word_1_359' title='bbox 1287 4133 1402 4180; x_wconf 75' lang='lat' dir='ltr'><strong>LUGERE</strong></span> <span class='ocrx_word' id='word_1_360' title='bbox 1424 4134 1463 4180; x_wconf 82' lang='lat' dir='ltr'><strong>AG</strong></span> <span class='ocrx_word' id='word_1_361' title='bbox 1484 4135 1637 4182; x_wconf 73' lang='lat' dir='ltr'>PRODESSE</span> <span class='ocrx_word' id='word_1_362' title='bbox 1658 4136 1827 4194; x_wconf 67' lang='lat' dir='ltr'><strong>sustam,</strong></span> 
     </span>
     <span class='ocr_line' id='line_1_60' title="bbox 866 4232 1552 4288; baseline 0 -10"><span class='ocrx_word' id='word_1_363' title='bbox 866 4232 1172 4288; x_wconf 77' lang='lat' dir='ltr'><strong>llfBliClLLl&#39;l&#39;A&#39;fllSQUll</strong></span> <span class='ocrx_word' id='word_1_364' title='bbox 1192 4232 1383 4279; x_wconf 71' lang='lat' dir='ltr'>INFIRHORU!</span> <span class='ocrx_word' id='word_1_365' title='bbox 1405 4233 1552 4280; x_wconf 80' lang='lat' dir='ltr'>PORTARE.</span> 
     </span>
    </p>
   </div>
   <div class='ocr_carea' id='block_1_24' title="bbox 510 4511 1972 4597">
    <p class='ocr_par' dir='ltr' id='par_1_24' title="bbox 510 4511 1972 4597">
     <span class='ocr_line' id='line_1_61' title="bbox 510 4511 1972 4597; baseline -0.006 -14"><span class='ocrx_word' id='word_1_366' title='bbox 510 4521 665 4588; x_wconf 78' lang='lat' dir='ltr'><strong>OMINE,</strong></span> <span class='ocrx_word' id='word_1_367' title='bbox 681 4518 834 4577; x_wconf 81' lang='lat' dir='ltr'><strong>descende</strong></span> <span class='ocrx_word' id='word_1_368' title='bbox 849 4516 1047 4593; x_wconf 80' lang='lat' dir='ltr'><strong>priusquam</strong></span> <span class='ocrx_word' id='word_1_369' title='bbox 1067 4513 1187 4574; x_wconf 80' lang='lat' dir='ltr'><strong>moria·</strong></span> <span class='ocrx_word' id='word_1_370' title='bbox 1200 4513 1224 4574; x_wconf 88' lang='lat' dir='ltr'>D</span> <span class='ocrx_word' id='word_1_371' title='bbox 1239 4511 1437 4594; x_wconf 85' lang='lat' dir='ltr'><strong>permaxime</strong></span> <span class='ocrx_word' id='word_1_372' title='bbox 1459 4513 1634 4588; x_wconf 82' lang='lat' dir='ltr'><strong>sollicitari,</strong></span> <span class='ocrx_word' id='word_1_373' title='bbox 1651 4533 1790 4597; x_wconf 85' lang='lat' dir='ltr'><strong>eumque</strong></span> <span class='ocrx_word' id='word_1_374' title='bbox 1815 4515 1972 4597; x_wconf 81' lang='lat' dir='ltr'><strong>corripien-</strong></span> 
     </span>
    </p>
   </div>
   <div class='ocr_carea' id='block_1_25' title="bbox 439 4611 1186 5385">
    <p class='ocr_par' dir='ltr' id='par_1_25' title="bbox 524 4611 1049 4693">
     <span class='ocr_line' id='line_1_62' title="bbox 524 4611 1049 4693; baseline -0.008 -16"><span class='ocrx_word' id='word_1_375' title='bbox 524 4626 581 4677; x_wconf 78' lang='lat' dir='ltr'><strong>tur</strong></span> <span class='ocrx_word' id='word_1_376' title='bbox 594 4617 686 4693; x_wconf 79' lang='lat' dir='ltr'><strong>filius</strong></span> <span class='ocrx_word' id='word_1_377' title='bbox 701 4634 798 4674; x_wconf 84' lang='lat' dir='ltr'><strong>meus.</strong></span> <span class='ocrx_word' id='word_1_378' title='bbox 815 4614 924 4675; x_wconf 82' lang='lat' dir='ltr'><strong>loann.</strong></span> <span class='ocrx_word' id='word_1_379' title='bbox 943 4630 983 4686; x_wconf 82' lang='lat' dir='ltr'><strong>lv,</strong></span> <span class='ocrx_word' id='word_1_380' title='bbox 1001 4611 1049 4674; x_wconf 72' lang='lat'><strong>49.</strong></span> 
     </span>
    </p>

    <p class='ocr_par' dir='ltr' id='par_1_26' title="bbox 439 4709 1186 5385">
     <span class='ocr_line' id='line_1_63' title="bbox 479 4709 1184 4792; baseline -0.011 -14"><span class='ocrx_word' id='word_1_381' title='bbox 479 4713 751 4788; x_wconf 88' lang='lat' dir='ltr'><strong>Quemadmodum</strong></span> <span class='ocrx_word' id='word_1_382' title='bbox 784 4711 912 4792; x_wconf 91' lang='lat' dir='ltr'><strong>regulus</strong></span> <span class='ocrx_word' id='word_1_383' title='bbox 942 4711 1001 4772; x_wconf 88' lang='lat' dir='ltr'><strong>iste</strong></span> <span class='ocrx_word' id='word_1_384' title='bbox 1030 4709 1122 4790; x_wconf 87' lang='lat' dir='ltr'><strong>cujus</strong></span> <span class='ocrx_word' id='word_1_385' title='bbox 1152 4709 1184 4770; x_wconf 91' lang='lat' dir='ltr'><strong>in</strong></span> 
     </span>
     <span class='ocr_line' id='line_1_64' title="bbox 440 4806 1185 4893; baseline -0.012 -18"><span class='ocrx_word' id='word_1_386' title='bbox 440 4811 606 4893; x_wconf 89' lang='lat' dir='ltr'><strong>evangello</strong></span> <span class='ocrx_word' id='word_1_387' title='bbox 633 4809 787 4871; x_wconf 91' lang='lat' dir='ltr'><strong>hodierno</strong></span> <span class='ocrx_word' id='word_1_388' title='bbox 816 4816 864 4871; x_wconf 90' lang='lat' dir='ltr'><strong>est</strong></span> <span class='ocrx_word' id='word_1_389' title='bbox 888 4807 1018 4879; x_wconf 89' lang='lat' dir='ltr'><strong>mentio,</strong></span> <span class='ocrx_word' id='word_1_390' title='bbox 1043 4806 1104 4868; x_wconf 91' lang='lat' dir='ltr'><strong>fuit</strong></span> <span class='ocrx_word' id='word_1_391' title='bbox 1128 4823 1185 4887; x_wconf 93' lang='lat' dir='ltr'><strong>pro</strong></span> 
     </span>
     <span class='ocr_line' id='line_1_65' title="bbox 440 4905 1186 4992; baseline -0.013 -18"><span class='ocrx_word' id='word_1_392' title='bbox 440 4909 596 4992; x_wconf 90' lang='lat' dir='ltr'><strong>corporali</strong></span> <span class='ocrx_word' id='word_1_393' title='bbox 612 4907 671 4969; x_wconf 89' lang='lat' dir='ltr'><strong>filii</strong></span> <span class='ocrx_word' id='word_1_394' title='bbox 688 4908 736 4968; x_wconf 90' lang='lat' dir='ltr'><strong>sui</strong></span> <span class='ocrx_word' id='word_1_395' title='bbox 754 4906 889 4969; x_wconf 84' lang='lat' dir='ltr'><strong>letaliter</strong></span> <span class='ocrx_word' id='word_1_396' title='bbox 903 4905 1083 4986; x_wconf 76' lang='lat' dir='ltr'><strong>agrotantis</strong></span> <span class='ocrx_word' id='word_1_397' title='bbox 1099 4922 1186 4966; x_wconf 90' lang='lat' dir='ltr'><strong>cura-</strong></span> 
     </span>
     <span class='ocr_line' id='line_1_66' title="bbox 439 5002 1186 5077; baseline -0.007 -6"><span class='ocrx_word' id='word_1_398' title='bbox 439 5009 526 5071; x_wconf 89' lang='lat' dir='ltr'><strong>tione</strong></span> <span class='ocrx_word' id='word_1_399' title='bbox 546 5005 713 5077; x_wconf 90' lang='lat' dir='ltr'><strong>sollicitus‚</strong></span> <span class='ocrx_word' id='word_1_400' title='bbox 731 5004 891 5068; x_wconf 88' lang='lat' dir='ltr'><strong>Christum</strong></span> <span class='ocrx_word' id='word_1_401' title='bbox 911 5002 1045 5066; x_wconf 88' lang='lat' dir='ltr'><strong>accessit</strong></span> <span class='ocrx_word' id='word_1_402' title='bbox 1063 5013 1095 5066; x_wconf 89' lang='lat' dir='ltr'><strong>ct</strong></span> <span class='ocrx_word' id='word_1_403' title='bbox 1113 5021 1186 5066; x_wconf 89' lang='lat' dir='ltr'><strong>exo-</strong></span> 
     </span>
     <span class='ocr_line' id='line_1_67' title="bbox 439 5102 1186 5186; baseline -0.004 -19"><span class='ocrx_word' id='word_1_404' title='bbox 439 5105 537 5184; x_wconf 89' lang='lat' dir='ltr'><strong>ravit;</strong></span> <span class='ocrx_word' id='word_1_405' title='bbox 553 5105 599 5167; x_wconf 91' lang='lat' dir='ltr'><strong>sio</strong></span> <span class='ocrx_word' id='word_1_406' title='bbox 614 5102 750 5186; x_wconf 89' lang='lat' dir='ltr'><strong>quilibet</strong></span> <span class='ocrx_word' id='word_1_407' title='bbox 765 5102 866 5165; x_wconf 90' lang='lat' dir='ltr'><strong>bonus</strong></span> <span class='ocrx_word' id='word_1_408' title='bbox 881 5102 1076 5183; x_wconf 66' lang='lat' dir='ltr'><strong>praelatussi</strong></span> <span class='ocrx_word' id='word_1_409' title='bbox 1091 5121 1186 5183; x_wconf 92' lang='lat' dir='ltr'><strong>quem</strong></span> 
     </span>
     <span class='ocr_line' id='line_1_68' title="bbox 439 5201 1185 5283; baseline -0.007 -16"><span class='ocrx_word' id='word_1_410' title='bbox 439 5203 641 5267; x_wconf 87' lang='lat' dir='ltr'><strong>subditorum</strong></span> <span class='ocrx_word' id='word_1_411' title='bbox 657 5219 789 5265; x_wconf 89' lang='lat' dir='ltr'><strong>suorum</strong></span> <span class='ocrx_word' id='word_1_412' title='bbox 804 5201 1004 5283; x_wconf 86' lang='lat' dir='ltr'><strong>conspexerit</strong></span> <span class='ocrx_word' id='word_1_413' title='bbox 1017 5201 1124 5282; x_wconf 91' lang='lat' dir='ltr'><strong>aliquo</strong></span> <span class='ocrx_word' id='word_1_414' title='bbox 1139 5201 1185 5263; x_wconf 92' lang='lat' dir='ltr'><strong>vi-</strong></span> 
     </span>
     <span class='ocr_line' id='line_1_69' title="bbox 439 5300 1186 5385; baseline -0.004 -21"><span class='ocrx_word' id='word_1_415' title='bbox 439 5303 484 5366; x_wconf 92' lang='lat' dir='ltr'><strong>tio</strong></span> <span class='ocrx_word' id='word_1_416' title='bbox 508 5301 680 5385; x_wconf 90' lang='lat' dir='ltr'><strong>inquinari,</strong></span> <span class='ocrx_word' id='word_1_417' title='bbox 705 5319 764 5383; x_wconf 91' lang='lat' dir='ltr'><strong>pro</strong></span> <span class='ocrx_word' id='word_1_418' title='bbox 788 5300 875 5362; x_wconf 92' lang='lat' dir='ltr'><strong>illius</strong></span> <span class='ocrx_word' id='word_1_419' title='bbox 904 5300 1067 5362; x_wconf 87' lang='lat' dir='ltr'><strong>curatione</strong></span> <span class='ocrx_word' id='word_1_420' title='bbox 1091 5300 1186 5363; x_wconf 93' lang='lat' dir='ltr'><strong>debet</strong></span> 
     </span>
    </p>
   </div>
   <div class='ocr_carea' id='block_1_26' title="bbox 1239 4610 1974 5364">
    <p class='ocr_par' dir='ltr' id='par_1_27' title="bbox 1239 4610 1974 5364">
     <span class='ocr_line' id='line_1_70' title="bbox 1239 4610 1971 4685; baseline -0.001 -13"><span class='ocrx_word' id='word_1_421' title='bbox 1239 4610 1290 4682; x_wconf 93' lang='lat' dir='ltr'><strong>do,</strong></span> <span class='ocrx_word' id='word_1_422' title='bbox 1320 4610 1486 4685; x_wconf 88' lang='lat' dir='ltr'><strong>hortando,</strong></span> <span class='ocrx_word' id='word_1_423' title='bbox 1520 4611 1717 4685; x_wconf 90' lang='lat' dir='ltr'><strong>instruendo,</strong></span> <span class='ocrx_word' id='word_1_424' title='bbox 1749 4613 1971 4676; x_wconf 90' lang='lat' dir='ltr'><strong>comminando.</strong></span> 
     </span>
     <span class='ocr_line' id='line_1_71' title="bbox 1240 4708 1972 4794; baseline 0.001 -25"><span class='ocrx_word' id='word_1_425' title='bbox 1240 4708 1436 4789; x_wconf 90' lang='lat' dir='ltr'><strong>corrigendo,</strong></span> <span class='ocrx_word' id='word_1_426' title='bbox 1453 4727 1511 4791; x_wconf 95' lang='lat' dir='ltr'><strong>pro</strong></span> <span class='ocrx_word' id='word_1_427' title='bbox 1531 4727 1624 4791; x_wconf 89' lang='lat' dir='ltr'><strong>posse</strong></span> <span class='ocrx_word' id='word_1_428' title='bbox 1644 4729 1773 4790; x_wconf 90' lang='lat' dir='ltr'><strong>sanare;</strong></span> <span class='ocrx_word' id='word_1_429' title='bbox 1789 4713 1874 4794; x_wconf 89' lang='lat' dir='ltr'><strong>quod</strong></span> <span class='ocrx_word' id='word_1_430' title='bbox 1893 4713 1917 4774; x_wconf 91' lang='lat' dir='ltr'><strong>si</strong></span> <span class='ocrx_word' id='word_1_431' title='bbox 1935 4710 1972 4771; x_wconf 89' lang='lat' dir='ltr'><strong>vi-</strong></span> 
     </span>
     <span class='ocr_line' id='line_1_72' title="bbox 1239 4806 1972 4890; baseline 0 -22"><span class='ocrx_word' id='word_1_432' title='bbox 1239 4806 1322 4868; x_wconf 91' lang='lat' dir='ltr'><strong>derit</strong></span> <span class='ocrx_word' id='word_1_433' title='bbox 1336 4825 1399 4870; x_wconf 94' lang='lat' dir='ltr'><strong>non</strong></span> <span class='ocrx_word' id='word_1_434' title='bbox 1421 4824 1513 4888; x_wconf 92' lang='lat' dir='ltr'><strong>posse</strong></span> <span class='ocrx_word' id='word_1_435' title='bbox 1528 4827 1562 4870; x_wconf 92' lang='lat' dir='ltr'><strong>se</strong></span> <span class='ocrx_word' id='word_1_436' title='bbox 1582 4809 1624 4870; x_wconf 90' lang='lat' dir='ltr'><strong>ita</strong></span> <span class='ocrx_word' id='word_1_437' title='bbox 1644 4808 1813 4890; x_wconf 90' lang='lat' dir='ltr'><strong>prolicere,</strong></span> <span class='ocrx_word' id='word_1_438' title='bbox 1828 4811 1868 4872; x_wconf 87' lang='lat' dir='ltr'><strong>ad</strong></span> <span class='ocrx_word' id='word_1_439' title='bbox 1885 4811 1972 4872; x_wconf 84' lang='lat' dir='ltr'><strong>[lenm</strong></span> 
     </span>
     <span class='ocr_line' id='line_1_73' title="bbox 1240 4906 1974 4990; baseline 0.003 -24"><span class='ocrx_word' id='word_1_440' title='bbox 1240 4923 1273 4967; x_wconf 88' lang='lat' dir='ltr'><strong>se</strong></span> <span class='ocrx_word' id='word_1_441' title='bbox 1288 4913 1451 4967; x_wconf 86' lang='lat' dir='ltr'><strong>convertat</strong></span> <span class='ocrx_word' id='word_1_442' title='bbox 1465 4906 1607 4978; x_wconf 92' lang='lat' dir='ltr'><strong>omnino,</strong></span> <span class='ocrx_word' id='word_1_443' title='bbox 1623 4913 1718 4988; x_wconf 90' lang='lat' dir='ltr'><strong>atque</strong></span> <span class='ocrx_word' id='word_1_444' title='bbox 1734 4925 1792 4989; x_wconf 94' lang='lat' dir='ltr'><strong>pro</strong></span> <span class='ocrx_word' id='word_1_445' title='bbox 1807 4908 1974 4990; x_wconf 89' lang='lat' dir='ltr'><strong>periclitan-</strong></span> 
     </span>
     <span class='ocr_line' id='line_1_74' title="bbox 1240 5003 1973 5087; baseline 0 -23"><span class='ocrx_word' id='word_1_446' title='bbox 1240 5011 1270 5065; x_wconf 90' lang='lat' dir='ltr'><strong>te</strong></span> <span class='ocrx_word' id='word_1_447' title='bbox 1285 5003 1355 5066; x_wconf 91' lang='lat' dir='ltr'><strong>filio</strong></span> <span class='ocrx_word' id='word_1_448' title='bbox 1369 5003 1544 5066; x_wconf 79' lang='lat' dir='ltr'><strong>affectuose</strong></span> <span class='ocrx_word' id='word_1_449' title='bbox 1560 5005 1757 5086; x_wconf 88' lang='lat' dir='ltr'><strong>deprecetur.</strong></span> <span class='ocrx_word' id='word_1_450' title='bbox 1771 5006 1877 5069; x_wconf 88' lang='lat' dir='ltr'><strong>Sedet</strong></span> <span class='ocrx_word' id='word_1_451' title='bbox 1891 5005 1973 5087; x_wconf 91' lang='lat' dir='ltr'><strong>quili-</strong></span> 
     </span>
     <span class='ocr_line' id='line_1_75' title="bbox 1241 5102 1974 5184; baseline -0.001 -19"><span class='ocrx_word' id='word_1_452' title='bbox 1241 5102 1294 5165; x_wconf 88' lang='lat' dir='ltr'><strong>bet</strong></span> <span class='ocrx_word' id='word_1_453' title='bbox 1314 5120 1371 5184; x_wconf 93' lang='lat' dir='ltr'><strong>pro</strong></span> <span class='ocrx_word' id='word_1_454' title='bbox 1389 5103 1537 5184; x_wconf 89' lang='lat' dir='ltr'><strong>proximo</strong></span> <span class='ocrx_word' id='word_1_455' title='bbox 1557 5121 1614 5166; x_wconf 93' lang='lat' dir='ltr'><strong>suo</strong></span> <span class='ocrx_word' id='word_1_456' title='bbox 1633 5104 1819 5168; x_wconf 85' lang='lat' dir='ltr'><strong>defectuosa</strong></span> <span class='ocrx_word' id='word_1_457' title='bbox 1839 5113 1922 5168; x_wconf 87' lang='lat' dir='ltr'><strong>tanto</strong></span> <span class='ocrx_word' id='word_1_458' title='bbox 1935 5123 1974 5166; x_wconf 87' lang='lat' dir='ltr'><strong>ar·</strong></span> 
     </span>
     <span class='ocr_line' id='line_1_76' title="bbox 1239 5200 1974 5284; baseline -0.001 -21"><span class='ocrx_word' id='word_1_459' title='bbox 1239 5201 1365 5263; x_wconf 85' lang='lat' dir='ltr'><strong>dontius</strong></span> <span class='ocrx_word' id='word_1_460' title='bbox 1399 5209 1493 5282; x_wconf 89' lang='lat' dir='ltr'><strong>atque</strong></span> <span class='ocrx_word' id='word_1_461' title='bbox 1527 5200 1728 5283; x_wconf 91' lang='lat' dir='ltr'><strong>frequentius</strong></span> <span class='ocrx_word' id='word_1_462' title='bbox 1758 5211 1837 5278; x_wconf 91' lang='lat' dir='ltr'><strong>oret,</strong></span> <span class='ocrx_word' id='word_1_463' title='bbox 1868 5209 1974 5284; x_wconf 83' lang='lat' dir='ltr'><strong>quanto</strong></span> 
     </span>
     <span class='ocr_line' id='line_1_77' title="bbox 1240 5298 1972 5364; baseline -0.007 -2"><span class='ocrx_word' id='word_1_464' title='bbox 1240 5300 1332 5363; x_wconf 93' lang='lat' dir='ltr'><strong>illum</strong></span> <span class='ocrx_word' id='word_1_465' title='bbox 1348 5298 1612 5363; x_wconf 89' lang='lat' dir='ltr'><strong>defectuosiorem</strong></span> <span class='ocrx_word' id='word_1_466' title='bbox 1633 5299 1787 5363; x_wconf 84' lang='lat' dir='ltr'><strong>exsistere</strong></span> <span class='ocrx_word' id='word_1_467' title='bbox 1803 5300 1972 5364; x_wconf 88' lang='lat' dir='ltr'><strong>arbitratur.</strong></span> 
     </span>
    </p>
   </div>
   <div class='ocr_carea' id='block_1_27' title="bbox 0 0 2108 6258">
    <p class='ocr_par' dir='ltr' id='par_1_28' title="bbox 0 0 2108 6258">
     <span class='ocr_line' id='line_1_78' title="bbox 0 0 2108 6258; baseline 0 0"><span class='ocrx_word' id='word_1_468' title='bbox 0 0 2108 6258; x_wconf 95' lang='lat' dir='ltr'><strong> </strong></span> 
     </span>
    </p>
   </div>
  </div>
 </body>
</html>
