4192 6258
432 511 492 577 600
628 527 776 576 nourmox
796 527 862 574 xxu
882 527 955 574 rosr
975 525 1169 572 rnruuarau.
1190 541 1231 555 -
1252 525 1293 571 an
1313 524 1508 588 murorosos3
1530 524 1629 572 sanxo
1649 525 1778 582 oumrus

432 701 493 764 hoc
518 699 760 783 superpiissime
784 717 817 762 sc
842 697 956 761 babeat
983 698 1079 771 Deus,
1104 696 1179 779 quia
1193 696 1219 759 A
1232 696 1363 759 redeant
1377 696 1480 759 modo.
1491 695 1655 778 Siquidem
1670 696 1709 759 ad
1726 694 1834 758 minus
1848 705 1958 779 peccata

432 798 619 862 hominibus
644 805 774 880 propter
803 797 909 878 ipsum
939 793 1178 876 ignoscentibus
1231 794 1397 877 sequentia
1412 801 1443 858 et
1458 794 1566 856 lutura
1580 793 1827 857 recidivantium
1843 797 1958 859 erudeli

432 896 630 961 debitoribus
655 915 710 958 seu
735 894 979 958 iorclactoribus
1007 893 1085 965 suis,
1110 894 1178 976 ipse
1232 913 1286 955 um
1306 901 1338 955 ct
1354 910 1416 956 non
1437 893 1681 974 ignoscentium,
1698 893 1870 976 quamdam
1884 896 1957 957 sorti-

431 1013 560 1077 quoque
595 1013 629 1058 se
665 993 785 1077 prabet
821 993 985 1073 indulgere
1021 999 1176 1073 paratum.
1232 1000 1329 1054 untur
1353 990 1575 1054 enormitatem
1595 1009 1633 1053 cx
1656 990 1726 1074 ipsa
1751 991 1957 1072 ingratitudine

432 1093 554 1167 Quanta
573 1100 621 1154 cst
636 1092 734 1173 igitur
754 1089 957 1172 ingratitudo,
974 1089 1177 1172 perversitas,
1231 1097 1263 1153 et
1288 1090 1526 1164 recidivatioue,
1544 1089 1619 1171 quia
1641 1096 1674 1150 et
1691 1089 1826 1152 vulnera
1846 1093 1958 1171 repetita

432 1190 549 1253 duritia
572 1191 739 1253 bominum
766 1189 966 1262 miscrorum,
986 1187 1178 1270 impatienti·
1231 1188 1304 1270 plus
1318 1195 1434 1251 nocent
1444 1205 1452 1266 ;
1468 1195 1500 1250 et
1518 1193 1638 1269 quanto
1651 1187 1749 1249 alicui
1765 1188 1895 1268 majora
1908 1190 1958 1252 lico

433 1307 499 1363 um,
517 1288 753 1360 iracundorum,
775 1286 998 1369 superborum,
1015 1286 1178 1348 vindican-
1232 1286 1271 1350 lit
1285 1288 1396 1368 gratia,
1412 1293 1501 1348 tanto
1520 1285 1547 1348 si
1568 1285 1625 1347 liat
1644 1285 1789 1367 ingratus
1808 1305 1845 1348 ac
1864 1288 1958 1350 recidi-

432 1387 512 1448 tium
525 1394 580 1448 aut
592 1385 753 1448 vindicare
769 1385 965 1467 cupientium
981 1384 1177 1466 semctipsos
1232 1405 1320 1461 vans,
1343 1385 1489 1448 vitiosior
1512 1391 1561 1446 est
1583 1384 1779 1466 ingratitudo
1803 1403 1840 1447 ac
1864 1387 1958 1448 recidi-

432 1484 488 1566 qui
507 1503 609 1567 quum
630 1484 662 1545 in
684 1484 793 1545 multis
812 1501 849 1544 ac
869 1482 1019 1564 gravibus
1038 1481 1179 1545 oilendc·
1232 1485 1316 1546 vatio
1337 1503 1403 1546 sua.

431 1583 497 1644 rint
525 1582 696 1645 Dominum
726 1583 837 1656 Deum,
867 1581 980 1644 volunt
1007 1589 1037 1644 et
1067 1587 1179 1662 petunt
1280 1583 1443 1656 Praeterea,
1474 1581 1581 1644 redcat
1609 1583 1832 1665 unusquisque
1862 1583 1897 1646 ad
1922 1603 1958 1652 sc,

432 1680 494 1742 sibi
517 1679 671 1742 divinitus
694 1679 864 1760 indulgeri,
881 1697 980 1760 quum
1003 1685 1110 1741 tamen
1133 1697 1179 1740 rc·
1232 1680 1446 1761 discutiatque
1465 1699 1499 1742 sa
1520 1680 1636 1761 ipsum.
1654 1679 1735 1742 Ecce
1755 1680 1789 1742 in
1804 1680 1959 1762 Baptismo,

432 1785 532 1840 nuant
552 1776 795 1840 forefactoribus
816 1777 882 1838 suis
902 1776 997 1838 etiam
1019 1777 1051 1837 in
1071 1776 1178 1859 parvis
1232 1779 1347 1842 deinde
1376 1778 1409 1840 in
1437 1777 1657 1842 sacramentali
1687 1777 1887 1841 confossione
1912 1779 1960 1840 ire-

432 1883 463 1939 et
488 1877 598 1958 paucis
618 1876 809 1958 ignosceret
1193 1880 1377 1959 Equester,
1403 1884 1435 1939 et
1459 1875 1637 1958 praesertim
1661 1857 1702 1939 in‘
1720 1876 1849 1940 Ordinis
1877 1879 1960 1940 nostri

472 1975 570 2050 Unde,
595 1975 633 2037 ad
659 1974 888 2037 insinuandum
913 1992 1009 2056 quam
1033 1973 1179 2054 graviora
1232 1975 1440 2058 professione,
1457 1974 1580 2036 dimisit
1600 1973 1692 2036 nobis
1708 1974 1961 2038 clementissimus

431 2074 496 2136 sint
515 2081 621 2135 nostra
640 2079 770 2154 peccata
786 2072 818 2133 in
834 2072 946 2145 Deum,
963 2090 1058 2153 quam
1075 2073 1178 2154 proxi·
1231 2074 1314 2136 Deus
1336 2078 1466 2154 peccata
1486 2079 1600 2134 nostra.
1619 2073 1650 2134 Si
1671 2090 1747 2153 ergo
1769 2090 1833 2136 non
1853 2074 1963 2136 dimise-

431 2189 557 2234 morum
578 2178 758 2233 nostrorum
779 2178 909 2252 peccata
928 2170 960 2231 in
985 2188 1054 2243 nos,
1070 2171 1103 2232 in
1122 2170 1177 2233 ho·
1231 2172 1332 2232 rimus
1356 2170 1511 2252 proximis
1536 2170 1663 2243 uostris,
1686 2171 1858 2252 replicabit
1878 2181 1907 2234 ct
1926 2191 1964 2234 re

431 2270 542 2333 dicrno
558 2269 722 2350 evangelio
737 2268 864 2342 dicitur,
880 2270 965 2351 quod
985 2288 1095 2332 servus
1111 2269 1177 2350 regi
1231 2267 1402 2351 imputabit
1417 2268 1499 2330 lleus
1513 2267 1796 2341 nobis,sccundum
1811 2269 1963 2351 quemdam

429 2367 597 2448 judicanti,
621 2367 743 2428 scilicet
769 2366 903 2441 christu,
929 2367 1063 2442 oblatus,
1085 2368 1178 2431 debe·
1232 2367 1498 2441 modum‚cuncta
1513 2375 1641 2448 peccata
1657 2367 1819 2448 praeterita
1833 2369 1964 2450 quamvis

431 2465 486 2528 bat
510 2466 539 2528 ei
565 2466 676 2528 decem
706 2465 807 2527 millia
831 2465 1040 2546 talentorum;
1066 2485 1176 2528 servus
1231 2466 1352 2528 dudum
1378 2464 1512 2538 indulta,
1534 2471 1566 2526 et
1589 2465 1692 2547 ipsam
1718 2465 1801 2527 iram
1825 2474 1857 2528 et
1880 2466 1965 2548 impa-

431 2581 507 2629 voro
527 2563 602 2625 huic
622 2581 713 2626 servo
728 2561 886 2643 obligatus
901 2570 933 2624 ct
950 2563 978 2625 ei
994 2581 1174 2639 occurrens,
1231 2562 1375 2624 tientiam
1397 2581 1434 2624 ac
1456 2561 1630 2625 vindictam
1655 2569 1798 2625 nostram
1821 2564 1855 2625 in
1875 2565 1965 2645 proxi·

430 2662 567 2726 debebat
595 2662 624 2724 ei
654 2669 783 2723 centum
813 2661 968 2724 denarios.
995 2663 1075 2736 Quid
1102 2680 1177 2743 crgo
1232 2679 1330 2722 mum.
1357 2659 1409 2723 Sic
1433 2659 1520 2722 enim
1546 2661 1578 2722 in
1603 2660 1669 2723 linc
1694 2661 1794 2742 hujus
1823 2661 1965 2744 parabola

431 2779 505 2823 cum
536 2759 746 2842 impatientia,
772 2759 828 2832 ira,
854 2759 1016 2840 superbia,
1043 2760 1175 2835 ultione,
1232 2756 1327 2820 inient
1352 2757 1516 2821 Salvator:
1533 2757 1585 2821 Sic
1605 2776 1681 2839 ergo
1705 2767 1737 2821 et
1760 2760 1853 2822 Pater
1876 2768 1966 2822 vester
1994 2778 2048 2821 aaz

431 2857 654 2932 amaritudine,
680 2857 908 2937 indignatione,
934 2858 1099 2922 aversione
1123 2877 1177 2922 no·
1233 2856 1371 2919 caelestis
1395 2856 1491 2919 faciet
1514 2856 1617 2930 vobis,
1643 2857 1669 2918 si
1698 2875 1763 2920 non
1793 2859 1966 2921 remiseritis
1976 2846 2039 2884 “¹²³³

431 2964 496 3018 stra
518 2973 688 3030 meremur,
709 2955 771 3017 nisi
795 2962 829 3016 ut
851 2955 1059 3018 durissimum
1085 2956 1177 3020 nobis
1232 2956 1453 3038 unusquisque
1466 2954 1555 3017 tratri
1569 2973 1626 3018 suo
1638 2957 1678 3018 de
1690 2957 1843 3020 cordibus
1857 2958 1966 3020 vestris.

430 3073 449 3116 a
464 3055 528 3117 Deo
544 3053 600 3116 liat
613 3053 822 3134 judicium,et
838 3053 906 3135 ipse
921 3072 1023 3136 usque
1038 3055 1077 3115 ad
1093 3055 1180 3118 mini·
1196 3059 1217 3123 C
1272 3055 1479 3117 Attendamus
1509 3071 1584 3136 ergo
1612 3055 1860 3136 diligentissime
1887 3064 1968 3138 atque
2081 3043 2083 3110 J

432 3171 521 3214 mum
541 3158 648 3214 nostra
663 3152 897 3214 districtissime
917 3152 1089 3214 ulciscatur
1109 3172 1180 3236 pcc·
1233 3150 1409 3233 sepissime
1446 3151 1685 3214 multitudinem
1721 3161 1754 3214 et
1789 3153 1969 3234 magnitudi-
2081 3165 2082 3168 ’

433 3259 513 3326 cata,
530 3250 706 3313 secundum
723 3250 807 3331 quod
828 3249 861 3311 in
878 3251 1042 3330 evaugelio
1058 3251 1118 3315 isto
1136 3253 1180 3312 ait
1233 3267 1304 3312 nem
1320 3249 1551 3330 praeteritarum
1567 3257 1747 3312 nostrarum
1762 3250 1970 3334 culpamm,el

433 3349 585 3424 Salvator,
597 3347 681 3430 quod
698 3347 795 3410 iratus
811 3347 960 3411 dominus
975 3349 1105 3411 tradidit
1120 3369 1181 3411 ser·
1234 3365 1331 3429 quam
1351 3347 1475 3410 modica
1496 3345 1547 3409 rel
1566 3347 1667 3428 potius
1689 3347 1778 3410 nulla
1801 3349 1842 3411 sit
1866 3349 1971 3430 injuria

433 3466 510 3510 vum
533 3445 707 3519 crudelem,
723 3463 787 3508 non
812 3445 1041 3526 ignoscentem,
1058 3448 1113 3510 sed
1136 3448 1179 3510 ic·
1234 3444 1327 3506 uobis
1351 3463 1369 3506 a
1390 3444 1545 3526 proximis
1569 3445 1685 3508 nostris
1709 3445 1797 3508 illata
1822 3465 1971 3528 compara·
2081 3491 2082 3521 ,

434 3545 551 3609 rocitcr
565 3563 599 3606 se
614 3543 796 3616 habentem,
813 3542 997 3617 tortoribus,
1013 3561 1180 3627 quousque
1235 3543 1321 3604 tione
1344 3541 1562 3606 offensionum
1586 3550 1765 3606 nostrarum
1791 3545 1824 3607 iu
1850 3547 1970 3608 Deum:
2081 3567 2082 3578 ¹

434 3644 579 3706 redderet
599 3641 743 3704 debitum
763 3641 973 3704 universuml
1236 3641 1346 3722 sicque
1371 3641 1610 3723 promptissime
1634 3660 1671 3704 ac
1695 3643 1869 3724 purissime
1898 3645 1972 3725 igno
2083 3723 2084 3732 ἵ

462 3742 602 3822 Insuper,
619 3741 651 3802 in
667 3740 727 3802 ista
746 3739 891 3822 parabola
910 3741 998 3802 valde
1018 3741 1183 3822 diligenter
1237 3757 1362 3802 scamus
1377 3758 1504 3822 semper
1520 3739 1763 3820 injuriatoribus
1778 3742 1972 3824 nostrisqua·

434 3858 471 3902 ao
488 3838 691 3902 formidolose
711 3845 759 3901 est
777 3839 1018 3914 advertendum,
1035 3841 1119 3922 quod
1135 3861 1182 3904 se·
1236 3846 1329 3900 tenus
1349 3838 1432 3900 Deus
1454 3837 1547 3901 nobis
1569 3838 1720 3918 ignoscat.
1737 3840 1806 3902 lmo
1824 3842 1972 3923 quietam

435 3937 575 4001 cundum
594 3936 809 4016 evangelicam
831 3937 1061 4011 recitationem,
1082 3939 1183 4000 domi·
1236 3954 1320 4018 scapo
1344 3953 1381 3997 ao
1402 3935 1470 3997 dire
1496 3935 1529 3996 in
1553 3936 1654 3999 Deum
1680 3939 1897 4018 peccavimus,
1918 3956 1973 4000 nou

436 4056 497 4099 nus
517 4051 608 4098 servo
627 4034 848 4097 huic-veniam
871 4041 902 4096 et
921 4034 1106 4099 dilationem
1128 4056 1183 4119 po·
1236 4041 1422 4115 reputemus
1444 4032 1537 4097 nobis
1561 4033 1713 4114 injuriam
1734 4034 1808 4098 lieri
1828 4036 1973 4118 quidquid

437 4133 579 4207 stulauti,
602 4132 788 4194 universum
810 4132 955 4195 debitum
977 4152 1071 4195 suum
1092 4135 1182 4197 dimi·
1236 4132 1436 4195 adversitatis
1459 4131 1527 4195 sive
1552 4131 1677 4212 injurie
1705 4134 1860 4197 acciderit
1880 4135 1972 4206 nobis,

437 4234 498 4312 sit;
520 4232 575 4295 sed
600 4250 700 4314 quum
725 4250 835 4294 servus
860 4231 919 4294 iste
946 4249 1004 4294 suo
1029 4231 1292 4296 conservollsed
1322 4229 1560 4312 disponsatione
1590 4229 1717 4313 pictatis
1751 4233 1871 4297 divinae
1903 4233 1974 4296 esti-

437 4331 665 4395 immisericors
679 4337 710 4392 ct
726 4330 885 4411 rigorosus
901 4329 1023 4405 fuisset,
1037 4331 1182 4395 dominus
1238 4347 1363 4391 memus
1382 4346 1439 4391 nos
1459 4329 1492 4390 in
1511 4329 1577 4391 vita
1596 4329 1655 4391 bac
1678 4348 1737 4411 pro
1761 4331 1891 4413 injuriis
1913 4333 1974 4396 Gre-

436 4450 531 4494 omne
550 4429 694 4493 debitum
711 4429 795 4510 quod
810 4428 839 4491 ci
855 4436 927 4491 ante
942 4429 1118 4504 dimiserat,
1136 4450 1183 4494 re·
1235 4428 1313 4490 atori
1344 4427 1441 4489 illatis
1469 4427 1589 4510 puniri,
1615 4447 1674 4490 neo
1704 4429 1799 4510 digna
1827 4438 1976 4494 tormenta

436 4529 550 4611 petivit
569 4535 601 4590 et
620 4527 735 4607 exegit,
752 4532 847 4608 atque
867 4544 925 4608 pro
940 4525 995 4590 illo
1009 4528 1183 4591 tortoribus
1236 4525 1391 4608 recipcre,
1422 4526 1488 4588 imo
1516 4527 1701 4589 excessibus
1730 4528 1847 4592 nostris
1878 4528 1977 4594 ornnia

436 4625 566 4688 tradidit
585 4625 686 4686 illum.
714 4624 759 4686 Ex
781 4642 845 4706 quo
869 4626 1013 4688 doctores
1037 4626 1181 4702 eliciunt,
1236 4625 1304 4687 baec
1329 4624 1623 4708 incomparabiliter
1646 4644 1716 4688 csse
1741 4627 1866 4690 minora
1892 4646 1900 4688 :
1925 4629 1976 4689 sic-

438 4724 523 4808 quod
552 4729 681 4806 peccata
709 4723 852 4798 dimissa,
878 4724 1127 4787 recidivantibus
1151 4734 1183 4789 et
1237 4741 1299 4805 que
1319 4722 1351 4784 iu
1371 4723 1512 4786 adversis
1534 4723 1687 4798 letemur,
1704 4731 1736 4786 et
1755 4725 1820 4788 Deo
1839 4725 1978 4807 regratie

437 4821 570 4905 ingratis
589 4821 694 4885 denuo
714 4822 913 4910 imputentur
931 4841 967 4885 ac
988 4823 1126 4886 redeant.
1145 4825 1183 4886 Et
1236 4840 1320 4896 mur,
1345 4840 1382 4884 ac
1407 4821 1611 4885 tribulatores
1639 4831 1764 4887 nostros
1791 4823 1978 4887 arbitremur

436 4921 584 5006 quamvis
612 4921 757 4983 diversus
786 4921 829 4984 sit
858 4922 971 4984 modus
1000 4921 1182 5003 assignandi
1237 4927 1421 5003 purgatores
1448 4927 1573 4982 nostros
1601 4927 1634 4983 et
1661 4921 1851 4986 utilissimos
1880 4922 1977 4986 nobis.

436 5020 574 5104 qualiter
597 5019 729 5082 redeant
749 5037 786 5081 ac
807 5019 1052 5101 reimputcntur,
1075 5026 1182 5083 tamen
1235 5019 1300 5083 Hoc
1328 5026 1377 5082 est
1405 5019 1490 5102 quod
1513 5019 1622 5083 iudith
1650 5020 1744 5084 docet
1770 5040 1777 5084 :
1808 5021 1878 5084 Non
1908 5021 2067 5085 ulei-mna

436 5119 580 5183 sufficiat
597 5136 655 5202 pro
674 5117 823 5200 praesenti
838 5118 877 5178 ad
894 5117 1114 5180 incutiendum
1130 5135 1184 5182 no·
1236 5136 1363 5180 scamur
1391 5133 1450 5180 nos
1479 5136 1538 5200 pro
1565 5118 1616 5182 his
1644 5137 1716 5200 quaa
1744 5120 1898 5202 patimur,
1929 5109 2041 5182 scdffi

437 5218 486 5281 bis
507 5217 668 5281 salubrem
687 5215 846 5288 timorem,
862 5222 957 5297 atque
978 5223 1012 5278 ut
1031 5215 1123 5297 proni
1141 5217 1182 5278 si·
1236 5223 1419 5299 reputantes
1434 5217 1501 5280 haee
1517 5216 1587 5299 ipsa
1602 5217 1761 5300 supplicia
1775 5219 1917 5300 peccatis
1932 5235 1980 5281 uo

438 5335 510 5378 mus
523 5315 563 5378 ad
579 5314 819 5396 ignoscendum,
838 5313 922 5396 quod
944 5314 1052 5395 aliquo
1071 5315 1181 5397 utique
1235 5315 1309 5377 stris
1333 5333 1402 5378 csse
1425 5315 1559 5390 minora,
1580 5314 1707 5397 flagella
1731 5315 1869 5392 Domini,
1893 5317 1979 5405 quasi
