4288 6264
503 503 651 552 nentntca
673 505 703 550 tv
724 504 797 550 POST
817 502 946 550 PASCUA·
968 519 1008 531 ···
1028 502 1203 551 catenario
1224 503 1256 550 ΙΝ
1277 503 1444 551 aelsrotatt
1732 483 1752 548 3

245 675 284 736 Ut
295 676 398 734 umus
409 675 543 734 im'tium
555 677 689 754 aliquod
698 676 948 750 creaturceejus,
963 673 989 736 Α
1004 681 1052 734 est
1067 673 1197 734 omnino
1213 672 1351 746 vitanda,
1364 672 1514 754 qnoniam
1531 672 1684 734 rationem
1700 689 1754 732 ex·

201 771 234 833 id
257 778 316 844 est,
342 771 515 853 primatum
541 771 711 854 quemdam
740 772 821 834 inter
846 779 950 833 creata
1004 777 1108 832 cacat.
1126 771 1174 832 lra
1188 786 1265 832 vero
1279 789 1336 851 per
1351 769 1466 843 zelum,
1479 788 1542 831 non
1558 768 1620 830 nisi
1636 787 1674 830 ex
1690 786 1753 828 ma-

201 867 379 931 sortiamur.
392 867 541 941 Quamvis
556 870 642 930 enim
659 886 716 949 per
732 868 885 930 naturalia
900 869 951 930 do
1003 885 1064 948 gne
1084 886 1178 929 cansa
1198 874 1246 928 est
1260 868 1461 940 assumenda,
1477 867 1553 949 qnia
1570 873 1602 928 et
1617 865 1685 947 ipsa
1706 883 1752 926 ra-

201 983 242 1027 na
256 965 358 1028 simus
373 964 494 1048 praelati
510 965 781 1028 irrationabilibus
797 966 950 1029 creaturis
1005 965 1124 1027 tionem
1158 965 1340 1046 ulmealiter
1371 965 1486 1027 turbat.
1519 965 1687 1045 Propterea
1719 961 1751 1024 in

200 1063 299 1144 (unde
320 1065 354 1125 in
373 1063 487 1128 Genesi
511 1064 700 1127 dictumest
720 1064 947 1146 protoplastis:
1006 1061 1193 1124 Ecclesiaste
1213 1063 1368 1144 scriptum
1389 1070 1437 1124 est
1454 1083 1460 1126 :
1477 1062 1522 1125 Ne
1541 1062 1584 1124 sis
1600 1060 1691 1123 velox
1712 1059 1751 1122 ad
1777 1087 1899 1140 appan,

64 1185 186 1234 creatas.
202 1161 416 1224 Dominamini
436 1161 577 1244 piscibus
596 1161 704 1236 maris,
721 1169 752 1223 et
766 1161 949 1224 volatilibus
1005 1161 1217 1232 irascendum,
1243 1160 1394 1242 qnoniam
1424 1161 1470 1222 ira
1499 1161 1531 1222 in
1561 1159 1634 1221 sinu
1663 1157 1752 1220 stulti
1767 1155 1800 1194 ¹⁰·

131 1290 138 1303 =
203 1259 286 1332 caeli,
303 1267 335 1320 et
349 1258 474 1321 cunctis
493 1260 710 1322 animantibus
730 1265 839 1336 terrae3
855 1266 949 1341 atque
1006 1258 1186 1340 requiescit.
1205 1258 1282 1320 Nam
1300 1258 1345 1321 ira
1361 1277 1418 1340 per
1432 1257 1558 1332 vitium,
1575 1255 1678 1319 elficit
1697 1256 1752 1319 ho·

49 1381 92 1423 1³2.
104 1384 176 1431 aaa.
204 1358 235 1419 in
258 1357 391 1431 Psalmo,
408 1357 520 1420 Omnia
543 1357 709 1438 subjecisti
732 1357 791 1420 sub
814 1357 950 1439 pedibus
1006 1359 1126 1416 minem
1147 1355 1233 1418 latuc
1250 1355 1399 1418 similem.
1416 1356 1490 1418 ldco
1505 1354 1653 1417 subditur
1670 1371 1676 1415 :
1693 1357 1752 1414 Ira

203 1455 284 1536 ejus,
301 1457 388 1536 etc),
404 1463 511 1518 tumen
528 1475 585 1538 per
600 1456 682 1517 dona
699 1456 835 1536 gratuita
850 1472 949 1538 popu·
1006 1455 1092 1512 enirn
1109 1455 1189 1523 ciri,
1205 1453 1236 1514 id
1252 1460 1300 1514 est
1316 1453 1361 1515 ira
1376 1472 1433 1535 per
1448 1453 1574 1525 vitium,
1588 1470 1659 1533 quat
1673 1449 1755 1513 scili·

205 1553 253 1614 lus
280 1552 472 1614 christianus
497 1551 612 1614 ceteris
633 1553 782 1634 gentibus
806 1560 854 1614 est
875 1552 951 1613 emi·
1007 1561 1056 1614 cet
1073 1553 1227 1634 prevenit
1248 1552 1414 1626 rationem,
1432 1553 1464 1614 in
1487 1568 1690 1634 quocumque
1713 1549 1755 1610 sit

205 1658 316 1714 nenter
331 1652 488 1733 praelatus.
506 1653 636 1733 Propter
650 1651 735 1734 qnod
752 1651 854 1734 prima
869 1651 951 1714 Petri
1007 1651 1147 1724 homine,
1156 1652 1327 1728 justitiam
1348 1653 1411 1713 Ilei
1432 1671 1496 1711 aon
1516 1659 1683 1727 operatur.
1700 1647 1754 1710 Mi-

49 1774 190 1826 1rar.u,o.
205 1749 367 1812 inducitur
384 1770 390 1814 :
407 1751 468 1812 Vos
489 1758 596 1812 antem
617 1768 718 1831 genus
740 1749 889 1824 electum,
907 1768 952 1810 re·
1008 1769 1068 1811 nus
1094 1749 1181 1822 dicit,
1203 1757 1234 1811 et
1259 1749 1361 1829 majus
1386 1747 1556 1830 significat.
1579 1747 1656 1810 Nam
1682 1746 1754 1808 talis

204 1849 273 1930 gele
288 1849 595 1928 sacerdotiumgens
610 1850 863 1930 sanctalamque
878 1856 953 1910 tem·
971 1848 994 1911 B
1010 1848 1055 1909 ira
1079 1864 1142 1910 non
1167 1847 1269 1909 solnm
1293 1847 1428 1929 impedit
1451 1846 1614 1909 hominem
1634 1863 1652 1906 a
1669 1844 1758 1925 justa

205 1965 279 2029 pore
293 1947 483 2030 evangelicae
498 1948 652 2028 legisnon
667 1948 773 2029 ntique
788 1946 952 2011 obstinatis
1008 1945 1202 2028 operatione,
1219 1945 1274 2006 scd
1293 1946 1389 2007 etiam
1412 1945 1450 2007 ad
1472 1943 1661 2026 injustitiam
1679 1961 1754 2004 eum

202 2046 328 2120 iudeis,
345 2048 400 2109 sed
421 2045 573 2109 fidelibus
593 2045 779 2109 Christianis
801 2045 953 2128 competit
1010 2044 1142 2118 inducit,
1154 2043 1229 2125 qnia
1244 2043 1320 2104 iacit
1335 2062 1409 2106 enm
1425 2061 1607 2105 mensuram
1624 2041 1755 2104 rationis

49 2170 121 2212 neor.
133 2183 159 2220 a,
169 2171 189 2211 r.
205 2145 283 2207 illud
299 2145 535 2208 Deuteronomii
546 2165 553 2208 :
564 2145 632 2208 Non
647 2152 695 2208 est
709 2145 771 2206 alia
785 2145 872 2206 natio
887 2151 951 2206 tam
1009 2149 1041 2204 et
1059 2141 1216 2224 equitatis
1237 2142 1399 2203 excedere.
1416 2140 1546 2222 Propter
1565 2137 1650 2221 qnod
1672 2138 1756 2202 Salo·

61 2244 348 2324 P8.cxtm1,ssl'sslldlss;
365 2251 396 2305 et
417 2243 495 2306 illud
518 2243 551 2304 in
571 2244 705 2318 Psalmo,
721 2242 789 2306 Non
812 2241 889 2305 iecit
908 2250 951 2304 ta·
1010 2258 1084 2304 mon
1110 2238 1250 2322 loquitur
1271 2257 1277 2300 :
1299 2241 1346 2302 lra
1369 2256 1431 2301 non
1456 2238 1552 2300 babet
1577 2237 1755 2300 misericor·
1768 2265 1901 2316 p„„„„..,

51 2333 89 2374 ²⁰·
205 2343 277 2405 liter
297 2342 384 2405 omni
406 2343 536 2404 nationi.
1009 2340 1103 2403 diam.
1131 2339 1164 2400 ln
1192 2337 1250 2400 lob
1279 2355 1406 2420 quoque
1435 2337 1570 2399 babetur
1596 2353 1603 2398 ε
1629 2336 1698 2398 Non
1724 2331 1893 2434 lebam„

244 2443 356 2511 Scitis,
370 2442 496 2517 fratres
511 2443 576 2500 mei
588 2441 805 2510 dilectissimi,
816 2459 891 2502 vera
906 2459 952 2503 es·
1008 2445 1136 2519 superet
1157 2437 1214 2511 ira,
1231 2443 1266 2498 ut
1285 2435 1424 2517 aliquem
1446 2434 1618 2516 opprimas
1635 2434 1755 2516 Nempe
1771 2454 1803 2494 n.
1895 2422 1901 2442 ’

205 2557 238 2600 se
260 2557 331 2620 qne
351 2537 432 2601 dico.
450 2538 772 2620 Denique,quoniam
796 2546 882 2601 tanta
903 2546 951 2600 est
1008 2537 1040 2598 in
1062 2535 1284 2598 Ecclesiastico
1305 2534 1458 2596 asseritur
1479 2551 1486 2594 :
1508 2534 1608 2596 Homo
1633 2532 1755 2595 iracnn-
1795 2547 1867 2594 narr.

205 2637 262 2699 Dei
277 2637 437 2718 majestas,
451 2644 483 2699 et
498 2645 562 2699 tam
578 2655 692 2717 magna
708 2636 866 2698 beneficia
880 2637 951 2718 ejus
1008 2636 1067 2697 dns
1088 2633 1229 2697 incendit
1249 2633 1349 2707 litem,
1366 2641 1397 2694 et
1417 2632 1465 2695 vir
1484 2639 1631 2714 peccator
1649 2631 1756 2693 tnrba-
1769 2626 1841 2666 ¹¹*¹¹'·
1855 2617 1889 2658 ¹¹·

205 2743 280 2798 sunt
301 2754 398 2818 super
421 2752 489 2808 nos,
512 2735 583 2798 ideo
605 2741 837 2816 consequenter
859 2735 951 2798 docet
1008 2733 1055 2795 bit
1077 2751 1198 2815 pacem.
1215 2731 1288 2794 ldeo
1307 2731 1351 2792 ait
1369 2730 1533 2794 Psalmista
1554 2748 1561 2792 ε
1582 2730 1697 2793 Desine
1715 2729 1756 2792 ab
1770 2747 1903 2800 ansas.

204 2833 373 2916 Apostolus
388 2833 526 2916 qualiter
541 2833 575 2895 in
593 2833 649 2896 Dei
664 2833 817 2915 obsequio
834 2833 951 2896 habere
1008 2832 1064 2906 ira,
1082 2838 1113 2894 et
1134 2829 1320 2912 derelinque
1341 2828 1492 2892 furorem.

206 2949 263 2994 nos
282 2931 464 2994 debeamus.
481 2934 535 2994 Sit
550 2935 778 2992 autemomnis
796 2933 887 2992 borno
903 2953 953 2992 oe·
1045 2934 1189 3008 Propter
1213 2932 1299 3009 quod
1327 2930 1516 3008 abjicientes
1545 2949 1670 2990 omnem
1699 2932 1758 2989 im·

206 3034 261 3090 loa
275 3033 319 3091 ad
333 3032 536 3091 audiendum
551 3048 588 3092 ea
607 3049 678 3112 que
695 3029 750 3091 Dei
770 3038 844 3092 sunt
859 3038 891 3092 et
905 3049 953 3092 sa·
968 3025 990 3089 C
1007 3031 1219 3098 munditiam,
1236 3027 1330 3090 idest
1346 3027 1494 3090 universa
1514 3027 1757 3109 inquinamenta

206 3128 292 3202 lutis,
309 3135 341 3190 et
355 3147 425 3211 quae
441 3128 522 3190 scire
539 3126 588 3190 vel
603 3127 713 3190 audire
728 3135 868 3210 oportet;
886 3138 954 3188 tor·
1007 3127 1123 3190 mentis
1143 3134 1175 3189 et
1195 3125 1347 3208 corporis,
1366 3133 1523 3207 quatenus
1543 3133 1629 3188 casto
1649 3143 1758 3208 corpo-

206 3229 268 3288 dus
292 3237 399 3288 autem
419 3229 464 3287 od
488 3229 697 3306 loquendum,
718 3226 778 3288 nisi
805 3227 952 3308 specialis
1007 3245 1041 3288 re
1057 3225 1239 3306 mundoque
1255 3224 1360 3298 corde,
1371 3221 1451 3286 fonti
1468 3222 1563 3286 totins
1580 3223 1754 3297 munditiae,

206 3325 286 3389 ratio
307 3333 416 3409 poscat
436 3325 631 3408 oppositum,
647 3325 723 3406 qnia
743 3325 776 3387 in
798 3343 873 3388 casu
894 3333 954 3388 sta-
1007 3326 1071 3386 Deo
1085 3323 1260 3386 sanctitatis
1276 3321 1452 3396 immense,
1467 3321 1708 3403 obsequamini;
1725 3331 1756 3382 et

206 3424 265 3486 tim
287 3424 481 3506 loquendum
502 3431 572 3486 est:
590 3430 625 3484 nt
644 3423 670 3485 si
690 3423 806 3506 aliquis
826 3423 953 3505 pericli·
1007 3423 1246 3484 abundantium
1262 3423 1410 3491 malitia,
1428 3419 1459 3482 id
1478 3426 1526 3482 est
1546 3419 1756 3482 continuatio-

206 3529 291 3585 tetnr
312 3523 345 3586 in
365 3523 441 3598 lide,
461 3523 512 3586 vel
534 3523 650 3586 veritas
672 3521 750 3585 fidei
773 3523 953 3606 requiratur
1007 3539 1082 3584 nem
1096 3537 1230 3602 opernm
1251 3518 1476 3599 malignorum,
1491 3517 1582 3599 juxta
1601 3517 1681 3580 illud
1700 3517 1756 3580 Ec·

206 3621 248 3683 ab
269 3621 387 3704 aliquo,
408 3621 460 3683 vel
486 3621 639 3684 innocens
661 3621 890 3684 condemnetur
914 3620 953 3683 ad
1009 3617 1178 3681 ctesiastici
1205 3634 1212 3678 :
1238 3617 1283 3680 Ne
1308 3616 1439 3696 adjicias
1469 3624 1635 3698 peccatum
1660 3634 1902 3698 superacutas.

206 3727 338 3782 mortem
353 3727 384 3782 et
397 3719 514 3802 aliquis
528 3719 694 3782 veritatem
709 3718 867 3801 loquendo
881 3738 955 3801 qne·
1009 3723 1185 3798 peccatum.
1202 3715 1259 3777 Vel
1278 3712 1503 3777 «abnndantia
1518 3713 1647 3777 malitiae
1663 3735 1692 3788 a,
1709 3722 1757 3776 est

206 3826 238 3882 at
252 3838 327 3882 eum
342 3820 476 3902 eripere.
493 3820 601 3900 ltaque
617 3818 709 3899 proni
727 3817 828 3880 simus
845 3817 884 3880 ad
899 3837 953 3879 au·
1009 3817 1175 3894 peccatum
1201 3829 1240 3871 ex
1269 3807 1497 3872 deliberatione
1521 3817 1553 3872 et
1577 3807 1687 3871 habitu
1711 3809 1758 3873 vi-

207 3918 359 3980 dicndnm
383 3909 534 3990 salubria]
555 3934 614 3978 nec
637 3915 815 3978 inconsulte
838 3934 956 3998 praesn-
1010 3911 1100 3984 tioso,
1127 3926 1189 3972 non
1215 3926 1253 3970 cx
1280 3907 1457 3988 ignorantia
1480 3907 1532 3970 vel
1556 3906 1756 3982 infirmitate,

209 4035 332 4078 mamus
360 4015 485 4088 docere,
511 4014 586 4096 quia
614 4015 654 4076 ad
683 4011 897 4076 humilitatem
923 4014 954 4076 id
1010 4007 1194 4090 procedens.
1213 4005 1451 4068 «immunditia
1467 4027 1484 4064 ›>
1504 4023 1632 4087 qnoque
1655 4013 1759 4087 potest

207 4115 355 4198 pertinet,
372 4121 404 4176 et
423 4113 522 4175 tutius
542 4120 591 4174 est
608 4113 718 4175 andire
737 4131 834 4194 quam
854 4113 952 4194 loqui,
1010 4104 1122 4169 reterri
1147 4105 1185 4167 ad
1208 4112 1338 4187 peccata
1362 4102 1510 4178 carnalia,
1532 4103 1759 4166 «abundantia

53 4235 191 4285 eman.
207 4231 308 4296 quum
323 4213 471 4276 Salomon
491 4211 575 4275 dicat
592 4230 599 4274 ε
616 4211 650 4273 ln
671 4211 874 4292 multiloquio
890 4227 954 4273 non
969 4208 994 4271 D
1011 4205 1139 4269 malitie
1155 4226 1172 4263 a
1194 4204 1233 4266 ad
1259 4209 1388 4286 peccata
1411 4201 1600 4284 spiritualia,
1624 4220 1694 4285 que
1719 4220 1757 4266 ex

64 4331 191 4382 mana.
207 4313 296 4375 deest
310 4319 486 4395 peccatum.
501 4309 778 4392 Itemque:Vidisti
794 4309 956 4372 bominem
1011 4322 1068 4367 sno
1088 4321 1203 4384 genere
1226 4309 1301 4364 sunt
1322 4301 1461 4382 peccatis
1484 4299 1665 4362 carnalibus
1689 4319 1757 4383 gra·
1866 4307 1872 4312 '

55 4399 91 4440 ²⁰¹
207 4411 350 4476 velocem
375 4411 414 4473 ad
440 4409 660 4491 loquendnml
685 4407 826 4471 Stultitia
854 4409 955 4490 magis
1010 4403 1109 4478 viora,
1130 4401 1305 4464 secundnm
1330 4399 1525 4479 Gregorinm.
1546 4402 1589 4462 Io
1609 4419 1757 4462 monsue-

208 4509 363 4593 speranda
384 4516 442 4584 est,
463 4527 560 4590 quam
578 4508 664 4571 iltius
689 4508 852 4570 correctio.
875 4508 954 4570 Hine
1012 4504 1126 4562 tudine
1147 4501 1300 4576 suscipite
1325 4501 1460 4559 insitum
1487 4500 1631 4570 verbum,
1654 4499 1686 4561 id
1710 4506 1759 4563 est

208 4609 396 4693 Pythagoras
410 4607 585 4690 discipulos
605 4625 679 4670 snos
699 4607 849 4689 pracepit
865 4607 955 4688 quin·
1010 4600 1144 4663 verbnm
1161 4597 1351 4678 evangelicae
1367 4596 1705 4680 praedicationisquod
1721 4597 1758 4660 li-

209 4707 469 4792 quenniosilere,
486 4705 582 4768 utsic
599 4713 777 4789 opportune
796 4706 956 4768 discerent
1010 4699 1130 4763 delium
1160 4695 1322 4760 mentibus
1351 4703 1400 4758 cst
1428 4695 1594 4770 insertum,
1626 4697 1758 4779 impres·

210 4808 307 4891 loqui.
324 4808 411 4871 Unde
427 4807 460 4870 in
474 4806 688 4887 Vitaspatrnm
708 4804 853 4879 babetur,
870 4805 955 4886 qnod
1011 4817 1093 4872 snm,
1111 4796 1265 4869 inlusum,
1282 4794 1433 4878 qnoniam
1449 4793 1592 4857 Christus
1608 4815 1665 4877 per
1679 4815 1758 4878 prae·

210 4917 242 4972 et
256 4908 353 4972 abbas
369 4906 511 4988 Agathou
528 4904 630 4967 tribus
646 4904 737 4966 annis
753 4903 892 4984 lapidem
907 4909 956 4964 tn-
1011 4899 1165 4960 dicatores
1188 4913 1262 4957 suos
1283 4893 1420 4956 seminat
1439 4893 1518 4956 illud
1541 4894 1573 4955 in
1596 4895 1758 4959 mentibus

211 5009 247 5071 lit
264 5009 296 5070 in
311 5025 376 5082 ore,
395 5013 430 5067 nt
445 5005 581 5067 disceret
602 5003 849 5066 taciturnitatem
866 5009 898 5064 et
914 5002 955 5064 lo
1011 4996 1219 5060 credentium.
1241 4994 1297 5056 Vel
1320 5015 1336 5052 ι(
1353 4993 1484 5055 insitum
1509 4992 1642 5055 verbnm
1659 5015 1687 5068 a,
1711 5001 1758 5056 est

211 5107 329 5190 quendi
345 5105 627 5190 opportunitatem,
640 5109 734 5184 prout
749 5101 896 5164 Salomon
913 5100 956 5162 ia·
1012 5094 1199 5174 Unigenitus
1222 5092 1289 5164 Dei,
1306 5090 1361 5173 qni
1385 5109 1442 5172 per
1463 5089 1562 5152 iidem
1585 5089 1706 5153 habitat
1726 5092 1757 5152 in

54 5215 196 5266 aeeauoa.
211 5207 457 5288 tetur:Tempus
470 5202 628 5285 loquendi,
636 5208 667 5263 et
680 5207 807 5283 tempus
820 5199 954 5262 tacendi.
1012 5192 1161 5257 cordibus
1182 5189 1310 5265 nostris,
1325 5197 1357 5252 et
1378 5207 1435 5272 per
1457 5188 1671 5270 predicatoris
1694 5207 1757 5252 ser·

250 5309 293 5370 Ill
308 5306 479 5367 tcrduscd
494 5304 589 5363 iram.
603 5300 680 5364 Nam
697 5299 743 5362 ira
758 5318 815 5383 per
830 5299 956 5375 vitium,
1011 5310 1140 5358 monem
1171 5289 1370 5354 audientium
1401 5287 1550 5350 inseritur
1578 5287 1754 5354 animabus.
