4192 6258
188 843 604 972 DOMINICA
650 841 810 966 XIX
859 840 1070 966 POST
1118 836 1639 965 TRINITATEM

558 1511 865 1599 ENhRRdTIO
897 1511 952 1598 IN
986 1509 1278 1596 anisianum

441 1778 635 1827 nauovxxmr
661 1777 778 1824 sernrru
804 1775 915 1822 usuris
939 1775 1073 1822 mame.
1095 1756 1209 1839 Ephes.
1231 1775 1272 1832 xv,
1294 1755 1397 1820 23-28.

216 2058 407 2125 POSTOLUS
423 2055 620 2139 inpraesenti
641 2053 776 2137 epistola
792 2053 831 2116 ad
847 2053 893 2115 in·
907 2056 933 2121 Α
949 2057 1157 2140 pertinentes,
1168 2057 1206 2120 ad
1223 2057 1466 2122 subventionem
1483 2075 1611 2139 quoque
1626 2075 1695 2119 rnu-

230 2167 354 2221 ternem
386 2173 443 2218 nos
474 2155 625 2216 admonet
656 2152 827 2236 puritatem
857 2170 893 2214 ac
948 2164 1033 2218 tuam
1056 2156 1199 2237 obligati.

143 2257 422 2340 tranquillitatem,
439 2261 471 2316 et
490 2251 782 2315 flammaverant·
798 2251 895 2326 spt'ri·
988 2255 1191 2326 Irascimini,
1216 2264 1246 2315 et
1270 2257 1370 2316 nolite
1392 2273 1535 2332 peccare.
1562 2253 1626 2316 Hoc
1655 2272 1694 2315 ex

145 2368 182 2418 cc
202 2357 322 2416 meniis
343 2362 469 2423 vestra,
485 2351 516 2414 id
537 2356 596 2424 cst,
613 2366 730 2412 novum
749 2365 786 2409 ac
803 2347 894 2429 spiri·
948 2353 1071 2416 Psalmo
1085 2361 1252 2436 acceptum
1268 2361 1325 2416 est.
1343 2353 1381 2415 Et
1400 2352 1622 2434 multipliciter
1641 2370 1694 2434 po·
1722 2365 1830 2414 mne.

144 2455 232 2519 tuaie
253 2472 322 2516 esse
344 2451 500 2533 acquirite
522 2450 554 2511 in
580 2446 799 2530 superioribus
821 2446 895 2509 viri·
949 2459 1011 2514 test
1025 2453 1152 2535 exponi,
1165 2453 1342 2515 secundum
1358 2453 1443 2534 quod
1458 2451 1505 2513 ira
1519 2451 1616 2514 variis
1633 2469 1697 2514 mo

145 2554 207 2616 bus
237 2551 353 2614 animae
381 2556 505 2621 vestra,
531 2547 666 2628 gratiam
694 2563 731 2606 aa
761 2545 894 2607 virtutes
949 2550 998 2612 dis
1020 2549 1186 2632 accipitur.
1204 2550 1235 2614 Si
1258 2549 1345 2612 enim
1364 2557 1509 2612 sumatur
1530 2566 1588 2631 pro
1608 2557 1697 2612 motu

144 2649 336 2732 accipiendo
359 2667 378 2711 a
397 2647 463 2709 Deo
483 2651 538 2708 aut
559 2645 593 2706 in
615 2643 661 2706 eis
684 2641 892 2725 proficiendo.
951 2649 1092 2730 primum
1108 2649 1212 2730 primo
1228 2668 1285 2711 seu
1301 2668 1380 2731 pure
1397 2648 1544 2720 naturali,
1566 2666 1631 2711 non
1651 2654 1700 2710 est

144 2751 220 2812 ideo
237 2748 327 2830 quasi
343 2743 536 2828 expositoria
551 2741 700 2804 subditur
717 2757 724 2802 :
741 2749 771 2800 et
786 2742 897 2800 indui·
951 2753 1130 2829 peccatum,
1141 2747 1250 2829 sicque
1265 2747 1457 2828 permissive
1472 2745 1628 2818 dicitur,«
1641 2745 1699 2808 ire-

146 2859 177 2908 te
193 2867 312 2907 nouum
333 2846 507 2913 hominem,
524 2842 555 2904 id
575 2848 633 2911 est,
650 2838 895 2902 similitudinem
951 2844 1129 2922 sciminin3
1150 2843 1277 2906 additur
1296 2851 1414 2918 tamen,
1433 2865 1450 2903 <r
1466 2849 1497 2907 et
1512 2843 1610 2906 nolite
1630 2861 1701 2925 peo-

146 2944 266 3009 Chrisii
287 2941 452 3013 assumile,
469 2939 540 3020 eius
560 2938 722 3020 sequendo
737 2937 894 3016 vestigia:
952 2961 1024 3005 care
1040 2965 1068 3016 a,
1095 2949 1253 3025 quatenus
1276 2942 1322 3004 ira
1341 2942 1396 3004 iiia
1414 2959 1478 3004 non
1498 2941 1701 3024 permittatur

24 3041 326 3111 om.1111,undealibi
345 3041 389 3102 ait
402 3037 583 3121 Apostolus,
599 3034 773 3099 induimini
792 3033 897 3096 Domi·
952 3042 1135 3123 procedere,
1152 3059 1193 3103 ne
1213 3039 1270 3103 liat
1291 3039 1471 3122 culpabilis.
1490 3040 1635 3103 Secundo
1651 3060 1701 3103 su·

145 3162 226 3204 num
248 3141 374 3218 lesum3
390 3140 449 3218 qui
462 3139 639 3198 sectandum
653 3138 756 3196 Deum
768 3143 897 3193 creatus
954 3140 1052 3201 mitur
1068 3140 1114 3201 ira
1129 3157 1187 3222 ppo
1202 3146 1291 3202 motu
1312 3138 1429 3212 subito,
1446 3157 1484 3200 ex
1500 3139 1640 3200 humana
1656 3139 1702 3200 in-

144 3249 206 3310 est,
218 3239 250 3301 id
265 3245 324 3312 est,
335 3256 354 3299 a
367 3237 432 3299 Deo
446 3254 502 3297 seu
518 3234 701 3316 operatione
716 3230 895 3306 divina,vei
914 3235 938 3298 B
953 3227 1106 3300 ii'rmitate
1126 3245 1157 3299 et
1179 3255 1273 3319 poena
1296 3237 1417 3319 peceati
1441 3237 1628 3318 prodeunte,
1645 3236 1700 3319 qui

143 3336 326 3402 secundum
342 3333 579 3416 heneplacitum
595 3331 651 3394 Dei
666 3330 821 3393 formatus
836 3337 894 3402 est,
953 3343 1000 3398 est
1015 3336 1141 3398 veniale
1156 3342 1333 3417 peccatum.
1352 3335 1494 3397 Procedit
1508 3353 1646 3416 namque
1663 3353 1701 3396 ex

144 3441 183 3498 in
199 3436 338 3514 justitia
360 3442 391 3494 et
417 3433 589 3493 sanctitate
614 3431 775 3499 veritatis,
792 3428 824 3490 id
848 3435 897 3489 cst
952 3433 1059 3516 alique
1078 3432 1343 3518 apprehensione,
1360 3451 1419 3495 nec
1439 3433 1570 3496 rationis
1593 3452 1702 3515 exspe-

143 3537 178 3598 in
202 3552 276 3598 vera
298 3531 423 3614 justitia
447 3547 483 3592 ac
509 3528 684 3591 sanctitate.
705 3527 786 3601 Quas
811 3523 897 3589 Chii·
952 3539 1016 3593 ctat
1038 3531 1207 3611 judicium.
1225 3530 1263 3592 Et
1287 3531 1331 3592 ita
1355 3531 1440 3612 quod
1464 3530 1593 3605 dieitur,
1610 3552 1627 3590 «
1643 3530 1702 3593 ira-

142 3643 226 3706 stus‚
255 3630 433 3694 secundum
463 3627 548 3709 quod
576 3625 682 3700 homo,
711 3625 835 3707 accepit
863 3624 896 3686 in
952 3629 1135 3703 seiminin,
1161 3636 1298 3692 nonest
1327 3628 1505 3691 exhortatio
1531 3629 1700 3703 irascendi,

143 3733 219 3814 ipso
241 3727 469 3792 incarnationis
493 3730 656 3788 momento
672 3741 679 3786 :
697 3742 770 3786 nam
790 3724 897 3786 anima
951 3728 1007 3790 sed
1028 3727 1199 3790 consilium
1219 3734 1314 3809 atque
1334 3727 1513 3789 remedium
1533 3727 1613 3790 iram
1633 3727 1702 3790 viu-

142 3830 230 3911 ejus,
257 3828 290 3889 in
320 3825 408 3890 omni
437 3824 548 3906 gratia,
573 3822 741 3905 sapientia,
766 3823 895 3896 virtute,
952 3826 1147 3888 cendi:nam
1163 3824 1397 3899 subditur,aet
1411 3825 1511 3888 nolite
1527 3842 1660 3907 peccare
1671 3847 1698 3887 a.

144 3929 243 4000 dono,
260 3925 368 3989 iruetu
383 3931 416 3986 et
430 3921 628 3986 beatitudine
644 3920 806 3984 essentiali
826 3939 896 4003 per·
951 3925 1114 4006 Tanquam
1139 3923 1225 3985 dicat
1246 3940 1252 3985 :
1274 3923 1306 3985 Si
1331 3923 1404 3986 talis
1430 3924 1462 3986 in
1487 3922 1578 3986 vohis
1602 3923 1703 3987 oritur

141 4026 231 4090 fecta
252 4029 359 4087 creata
378 4027 436 4084 est.
952 4022 1010 4097 ira,
1033 4040 1097 4085 uon
1123 4021 1153 4084 ei
1179 4021 1356 4086 consentiat
1379 4022 1469 4097 ratio,
1493 4023 1549 4085 sed
1573 4041 1632 4105 per
1655 4041 1702 4084 re-

186 4128 332 4200 Propter
355 4123 442 4202 qnod
470 4123 662 4196 deponentes
690 4117 897 4177 mendacium
952 4127 1040 4183 ctum
1062 4120 1222 4202 judicium
1244 4139 1281 4183 ao
1304 4121 1583 4184 mansuetudinem
1605 4121 1703 4204 repri-

143 4241 255 4296 omne,
288 4227 364 4303 puta
392 4219 549 4300 iocosum,
579 4223 611 4278 et
640 4214 835 4288 officiosum,
866 4222 897 4276 et
953 4228 1019 4282 mat
1042 4239 1124 4283 eam.
1152 4219 1267 4292 Tertio,
1293 4220 1432 4282 sumitur
1456 4219 1502 4283 ira
1526 4238 1584 4302 pro
1612 4229 1700 4283 motu

144 4319 328 4407 prasertim
349 4317 579 4400 pemiciosum‚
596 4315 680 4397 quod
698 4322 745 4376 est
765 4313 897 4378 mortale
953 4317 1107 4380 rationem
1124 4323 1289 4399 sequente,
1303 4334 1367 4398 quo
1382 4323 1490 4379 eontra
1505 4318 1635 4400 propria
1649 4318 1700 4382 vel

5 4441 127 4496 mann.
145 4427 330 4506 peccatum,
353 4417 393 4479 de
417 4433 481 4498 quo
505 4415 638 4498 Sapiens
661 4415 705 4475 ait
723 4413 787 4476 :Os
811 4415 895 4497 quod
912 4409 933 4473 C
951 4415 1055 4478 aliena
1079 4423 1210 4497 peecata
1233 4431 1410 4490 movemur,
1436 4416 1574 4497 optando
1597 4417 1699 4479 vindi·

145 4517 314 4591 mentitur,
336 4515 453 4580 oceidit
475 4515 634 4592 animam;
650 4520 683 4574 et
704 4513 736 4574 in
760 4513 894 4586 Psalmo,
952 4523 1035 4576 ctam
1055 4514 1146 4595 juxta
1167 4512 1297 4576 rationis
1318 4530 1496 4576 censuram.
1514 4515 1554 4577 Et
1572 4515 1632 4578 ista
1651 4523 1699 4579 est

11 4641 51 4683 m.
64 4655 88 4689 v,
104 4643 126 4682 r.
143 4619 263 4683 Perdes
278 4634 390 4680 omnes
405 4614 461 4697 qui
477 4614 652 4696 loquuntur
673 4611 894 4692 mendacium;
951 4612 998 4676 iro
1022 4632 1080 4696 per
1103 4612 1217 4686 zelum,
1241 4618 1352 4694 estque
1377 4611 1557 4689 laudabilis,
1578 4614 1698 4678 iaciens

145 4717 327 4796 loquimini
336 4715 507 4774 veritatem
516 4711 737 4792 unusquisqne
746 4731 817 4771 curn
822 4729 897 4787 pra
950 4720 1058 4775 actum
1082 4711 1209 4774 virtutis
1233 4710 1396 4774 robustius
1420 4713 1552 4795 exsequi
1573 4730 1580 4774 :
1601 4733 1698 4797 quam

142 4817 239 4875 mimo
264 4835 333 4883 eno,
350 4812 382 4875 id
404 4818 453 4874 est
476 4829 539 4874 non
564 4809 627 4872 nisi
651 4809 748 4874 verba
772 4811 897 4874 veracia
949 4811 1085 4875 virtuosi
1110 4809 1295 4892 frequenter
1317 4817 1430 4893 sponte
1453 4819 1630 4874 assumunt.
1654 4813 1699 4876 De

142 4931 221 4996 quaa
241 4911 371 4994 expedit
394 4909 459 4972 dici
474 4927 481 4971 :
499 4909 583 4972 unde
604 4910 689 4991 apud
714 4909 895 4972 Zachariam
951 4929 1014 4993 qua
1027 4909 1105 4971 dicit
1121 4908 1289 4989 Gregorius
1306 4925 1313 4970 :
1331 4907 1418 4971 'lunc
1437 4908 1599 4973 robustius
1618 4913 1698 4974 ratio

5 5035 39 5080 :aa
60 5053 124 5090 em,
143 5010 323 5084 inducitur,
339 5010 451 5072 Pacem
470 5014 595 5070 tautum
615 5013 647 5069 et
664 5007 831 5070 veritatem
851 5009 896 5071 di·
950 5015 1061 5071 contra
1075 5014 1205 5090 peecata
1219 5006 1362 5088 erigitur,
1372 5007 1448 5069 dum
1465 5007 1494 5070 ei
1510 5009 1557 5070 ira
1571 5009 1697 5073 subita*
1724 5023 1770 5066 uu
1800 5021 1807 5064 i

142 5110 256 5192 ligite3
273 5109 428 5188 qnoniam
447 5125 560 5167 sumna
578 5106 718 5166 invicem
738 5109 894 5178 membre,
950 5106 1134 5169 famulatur.
1152 5105 1267 5188 Sicque
1289 5106 1490 5169 admonendo
1511 5126 1597 5170 nunc
1621 5109 1698 5172 dici-

142 5211 180 5273 id
205 5215 255 5272 est
276 5225 335 5290 per
351 5205 451 5269 iidem
476 5212 509 5267 et
529 5205 694 5268 caritatem
720 5203 893 5285 conjuncti,
949 5215 1012 5282 tur,
1031 5229 1048 5266 (ι
1064 5205 1240 5268 irascimini
1255 5223 1290 5284 »;
1307 5206 1434 5269 additur
1452 5225 1539 5280 vero,
1556 5230 1573 5267 «
1588 5217 1620 5272 et
1642 5227 1696 5272 no·

141 5316 242 5391 atque
258 5306 297 5370 ad
316 5303 402 5369 idem
422 5303 593 5388 mysticum
614 5320 730 5386 corpus
747 5303 896 5369 Ecclesia
950 5305 1006 5368 lite
1035 5322 1168 5388 peccare
1192 5325 1222 5379 a,
1248 5303 1323 5386 quia
1351 5311 1383 5365 et
1411 5303 1458 5367 ira
1485 5305 1553 5371 haee
1583 5325 1697 5390 magno
