4214 6254
447 467 506 532 158
706 487 855 535 pontatica
878 487 900 532 ll
920 486 994 534 POST
1015 483 1209 532 antumnali.
1231 501 1271 514 ·-
1292 484 1467 533 adlaberto
1487 485 1520 532 lli
1541 485 1736 532 araneantes

445 673 510 719 non
533 656 624 731 dixit,
644 658 730 739 llogo
749 666 791 732 te,
812 656 893 719 habe
916 675 967 718 me
988 661 1193 733 excusatum3
1210 655 1235 719 Α
1253 655 1330 730 lum,
1356 675 1427 738 quaa
1455 663 1504 718 est
1526 655 1686 739 appetitus
1710 652 1857 718 vindicta
1884 671 1974 716 sccun-

445 753 501 816 sed
531 753 723 837 simpliciter
751 754 902 837 loquitur,
929 775 946 814 ι(
966 753 1034 816 Non
1063 770 1194 834 possum
1251 753 1328 814 dum
1350 752 1481 815 rationis
1501 753 1672 826 dictamen,
1690 751 1751 813 luit
1770 751 1803 812 in
1822 749 1935 813 Christo
1951 759 1975 812 et

445 851 555 914 venire
571 874 598 914 n.
623 853 701 916 Nam
726 861 758 914 et
782 850 916 914 carnalis
941 851 1087 933 voluptas
1113 851 1195 932 parit
1251 851 1405 932 competit
1433 851 1463 912 ei
1492 851 1668 913 secundum
1698 849 1782 932 quod
1814 847 1904 911 homo
1928 857 1973 919 ast,

444 950 586 1012 acediam
611 959 706 1033 atque
736 951 899 1013 lastidium
930 950 1123 1022 divinorum,
1148 948 1193 1010 la·
1249 948 1339 1028 juxta
1354 949 1438 1031 quod
1459 949 1614 1031 scriptum
1634 957 1683 1010 est
1700 965 1706 1010 :
1723 946 1925 1010 Contristetur
1938 956 2058 1007 astruet„

444 1048 553 1130 citque
581 1049 745 1112 bominem
771 1049 810 1112 ed
835 1048 992 1110 virtutum
1016 1064 1113 1129 opera
1137 1046 1194 1107 im·
1248 1047 1339 1108 lesus
1368 1065 1465 1129 super
1493 1047 1633 1108 caecitate
1662 1046 1766 1108 cordis
1789 1063 1907 1116 eorum,
1928 1045 1975 1106 cir·
2068 1075 2069 1084 κ

444 1152 618 1227 potentem.
1250 1145 1467 1227 cumspiciens
1481 1161 1536 1206 eos
1550 1163 1624 1207 cum
1641 1145 1695 1208 ira.
1708 1146 1806 1206 Dicit
1822 1164 1908 1203 servo
1920 1165 1974 1212 aaa,

484 1246 593 1328 ltaque
613 1245 757 1308 Christus
780 1243 812 1306 in
838 1244 898 1306 ista
917 1244 1009 1306 docet
1031 1241 1191 1325 parabola,
1251 1243 1355 1318 idest,
1373 1243 1468 1307 coetui
1485 1243 1728 1325 praedicatorum
1744 1243 1976 1326 pracepitzb'ri

444 1344 530 1425 quod
550 1362 607 1426 per
626 1343 688 1404 tria
707 1342 774 1405 bac
794 1341 882 1416 vitia,
901 1350 977 1424 puta
996 1339 1192 1422 superbiam,
1249 1360 1267 1402 a
1292 1341 1570 1424 contemplationis
1598 1342 1768 1404 dulcedine
1792 1341 1832 1402 ad
1859 1341 1975 1402 aliorum

444 1443 622 1517 avaritiam,
639 1441 810 1514 luxuriam,
827 1441 974 1502 homines
989 1439 1193 1522 potissimum
1251 1439 1509 1504 informationem
1524 1458 1560 1502 ac
1575 1438 1977 1520 conversionem,cito,quia

444 1560 537 1604 asua
552 1540 773 1623 impediuntur
788 1539 901 1612 salute,
918 1539 1067 1620 quodque
1084 1555 1194 1618 pecca·
1250 1539 1429 1620 periculum
1449 1546 1497 1602 est
1512 1539 1545 1601 in
1566 1557 1654 1602 mora
1670 1557 1677 1601 :
1695 1539 1766 1602 ideo
1786 1537 1856 1600 sine
1873 1537 1977 1599 dilatio

446 1647 478 1702 ta
492 1639 560 1703 baec
576 1640 609 1702 in
625 1636 809 1701 hominibus
827 1637 965 1719 amplius
986 1643 1128 1716 regnant,
1146 1653 1194 1696 sc·
1251 1655 1291 1699 ne
1313 1636 1545 1719 providendum
1568 1645 1617 1700 est
1636 1638 1817 1700 animarum
1841 1635 1939 1710 saluti,
1955 1643 1978 1698 et

446 1739 588 1800 cundum
607 1737 687 1800 illud
704 1753 711 1798 ε
729 1735 828 1798 Omne
844 1735 929 1817 quod
945 1743 993 1797 est
1009 1734 1043 1795 in
1062 1734 1192 1808 mundo,
1251 1736 1457 1816 satagendum
1476 1745 1580 1800 estne
1596 1737 1678 1800 [leus
1697 1736 1738 1799 ab
1753 1735 1932 1798 bominibus
1943 1734 1979 1796 ol·

326 1851 331 1862 ·
445 1834 705 1918 concupiscentia
720 1834 826 1898 carnis
844 1841 902 1906 est,
919 1840 952 1895 et
968 1833 1194 1914 concupiscen-
1213 1838 1236 1901 Β
1251 1833 1408 1896 fendatur.
1426 1835 1493 1908 Quo
1508 1834 1607 1898 verbo
1623 1835 1901 1917 reprehenduntur
1917 1851 1980 1916 pra·

446 1935 490 1996 tia
509 1932 687 2007 oculorum,
703 1939 735 1994 et
756 1930 908 2014 superbia
929 1932 1010 1993 vitre.
1251 1932 1407 1994 dicatores
1431 1941 1526 2015 atque
1549 1940 1691 2016 pastores
1717 1932 1845 1994 remissi
1871 1949 1907 1993 ao
1929 1941 1980 1992 tar·

485 2036 528 2094 Et
558 2052 708 2092 reversus
735 2051 860 2101 servus,
886 2029 916 2091 id
947 2035 1005 2103 est,
1030 2029 1108 2091 ordo
1137 2047 1192 2091 seu
1252 2030 1295 2104 di,
1311 2031 1367 2111 qui
1382 2029 1469 2092 lacili
1483 2031 1650 2094 occasione
1668 2030 1922 2113 praedicationem
1938 2036 1981 2090 aut
2069 2073 2070 2110 ,

445 2139 547 2194 coetue
567 2131 811 2213 predicatorum
832 2135 863 2190 et
879 2135 1043 2211 pastorum
1061 2126 1101 2189 ab
1122 2134 1193 2189 actu
1252 2136 1373 2192 ceteros
1388 2129 1437 2190 sui
1450 2129 1552 2192 ollicii
1568 2137 1658 2192 actus
1674 2129 1829 2192 dillerunt
1845 2129 1982 2191 automit

446 2229 681 2311 praedicationis
701 2228 740 2290 ed
758 2227 1036 2308 contemplationis
1053 2226 1194 2308 quietem
1252 2235 1330 2289 tunt.
1347 2231 1390 2289 In
1403 2231 1530 2304 plateas
1550 2239 1580 2288 et
1600 2230 1685 2290 eicos
1703 2229 1861 2289 civitatis.
1880 2228 1932 2290 Per
1948 2227 1981 2288 oi·

446 2334 608 2389 revertens
625 2345 633 2390 ι
650 2326 726 2408 quia
748 2333 820 2407 post
842 2325 1037 2386 exteriorum
1061 2342 1194 2406 operum
1250 2327 1381 2389 vitatem
1412 2326 1473 2389 boc
1503 2325 1571 2390 loco
1603 2327 1794 2408 intelligitur
1823 2326 1979 2408 synagoga,

447 2425 697 2499 exsecutionem,
713 2423 809 2486 debet
828 2423 1015 2505 predicator
1033 2430 1066 2484 et
1085 2423 1195 2504 praela·
1251 2443 1321 2506 quae
1346 2424 1406 2486 luit
1429 2423 1600 2506 aliquando
1623 2423 1735 2488 civitas
1761 2425 1830 2499 Dei,
1852 2424 1982 2486 videlicet

446 2531 497 2585 tus
526 2522 565 2586 ad
596 2523 747 2584 interiora
776 2540 873 2605 opera
901 2539 958 2583 sua
986 2521 1100 2592 redire,
1131 2521 1195 2584 lleo
1251 2530 1394 2604 tempore
1423 2523 1540 2586 veteris
1570 2523 1773 2596 Testamenti,
1799 2522 1886 2585 sicut
1911 2539 1982 2584 nunc

445 2638 569 2692 vacare,
587 2628 619 2682 et
634 2637 740 2682 coram
760 2637 799 2681 eo
819 2637 987 2681 corsuum
1007 2617 1193 2697 ellundere;
1250 2628 1298 2683 est
1320 2621 1478 2700 Ecclesia3
1500 2620 1624 2703 luitque
1648 2622 1811 2704 synagoga
1831 2620 1900 2702 lege
1919 2621 1983 2682 diri·

446 2720 618 2779 nuntiavit
633 2720 701 2780 lroec
715 2719 846 2778 domino
861 2739 931 2787 saco,
947 2717 979 2779 id
994 2725 1053 2790 est,
1070 2716 1195 2780 Christo
1250 2739 1290 2782 na
1304 2725 1399 2801 alque
1410 2720 1595 2802 angelorum
1611 2720 1755 2783 custodia
1767 2728 1917 2802 tanquam
1931 2737 1984 2780 rnu-

446 2816 498 2899 pie
514 2823 545 2878 et
560 2815 706 2880 dolorosa
721 2823 914 2897 conquestus
931 2823 979 2877 est
999 2815 1059 2876 ista
1079 2833 1136 2897 per
1150 2813 1194 2876 al·
1251 2835 1286 2880 ro
1310 2818 1442 2880 munita.
1466 2819 1524 2881 Per
1548 2818 1668 2901 plateas
1692 2836 1768 2881 vero
1792 2819 1984 2900 designantur

446 2913 640 2977 locutionem
657 2913 825 2976 internam.
838 2912 1060 2975 Praedicatores
1075 2911 1194 2974 etenim
1251 2915 1473 2978 multitudines
1489 2916 1656 2979 bominum
1674 2917 1924 2994 numerosiores;
1939 2932 1985 2998 per

445 3020 477 3075 et
501 3013 623 3096 praelati
653 3014 760 3077 devoti
788 3030 825 3074 ac
849 3011 977 3086 fervidi,
1003 3011 1070 3073 zelo
1093 3011 1194 3073 divini
1213 3012 1577 3089 cviros‚multitudines
1593 3014 1827 3097 minores,quia
1842 3032 1905 3077 non
1920 3013 1985 3076 mul·

445 3111 575 3174 honoris
590 3111 813 3193 desiderioque
831 3109 941 3172 salutis
962 3109 1192 3192 proximorum,
1250 3112 1290 3174 tis
1315 3119 1450 3186 tantum,
1476 3113 1531 3174 sed
1560 3119 1593 3175 et
1621 3113 1731 3194 paucis
1760 3113 1984 3195 praedicandum

444 3210 621 3293 presertim
637 3209 700 3273 sibi
716 3209 973 3284 commissorum,
988 3209 1126 3281 accensi,
1142 3227 1194 3270 ve·
1250 3218 1306 3273 est.
1330 3214 1373 3272 n‘t
1391 3229 1562 3288 pauperos,
1584 3211 1615 3272 id
1639 3218 1687 3273 est
1710 3211 1802 3273 donis
1828 3210 1986 3294 spirituali-

444 3307 610 3371 bementer
630 3308 796 3370 tristantur
809 3315 842 3369 et
856 3308 920 3369 [leo
939 3299 1104 3368 humiliter
1119 3323 1193 3369 con·
1249 3308 1310 3371 bus
1331 3309 1515 3387 destitutos3
1537 3329 1576 3368 ac
1594 3311 1715 3369 debiles
1732 3310 1772 3372 ad
1797 3308 1882 3372 bene
1905 3327 1983 3391 agen·

444 3415 634 3488 queruntur,
659 3407 737 3468 dum
766 3405 968 3488 predicando
997 3424 1110 3488 parum
1139 3412 1193 3467 aut
1249 3408 1326 3470 dum
1344 3425 1351 3469 :
1369 3415 1535 3490 peccatum
1560 3407 1647 3470 enim
1672 3407 1833 3472 naturales
1854 3408 1984 3471 vulnerat

444 3504 526 3566 nihil
555 3503 731 3587 proliciunt
756 3523 764 3568 ε
789 3502 873 3566 sicut
897 3511 929 3564 et
952 3503 1090 3565 maxime
1117 3521 1192 3584 gau·
1249 3507 1344 3581 vires,
1362 3507 1404 3568 ita
1424 3506 1508 3588 quod
1529 3505 1650 3568 debiles
1670 3505 1755 3568 liunt
1772 3507 1813 3570 ad
1833 3516 1922 3570 actus
1935 3507 1985 3568 rir-

443 3603 530 3676 dent,
555 3603 633 3666 dum
663 3602 780 3665 multos
810 3609 1010 3676 convertunt,
1040 3603 1193 3684 quemad·
1248 3611 1363 3666 tutum.
1382 3608 1496 3674 Grecos,
1513 3603 1544 3667 id
1564 3611 1613 3667 est
1632 3604 1792 3684 indoctos;
1808 3615 1840 3665 et
1855 3608 1984 3672 claudos,

445 3700 575 3762 modum
600 3701 639 3763 ad
661 3699 841 3763 Corinthios
865 3700 976 3762 scribit
996 3699 1190 3782 Apostolus:
1250 3703 1281 3764 id
1296 3709 1345 3764 est
1359 3702 1584 3765 rectitudinem
1598 3702 1730 3783 justitiae
1742 3720 1810 3765 non
1825 3711 1984 3773 servantes,

443 3799 541 3862 lllulta
571 3799 650 3861 mibi
678 3799 824 3880 gloriatio
852 3806 900 3861 est
929 3817 985 3882 pro
1009 3798 1117 3879 robis3
1143 3819 1193 3861 su·
1249 3809 1343 3884 atque
1366 3801 1529 3864 instabiles
1551 3819 1557 3865 :
1580 3801 1634 3883 qui
1655 3801 1747 3884 quasi
1771 3802 1804 3864 in
1829 3811 1985 3884 utramque

444 3896 630 3980 perabundo
660 3896 776 3978 gaudio
805 3897 839 3958 in
869 3897 959 3959 omni
987 3895 1192 3960 tribulatione
1249 3899 1429 3962 claudicant
1453 3907 1587 3982 partem,
1607 3900 1684 3962 dum
1709 3901 1742 3962 in
1766 3900 1857 3963 nulla
1880 3901 1983 3964 virtute
2071 3905 2072 3914 ’

443 4003 559 4060 nostra.
577 3995 699 4058 [licitur
719 4002 826 4058 autem
849 4013 960 4057 servus
980 3995 1103 4059 Christo
1125 3995 1191 4059 baec
1249 4005 1427 4061 constantes
1449 3997 1616 4061 exsistunt.
1634 3998 1678 4061 Ile
1698 3999 1816 4081 quibus
1838 3999 1938 4063 lertru
1955 3999 1982 4059 in
2071 4027 2072 4082 3

442 4094 602 4169 nuntiare,
618 4112 681 4157 non
701 4094 792 4176 quasi
807 4093 950 4158 Christus
970 4094 1037 4156 haec
1057 4093 1191 4176 ignoret,
1247 4097 1371 4160 Psalmo
1398 4115 1405 4158 ε
1431 4096 1502 4159 Filii
1529 4097 1625 4159 alieni
1655 4097 1822 4160 inveterati
1851 4105 1933 4172 sunt,
1958 4105 2035 4160 etro
2052 4117 2072 4166 a,

443 4195 498 4256 sed
518 4201 553 4256 ut
574 4193 720 4256 ordinem
743 4191 957 4273 intelligamus
978 4191 1145 4274 parabolae.
1206 4205 1231 4268 Ι)
1248 4195 1507 4258 claudicaverunt
1521 4215 1539 4258 a
1554 4195 1677 4259 semitis
1697 4197 1773 4259 suis.
1792 4197 1882 4261 Unde
1901 4197 1983 4259 insta·

484 4296 575 4354 Tunc
591 4295 700 4354 iratus
710 4292 971 4370 paterfamilias,
987 4291 1018 4352 id
1039 4298 1087 4353 est
1107 4290 1193 4353 Cbri-
1248 4294 1367 4357 bilibus
1381 4294 1461 4357 tiliis
1475 4295 1570 4357 lsrael
1585 4295 1679 4358 tertio
1693 4295 1815 4377 Regum
1829 4296 1877 4358 ait
1892 4296 1980 4359 Elias:

300 4417 427 4468 Acesten,
442 4399 521 4466 stus,
543 4410 650 4455 rerum
670 4391 816 4456 omnium
839 4389 1003 4463 Dominus,
1026 4389 1192 4453 militantis
1248 4395 1417 4476 Usquequo
1440 4393 1626 4456 claudicatis
1649 4394 1681 4457 in
1700 4395 1779 4458 duas
1799 4399 1924 4478 partesl
1938 4397 1982 4456 Io·
2011 4417 2055 4462 nn

443 4509 479 4552 ac
495 4490 723 4573 triumphantis
738 4488 888 4552 Ecclesiae
904 4488 1112 4571 princeps‚de
1128 4507 1192 4571 quo
1248 4497 1364 4554 traduc
1387 4495 1461 4564 buc,
1488 4493 1519 4554 id
1550 4501 1608 4567 est,
1633 4494 1671 4556 ad
1699 4513 1832 4575 regnum
1866 4486 2052 4558 coepsgma

308 4613 341 4657 n.
357 4616 418 4666 ιω.
442 4589 538 4651 lsaias
565 4588 712 4670 praedixit
739 4605 746 4650 :
772 4587 944 4649 Vocabitur
968 4591 1084 4650 nomen
1108 4587 1190 4668 ejus,
1247 4592 1421 4673 perducere
1440 4591 1542 4660 stude,
1565 4591 1777 4673 praedicando,
1793 4595 1923 4667 orando,
1938 4611 1981 4654 er·
2071 4613 2072 4618 ¹

444 4689 538 4762 Deus,
556 4686 667 4762 Fortis,
684 4688 773 4750 Pater
788 4687 888 4748 luturi
904 4686 1024 4760 saculi,
1041 4686 1191 4769 Princeps
1246 4689 1492 4771 emplariterquc
1514 4689 1660 4752 vivendo.

444 4785 542 4868 patria.
559 4785 668 4866 ltaque
687 4784 830 4847 Christus
852 4791 981 4867 propter
998 4791 1117 4847 lautam
1138 4785 1192 4848 ho-
1285 4791 1329 4850 Εἰ
1351 4790 1399 4849 ait
1421 4808 1534 4848 servus
1548 4808 1560 4847 .·
1574 4791 1723 4861 Domine,
1739 4793 1868 4867 sactum
1890 4801 1933 4852 cst
1952 4799 1980 4851 ut

444 4884 568 4946 minum
603 4883 829 4963 negligentiam
865 4883 1190 4966 ingratitudinemque
1246 4889 1427 4963 imperasti,
1445 4887 1476 4948 id
1492 4894 1550 4961 est,
1566 4887 1682 4951 ludaeis
1698 4889 1941 4970 praedicavimus
1954 4896 1982 4949 ut

441 4983 527 5064 juste
552 4982 721 5062 indignans
745 4987 801 5044 est.
826 4982 921 5044 Porro
946 4980 991 5043 ira
1019 5000 1084 5044 non
1107 5000 1191 5045 com·
1243 4985 1377 5066 jussisti.
1403 4985 1605 5068 Principibus
1629 5005 1768 5070 namque
1792 4990 1980 5052 sacerdotum

443 5081 524 5165 petit
539 5081 663 5144 Christo
678 5080 856 5143 secundum
872 5098 962 5142 suem
978 5079 1189 5156 divinitatem,
1245 5091 1277 5145 et
1296 5083 1472 5165 majoribus
1485 5085 1665 5148 ludaeorum
1683 5086 1723 5148 ad
1738 5087 1900 5150 Christum
1919 5105 1983 5149 con·

441 5180 546 5262 quoad
571 5179 756 5262 passionum
783 5177 931 5252 allectus,
957 5178 1012 5241 sed
1036 5186 1190 5260 quantum
1245 5183 1325 5244 verti
1339 5182 1637 5256 nolentibusmulta
1652 5185 1752 5247 millia
1763 5205 1802 5248 ex
1816 5185 1982 5249 minoribus
2002 5194 2063 5240 aaa·

440 5281 480 5348 ad
501 5279 748 5344 similitudinem
767 5279 883 5362 operis.
900 5279 949 5341 lra
968 5295 1043 5342 vero
1063 5297 1121 5362 per
1141 5297 1190 5342 ze·
1246 5281 1391 5362 ejusdem
1416 5281 1529 5365 populi
1555 5291 1630 5346 sunt
1653 5301 1816 5360 conversa,
1841 5261 2032 5370 quemad-''¹‘'
