4214 6254
391 511 540 560 norrnuca
561 512 604 560 ss.
625 511 806 560 maturans.
827 529 868 542 -
888 512 931 560 an
951 512 1126 562 asarotosos
1137 515 1146 578 ;
1168 516 1424 574 amoenamus
1622 497 1680 564 tlt

137 681 336 763 sacrilegium
355 681 527 765 judicatur,
544 684 619 766 quia
638 684 757 748 abusus
773 691 821 747 εει
835 683 881 748 rei
896 683 923 748 Α
937 692 998 747 tur.
1016 685 1068 750 Sic
1088 694 1120 750 et
1138 693 1260 752 ceteros
1282 695 1406 752 nostros
1428 695 1518 755 actus
1540 689 1682 753 conside-

136 799 239 855 sacra,
255 789 366 865 utpote
382 783 446 846 [leo
461 801 519 865 per
534 782 696 864 religionis
712 782 882 866 professio
937 785 1521 869 remus,discutiamus,dijudicemus;
1534 795 1565 851 et
1581 787 1682 869 magis

136 899 206 943 nem
226 879 339 944 oblatae
355 888 387 944 et
402 889 602 945 consecratae.
619 881 785 962 Religiosis
805 899 882 964 quo·
937 881 1118 946 intueamur
1143 884 1219 966 quid
1245 885 1337 947 nobis
1361 885 1454 960 desit,
1477 904 1573 968 quam
1598 886 1683 968 quod

136 998 195 1060 que
209 996 283 1042 vere
298 978 543 1062 proficientibus
559 978 679 1042 bellum
696 979 882 1043 continuum
937 997 994 1044 nos
1019 980 1136 1044 babere
1158 981 1361 1046 confidimus.
1383 983 1463 1046 llino
1487 983 1532 1047 ait
1555 985 1685 1047 Bernar-

135 1084 181 1140 est
199 1083 308 1140 contra
329 1077 477 1142 bumana
497 1077 608 1141 salutis
629 1078 747 1152 hostes,
763 1079 881 1160 quibus
936 1077 996 1140 dus
1014 1097 1020 1142 :
1038 1078 1255 1143 Consideratio
1271 1089 1410 1144 mentem
1426 1081 1587 1164 purificat,
1605 1081 1686 1164 regit

135 1176 231 1239 instar
250 1175 379 1240 leonum
400 1184 549 1240 tenentur
569 1176 733 1256 resistere;
749 1183 781 1239 et
801 1175 882 1260 ipso
936 1175 1083 1250 affectus,
1110 1177 1219 1259 dirigit
1242 1188 1344 1254 actus,
1370 1180 1501 1261 corrigit
1523 1199 1683 1254 excessus,

134 1292 201 1336 rum
217 1273 314 1337 estin
336 1275 407 1337 luce
429 1273 593 1356 sapientiae
610 1275 821 1357 contemplari
836 1274 881 1337 di·
937 1274 1101 1357 componit
1125 1293 1240 1351 mores,
1262 1276 1360 1340 vitam
1385 1277 1510 1340 ordinat
1534 1286 1566 1341 et
1589 1278 1685 1342 hone·

133 1373 315 1456 vincatque
331 1373 364 1436 in
380 1372 485 1436 Solem
499 1373 631 1455 justitiae
645 1373 747 1437 aciem
764 1373 880 1437 mentis
936 1380 1007 1447 stat,
1020 1391 1128 1455 sparsa
1144 1374 1310 1456 recolligit,
1320 1382 1441 1438 secreta
1455 1375 1599 1452 rimatur,
1610 1395 1684 1440 vera

134 1470 281 1552 defigere.
937 1470 1116 1552 investigat,
1142 1472 1330 1537 verisimilia
1354 1473 1525 1550 examinat,
1551 1473 1628 1538 ficta
1652 1483 1684 1539 et

170 1569 265 1632 Porro
288 1569 322 1632 in
348 1569 407 1632 boc
435 1569 587 1633 animalia
616 1570 675 1634 ista
699 1570 880 1654 specialiter
935 1568 1042 1632 fucata
1064 1569 1218 1653 explorat,
1244 1572 1364 1653 agenda
1387 1572 1588 1654 praeordinat,
1613 1581 1683 1637 acta

133 1667 248 1732 imitari
279 1667 444 1743 debemus,
472 1677 507 1731 ut
531 1668 632 1732 simus
662 1669 748 1752 pleni
778 1669 879 1732 oculis
935 1669 1097 1750 recogitat,
1120 1677 1154 1732 ut
1178 1669 1259 1732 nibil
1284 1670 1317 1734 in
1343 1678 1450 1734 mente
1475 1671 1612 1736 resideat
1635 1673 1682 1735 in·

133 1774 202 1830 ante
226 1775 258 1829 et
283 1773 379 1841 retro,
405 1767 465 1829 boc
495 1775 544 1830 est
572 1767 714 1850 undique
743 1767 879 1830 circum·
935 1775 1114 1831 correctum
1131 1769 1367 1833 correctionevc
1382 1770 1534 1852 dignum;
1550 1772 1617 1835 baec
1633 1780 1681 1835 est

133 1863 241 1946 specu,
274 1864 457 1939 illuminati,
488 1865 583 1940 acuti,
614 1883 655 1928 ne
682 1865 743 1928 sub
772 1865 1007 1948 speciquuae
1037 1867 1070 1928 in
1100 1867 1262 1950 prosperis
1290 1869 1421 1932 adversa
1450 1869 1623 1951 praesentit,
1649 1878 1682 1932 et

133 1963 205 2026 boni
235 1963 446 2045 decipiamur,
473 1983 513 2027 ne
543 1963 575 2026 in
606 1963 774 2026 manifesta
801 1964 879 2028 vitia
935 1964 968 2026 in
988 1965 1130 2027 adversis
1150 1965 1240 2047 qnasi
1262 1982 1325 2028 non
1345 1965 1449 2029 sentit.
1468 1965 1549 2030 Ecce
1564 1976 1683 2049 quanta

132 2079 328 2136 corruamus,
349 2081 389 2124 ne
408 2061 518 2144 aliquo
540 2079 801 2145 preoccupemur
825 2063 877 2126 de·
936 2063 1018 2126 bona
1032 2063 1109 2125 facit
1123 2063 1335 2126 consideratio
1350 2063 1409 2126 ista
1426 2064 1460 2127 in
1480 2064 1619 2128 bomine.
1636 2067 1683 2129 ld·

133 2159 213 2223 licto.
231 2159 336 2234 Quum
357 2159 455 2234 enim,
472 2161 650 2223 secundum
672 2159 823 2224 Thomam
846 2169 877 2223 et
935 2161 1021 2223 circo
1037 2160 1178 2243 quotidie
1194 2168 1292 2224 totam
1311 2169 1452 2225 nostram
1472 2165 1683 2228 conversatio

131 2258 207 2321 alios
227 2257 357 2332 multos,
374 2257 406 2321 in
422 2257 547 2322 actibus
567 2258 716 2322 humanis
731 2259 786 2341 qui
806 2277 877 2342 pro·
935 2278 1009 2322 nem
1025 2259 1276 2334 consideremus,
1286 2260 1605 2342 reprehendamus,et
1619 2262 1684 2326 cul-

132 2357 198 2438 prie
221 2356 424 2439 appellantur
448 2356 592 2430 humani,
613 2357 669 2440 qui
693 2356 816 2420 scilicet
839 2377 877 2420 en
934 2377 991 2440 pas
1006 2357 1150 2440 proprias
1166 2357 1334 2440 puniamus
1349 2357 1382 2420 in
1398 2357 1685 2425 nobisNecessaria

131 2455 249 2518 ratione
271 2461 302 2518 et
320 2454 550 2518 deliberatione
571 2455 758 2537 procedunt,
775 2455 808 2517 in
830 2457 877 2518 in·
934 2456 1025 2518 valde
1045 2462 1093 2517 cst
1112 2455 1324 2518 consideratio
1344 2456 1415 2530 istc,
1433 2457 1579 2539 quamvis
1599 2476 1683 2542 saepe

131 2553 261 2616 dividuo
283 2553 431 2634 sumptis,
454 2570 518 2616 non
543 2552 724 2616 inveniatur
748 2553 877 2617 indiffe·
935 2554 976 2616 sit
999 2554 1114 2636 gravis.
1139 2553 1271 2636 Propter
1295 2555 1380 2636 quod
1405 2555 1450 2618 ait
1474 2555 1645 2620 Anselmus
1672 2577 1679 2622 :

131 2670 212 2726 rens,
232 2651 289 2714 sed
309 2651 413 2713 omnis
432 2650 618 2732 hujusmodi
640 2658 729 2714 actus
749 2651 790 2714 sit
810 2669 876 2715 mo·
934 2651 1044 2716 Omnis
1059 2651 1164 2733 gravis
1182 2652 1331 2716 conditio.
1350 2653 1382 2715 Si
1398 2672 1449 2716 me
1465 2652 1613 2736 inspicio,
1629 2673 1681 2718 me

131 2748 235 2812 raliter
254 2749 370 2824 bonus,
386 2749 547 2812 virtuosus
566 2756 598 2812 et
613 2749 805 2823 meritorius,
822 2758 877 2812 aut
935 2749 1042 2833 ipsum
1070 2767 1134 2813 non
1164 2749 1282 2831 tolero;
1307 2751 1334 2813 si
1364 2769 1427 2814 non
1456 2751 1603 2835 inspicio,
1629 2773 1681 2816 me

130 2847 351 2910 demeritorius
371 2853 465 2929 atque
485 2845 656 2929 culpabilis
671 2845 712 2928 (si
731 2847 818 2910 enim
838 2867 877 2910 ex
934 2849 1040 2930 ipsum
1060 2847 1179 2930 ignoro.
1198 2849 1229 2912 Si
1250 2867 1302 2910 me
1321 2849 1497 2924 considero,
1514 2858 1610 2913 terret
1630 2871 1680 2914 me

130 2953 214 3008 recta
234 2945 358 3008 ratione
381 2945 524 3027 procedit
546 2952 578 3008 et
599 2945 638 3008 ad
663 2945 764 3008 finem
789 2945 877 3008 debi·
933 2946 1032 3010 facies
1051 2948 1166 3010 animm
1187 2964 1283 3027 meae;
1300 2947 1328 3010 si
1348 2966 1399 3010 me
1418 2966 1483 3012 non
1502 2949 1678 3024 considero,

130 3050 195 3106 tum
220 3043 369 3118 refertur,
392 3043 574 3106 meritorius
599 3042 801 3126 perbihetur3
827 3045 877 3108 sin
894 3044 916 3108 C
932 3043 1016 3107 fallit
1031 3063 1082 3107 me
1097 3044 1259 3107 damnatio
1278 3063 1359 3107 mea.
1376 3044 1408 3109 Si
1425 3064 1475 3108 me
1491 3045 1594 3121 video,
1610 3046 1681 3110 bor·

129 3149 245 3218 autem,
264 3141 488 3204 demeritorius
503 3141 726 3221 fertur):binc
742 3143 804 3206 nisi
820 3163 877 3205 un·
933 3158 985 3205 ror
1009 3149 1057 3205 est
1082 3140 1308 3220 intolerabilis3
1329 3142 1356 3204 si
1381 3157 1444 3205 non
1469 3143 1573 3218 video,
1595 3161 1680 3208 mors

130 3241 223 3323 dique
238 3241 341 3304 simus
356 3239 876 3323 oculati,circumspectidiligen·
933 3239 1154 3303 intolerabilis.
1176 3239 1214 3302 Et
1236 3247 1331 3314 certe,
1349 3239 1432 3303 sicut
1454 3241 1487 3303 in
1509 3241 1616 3304 verbis
1641 3243 1680 3306 iis

12 3353 115 3408 upplan.
130 3340 255 3414 tissimi,
272 3347 304 3401 et
317 3338 420 3419 (juxta
440 3339 628 3421 prophetam
643 3340 809 3420 Aggaeum)
824 3359 877 3422 po
932 3337 1038 3399 innuit
1061 3336 1137 3400 satis
1160 3335 1341 3412 Anselmus,
1366 3337 1392 3399 si
1416 3337 1490 3420 quis
1514 3356 1548 3400 se
1573 3339 1680 3421 ipsum

130 3457 240 3501 namus
267 3437 362 3500 corda
391 3443 497 3501 nostra
526 3455 623 3519 super
648 3437 715 3500 vias
740 3445 875 3514 nostras,
933 3437 991 3499 rito
1012 3436 1201 3510 considerat,
1218 3435 1421 3499 othonorum
1441 3454 1512 3518 quaa
1531 3446 1681 3520 operatur

129 3537 228 3600 varias
243 3535 333 3599 omni
349 3536 426 3599 bora
441 3534 614 3599 incidimus
630 3535 751 3619 culpas,
767 3543 799 3599 et
814 3537 877 3602 cito
931 3532 1088 3596 admixtas
1108 3531 1365 3596 defectuositates
1385 3533 1613 3616 perspicaciter
1632 3536 1679 3598 in·

128 3635 348 3717 pigrescimus.
366 3633 498 3708 ldcirco,
511 3641 546 3696 ut
561 3633 706 3696 Habacuc
723 3634 875 3717 loquitur,
931 3639 1049 3704 tuetur,
1067 3630 1223 3693 malorum
1245 3648 1372 3712 quoque
1395 3649 1465 3712 quae
1486 3631 1551 3712 agit
1571 3632 1678 3696 multi-

12 3745 114 3798 tunem.
128 3751 223 3816 super
238 3733 416 3796 custodiam
432 3739 573 3796 nostram
589 3740 726 3812 stemus3
742 3739 774 3795 et
788 3734 875 3796 omni
930 3728 1076 3793 tudinem
1094 3728 1411 3811 magnitudinemque
1427 3729 1593 3794 sinceriter
1607 3751 1677 3814 spe-

12 3811 50 3852 'm'
86 3815 113 3854 ²³
128 3832 272 3896 custodia
292 3848 346 3894 cor
365 3839 509 3894 nostrum
530 3831 747 3894 custodiamus
761 3850 779 3894 a
795 3833 877 3914 cogi·
931 3827 1066 3901 culatur,
1082 3826 1232 3889 abhorret
1250 3833 1282 3888 ct
1297 3834 1484 3909 aspernatur
1503 3847 1537 3890 sc
1557 3829 1675 3911 ipsum,

128 3929 302 3995 talionibus
319 3929 421 4003 malis,
433 3929 474 3992 ab
488 3928 715 3992 affectionibus
731 3929 876 4012 pravis,a
930 3935 961 3990 et
993 3925 1046 3988 via
1077 3923 1161 3986 ferre
1192 3942 1226 3986 se
1258 3929 1372 4006 potest,
1402 3943 1461 3988 nec
1491 3927 1611 3991 deflere
1642 3947 1676 3992 εε

12 4039 113 4093 ronan.
129 4029 324 4111 negligentia
344 4026 442 4092 omni.
461 4027 576 4109 Sicque
598 4044 672 4090 curn
691 4027 750 4090 Job
769 4047 876 4091 verca·
930 4023 1062 4088 sufficit.

129 4147 199 4190 mur
217 4125 328 4192 omnia
346 4143 442 4208 opera
462 4133 578 4198 nostra,
595 4143 636 4188 ne
656 4123 689 4187 in
709 4125 755 4188 eis
771 4126 876 4189 Domi·
971 4125 1089 4187 Verum
1104 4129 1179 4186 sunt
1194 4123 1324 4205 quidam
1340 4124 1533 4207 insipientie
1548 4126 1621 4202 filii,
1638 4129 1678 4191 ad

75 4295 79 4304 ¹
128 4246 204 4291 num
226 4225 440 4290 offendamus.
462 4223 540 4287 Nam
560 4223 644 4286 sicut
669 4223 701 4286 in
723 4223 877 4289 Ecclesia·
892 4227 916 4289 D
931 4223 1013 4286 banc
1043 4222 1093 4284 sui
1122 4221 1362 4285 saluberrimam
1394 4224 1679 4290 considerationem

12 4322 526 4406 rerr.1,n.sticolegitur,l'imorllei
542 4323 874 4404 estcoronajustitiae,
932 4321 1019 4396 caeci,
1036 4329 1131 4402 atquc
1153 4320 1192 4383 ad
1213 4319 1349 4382 aliorum
1374 4319 1458 4384 facta
1480 4323 1604 4387 curiose
1626 4326 1680 4389 ob·

12 4403 28 4442 ⁸'
128 4443 196 4506 quae
211 4422 338 4486 cunctis
353 4428 403 4484 cst
416 4421 660 4504 superponenda
675 4421 835 4502 operibns,
843 4431 877 4484 ut
932 4420 1096 4493 servanda,
1109 4426 1230 4482 temere
1244 4418 1427 4500 judicanda,
1439 4421 1588 4486 distincte
1603 4443 1680 4488 enu-

128 4522 265 4585 sollicite
285 4521 317 4583 in
338 4519 384 4583 eis
403 4519 508 4583 omnis
524 4519 642 4582 vitetur
662 4538 828 4600 excessus3
845 4529 877 4583 et
932 4519 1167 4592 meranda,ante
1183 4525 1214 4580 et
1226 4525 1308 4580 retro
1320 4519 1421 4582 oculis
1434 4520 1680 4606 pleni,proprias

129 4621 182 4702 qni
202 4619 326 4702 absque
341 4618 402 4682 isto
416 4618 530 4681 timore
546 4626 605 4692 est,
620 4617 792 4699 justificari
812 4637 876 4682 non
932 4617 1042 4699 culpas
1063 4636 1102 4678 ex
1121 4616 1257 4679 aliorum
1280 4616 1458 4680 defectibus
1479 4629 1678 4696 excusantes,

129 4727 241 4801 potest,
260 4737 320 4782 nec
341 4717 484 4781 evadere.
931 4715 1116 4779 alleviantes
1140 4734 1176 4778 ac
1201 4715 1408 4779 defendentes
1434 4737 1441 4780 :
1468 4735 1605 4800 quorum
1635 4720 1679 4783 fa·

168 4818 415 4882 Consideremus
436 4833 511 4898 orgo
533 4834 591 4880 nos
616 4816 702 4898 ipsos
725 4823 758 4879 et
781 4833 875 4878 omne
933 4815 1027 4877 tuitas
1049 4821 1097 4877 est
1116 4813 1272 4876 deflenda.
1291 4814 1328 4876 lli
1352 4815 1460 4878 miseri
1483 4835 1545 4880 non
1565 4819 1677 4882 adver·

130 4919 211 5000 quod
233 4917 372 4999 agimus,
389 4934 430 4978 an
449 4933 523 4978 vere
543 4915 585 4977 sit
603 4914 724 4978 bonum
743 4922 776 4977 et
793 4914 875 4978 bene
930 4921 1003 4975 tunt
1027 4914 1112 4997 quod
1138 4920 1202 4976 tam
1224 4913 1411 4976 terribiliter
1434 4915 1479 4978 ait
1502 4917 1643 4982 Salvator
1666 4937 1672 4982 :

129 5017 193 5081 fiat.
220 5016 467 5082 Consideremus
492 5021 628 5078 nostram
655 5013 874 5087 refectionem,
930 5013 1011 5088 Quid
1027 5013 1115 5077 vides
1131 5011 1285 5076 festucam
1302 5013 1335 5075 in
1350 5016 1443 5078 oculo
1457 5016 1564 5080 fratris
1579 5019 1675 5094 tui‚et
1689 5033 1820 5084 nattam,

130 5117 370 5188 comestionem,
401 5113 607 5195 potationem,
637 5112 874 5188 dormitionem,
931 5114 1053 5176 trabem
1069 5114 1101 5176 in
1116 5114 1210 5177 oculo
1223 5121 1279 5177 tuo
1293 5132 1357 5177 non
1372 5114 1481 5178 videsl
1496 5116 1673 5200 Hypocrita,
1689 5103 1709 5148 ³'
1718 5101 1738 5140 ⁵·

131 5235 170 5278 ne
190 5217 223 5278 in
243 5215 290 5279 eis
311 5231 460 5276 excessua
480 5211 531 5285 sit,
548 5229 589 5274 ne
610 5219 769 5294 quaeratur
788 5212 876 5274 volu·
931 5211 1012 5293 ejice
1037 5212 1179 5294 primum
1203 5212 1325 5276 trabem
1350 5215 1390 5276 de
1413 5213 1505 5276 oculo
1526 5222 1592 5288 tuo,
1613 5225 1672 5278 etc.

133 5321 212 5398 ptos,
228 5333 270 5378 ae
290 5313 446 5377 virtutum
467 5310 713 5376 circumstantia
729 5310 877 5374 omittan·
931 5310 1011 5374 Hinc
1026 5309 1194 5392 Gregorius
1210 5319 1242 5374 et
1256 5311 1388 5394 Prosper
1403 5317 1558 5375 testantur
1570 5330 1577 5376 :
1588 5313 1677 5376 'lam-
