4288 6264
554 511 587 560 ur
608 510 658 558 nra
680 509 794 558 sarcre
814 507 1031 556 rnuruoosras.
1052 525 1092 536 -
1113 505 1212 554 saeuo
1232 505 1342 554 ramus
1685 482 1725 550 73

172 679 310 746 dextere
326 683 588 748 Erasistratus
603 683 721 747 etenim
737 680 845 764 gratiae
860 681 921 744 lul·
934 682 961 745 A
976 679 1038 744 lam
1061 698 1183 754 eorum,
1205 679 1249 742 ita
1269 680 1353 762 quod
1378 677 1495 742 diversi
1518 675 1652 740 diversis
1675 675 1723 738 uti

172 788 358 860 gemmatus
374 782 538 864 potestatis
553 783 653 864 vigor,
670 789 799 864 tamque
814 780 920 845 Omni·
975 787 1007 842 et
1031 779 1117 862 loqui
1144 786 1310 860 coepcrunt
1336 799 1343 844 :
1370 785 1499 860 propter
1524 774 1609 859 quod
1638 792 1722 836 unus

173 879 314 960 potentis
341 881 512 962 magnilica
537 880 679 963 operatio
704 881 737 942 in
760 879 920 962 Apostolis
974 878 1074 940 alium
1089 894 1152 940 non
1168 875 1334 940 intellexit.
1353 877 1468 958 Sicque
1483 873 1642 937 aedilicaro
1658 890 1723 935 ces-

172 977 351 1060 ceterisque
365 979 533 1062 discipulis
549 978 826 1061 resplenduerunt,
836 978 920 1060 quod
975 976 1098 1051 sabant,
1114 984 1145 1038 et
1160 975 1254 1038 divisi
1274 975 1403 1038 suntab
1422 973 1559 1036 invicem
1579 990 1637 1054 per
1652 970 1722 1034 uni·

171 1075 345 1141 adversarii
360 1079 501 1141 veritatis
523 1077 693 1142 formidare
714 1077 814 1142 coacti
834 1084 918 1149 sunt,
975 1092 1098 1138 versam
1128 1081 1257 1147 terram,
1282 1073 1366 1136 sicut
1395 1072 1427 1134 in
1452 1069 1565 1135 Genesi
1596 1069 1723 1152 plenius

171 1174 348 1255 praesertim
366 1185 497 1260 propter
511 1184 575 1238 tam
596 1195 710 1258 magna
729 1183 761 1238 et
778 1176 921 1238 innume
975 1171 1136 1234 scribitur.
1153 1171 1269 1253 ltaque,
1286 1172 1369 1234 sicut
1389 1176 1518 1253 propter
1538 1166 1721 1250 superbiam

172 1271 285 1334 rabilia
307 1293 377 1356 quaa
397 1274 550 1338 videbant
571 1274 658 1337 omni
682 1274 733 1337 die
756 1272 918 1336 miracula.
975 1279 1007 1334 et
1028 1269 1235 1333 rebellionem
1258 1269 1400 1332 liliorum
1422 1269 1495 1331 Adae
1517 1266 1627 1329 divisas
1647 1272 1723 1326 sunt

211 1371 338 1444 Quinto,
367 1372 505 1453 Spiritus
537 1371 670 1436 Sanctus
702 1370 920 1435 testimonium
976 1370 1102 1450 linguae,
1130 1369 1173 1430 ita
1199 1387 1256 1450 per
1279 1368 1492 1431 humilitatem
1517 1372 1549 1428 et
1572 1363 1723 1427 obedien-

172 1468 336 1550 perhibuit
351 1469 486 1544 Christo,
503 1489 559 1552 per
576 1471 637 1534 hoc
657 1471 740 1552 quod
758 1476 804 1532 tot
820 1469 922 1531 millia
975 1468 1052 1531 tiam
1076 1467 1307 1550 discipulorum
1332 1465 1459 1540 Christi,
1480 1470 1631 1546 operante
1652 1462 1721 1544 Spi-

170 1567 350 1631 ludaeorum
374 1568 531 1632 convertit
549 1569 588 1630 ad
611 1588 695 1631 eum.
711 1567 810 1631 Judaei
834 1585 921 1630 nam·
975 1567 1038 1628 ritu
1061 1565 1184 1638 Sancte,
1207 1565 1303 1628 unitae
1325 1572 1399 1627 sunt
1420 1584 1426 1628 :
1449 1564 1563 1646 primo,
1585 1581 1642 1644 per
1662 1561 1722 1623 hoc

171 1682 245 1745 que,
262 1665 317 1746 qui
334 1664 429 1748 paulo
444 1671 518 1728 ante
535 1665 838 1747 blasphemaverunt
852 1681 921 1726 cru·
975 1664 1059 1746 quod
1090 1665 1122 1726 in
1152 1663 1296 1745 quolibet
1318 1661 1541 1745 Apostolorum
1571 1659 1633 1722 luit
1657 1676 1723 1721 om-

172 1760 408 1844 cilixeruntque
431 1762 604 1837 Christum,
621 1781 680 1825 nec
703 1762 734 1824 in
757 1781 830 1838 eum
854 1780 920 1824 cre·
976 1763 1066 1824 nium
1097 1761 1276 1843 linguarum
1308 1761 1419 1823 notitia
1443 1768 1474 1822 et
1498 1757 1649 1836 facultas3
1675 1775 1721 1820 se-

171 1860 246 1922 dere
271 1858 451 1934 voluerunt,
477 1861 570 1943 cujus
599 1861 752 1923 miracula
779 1860 920 1942 quotidie
938 1859 962 1922 B
977 1862 1092 1934 cundo,
1113 1879 1170 1943 per
1189 1861 1248 1923 hoc
1269 1860 1353 1941 quod
1375 1859 1520 1922 omnium
1541 1857 1720 1938 linguarum

171 1967 384 2040 perceperunt
407 1977 464 2021 seu
489 1967 733 2042 conspexerunt,
759 1978 777 2021 a
803 1976 866 2040 quo
889 1967 921 2020 ct
977 1960 1178 2022 nationesne
1202 1965 1311 2039 gentes
1338 1957 1369 2019 in
1394 1957 1518 2021 Christo
1544 1974 1600 2037 per
1621 1953 1720 2015 fidem

171 2062 313 2118 mortuos
343 2063 498 2118 noverant
522 2057 709 2135 suscitatos;
730 2057 781 2119 die
806 2056 865 2118 isto
890 2062 922 2118 ct
975 2065 1008 2119 et
1038 2056 1200 2118 caritatem
1232 2063 1307 2118 suut
1336 2055 1491 2128 adunatae,
1520 2053 1611 2133 juxta
1641 2051 1721 2112 illud

171 2153 335 2235 deinceps,
351 2153 430 2217 visis
446 2160 492 2217 tot
506 2153 720 2228 mirabilibus,
737 2161 822 2216 etex
841 2173 920 2236 prae-
975 2153 1114 2216 Danielis
1132 2152 1270 2217 :Omnes
1293 2152 1414 2236 populi,
1430 2150 1533 2213 tribus
1554 2158 1586 2213 et
1606 2149 1721 2231 linguat
1736 2166 1869 2216 naamis.

170 2250 329 2313 dicatione
345 2249 516 2314 beatissimi
531 2251 685 2334 principis
700 2252 919 2334 Apostolorum
975 2252 1115 2315 servient
1136 2252 1177 2313 ei.

27 2369 154 2420 sechar.
171 2349 343 2431 perterriti,
365 2351 549 2432 compuncti
572 2358 647 2412 sunt
668 2351 773 2422 corde,
795 2358 826 2412 ct
845 2369 919 2412 eum
1015 2350 1159 2432 Insuper,
1185 2349 1268 2411 sicut
1292 2347 1431 2431 Apostoli
1463 2347 1616 2430 Spiritum
1647 2347 1721 2409 San·

165 2448 302 2510 ¹adorare
332 2457 508 2530 ceperunt,
535 2467 631 2530 quem
660 2450 710 2528 (ut
738 2447 819 2529 dixi)
846 2456 919 2511 ante
975 2456 1061 2510 ctum
1084 2455 1277 2528 acceperunt
1298 2448 1375 2509 dum
1396 2446 1493 2509 simul
1515 2445 1674 2518 sederunt,
1691 2453 1723 2507 et

171 2563 349 2627 perpaucos
368 2546 436 2608 dies
456 2545 678 2628 blasphemare
698 2564 735 2608 ac
752 2545 919 2626 crucifige·
972 2546 1106 2626 jejuniis
1126 2553 1221 2628 atque
1238 2545 1435 2608 orationibus
1455 2545 1664 2624 inheserunt3
1680 2543 1723 2604 ita

171 2661 205 2706 re
228 2641 297 2705 ausi
324 2642 462 2706 luerunt.
485 2643 539 2705 llis
562 2643 668 2726 itaque
690 2643 792 2706 modis
815 2644 919 2726 perhi-
974 2645 1001 2706 si
1017 2663 1074 2706 nos
1090 2644 1306 2707 desideramus
1322 2643 1441 2725 Spiritu
1457 2643 1571 2705 Sancto
1586 2640 1722 2722 impleri,

170 2740 241 2804 buit
257 2741 394 2823 Spiritus
410 2743 543 2806 Sanctus
558 2743 618 2806 hoc
633 2742 685 2806 die
699 2742 918 2806 testimonium
974 2749 1099 2825 oportet
1118 2760 1176 2805 nos
1196 2741 1313 2824 pariter
1329 2759 1409 2816 esse,
1426 2741 1486 2804 hoc
1505 2739 1600 2802 estin
1617 2739 1722 2801 Eccle-

169 2839 307 2902 Domino
327 2839 401 2902 Iesu
422 2840 556 2904 Christo.
974 2841 1020 2904 sia
1036 2841 1090 2904 llei
1112 2859 1169 2923 per
1184 2839 1347 2902 caritatem
1365 2839 1529 2919 conjungi,
1545 2846 1577 2901 et
1592 2837 1624 2900 in
1644 2855 1722 2920 pace

210 2938 373 3012 Praeterea,
390 2939 474 3002 circa
490 2947 613 3002 textum
629 2939 789 3003 hodiernae
804 2939 919 3022 episto
974 2940 1112 3021 pectoris
1134 2939 1307 3021 repausari,
1323 2938 1410 3001 omni
1431 2937 1637 3010 dissensione,
1654 2936 1719 3010 lite,

170 3038 208 3102 lae
224 3037 464 3112 advertendum,
481 3038 567 3119 quod
581 3056 599 3099 a
613 3037 773 3119 principio
788 3039 918 3100 creatio·
937 3045 958 3107 c
974 3038 1150 3110 aversione,
1176 3036 1414 3119 perturbatione
1438 3034 1588 3110 exclusis,
1613 3042 1722 3116 quate-

170 3135 221 3197 nis
242 3133 419 3216 primorum
440 3142 618 3216 parentum,
636 3135 785 3198 videlicet
799 3136 873 3198 Adae
888 3143 919 3198 ct
974 3155 1045 3210 nus,
1060 3136 1151 3217 juxta
1171 3134 1369 3216 Apostolum,
1386 3133 1564 3206 unanimes,
1581 3149 1645 3195 uno
1666 3149 1719 3194 ore
1734 3149 1868 3200 nmmo.

170 3233 255 3306 Evae,
274 3233 432 3315 usquead
452 3232 622 3306 diluvium,
639 3232 705 3295 imo
724 3241 755 3295 et
772 3234 917 3315 posthoc
974 3235 1074 3296 Deum
1097 3231 1357 3296 honorificemus.
1374 3231 1495 3294 Idcirco
1516 3237 1641 3313 oportet
1663 3248 1720 3292 nos

170 3350 273 3414 usque
297 3331 337 3392 ad
360 3330 606 3394 aedificationem
631 3331 728 3392 turris
752 3330 918 3413 Babyloni·
974 3332 1148 3406 caritative,
1166 3339 1330 3394 mansuete
1352 3339 1384 3393 et
1403 3329 1559 3412 patienter
1579 3329 1617 3391 ad
1641 3327 1721 3390 invi-

169 3449 226 3504 cae,
244 3429 306 3492 luit
321 3448 421 3492 unum
436 3429 580 3492 omnium
600 3429 767 3492 hominum
787 3429 916 3504 idioma,
974 3450 1043 3493 cem
1064 3429 1245 3492 conversari
1265 3429 1297 3491 in
1317 3446 1392 3490 vera
1410 3445 1446 3489 ac
1466 3427 1571 3490 stabili
1591 3425 1720 3488 humili·

168 3535 281 3610 utpote
297 3526 405 3606 lingua
419 3526 660 3608 llebraea,cujus
675 3527 821 3591 notitiam
836 3529 918 3590 Deus
973 3535 1048 3602 tate,
1063 3527 1216 3610 quoniam
1237 3527 1320 3590 Deus
1344 3525 1492 3607 superbis
1514 3525 1643 3598 resistit,
1664 3524 1721 3587 hu·
1734 3547 1868 3596 reniam.

168 3626 285 3709 primis
314 3625 500 3708 parentibus
524 3644 542 3687 a
565 3626 726 3708 principio
750 3627 917 3690 creationis
975 3625 1105 3689 milibus
1120 3632 1227 3688 autem
1243 3625 1296 3686 dat
1309 3623 1451 3704 gratiam.
1460 3624 1498 3685 Et
1512 3623 1596 3705 apud
1611 3622 1721 3685 lsaiam

168 3743 282 3788 eorum
299 3723 435 3803 iniudit3
454 3731 486 3786 et
501 3724 609 3805 lingua
623 3725 682 3786 bac
700 3724 869 3788 utebantur
885 3727 917 3788 in
975 3725 1114 3808 loquitur
1136 3725 1219 3786 Deus
1241 3741 1248 3787 :
1270 3723 1316 3784 Ad
1338 3741 1435 3804 quem
1458 3721 1637 3803 respiciam,
1659 3719 1720 3782 nisi
1749 3738 1868 3786 ramim.

168 3822 328 3905 paradiso,
344 3821 459 3884 deinde
480 3829 513 3884 et
533 3831 621 3886 extra
643 3821 836 3905 paradisum,
853 3841 918 3886 om·
973 3824 1012 3886 ad
1035 3821 1278 3905 pauperculum,
1297 3828 1329 3884 et
1350 3820 1521 3884 contritum
1546 3819 1672 3901 spiritu,
1691 3826 1722 3881 ct

168 3939 292 4002 nesque
314 3919 433 4002 posteri
454 3938 564 3984 eorum
587 3921 662 3984 boni
684 3929 716 3983 et
737 3921 821 3984 mali.
838 3921 918 3984 Hinc
974 3928 1163 3984 trementem
1186 3939 1348 3984 sermones
1374 3921 1483 3982 meost
1503 3916 1561 3980 Ubi
1585 3917 1647 3979 alia
1669 3917 1721 3979 ha·

169 4019 280 4098 lingua
304 4018 435 4081 Hebraea
459 4027 507 4080 est
531 4019 635 4102 prima
657 4039 694 4082 ac
718 4020 919 4083 nobilissima
974 4018 1028 4081 bet
1056 4018 1221 4080 translatio
1252 4035 1259 4080 :
1291 4019 1393 4099 Super
1420 4035 1516 4098 quem
1545 4016 1724 4098 requiescet

168 4117 288 4197 lingua.
302 4116 435 4197 Signum
450 4134 577 4199 quoque
593 4119 677 4200 quod
693 4118 836 4180 omnium
853 4125 920 4179 erat
974 4116 1106 4199 spiritus
1129 4133 1230 4188 meus,
1247 4115 1308 4178 nisi
1332 4133 1427 4197 super
1449 4115 1594 4196 quietum
1614 4121 1647 4178 et
1665 4115 1722 4176 hu·

167 4234 233 4278 una
249 4213 383 4296 loquela,
391 4222 423 4277 et
437 4215 523 4297 quod
538 4215 604 4278 haec
620 4217 689 4298 ipsa
704 4215 766 4278 luit
779 4215 917 4291 nebron,
935 4217 958 4279 D
975 4215 1084 4277 milem
1099 4217 1111 4276 l

167 4315 231 4376 boc
251 4320 300 4374 est
320 4312 405 4395 quod
429 4313 575 4377 omnium
601 4315 768 4377 hominum
790 4316 920 4379 nomina
1013 4313 1186 4386 Postremo,
1207 4331 1265 4393 per
1288 4312 1348 4375 hoc
1371 4313 1457 4394 quod
1481 4313 1525 4374 ait
1546 4312 1720 4395 Scriptura,

168 4431 242 4494 quae
272 4419 435 4494 ponuntur
461 4413 493 4473 iu
521 4411 646 4486 Genesi,
673 4432 774 4495 usque
803 4415 842 4476 ad
868 4414 919 4476 de·
974 4413 1058 4495 quod
1078 4412 1219 4495 Apostoli
1242 4420 1408 4494 coeperunt
1429 4410 1515 4493 loqui
1539 4420 1634 4493 prout
1652 4412 1721 4494 Spi-

167 4509 379 4592 scriptionem
409 4511 654 4573 constructionis
682 4512 779 4573 turris
810 4512 916 4586 Babel,
974 4513 1054 4574 ritus
1077 4512 1210 4574 Sanctus
1233 4510 1326 4574 dabat
1347 4511 1454 4592 eloqui
1478 4509 1552 4584 illis,
1569 4512 1722 4574 docemur

167 4615 296 4672 exstant
314 4608 454 4672 llebraea.
473 4609 640 4690 Quumque
664 4617 736 4691 post
759 4609 916 4674 diluvium
973 4617 1004 4672 et
1019 4627 1077 4672 nos
1092 4609 1229 4693 qualiter
1248 4608 1364 4672 babere
1380 4608 1534 4671 debemus
1551 4626 1608 4672 nos
1628 4610 1661 4672 iu
1680 4611 1722 4672 lo-

167 4707 343 4790 coepissent
364 4707 511 4770 homines
533 4707 749 4790 multiplicari,
766 4727 919 4772 convene·
973 4709 1107 4790 quendo.
1124 4709 1160 4770 ln
1181 4726 1243 4791 quo
1265 4716 1340 4770 suut
1356 4707 1499 4790 quinque
1520 4709 1719 4771 attendenda.

21 4825 41 4867 c
41 4839 119 4876 eeeeee
129 4829 153 4871 a
167 4813 255 4880 runt,
272 4807 534 4888 concorditerque
559 4806 709 4869 dixerunt
725 4827 732 4871 :
748 4809 871 4880 Venite,
887 4816 918 4870 et
972 4806 1078 4870 Primo
1102 4807 1303 4869 considerare
1330 4806 1485 4869 debemus
1514 4807 1599 4889 quid.
1621 4808 1721 4890 loqui-

19 4893 35 4934 ³'
167 4911 394 4968 construamus
423 4904 536 4967 turrim
567 4905 660 4986 cujus
686 4906 820 4970 altitudo
848 4925 917 4988 per·
974 4925 1056 4979 mur,
1075 4913 1109 4966 ut
1124 4905 1246 4967 scilicet
1265 4923 1328 4968 nou
1348 4905 1409 4968 nisi
1431 4905 1522 4968 utilia
1539 4913 1571 4968 ct
1586 4907 1722 4970 aedilica-

168 5004 272 5086 tingat
287 5021 388 5086 usque
407 5003 446 5065 ad
466 5003 581 5082 coelos3
598 5011 629 5067 et
644 5004 844 5068 celebremus
864 5023 917 5068 no·
973 5005 1052 5066 toria
1067 5003 1164 5066 verba
1180 5004 1354 5085 loquamur.
1363 5004 1509 5068 Secundo
1523 5005 1722 5068 considerare

168 5121 246 5166 men
275 5109 419 5166 nostrum
446 5107 616 5182 antequam
640 5102 681 5165 ab
710 5101 848 5165 invicem
874 5103 919 5165 di·
973 5101 1126 5166 debemus
1146 5101 1200 5164 ubi
1221 5101 1416 5184 loquendum
1434 5103 1486 5178 sit,
1503 5103 1579 5186 quia
1596 5111 1723 5166 nonest

167 5201 319 5264 vidamur
347 5199 380 5260 in
410 5199 559 5261 universa
588 5207 679 5262 terra.
711 5200 813 5274 Quum
843 5219 918 5282 ergo
972 5201 1005 5262 in
1021 5200 1156 5263 ecclesia
1171 5200 1387 5274 fabulandum,
1405 5220 1463 5265 nec
1478 5201 1616 5283 quilibet
1633 5202 1720 5265 locus

167 5297 343 5380 coepissent
359 5296 418 5360 boc
433 5315 537 5378 agere,
553 5295 698 5360 confudit
713 5298 795 5360 Deus
812 5298 918 5380 loque·
972 5306 1065 5382 aptus
1088 5307 1135 5362 est
1155 5300 1192 5362 ad
1217 5299 1411 5382 loquendum
1421 5317 1430 5381 3
1451 5301 1535 5362 inter
1553 5301 1721 5383 sapientie
