4288 6264
594 560 741 608 neuturus
762 560 781 607 v
802 559 876 608 rosr
896 558 1025 608 assona
1045 577 1085 588 -
1105 559 1336 607 amoventes
1700 541 1740 608 27

193 741 324 818 peccato
340 735 464 800 mortali
480 734 641 797 immunis
652 733 690 796 Et
705 741 809 817 potest
824 751 880 816 per
895 733 977 796 red
993 751 1077 808 vere,
1095 751 1198 815 neque
1215 752 1252 796 ea
1273 753 1344 816 quae
1362 734 1473 796 mundi
1491 741 1565 796 sunt
1581 733 1741 798 inordina·

193 833 345 914 ligionem
361 832 496 914 intelligi
514 831 605 896 latria
624 851 681 894 seu
700 831 879 895 christianae
896 831 938 894 le·
993 840 1024 895 te
1039 839 1201 915 appetere,
1215 849 1273 894 nec
1288 833 1429 914 aliquem
1445 831 1668 906 scandalizare,
1685 833 1739 896 scd

192 932 491 1014 gisprolessiomon
508 939 615 995 autem
632 932 805 996 monastica
821 933 940 1014 proles·
993 948 1104 992 omnes
1130 931 1235 1012 potius
1259 931 1429 994 adificare.
1456 931 1544 994 Unde
1571 938 1603 994 et
1625 930 1740 993 Paulus

192 1029 240 1092 sio
256 1031 435 1112 proprie,in
450 1030 511 1094 boc
527 1031 604 1106 loco,
611 1039 646 1092 ut
660 1031 827 1112 sequentia
843 1031 939 1094 verba
993 1029 1135 1092 hortatur
1146 1046 1152 1090 :
1163 1028 1253 1091 Exite
1265 1029 1305 1092 de
1319 1029 1423 1092 medio
1435 1037 1594 1104 eorum,et
1606 1029 1741 1092 immun·
1767 1049 1784 1094 u
1795 1050 1846 1095 cor.
1858 1065 1886 1102 n,

191 1129 371 1192 ostendunt.
384 1129 462 1192 Nam
479 1129 643 1193 subditur:
654 1133 732 1192 Hoec
746 1139 812 1190 est:
824 1131 939 1192 Visite·
992 1127 1068 1189 dum
1086 1145 1126 1189 ne
1142 1127 1324 1208 tetigeritis3
1337 1127 1740 1210 itemque,Nolite(inquit)
1753 1117 1885 1228 annm,

192 1247 229 1287 re
239 1229 396 1304 pupiltos,
413 1227 443 1290 id
460 1235 509 1291 est
528 1237 654 1309 patrum
675 1226 788 1289 solatio
807 1227 937 1290 destitu·
992 1224 1184 1288 coulormari
1205 1226 1280 1288 huic
1300 1226 1426 1300 saeculo,
1444 1228 1499 1289 sed
1519 1226 1737 1290 reformamini
1753 1240 1838 1296 aare..
1858 1211 1887 1292 a:

191 1331 251 1398 tos,
268 1334 297 1384 et
322 1327 450 1395 viduas,
467 1325 655 1388 maritorum
675 1332 818 1387 carentes
833 1325 939 1406 praesi-
993 1323 1107 1406 spiritu
1121 1324 1237 1386 mentis
1253 1331 1376 1386 vestrae.
1393 1325 1431 1387 Et
1451 1343 1508 1406 per
1524 1325 1607 1387 istud
1622 1323 1739 1387 intelli·
1753 1307 1787 1348 ²³·

190 1422 298 1496 dimin
309 1422 877 1493 tribulationeeorum,succurrcndc
892 1423 938 1485 eis
991 1429 1109 1502 guntur
1123 1421 1229 1484 omnia
1241 1422 1391 1484 exercitia
1403 1421 1677 1504 virtuosaquibus
1689 1421 1741 1485 bo

191 1521 224 1582 in
241 1520 363 1582 cunctis
380 1537 437 1602 pro
453 1521 636 1602 possequia
651 1519 849 1583 miserabiles
865 1529 939 1583 sunt
993 1535 1045 1580 ruo
1064 1518 1230 1600 perlinitur
1246 1519 1278 1580 in
1295 1518 1378 1581 bona
1393 1519 1457 1582 vita
1471 1519 1556 1581 circa
1571 1538 1604 1582 se
1621 1520 1737 1601 ipsum.

192 1635 346 1700 personat,
363 1626 395 1680 et
409 1618 590 1700 specialiter
606 1625 699 1699 egent
712 1618 887 1699 juvamine.
902 1618 939 1680 Et
1032 1616 1203 1690 Postremo,
1220 1617 1397 1679 secundum
1413 1617 1540 1692 Bedam,
1558 1617 1590 1680 in
1605 1617 1740 1680 auotori-

192 1735 249 1798 per
269 1713 354 1779 istud
370 1715 576 1798 intelligenda
591 1725 665 1778 sunt
682 1717 744 1778 alia
761 1734 860 1798 opera
880 1717 937 1778 mi·
993 1722 1056 1776 tate
1071 1714 1130 1778 bac
1147 1714 1279 1797 pulchre
1299 1715 1437 1788 additur,
1455 1716 1571 1798 «apud
1591 1715 1692 1778 Deum
1708 1722 1740 1778 et

191 1813 460 1896 sericordias‚quat
474 1815 513 1876 ad
527 1814 721 1878 Christianos
734 1815 937 1896 potissimum
991 1813 1112 1875 Putrem
1128 1835 1157 1886 n,
1180 1814 1255 1894 quia
1278 1821 1352 1875 sunt
1377 1814 1432 1896 qui
1456 1813 1642 1876 hominibus
1667 1813 1739 1876 reli-

192 1912 363 1994 pertinent,
380 1912 532 1993 quoniam
553 1913 603 1975 lea
622 1912 736 1977 Christi
756 1921 804 1974 est
824 1913 873 1974 lex
894 1922 937 1976 to·
953 1911 1070 1991 Bgiosi
1087 1912 1352 1992 videntur,quum
1368 1931 1387 1973 a
1403 1913 1465 1974 Deo
1479 1911 1656 1975 habeantur
1671 1929 1740 1994 prc-

191 2011 255 2072 tius
271 2010 410 2072 caritatis
431 2018 462 2074 et
482 2011 618 2092 pietatis.
635 2012 709 2085 Qum
724 2011 821 2074 etiarn
839 2029 936 2093 opera
992 2008 1068 2070 lani.
1086 2009 1173 2072 Unde
1193 2017 1225 2071 et
1239 2009 1387 2072 Salomon
1406 2009 1509 2072 lassus
1529 2017 1601 2073 est:
1619 2009 1673 2072 Est
1688 2010 1739 2090 via
1766 2025 1833 2068 rrae.
1846 2039 1886 2076 nv,

191 2109 319 2191 pietatis
345 2117 409 2170 tem
434 2116 521 2189 grata
545 2116 620 2172 sunt
645 2109 780 2182 Christo,
808 2117 843 2171 ut
865 2129 936 2191 quaa
992 2127 1063 2190 quaa
1078 2107 1204 2170 videtur
1219 2107 1342 2170 homini
1359 2107 1458 2186 bona;
1475 2108 1649 2170 novissima
1663 2125 1739 2170 vero
1755 2091 1787 2130 ¹²·

191 2206 260 2268 suis
275 2206 470 2288 pauperibus
491 2207 694 2281 exhibentur,
715 2206 776 2269 sibi
795 2207 936 2270 exhibita
991 2207 1062 2287 ejus
1085 2206 1247 2268 deducunt
1265 2205 1304 2267 ad
1328 2213 1473 2268 mortem.
1492 2205 1535 2268 lle
1555 2205 1672 2268 talibus
1695 2207 1739 2268 ait

190 2303 363 2366 arbitretur
378 2323 413 2366 ac
434 2303 579 2378 fateatur,
596 2305 731 2366 dicendo
748 2321 755 2366 ε
772 2305 860 2378 Quod
880 2305 935 2367 uui
992 2305 1133 2368 Salvator
1160 2323 1166 2366 :
1190 2303 1250 2366 llos
1280 2303 1356 2366 estis
1384 2303 1439 2384 qui
1468 2303 1653 2383 justificatis
1681 2321 1738 2366 vos
1753 2327 1885 2378 cenius.

190 2421 230 2464 ex
247 2402 389 2464 minimis
405 2401 485 2464 meis
500 2403 632 2476 lecistis,
649 2403 728 2465 mihi
745 2403 875 2465 lecistis.
893 2407 936 2466 m
991 2421 1097 2465 coram
1117 2401 1321 2480 hominibus;
1337 2402 1420 2464 Deus
1439 2410 1545 2464 autem
1565 2402 1653 2466 novit
1674 2420 1740 2465 cor-

191 2502 437 2560 immaculatum
453 2521 485 2560 se
502 2503 667 2561 custodire
683 2501 723 2561 ab
737 2503 794 2560 hoc
808 2505 935 2572 amento,
991 2501 1031 2563 da
1046 2507 1160 2574 vestra,
1173 2501 1248 2582 quia
1263 2501 1347 2582 quod
1362 2500 1549 2564 bominibus
1563 2500 1663 2562 altum
1678 2509 1737 2574 est,

190 2597 222 2660 id
242 2606 291 2660 est
314 2597 391 2662 vitia
410 2597 610 2662 saecularium
630 2598 797 2662 bominum
821 2617 936 2681 preca·
991 2598 1186 2662 abominatio
1208 2606 1257 2660 est
1278 2599 1362 2680 apud
1385 2599 1495 2662 Deum.

739 3025 930 3112 SERMO
968 3030 1188 3118 PRIMUS

243 3291 282 3338 DE
303 3290 380 3338 teus
401 3291 519 3338 ClllllSTl
541 3291 715 3348 SERVANDA,
735 3291 848 3340 cinoth
869 3293 1054 3350 GOH1BENDA,
1077 3295 1114 3340 ΕΤ
1134 3295 1283 3342 contraris
1304 3297 1447 3342 PROXllllS
1468 3296 1676 3342 tursnnsttnn.

258 3570 320 3632 ΟΝ
340 3571 445 3628 monis
472 3571 532 3648 poi
556 3571 639 3628 dicit
664 3571 759 3640 mihi,
784 3571 970 3642 Destinet}
990 3571 1048 3650 tia;
1073 3579 1105 3634 et
1130 3574 1276 3636 recedere
1300 3594 1318 3637 a
1343 3575 1437 3650 malo,
1459 3576 1676 3658 intelligentia.
1700 3578 1734 3640 ln

269 3667 418 3735 Douri'ne,
444 3667 584 3727 intrabit
614 3669 650 3727 in
680 3687 817 3745 reginum
845 3673 935 3728 cocto·
991 3669 1211 3735 Ecclesiastico
1235 3691 1362 3755 quoque
1389 3691 1396 3736 :
1421 3675 1588 3738 Plenitudo
1611 3677 1883 3759 sapien-neutro.

188 3785 275 3834 rum,
290 3768 347 3848 sed
360 3767 419 3843 qui
431 3767 514 3841 facit
529 3769 726 3827 voluntatem
742 3769 858 3828 Patris
872 3769 936 3826 mei
989 3769 1051 3842 tie,
1073 3770 1186 3832 timere
1211 3770 1321 3833 Deum.
1343 3772 1416 3845 Qum
1441 3773 1479 3836 de
1503 3773 1596 3836 liliati
1621 3775 1735 3838 timore

186 3865 246 3941 qai
266 3865 302 3922 in
319 3865 408 3922 coeti's
426 3873 481 3924 est.
499 3864 604 3926 blatth.
622 3882 676 3937 vu,
692 3863 741 3926 Sl.
988 3874 1063 3929 sunt
1085 3869 1271 3951 accipienda
1294 3889 1301 3933 :
1326 3888 1388 3933 non
1411 3872 1495 3954 quod
1520 3874 1675 3956 sapientia
1695 3875 1736 3936 sit

227 3960 298 4023 llaec
317 3969 393 4022 sunt
411 3960 509 4023 verba
529 3961 653 4024 Christi.
672 3962 718 4024 Ex
740 3962 858 4044 quibus
882 3983 934 4044 pa·
988 3966 1200 4028 essentialiter
1222 3968 1317 4030 timor
1339 3969 1465 4032 Domini
1487 3969 1609 4046 filialis,
1630 3980 1735 4036 castus

185 4063 242 4132 tet,
254 4059 338 4141 quod
354 4059 455 4122 Deum
470 4058 577 4122 verbis
593 4060 720 4122 laudare
736 4069 767 4122 et
781 4061 932 4142 operibus
987 4070 1017 4124 et
1033 4066 1242 4144 sanctus3sed
1258 4066 1512 4150 inseparabiliter
1526 4070 1555 4132 ei
1572 4070 1736 4152 conjungi-

187 4155 375 4218 inbonorare
400 4175 463 4218 non
488 4157 612 4220 suflicit
635 4159 673 4220 ad
697 4159 850 4238 salutem3
874 4179 932 4222 nec
987 4169 1049 4236 tur,
1074 4163 1233 4244 loquendo
1255 4165 1294 4227 de
1319 4166 1476 4248 sapientia
1501 4168 1641 4243 salutari,
1664 4189 1735 4252 que

185 4253 308 4316 suflicit
337 4255 422 4317 nuda
450 4255 505 4318 Dei
536 4256 685 4336 cognitio,
711 4259 765 4320 sed
796 4258 933 4341 exigitur
986 4269 1035 4322 est
1050 4281 1149 4323 unum
1165 4263 1204 4324 de
1219 4271 1342 4344 septem
1358 4264 1450 4328 donis
1465 4266 1602 4348 Spiritus
1618 4269 1731 4330 Sancti.

184 4352 406 4416 obedientialis
427 4352 594 4434 subjectio,
612 4355 672 4418 boe
687 4363 736 4418 est
749 4356 931 4420 divinorum
987 4358 1160 4422 Salubriter
1174 4378 1249 4441 ergo
1264 4362 1406 4426 bortatur
1419 4366 1579 4446 apostolus
1592 4367 1732 4440 lacobus,

185 4451 331 4534 impletio
347 4461 589 4534 praeceptorum,
607 4453 690 4516 sicut
707 4455 750 4516 ait
765 4455 930 4520 Salvator:
987 4465 1022 4518 ut
1037 4457 1137 4520 simus
1157 4458 1293 4522 lectores
1309 4461 1397 4523 verbi
1419 4463 1531 4538 divini,
1548 4472 1580 4527 et
1596 4482 1660 4528 non
1679 4485 1881 4540 au-imt.1,ss.

184 4550 216 4613 Si
241 4551 290 4612 vis
315 4550 432 4612 intrare
460 4551 633 4625 advitam,
660 4571 750 4614 serva
775 4554 929 4616 mandata.
987 4556 1104 4618 ditores
1128 4557 1302 4620 dumtaxat.
1329 4559 1400 4634 Sed,
1428 4561 1515 4624 beut
1542 4564 1633 4626 multi
1660 4576 1735 4629 sunt

185 4649 253 4711 lmo
274 4649 407 4712 scientia
428 4649 548 4732 absque
570 4650 741 4712 virtutibus
762 4659 810 4713 est
832 4653 932 4733 magis
988 4655 1059 4716 vani
1085 4663 1117 4717 et
1140 4655 1245 4718 stolidi
1272 4657 1327 4739 qui
1353 4659 1488 4739 cupiunt
1512 4663 1612 4725 multa
1639 4667 1732 4736 scire,

184 4747 320 4810 stultitia
344 4767 440 4831 quam
465 4749 599 4812 scientia
627 4750 825 4832 appellanda.
852 4752 1050 4821 llinchon
1080 4761 1115 4815 ut
1139 4754 1279 4818 virtuose
1306 4757 1414 4819 vivant
1443 4767 1475 4821 et
1503 4762 1566 4824 Deo
1595 4765 1734 4846 compla-

181 4845 227 4908 ait
246 4847 414 4928 Gregorius
432 4846 670 4910 Nazianzenus:
687 4848 791 4912 Prima
809 4851 932 4931 sapien·
987 4859 1089 4926 ceant,
1108 4853 1162 4914 sed
1178 4862 1212 4915 ut
1228 4855 1412 4920 bominibus
1427 4859 1595 4922 videantur
1610 4863 1734 4945 sapien-

183 4946 238 5017 tia,
254 4952 302 5007 est
317 4945 381 5007 vita
402 4945 570 5008 laudabilis
590 4955 622 5009 et
639 4967 718 5028 pura
738 4967 828 5011 mens
847 4951 930 5030 apud
986 4958 1033 5012 tes
1053 4956 1085 5012 et
1105 4951 1201 5026 docti,
1218 4960 1250 5014 et
1271 4953 1476 5031 honorentur,
1492 4977 1528 5020 ac
1548 4961 1734 5042 temporalia

182 5043 301 5122 Deum;
322 5051 354 5106 et
374 5043 428 5107 illa
449 5045 605 5126 sapientia
625 5065 698 5109 vera
717 5053 749 5108 et
768 5047 852 5109 clara
871 5054 929 5121 ost,
988 5049 1075 5110 lucra
1095 5050 1273 5131 acquirant,
1291 5072 1327 5116 ac
1352 5054 1518 5118 delicatius
1541 5059 1658 5122 vivant.
1679 5063 1732 5124 lsti

182 5159 246 5205 non
261 5161 332 5223 quae
348 5141 380 5204 in
396 5143 503 5206 verbis
519 5143 613 5217 volat,
630 5145 685 5206 sed
701 5164 768 5227 quae
785 5145 817 5207 in
833 5146 930 5208 virtu·
986 5155 1060 5208 sunt
1085 5147 1193 5210 miseri
1218 5150 1434 5226 vehementer,
1461 5157 1602 5236 perversi
1626 5165 1656 5220 et
1681 5178 1733 5222 ex-

182 5239 269 5303 tibus
291 5247 422 5303 constat.
443 5241 523 5304 llino
547 5259 674 5324 quoque
698 5243 730 5304 in
752 5243 811 5305 Job
834 5243 929 5306 habe·
985 5245 1103 5320 eaecati,
1120 5265 1200 5327 quos
1219 5248 1347 5330 propria
1368 5250 1460 5313 inflat
1474 5261 1506 5314 et
1520 5264 1657 5318 excaecat
1672 5259 1732 5320 sci-

18 5305 80 5412 'peu
90 5317 166 5356 '''''''
181 5346 258 5403 tur:
276 5339 356 5403 Ecce
378 5340 474 5404 timor
496 5340 634 5416 Domini,
650 5341 720 5424 ipsa
738 5350 787 5404 est
805 5343 930 5424 sapien·
984 5343 1080 5416 entia,
1098 5363 1157 5406 nec
1178 5345 1342 5410 intuentur
1364 5367 1467 5432 neque
1487 5352 1656 5417 advertunt
1676 5376 1733 5421 sua
