4140 6258
386 475 533 527 nornmm
554 477 599 524 xn
618 477 692 526 rosr
711 475 906 526 rammarrnr.
926 493 967 506 -
986 475 1161 526 manuario
1181 475 1213 524 m
1233 475 1427 526 artronum
1621 452 1680 520 381

520 890 826 978 ENARRATIO
859 889 914 976 IN
948 890 1283 980 EVANGELIUM

267 1155 380 1202 axinus
401 1155 489 1204 rasus
510 1155 549 1202 os
571 1155 690 1203 munus
711 1155 794 1213 rum,
815 1155 907 1204 vsurr
926 1156 985 1204 raa
1007 1156 1151 1214 smenon,
1172 1155 1237 1203 arc.
1254 1139 1347 1202 llarc.
1363 1157 1417 1215 vu,
1433 1139 1537 1206 alet.

194 1433 473 1500 VANGELISTA
506 1434 629 1498 blarcus
663 1435 695 1497 in
730 1431 1055 1516 prasentideorum,
1082 1433 1266 1514 designatur
1289 1432 1439 1497 discretio
1464 1452 1471 1498 :
1494 1451 1565 1514 quc
1588 1432 1680 1496 valde

206 1533 374 1616 evangelio
389 1532 543 1596 describit
558 1533 756 1595 curationem
773 1532 879 1612 cujus·
934 1531 1113 1593 necessaria
1132 1539 1179 1594 est
1198 1532 1237 1616 ad
1257 1531 1465 1614 aperiendum
1486 1549 1579 1594 aures
1604 1531 1682 1594 inte

132 1632 201 1694 dam
231 1631 371 1694 bominis
397 1630 452 1713 qui
477 1629 540 1693 fuit
563 1630 678 1693 surdus
702 1637 733 1692 ot
758 1637 875 1691 mutus.
933 1628 1032 1692 riores
1053 1628 1192 1693 bominis
1212 1630 1421 1712 spiritualiter
1442 1629 1541 1705 surdi,
1558 1629 1618 1694 hoc
1633 1636 1681 1692 est

132 1729 245 1792 Tantus
269 1737 376 1792 autem
400 1736 555 1811 quantum
580 1728 619 1791 ad
644 1745 773 1790 sensum
796 1727 877 1790 litte·
932 1726 970 1788 ad
991 1727 1185 1790 audiendum
1202 1728 1337 1791 verbum
1355 1728 1411 1790 Ilei
1430 1728 1569 1810 graviter
1589 1728 1680 1790 indu-

132 1828 239 1902 ralem‚
265 1827 490 1890 difficultatem
515 1844 578 1891 non
603 1825 699 1889 habet
724 1845 731 1892 :
758 1825 878 1889 idcirco
932 1824 991 1887 rati
1014 1833 1046 1888 et
1068 1825 1178 1889 clausi.
1196 1829 1239 1888 Et
1261 1845 1433 1904 eospueua,
1455 1828 1563 1904 tetigit
1585 1834 1680 1910 sputo

132 1925 366 1988 immorandum
389 1942 453 1988 non
476 1942 556 1988 reor.
578 1925 687 2006 ltaque
708 1923 752 1988 ait
770 1941 776 1986 :
793 1924 876 1986 Eoi·
931 1940 990 1986 suo
1006 1925 1156 2002 linquam
1171 1926 1269 2002 ejus:
1285 1925 1437 2006 quoniam
1457 1943 1515 2007 per
1532 1924 1679 1998 salivam,

131 2043 184 2084 eus
200 2027 295 2085 Iesus
314 2027 354 2084 cle
372 2024 496 2100 finibus
516 2024 611 2100 Tyri,
626 2041 697 2104 qua
715 2021 778 2084 fuit
799 2021 876 2084 urbs
932 2021 1002 2084 sine
1025 2041 1088 2103 qua
1107 2022 1205 2084 verba
1226 2021 1367 2104 perfecte
1388 2021 1519 2086 formari
1543 2040 1606 2087 non
1629 2042 1681 2087 va·

131 2122 259 2204 antiqua
273 2139 310 2184 ac
324 2120 487 2203 opulenta,
497 2128 528 2184 et
543 2121 621 2184 olim
637 2120 825 2194 clarissima,
836 2120 875 2185 de
932 2118 1009 2194 lent,
1030 2120 1187 2202 sapientia
1209 2119 1378 2202 figuratur,
1399 2140 1470 2203 quac
1490 2138 1526 2184 os
1549 2121 1679 2196 mentis,

50 2261 102 2290 a„
132 2221 219 2301 cujus
242 2219 431 2284 excellentia
451 2221 483 2282 in
500 2219 664 2283 Ezechiele
685 2218 785 2282 multa
803 2236 876 2282 con·
931 2216 1082 2280 videlicet
1102 2218 1311 2294 intellectum,
1328 2237 1392 2303 quo
1411 2217 1563 2283 interiora
1582 2219 1681 2284 verba

10 2319 247 2402 ¹¹l¹·¹¹'¹“·scripta
275 2325 361 2391 sunt,
388 2321 478 2379 veuit
497 2337 559 2396 per
583 2320 738 2380 Sidonem
768 2317 876 2381 cirita·
931 2315 1149 2398 proferuntur,
1166 2317 1376 2399 spiritualiter
1399 2317 1519 2400 irrigat,
1535 2325 1680 2399 gustum-

131 2424 191 2479 tem
209 2419 256 2478 od
275 2436 366 2478 mare
386 2418 543 2487 cotaleo,
558 2415 643 2499 quod
663 2415 726 2478 alio
746 2416 876 2481 nomine
931 2433 994 2496 que
1016 2413 1139 2478 confert
1161 2414 1275 2478 eidem.
1294 2415 1428 2498 Exspuit
1450 2416 1557 2498 itaque
1576 2416 1678 2492 Jesus,

29 2545 118 2584 uiua
131 2515 244 2578 dicitur
258 2533 346 2578 mare
360 2513 547 2588 Tiberiadis,
557 2516 646 2576 inter
660 2515 781 2574 medios
793 2519 876 2592 flues
931 2519 963 2575 et
977 2520 1072 2594 sputo
1086 2530 1144 2576 suo
1159 2513 1262 2595 tetigit
1277 2513 1418 2596 linguam
1433 2512 1531 2595 hujus
1546 2513 1679 2588 infirmi,

20 2623 25 2636 ·
131 2616 329 2692 decapoleos,
345 2613 377 2676 id
392 2619 441 2675 est
456 2612 594 2693 regionis
613 2613 724 2676 decem
745 2612 875 2675 urbium
890 2609 914 2672 B
930 2610 970 2672 ad
985 2610 1210 2692 designandum
1226 2611 1311 2693 quod
1326 2611 1382 2695 qui
1398 2619 1503 2674 mutus
1518 2620 1566 2676 cst
1579 2631 1598 2675 a
1612 2632 1682 2695 pro

131 2711 244 2794 quibus
264 2713 316 2793 (ut
336 2711 469 2792 dicitur)
489 2710 676 2793 cingebatur
696 2711 756 2775 hoc
776 2729 873 2774 mare.
931 2707 1049 2771 latione
1073 2707 1246 2772 verborum
1270 2709 1449 2774 coelestium
1478 2717 1574 2793 atque
1598 2711 1680 2774 salu·

131 2813 171 2872 lu
185 2813 357 2872 adducunt
372 2813 404 2870 et
418 2809 519 2874 turbae
534 2813 674 2872 surdum
689 2819 719 2870 et
735 2819 875 2882 mutum,
930 2805 1142 2880 brium,recte
1158 2813 1189 2869 et
1203 2806 1365 2870 meritorie
1381 2807 1468 2890 loqui
1485 2808 1607 2890 nequit,
1616 2809 1679 2872 nisi

129 2907 277 2970 videlicet
298 2926 399 2970 unum
419 2907 475 2990 qui
495 2907 557 2970 fuit
576 2908 691 2971 surdus
706 2915 737 2972 et
755 2915 872 2972 mutus.
929 2903 1014 2966 dono
1032 2904 1196 2986 sapientia
1219 2904 1305 2968 intus
1324 2913 1464 2982 ornetur,
1480 2913 1628 2988 tangatur
1647 2915 1679 2970 et

133 3004 200 3080 Oui,
225 3013 262 3068 ut
291 3005 402 3068 dicunt
425 3004 584 3079 nonnulli,
609 3005 672 3068 fuit
699 3006 815 3068 surdus
843 3013 875 3068 et
930 3001 1151 3084 perfundatur.

131 3110 234 3166 mutus
255 3120 322 3166 non
342 3122 380 3166 ex
400 3121 495 3167 causa
516 3103 664 3178 naturali,
681 3104 736 3166 sed
757 3123 797 3168 ex
815 3104 875 3168 dte
970 3104 1013 3164 Ift
1029 3103 1208 3178 suspiciens
1224 3103 1259 3162 iu
1272 3107 1399 3174 culum,
1408 3103 1447 3167 ad
1462 3104 1680 3169 demonstran·

129 3203 229 3266 monis
246 3203 354 3286 ipsum
371 3201 566 3284 possidentis
581 3201 774 3285 operatione.
787 3203 875 3267 Unde
931 3199 1008 3262 dum
1033 3200 1117 3282 quod
1142 3207 1208 3264 tota
1231 3200 1333 3265 virtus
1358 3220 1415 3264 sua
1438 3209 1523 3266 esset
1545 3221 1564 3266 a
1587 3202 1677 3268 Patro

72 3334 116 3372 ‚aa
130 3299 160 3362 in
182 3301 329 3365 flattbaeo
353 3300 469 3382 legitur
491 3319 497 3364 :
520 3301 608 3364 Tunc
629 3300 754 3364 oblatus
775 3309 823 3365 est
844 3303 874 3366 ei
931 3297 1065 3373 coelesti,
1082 3299 1232 3382 quodque
1251 3299 1291 3362 ab
1311 3317 1349 3362 eo
1368 3300 1523 3364 auxilium
1545 3301 1677 3365 haberet

27 3413 32 3422 ·
127 3399 322 3462 daemonium
345 3397 478 3473 habens,
495 3417 597 3461 caecus
619 3405 650 3461 et
670 3407 787 3462 mutus.
931 3396 1108 3460 secuudum
1137 3397 1222 3478 quod
1251 3396 1358 3472 homo,
1389 3400 1587 3476 ingemuit:
1612 3418 1678 3463 non

164 3501 207 3560 Et
231 3499 481 3574 apprehendens
510 3517 583 3558 eum
607 3499 766 3558 deturba
790 3519 874 3560 seor·
930 3495 1041 3577 utique
1062 3502 1193 3578 propter
1212 3495 1438 3558 difficultatem
1457 3496 1596 3560 faciendi
1619 3499 1676 3560 mi-

126 3617 206 3667 sum,
233 3596 266 3658 id
292 3603 350 3669 est,
375 3595 465 3659 lesus
490 3603 578 3658 extra
602 3595 728 3658 turbam
753 3597 872 3660 ducens
930 3593 1086 3667 raculum,
1118 3593 1173 3655 scd
1202 3612 1241 3655 ex
1271 3594 1493 3676 compassione
1522 3614 1585 3679 qua
1612 3614 1676 3660 non

125 3692 207 3756 hunc
232 3694 368 3757 surdum
389 3701 421 3755 et
444 3699 580 3756 mutum.
599 3693 661 3758 Cur
682 3693 774 3756 duxit
797 3712 872 3755 eum
928 3690 1032 3754 solum
1055 3690 1218 3755 condoluit
1241 3691 1288 3753 illi
1312 3689 1453 3766 infirmo,
1474 3694 1529 3755 sed
1551 3695 1678 3758 univer·

123 3809 266 3854 seorsum
279 3795 292 3852 t
307 3791 536 3873 despondetur,
558 3797 593 3854 ut
611 3791 739 3854 doceret
757 3811 871 3854 vanam
888 3789 911 3854 (l
928 3790 971 3853 sis
995 3789 1052 3872 qui
1076 3790 1256 3852 damonum
1286 3790 1503 3854 dominatione
1528 3811 1677 3874 premun-

122 3889 249 3970 gloriam
267 3889 303 3952 in
317 3889 438 3971 magnis
450 3889 598 3972 operibus
614 3908 682 3952 esse
695 3889 854 3953 vitandam
861 3909 870 3970 ;
927 3896 990 3963 tur,
1006 3895 1038 3949 et
1063 3887 1139 3950 item
1162 3888 1201 3950 ad
1222 3889 1454 3951 ostendendum
1475 3908 1570 3971 quam
1590 3890 1676 3953 diffi-

122 3988 170 4050 vel
195 3989 273 4071 quia
299 3987 392 4050 turba
416 3986 478 4050 fuit
501 3987 632 4069 indigua
653 3987 762 4050 videre
786 3987 870 4050 istud
927 3986 1029 4048 culter
1053 3993 1182 4049 curetur
1205 3985 1313 4049 anima
1341 3986 1552 4069 spiritualiter
1580 3988 1675 4050 surda

122 4085 326 4160 miraculum,
343 4085 494 4168 quoniam
517 4085 650 4149 forsitan
675 4105 713 4148 ex
738 4087 871 4149 curiosi·
926 4103 962 4146 ac
983 4091 1082 4158 muta,
1098 4090 1208 4166 utpote
1229 4103 1299 4165 quae
1315 4084 1412 4146 verba
1427 4084 1483 4147 Dei
1504 4085 1603 4149 invite
1619 4105 1673 4148 au·

121 4193 183 4247 tate
202 4184 328 4267 optavit
346 4183 468 4265 aliquid
489 4202 595 4246 rarum
615 4183 724 4246 videre
734 4201 743 4264 ;
759 4184 810 4246 vel
831 4185 869 4248 ad
925 4182 982 4256 dit,
995 4182 1158 4264 invitoque
1174 4181 1302 4264 profert.
1316 4181 1403 4244 Unde
1419 4182 1452 4244 in
1467 4184 1672 4248 suscitatione
1698 4211 1818 4266 raanan,

122 4280 352 4345 insinuandum
381 4281 465 4364 quod
494 4282 704 4366 spiritualiter
726 4284 813 4346 surdi
838 4291 870 4346 et
925 4281 1033 4344 Lazari
1048 4280 1190 4344 turbavit
1203 4299 1237 4342 se
1253 4279 1370 4362 ipsum,
1387 4280 1528 4344 fremens
1543 4282 1670 4363 spiritu,
1686 4277 1804 4328 ἨΜΕ-

121 4381 199 4442 muti
216 4381 410 4464 plerumque
426 4381 489 4444 sint
505 4399 648 4445 seorsum
666 4382 816 4446 monendi
831 4401 868 4444 ac
925 4388 956 4443 ot
972 4379 1118 4442 lacrimas
1134 4377 1327 4451 fundenS,ad
1343 4377 1569 4442 declarandum
1586 4381 1670 4462 quod

120 4479 313 4554 instruendi,
331 4499 370 4542 ne
386 4499 424 4543 ex
443 4480 584 4544 humano
603 4480 719 4543 rubore
740 4489 868 4564 propter
924 4485 1106 4562 peccatores
1122 4495 1227 4558 prava
1241 4477 1475 4539 consuetudinis
1491 4477 1573 4541 mole
1588 4497 1672 4561 pres-

118 4583 295 4658 praesentes
308 4575 349 4639 ab
364 4577 560 4640 advertentis
575 4586 606 4640 et
621 4579 808 4660 poenitentia
823 4597 869 4640 re·
925 4578 963 4650 si,
981 4582 1090 4658 utpote
1105 4573 1192 4637 vitiis
1213 4575 1362 4650 indurati,
1379 4594 1476 4659 super
1490 4595 1570 4660 quos
1585 4578 1670 4641 clau·
1696 4613 1737 4658 p,
1748 4627 1816 4668 arun,

119 4674 298 4737 trahantur.
315 4677 409 4738 Misit
424 4678 545 4754 digitos
560 4696 633 4736 suos
648 4678 684 4736 iu
699 4679 869 4738 auriculas
925 4676 966 4738 sit
990 4681 1105 4756 puteus
1129 4690 1165 4737 os
1190 4692 1295 4747 suum,
1316 4673 1349 4736 id
1374 4681 1431 4749 est,
1454 4675 1486 4737 in
1511 4675 1670 4758 profundo
1685 4679 1718 4721 ¹⁶·

119 4775 199 4850 ejus.
226 4773 296 4836 Hoc
320 4772 397 4835 fecit
421 4773 592 4838 Salvator:
616 4773 732 4856 primo,
758 4774 796 4836 ad
822 4775 868 4837 in·
924 4774 1076 4836 vitiorum
1106 4772 1242 4835 demersi
1271 4779 1355 4846 sunt,
1380 4773 1436 4855 qui
1465 4774 1671 4856 designantur

121 4873 290 4934 nuendum
316 4871 400 4954 quod
424 4871 573 4934 divinitas
597 4891 655 4935 sua
678 4872 870 4954 operabatur
925 4891 983 4955 per
996 4871 1147 4934 uzacum
1165 4870 1412 4952 quatriduanum
1427 4875 1670 4950 mortuum,dif-
1692 4899 1816 4954 raanan,

121 4987 314 5052 percorpus
329 4989 423 5032 suum
438 4977 469 5032 et
484 4971 626 5052 corporis
641 4971 794 5046 membra,
803 4981 869 5035 tau-
885 4968 910 5031 D
926 4970 1072 5033 ficillime
1088 4976 1336 5032 convertuntur:
1350 4987 1412 5032 non
1428 4972 1512 5052 quod
1528 4991 1566 5035 ex
1581 4981 1670 5056 parte
1685 4965 1718 5007 ³⁹·

121 5086 216 5150 quam
234 5085 296 5150 per
309 5069 557 5131 instrumentum
573 5071 872 5152 proprium,anima·
926 5069 982 5132 Dei
1007 5068 1048 5130 sit
1071 5067 1258 5142 difficultas,
1284 5068 1436 5151 quoniam
1460 5071 1671 5153 omnipotenti

121 5173 202 5240 tum,
224 5165 453 5246 conjunctum3
473 5167 625 5243 secundo,
646 5168 722 5251 quia
742 5187 801 5252 per
822 5169 867 5231 di·
927 5177 960 5232 et
975 5167 1110 5230 infinita
1126 5167 1273 5249 potestati
1290 5167 1398 5229 omnia
1414 5185 1504 5250 aeque
1518 5167 1672 5232 facillima

121 5264 215 5350 gitoS,
227 5265 353 5330 ratione
367 5265 598 5330 articulationis
612 5275 644 5330 et
658 5267 871 5332 distinctionis
925 5274 1018 5348 sunt3
1039 5266 1094 5330 sed
1117 5285 1156 5329 er
1178 5265 1421 5349 indispositione
1441 5265 1562 5330 talium.
1584 5268 1671 5332 ldeo-
