4154 6258
396 508 546 556 polimius
565 509 617 556 xlv
638 509 711 557 POST
731 509 925 556 rutulum.
945 526 985 541 -·
1005 511 1179 561 susanna
1199 513 1231 560 ut
1249 513 1416 562 srlsrotmr
1619 495 1680 561 419

124 676 279 759 subjecti,
303 687 459 761 quantum
485 680 524 742 ad
547 679 773 744 cerimonialia
799 678 1052 764 legisAaliquid
1066 681 1336 762 horum‚repnum
1347 687 1408 747 Dei
1417 705 1482 746 non
1491 705 1680 764 consequen-

124 785 299 859 praecepta,
325 796 385 840 nec
414 779 519 862 quoad
548 786 707 861 precepta
736 778 806 861 ejus
827 779 877 860 ju·
932 789 998 841 tur.
1016 779 1060 842 Ex
1078 798 1141 862 quo
1160 783 1224 844 duo
1244 791 1445 866 sequuntur:
1462 783 1679 865 primo,quod

122 875 264 938 dicialia.
930 877 1039 941 omnia
1051 879 1118 942 haec
1132 887 1207 943 sunt
1219 889 1348 963 peccata
1361 882 1517 961 mortalia3
1529 883 1678 954 secundo,

168 975 313 1056 Denique
335 974 468 1056 spiritus
494 974 717 1058 multipliciter
740 975 879 1038 sumitur
930 976 1015 1056 quod
1037 976 1177 1039 damnati
1201 997 1365 1061 nunquam
1389 978 1617 1043 liberabuntur.
1642 981 1680 1042 Et

124 1071 160 1133 in
189 1072 373 1154 Scripturis.
398 1072 514 1148 Primo,
536 1091 595 1156 pro
616 1073 825 1136 intellectuali
847 1080 879 1136 et
930 1075 1015 1154 quod
1029 1074 1084 1150 ait,
1101 1076 1245 1157 Regnum
1260 1077 1327 1151 Dei,
1345 1077 1376 1139 id
1398 1085 1445 1140 est
1465 1086 1616 1141 eternam
1632 1097 1679 1140 sa·

124 1178 273 1252 separata
288 1170 465 1234 substantia
481 1189 488 1234 :
506 1171 615 1254 sicque
631 1173 713 1235 Deus
729 1180 761 1234 et
774 1171 877 1252 angeli
931 1169 1043 1246 lutem,
1057 1191 1121 1236 non
1138 1173 1340 1248 obtinebunt,
1353 1193 1413 1237 uec
1427 1175 1467 1238 ad
1482 1175 1680 1258 triumphau-

10 1287 110 1339 uuaa,
124 1267 261 1350 spiritus
286 1268 498 1350 appellantur,
517 1269 608 1351 juxta
630 1268 721 1343 illud,
739 1269 877 1352 Spiritus
930 1275 994 1331 tem
1011 1270 1218 1352 pertinebunt
1234 1271 1421 1346 Ecclesiam,
1436 1272 1678 1354 intelligendum

6 1353 111 1462 {tum
124 1372 177 1428 est
197 1367 292 1428 Deus.
315 1366 353 1428 Et
374 1366 536 1430 Sadducaei
562 1367 684 1442 dicunt,
701 1386 760 1430 nec
784 1366 877 1450 spiri·
930 1374 988 1441 est,
1005 1368 1068 1431 nisi
1085 1387 1160 1432 vere
1175 1377 1206 1431 et
1222 1370 1379 1452 condigne
1394 1371 1580 1453 poeuiteant.

125 1473 197 1527 tum
213 1483 273 1527 nec
288 1465 554 1529 resurrectionem
570 1484 640 1528 esse
653 1483 660 1528 :
673 1465 727 1528 ubi
743 1485 801 1548 per
815 1467 878 1548 spi·
971 1466 1091 1529 Deinde
1111 1475 1340 1530 enumerantur
1359 1487 1456 1551 opera
1474 1469 1623 1551 Spiritus,
1646 1471 1677 1533 id

124 1566 225 1626 ritum
255 1564 387 1646 angelus
416 1564 610 1646 designatur.
636 1565 793 1638 Secundo,
819 1583 877 1646 pro
930 1571 988 1639 est,
1005 1585 1076 1648 qua
1091 1584 1108 1626 a
1125 1566 1245 1648 Spiritu
1262 1567 1375 1631 Sancto
1392 1568 1424 1630 in
1439 1566 1531 1631 uobis
1546 1586 1678 1632 causan·

125 1661 308 1725 substantia
329 1663 443 1726 animae
461 1680 468 1725 :
486 1663 597 1745 sicque
619 1662 797 1745 Stephanus
821 1663 876 1738 ait,
930 1669 992 1738 tur,
1009 1671 1042 1726 et
1059 1664 1186 1746 spiritui
1207 1673 1316 1728 nostro
1336 1665 1481 1729 rationali
1505 1667 1614 1730 insunt
1634 1677 1678 1731 at-

6 1761 272 1835 ouuscDomine,
298 1762 408 1844 accipe
435 1762 584 1844 spiritum
615 1781 733 1824 meum.
758 1761 874 1836 Tertio,
930 1780 992 1843 que
1025 1763 1229 1825 conveniunt.
1262 1763 1417 1826 Dicuntur
1449 1782 1576 1849 quoque
1609 1767 1677 1830 haec

125 1877 186 1941 pro
207 1859 366 1942 superiori
389 1868 478 1942 parte
502 1879 558 1922 seu
583 1861 724 1943 potentia
746 1860 872 1934 animae,
891 1863 1036 1942 Bopera,
1060 1860 1194 1936 lructus,
1220 1861 1259 1923 ad
1284 1861 1529 1925 similitudinem
1553 1863 1677 1928 lructus

125 1959 210 2021 sicut
230 1958 290 2022 hoc
311 1960 389 2022 loco.
407 1960 533 2034 Quarto,
549 1977 608 2042 pro
627 1960 744 2022 virtute
766 1959 875 2042 imagi·
931 1957 1111 2020 materialis.
1122 1959 1395 2032 Quemadmodum
1411 1961 1498 2023 enirn
1513 1961 1677 2043 hujusmo

6 2071 110 2124 inc-1³⁰·
125 2059 244 2134 nativa,
261 2057 343 2120 utin
357 2056 548 2141 Apocalypsi
565 2073 573 2118 ε
590 2057 646 2120 rut
663 2058 694 2118 in
710 2057 825 2140 spiritu
841 2058 875 2119 in
929 2057 960 2120 di
985 2057 1109 2120 lructus
1130 2077 1169 2120 ex
1192 2065 1274 2121 terra
1299 2078 1355 2122 seu
1379 2058 1492 2123 arbore
1517 2061 1628 2136 oritur,
1645 2071 1677 2124 et

126 2157 288 2220 dominica
307 2155 511 2231 dieouinto,
534 2173 592 2238 pro
610 2154 720 2218 subtili
741 2155 874 2218 humore
929 2173 1003 2218 cum
1034 2157 1170 2238 quadam
1202 2157 1372 2220 dulcedine
1402 2159 1598 2240 degustatur,
1629 2162 1675 2224 sic

126 2273 296 2338 perquem
316 2255 422 2318 anima
441 2254 640 2337 operationes
655 2255 768 2317 vitales
787 2273 874 2317 exer·
928 2269 1025 2334 opera
1046 2253 1105 2316 ista
1124 2272 1142 2315 a
1162 2253 1283 2336 Spiritu
1305 2256 1419 2318 Sancto
1443 2256 1674 2340 principaliter,

7 2365 54 2421 Su·
64 2368 111 2416 ut·
126 2361 178 2416 cet
193 2355 227 2418 in
242 2370 374 2436 corpore
392 2371 398 2414 :
415 2353 500 2415 uude
520 2353 651 2435 Sapiens
666 2353 720 2426 ait,
738 2353 875 2435 Spiritus
928 2359 1023 2433 atque
1037 2371 1056 2414 a
1071 2360 1178 2416 nostro
1193 2353 1308 2435 spiritu
1325 2355 1480 2418 divinitus
1500 2356 1677 2422 confortato

126 2451 323 2515 diffunditur
337 2459 487 2532 tanquam
504 2450 610 2514 mollis
624 2469 687 2513 aer.
701 2451 805 2524 Sexto,
817 2468 875 2532 pro
928 2457 1110 2526 nascuntur,
1123 2451 1328 2535 animamque
1343 2453 1571 2518 delectantdit
1585 2472 1675 2538 ergo:

126 2569 199 2613 aere
219 2557 274 2612 aut
293 2555 399 2624 vento,
417 2549 456 2611 de
476 2567 541 2632 quo
559 2548 690 2631 quidam
710 2557 874 2632 exponunt
928 2552 1072 2611 Fructus
1094 2561 1203 2611 autem
1225 2553 1388 2626 Spiritus,
1411 2551 1443 2614 id
1468 2560 1517 2615 est
1540 2554 1677 2637 Spiritus

12 2670 111 2720 uenas.
128 2648 209 2711 illud
231 2648 363 2711 Genesis
380 2665 387 2710 :
404 2647 541 2730 Spiritus
562 2647 688 2710 Domini
713 2646 875 2710 terebatur
928 2647 1046 2722 Sancti,
1070 2667 1126 2710 seu
1152 2649 1283 2730 spiritus
1307 2649 1408 2712 nostri
1433 2651 1608 2727 rationalis,
1630 2672 1677 2715 se-

6 2765 356 2830 mu1,a.superaquas;
373 2753 405 2809 et
419 2745 499 2808 illud
513 2746 654 2821 loannis,
665 2747 803 2829 Spiritus
818 2745 873 2808 ubi
928 2746 1069 2808 cundum
1094 2765 1224 2810 sensum
1249 2755 1448 2828 praetactum,
1471 2758 1517 2809 est
1540 2753 1675 2822 caritas,

126 2846 198 2909 vult
219 2845 328 2928 spirat.
928 2844 960 2906 id
984 2851 1034 2907 est
1053 2853 1143 2907 actus
1166 2845 1346 2907 dilectionis
1367 2846 1484 2910 divinae
1505 2865 1541 2909 ac
1565 2847 1676 2910 irater·

166 2944 309 3008 Subinde
330 2960 426 3026 opera
448 2941 552 3006 carnis
574 2951 786 3026 exponuntur.
802 2947 872 3006 ,lia-
928 2961 987 3016 naa,
1005 2944 1168 3020 goudium
1191 2941 1367 3024 spirituale,
1389 2961 1452 3006 non
1474 2944 1601 3008 carnale
1621 2953 1677 3008 aut

123 3046 365 3121 disesiaaulem
376 3052 452 3104 suni
462 3061 559 3119 opera
569 3042 730 3114 carnr'aid
743 3049 791 3106 est
803 3037 910 3124 ope-C
928 3040 1090 3116 saeculare,
1103 3059 1185 3118 pam,
1201 3041 1233 3103 id
1253 3049 1301 3104 est
1322 3043 1536 3125 tranquillitas
1559 3045 1675 3108 mentis

123 3161 158 3204 ra
179 3141 294 3206 vitiosa
309 3142 347 3204 ad
364 3159 434 3224 qua
449 3158 521 3204 earo
537 3141 680 3216 inclinat,
697 3150 871 3221 quaesunt,
928 3137 961 3201 in
984 3139 1059 3213 Deo,
1071 3140 1247 3215 patientia,
1264 3139 1296 3201 id
1321 3147 1369 3202 cst
1392 3141 1582 3223 equanimis
1606 3161 1676 3226 per·

120 3242 315 3318 fornicatio,
331 3240 363 3303 id
379 3247 427 3303 cst
441 3241 544 3304 coitus
559 3239 653 3303 soluti
670 3259 742 3302 cum
759 3240 870 3316 soluta,
929 3238 1035 3320 pessio
1055 3238 1294 3312 adversitatum,
1311 3243 1556 3318 lenpanimitas,
1573 3241 1604 3305 id
1627 3251 1676 3306 est

122 3339 393 3411 immunditiam
409 3347 457 3402 est
471 3339 586 3401 vitium
602 3346 712 3402 contra
725 3347 869 3403 naturam
928 3336 1051 3400 stabilis
1065 3345 1120 3400 aut
1134 3338 1285 3400 diuturna
1304 3341 1499 3421 exspectatio
1516 3340 1672 3406 bonorum

121 3455 255 3520 prorsus
277 3438 514 3520 turpissimum,
532 3440 741 3514 impudicitia
764 3439 795 3501 in
820 3439 872 3502 ad·
927 3435 1080 3498 divinitus
1096 3435 1326 3516 promissorum
1340 3436 1394 3517 (de
1409 3436 1528 3519 quibus
1543 3440 1588 3502 ait
1601 3440 1672 3503 Pro·

120 3545 246 3619 spectu,
271 3544 370 3611 tactu,
394 3537 512 3600 osculis
539 3544 634 3620 atque
657 3537 870 3620 amplexibus,
927 3535 1023 3616 pheta
1039 3551 1046 3596 :
1063 3534 1163 3597 Credo
1177 3533 1287 3596 videre
1300 3533 1385 3597 bona
1399 3535 1526 3598 Domini
1541 3537 1573 3600 in
1589 3545 1673 3602 terra
1685 3560 1819 3613 munta

119 3654 194 3717 quae
208 3636 247 3698 ad
263 3634 431 3698 libidinem
447 3637 870 3718 provocauttueurtanuae
926 3633 1129 3713 viventium),
1152 3634 1290 3704 bonitas,
1310 3632 1343 3695 id
1367 3641 1417 3696 est
1438 3633 1671 3714 benevolentia,

119 3741 169 3796 est
194 3751 310 3797 nomen
333 3751 503 3797 commune
524 3751 589 3816 quo
610 3741 722 3797 cetere
746 3735 870 3817 species
927 3733 1122 3810 benignitas,
1139 3730 1170 3793 id
1191 3736 1240 3794 est
1259 3732 1421 3796 exsecutio
1442 3733 1672 3801 benevolentia

119 3831 258 3895 luxuriae
286 3831 352 3913 jam
380 3848 443 3894 non
472 3849 629 3913 expressae
651 3831 868 3913 designantur,
925 3830 1023 3910 hujus
1056 3829 1089 3890 in
1121 3827 1351 3893 benefaciendo
1383 3849 1420 3892 ac
1454 3831 1672 3898 subveniendo

119 3933 288 3992 idolorum
304 3933 457 4002 servitus,
468 3947 539 4012 quae
553 3929 714 3993 interdum
729 3949 767 3993 ex
784 3931 872 3994 luxu·
925 3928 1104 4010 egentibus,
1116 3931 1343 3999 mansuetudo,
1355 3929 1385 3990 id
1401 3937 1448 3992 est
1464 3930 1672 3995 tractabilitas

7 4047 105 4104 ειμι,
120 4028 172 4090 ria
187 4029 341 4102 nascitur,
357 4029 441 4092 sicut
460 4029 493 4092 in
508 4028 686 4104 Salomone,
704 4033 869 4108 veneficia,
926 4029 1005 4090 iram
1021 4026 1197 4101 refrenans,
1208 4031 1301 4106 fides,
1314 4027 1345 4089 id
1360 4036 1408 4090 cst
1422 4028 1499 4092 lidei
1516 4032 1672 4095 certitudo

9 4141 15 4152 ’
119 4128 153 4190 id
179 4133 228 4190 cst
248 4127 419 4209 sortilegia,
438 4129 635 4198 inimicitie,
656 4146 727 4210 quae
748 4145 787 4189 er
809 4129 871 4210 pri·
925 4126 992 4190 sive
1007 4125 1157 4200 fidelitas,
1174 4129 1341 4196 modestia,
1358 4127 1389 4189 id
1404 4135 1452 4190 est
1467 4130 1670 4194 moderamen

116 4235 197 4290 rato
216 4232 410 4308 generantur
430 4243 548 4302 amore,
569 4229 787 4287 contentiones
804 4230 909 4293 ver-D
926 4226 958 4289 in
978 4225 1085 4288 verbis
1105 4233 1136 4288 et
1155 4224 1259 4297 lactis,
1275 4228 1487 4298 continentia,
1505 4228 1536 4290 id
1556 4236 1604 4290 est
1623 4249 1670 4294 rc-

115 4325 250 4400 borum,
280 4327 516 4397 aemulationes,
546 4324 578 4386 id
607 4333 656 4387 est
686 4323 870 4392 invidentia
924 4324 1061 4388 frenatio
1076 4323 1275 4404 voluptatum
1296 4321 1461 4398 laboriosa,
1478 4327 1622 4398 castitas,
1637 4329 1670 4392 id

114 4443 234 4487 eorum
250 4423 304 4506 qui
322 4423 407 4486 idem
421 4431 587 4506 appetunt,
601 4424 655 4486 sed
671 4443 754 4486 unus
769 4425 868 4507 impe·
924 4431 970 4486 est
986 4421 1144 4505 repressio
1163 4439 1372 4484 venerearum
1392 4430 1424 4486 et
1442 4425 1670 4506 coucupiscen-

112 4523 211 4586 ditur
225 4540 282 4604 per
300 4521 413 4598 alium,
431 4530 465 4584 ut
484 4523 561 4585 dum
581 4521 689 4605 plures
704 4523 742 4585 ad
759 4523 868 4605 praala—
924 4522 975 4585 tiae
996 4528 1145 4603 prompta
1165 4539 1202 4582 ac
1226 4519 1339 4583 facilis.
1358 4520 1559 4586 Continentia
1582 4545 1670 4589 nam·

110 4623 243 4684 tionem
268 4621 441 4704 adspirant,
457 4623 531 4700 ire,
552 4625 649 4692 riuae,
669 4621 701 4683 id
725 4629 773 4683 cst
798 4623 868 4686 lites
925 4640 986 4704 quc
1001 4628 1033 4684 et
1047 4621 1181 4692 castitas,
1189 4619 1334 4702 quamvis
1349 4621 1433 4684 circa
1446 4623 1532 4685 idem
1548 4643 1673 4690 versen-

110 4719 303 4794 tur-borum,
324 4721 538 4782 dissensiones
558 4721 751 4796 animorum,
772 4740 870 4804 quan·
924 4730 986 4796 tur,
998 4719 1100 4783 nihilo
1115 4719 1221 4782 minus
1237 4720 1478 4802 distinguuntur
1495 4741 1501 4785 :
1519 4725 1671 4806 quoniam

111 4827 188 4881 tum
206 4818 246 4879 ad
261 4818 593 4899 partialitates,sectae,
609 4819 642 4882 id
657 4826 705 4882 est
720 4820 869 4902 separati·
924 4820 1091 4884 continens
1111 4819 1247 4882 sustinet
1266 4820 1540 4902 concupiscentias
1560 4823 1670 4900 fortes,

110 4934 197 4980 ones
215 4915 470 4980 dissentientium
484 4917 551 4999 jam
564 4917 868 4992 sirmatae,inoidiae,
924 4917 979 4982 sed
998 4917 1039 4980 ab
1061 4917 1108 4980 eis
1129 4935 1193 4980 non
1213 4917 1373 4999 vincitur3
1389 4926 1494 4982 castus
1515 4940 1592 4985 vero
1612 4941 1671 4986 neo

112 5015 314 5084 bmnicidin,
323 5016 504 5087 ebrietates,
512 5019 764 5088 contessationes,
774 5026 803 5076 et
818 5019 870 5078 Itis
923 5017 1061 5080 sustinet
1081 5035 1145 5079 eos.

112 5113 265 5180 similia,
290 5131 361 5191 quoe
386 5116 530 5190 praedico
555 5117 643 5176 vobis
669 5133 739 5178 esse
768 5115 869 5178 vitan·
973 5115 1117 5199 Denique
1151 5115 1267 5179 borum
1302 5116 1472 5180 duodecim
1505 5118 1669 5182 fructuum
1703 5165 1705 5172 ,

113 5213 170 5287 da,
183 5216 360 5293 numquam
376 5213 645 5296 preoccupemini
661 5222 774 5290 morte,
786 5216 869 5275 sicut
924 5213 1073 5298 Spiritus,
1089 5213 1128 5276 ad
1152 5231 1232 5296 quos
1255 5215 1310 5278 alii
1336 5216 1543 5290 reducuntur,
1559 5217 1671 5280 distin·

9 5270 97 5322 ''³¹¹³'’
109 5309 276 5394 praedc’cci
289 5331 301 5370 :
315 5313 469 5390 quoniam
483 5315 543 5393 qui
558 5314 639 5374 talia
649 5323 765 5392 ayunt,
775 5313 807 5377 id
823 5321 871 5376 est
926 5314 1065 5378 ctionem
1081 5321 1113 5375 et
1132 5314 1361 5377 sufficientiam
1381 5314 1472 5398 ponit
1487 5315 1519 5377 S.
1536 5315 1672 5380 Thomas
