4154 6258
448 481 507 545 tra
663 497 811 548 norrnuca
831 499 888 546 xrrr
907 497 981 545 rosr
1000 496 1193 546 murnnrxrr.
1214 514 1255 528 -
1275 497 1317 544 ao
1336 496 1530 560 nncrcrosos3
1553 496 1652 544 sxnrro
1672 495 1785 542 sxxrus

391 655 394 662 ’
447 671 561 734 simam
581 669 823 746 beatitudinem,
841 689 971 734 ornnem
991 669 1192 753 sapientiam,
1207 669 1233 731 A
1247 675 1392 732 ventrem
1422 668 1462 732 ab
1491 683 1623 732 excessu
1650 665 1831 749 compescit.
1855 669 1965 750 Insuper

447 769 733 852 pulchritudinem,
759 771 947 834 suavitatem
977 777 1009 832 et
1036 767 1194 832 excellen·
1247 776 1297 832 est
1310 785 1440 832 necesse
1455 785 1549 831 omne
1564 785 1644 849 opus
1659 765 1717 829 Dei
1732 773 1903 830 reverenter
1915 786 1967 848 per·

446 867 524 931 tiam
552 867 623 949 ejus
652 869 864 943 considerare,
890 868 1010 942 mirari,
1036 875 1069 930 et
1095 866 1126 928 ei
1155 866 1195 929 de
1248 885 1351 947 agere,
1369 867 1401 928 in
1417 867 1506 930 omni
1521 865 1715 940 bumilitate,
1732 865 1967 947 patientiaman-

446 965 496 1028 bis
518 966 668 1029 omnibus
690 967 873 1030 totocorde
895 965 1117 1047 congratulari.
1249 965 1429 1039 suetudine,
1460 965 1682 1047 temperantia,
1713 963 1838 1045 pictate,
1865 963 1968 1044 justitia

485 1064 712 1128 Verumtamen
731 1065 770 1128 ad
794 1064 1024 1147 perfectionem
1047 1062 1129 1126 banc
1148 1062 1195 1144 ip·
1250 1063 1428 1146 ceterisque
1443 1062 1616 1126 virtutibus
1636 1063 1676 1125 ad
1692 1062 1830 1126 caritatis
1847 1061 1969 1144 perfecti·

446 1181 526 1237 sam,
555 1164 595 1226 ad
625 1181 754 1226 omnem
786 1164 873 1226 bunc
903 1162 1044 1225 caritatis
1074 1168 1192 1235 actum,
1249 1179 1342 1225 onem
1358 1161 1614 1243 disponentibus,
1629 1159 1792 1242 requisitis
1806 1167 1894 1241 atquc
1908 1179 1968 1241 pra

445 1260 610 1335 unionem,
626 1261 811 1343 amplexum
831 1280 867 1324 ac
887 1261 1049 1335 virtutem,
1066 1277 1130 1322 uon
1151 1259 1195 1321 ita
1248 1260 1388 1323 ambulis
1407 1261 1502 1344 digne
1523 1259 1693 1342 proficere,
1711 1277 1816 1322 coram
1829 1259 1890 1322 Deo
1906 1277 1968 1322 sem·

446 1359 600 1442 pertingit
624 1379 728 1442 neque
753 1359 891 1422 faciliter
917 1359 1062 1442 pervenit
1086 1359 1192 1432 homo,
1248 1377 1306 1441 per
1321 1358 1456 1422 sollicite
1470 1357 1968 1440 ambulare,quotidianavenialir,

447 1477 506 1520 nec
529 1465 633 1541 potest
655 1459 694 1521 ad
717 1458 777 1520 ista
795 1459 977 1532 ascendere,
995 1457 1057 1520 nisi
1077 1457 1109 1519 in
1130 1457 1193 1539 pri·
1248 1464 1280 1519 et
1308 1475 1379 1538 quae
1408 1462 1563 1538 putantur
1592 1457 1716 1518 minuta
1748 1462 1871 1537 peccata
1897 1455 1968 1536 quasi

448 1557 509 1620 mis
529 1575 602 1619 curn
622 1557 711 1622 omni
731 1557 896 1637 diligentia
915 1557 1133 1620 indesinenter
1147 1555 1195 1618 vi·
1248 1555 1391 1618 mortalia
1406 1553 1970 1636 ponderare,deflerc‚puniueetemen

447 1662 493 1718 tet
507 1663 716 1738 peccata,non
733 1655 836 1718 solum
852 1655 1008 1729 mortalia,
1020 1655 1075 1718 sed
1090 1654 1195 1717 venia·
1249 1655 1334 1730 dare,
1351 1654 1544 1718 invocationi
1560 1653 1661 1716 divini
1681 1652 1816 1716 subsidii
1836 1652 1969 1716 indelessa

447 1754 490 1816 lia
510 1772 647 1837 quoque.
664 1754 743 1816 Nam
764 1754 848 1816 siout
867 1754 1012 1817 mortalia
1031 1754 1194 1816 caritatem
1250 1753 1407 1818 insistere.
1424 1753 1471 1816 Ad
1487 1753 1683 1836 quaomnia
1700 1753 1906 1835 adimplenda,
1919 1769 1968 1815 uon

446 1853 664 1935 exstinguunt,
689 1853 735 1916 sio
760 1853 897 1915 venialia
921 1853 991 1934 ejus
1015 1853 1194 1935 profectum
1211 1857 1234 1918 Β
1251 1853 1454 1916 mediocriter
1484 1852 1609 1915 confert
1640 1851 1809 1915 dominica
1839 1851 1970 1933 passionis

447 1951 638 2034 impediunt,
650 1951 721 2032 ejus
737 1950 896 2014 fervorem
912 1951 1107 2024 diminuunt,
1125 1969 1195 2032 per·
1249 1951 1400 2033 frequens
1416 1959 1448 2013 et
1462 1950 1610 2014 cordialis
1627 1949 1801 2025 meditatio,
1811 1958 1842 2012 ct
1855 1951 1900 2012 sui
1912 1951 1970 2031 ipsi·

445 2050 642 2133 fectioniquc
658 2051 819 2131 derogant.
836 2051 931 2113 Porro
946 2057 1076 2132 peccata
1091 2049 1196 2112 taliter
1250 2069 1287 2112 us
1310 2049 1556 2131 diligentissima
1584 2049 1770 2132 quotidiana
1792 2049 1968 2112 examinatio.

446 2149 565 2212 evitare
581 2166 644 2212 non
661 2149 787 2230 poterit,
798 2147 860 2210 nisi
875 2148 929 2230 qui
946 2148 1130 2231 passionum
1147 2167 1196 2212 su·
1249 2148 1369 2211 Idcirco
1393 2147 1427 2210 in
1452 2146 1602 2211 omnibus
1630 2147 1681 2209 his
1706 2165 1903 2210 exerceamus
1925 2165 1969 2209 nos

445 2266 536 2310 arum
567 2247 784 2320 refrenationi‚
808 2245 1017 2309 affectionum
1042 2246 1193 2308 reforma·
1249 2255 1388 2321 strenue,
1414 2254 1571 2328 quatenus
1594 2247 1634 2308 ad
1658 2247 1798 2310 caritatis
1828 2245 1969 2328 perfectio

446 2347 539 2421 tioni,
551 2354 582 2409 et
597 2346 740 2409 interiori
757 2346 861 2408 cordis
876 2346 1028 2409 custodiae
1043 2346 1192 2420 studiose,
1248 2365 1335 2421 nem,
1350 2347 1389 2408 ad
1411 2345 1512 2408 divini
1534 2345 1653 2409 amoris
1675 2346 1834 2420 ardorem,
1849 2346 1885 2408 ad
1903 2363 1968 2406 sere·

447 2445 594 2520 sollicite,
620 2445 817 2507 incessanter
841 2443 996 2525 invigilat,
1022 2445 1194 2508 exteriores
1249 2444 1391 2508 uissimae
1410 2443 1592 2507 dilectionis
1614 2452 1761 2508 sanctum
1782 2443 1968 2526 stabilemque

447 2543 678 2625 interioresque
703 2561 816 2606 sensus
840 2549 974 2618 coercet,
997 2542 1139 2623 linguam
1164 2551 1196 2605 et
1249 2541 1402 2606 affectum
1424 2542 1586 2606 valeamus
1608 2543 1799 2626 pertingere.

992 2973 1187 3060 SERMO
1226 2972 1446 3060 SEXTUS

639 3238 820 3288 mucronato
841 3237 993 3286 cumcurn
1015 3237 1185 3296 cannam,
1205 3238 1243 3283 ET
1263 3237 1303 3284 DE
1323 3238 1428 3286 Novarr
1446 3237 1637 3288 Nocmnns
1657 3240 1793 3289 rodmar.

513 3519 667 3580 ILIGE'S
690 3518 866 3578 Dominum
892 3520 997 3578 Deum
1028 3526 1121 3577 tuum
1151 3516 1299 3580 cellsus
1322 3516 1354 3578 in
1375 3515 1540 3580 infinitum
1560 3517 1708 3581 amabilis
1729 3525 1762 3582 et
1780 3515 1969 3602 superamabi·

529 3617 707 3675 totocorde
727 3613 998 3688 tco.Luo.x,27.
1246 3613 1285 3676 lis
1311 3622 1359 3676 est
1383 3613 1416 3676 in
1438 3633 1472 3678 sc
1495 3615 1576 3698 ipso,
1598 3623 1710 3698 utpote
1733 3635 1914 3700 superpura,
1930 3633 1968 3676 sa·

483 3713 566 3775 Deus
583 3711 795 3774 essentialiter
807 3719 838 3774 et
850 3711 1193 3794 incircumscriptibili·
1245 3712 1483 3793 peressentialis
1513 3732 1550 3776 ao
1580 3715 1710 3797 penitus
1744 3711 1968 3779 interminabilis

442 3819 492 3874 ter
504 3810 604 3873 bonus
616 3810 712 3891 jussit
724 3808 809 3872 seab
822 3810 1001 3873 hominibus
1014 3810 1190 3885 totocorde,
1245 3811 1379 3874 bonitas.
1404 3812 1561 3887 Secundo,
1584 3812 1737 3895 quoniam
1761 3814 1910 3897 quidquid
1929 3830 1968 3873 su·

442 3917 508 3971 tota
523 3915 712 3982 mente,tota
727 3908 843 3982 anima,
854 3916 885 3970 ct
899 3927 938 3970 cx
952 3907 1103 3970 omnibus
1118 3908 1192 3970 viri·
1244 3927 1317 3972 mus
1332 3916 1363 3971 et
1377 3907 1544 3985 babemus,
1556 3908 1596 3972 ab
1612 3911 1681 3993 ipso
1695 3913 1878 3994 accepimus
1893 3931 1899 3976 :
1914 3909 1968 3972 idco

441 4007 502 4072 bus
517 4006 622 4088 diligi:
633 4023 697 4068 non
712 4007 796 4088 quod
810 4006 904 4070 homo
920 4007 952 4069 in
964 4005 1029 4068 vita
1044 4006 1190 4088 prasenti
1244 4014 1346 4070 totum
1362 4027 1427 4070 suaa
1442 4007 1606 4072 dilectioni
1622 4009 1788 4074 debemus.
1798 4011 1969 4091 Tertio,pro

441 4106 543 4190 possit
557 4113 754 4188 preceptum
775 4105 861 4168 istud
882 4104 1023 4188 perfecte
1043 4105 1189 4186 implere,
1244 4114 1315 4189 pter
1333 4106 1394 4168 alia
1414 4107 1564 4189 specialia
1582 4115 1614 4170 et
1628 4108 1799 4190 generalia,
1817 4105 1970 4191 corporalia
2052 4127 2053 4152 1

440 4206 496 4268 scd
516 4213 551 4268 ut
570 4205 710 4268 sciamus
730 4221 794 4286 quo
814 4204 955 4278 tendere,
971 4205 1011 4266 ad
1031 4203 1109 4285 quid
1126 4222 1191 4266 om·
1244 4212 1276 4267 et
1297 4205 1486 4287 spiritualia,
1507 4207 1664 4269 naturalia
1684 4215 1717 4269 et
1738 4204 1969 4290 supernaturalia

439 4305 493 4368 uia
519 4311 625 4366 nostra
653 4302 801 4366 ordinare
829 4303 981 4365 exercitia
1005 4301 1189 4377 debeamus,
1244 4302 1404 4366 beneficia
1429 4304 1500 4385 ejus
1525 4304 1774 4370 innumerabilia
1795 4307 1898 4370 nimis.
1914 4303 1968 4368 flou

439 4408 472 4464 et
490 4410 526 4464 ut
545 4419 672 4484 semper
694 4401 920 4483 imperfectum
940 4408 1085 4464 nostrum
1106 4416 1191 4462 recc-
1244 4401 1331 4464 enirn
1350 4401 1454 4464 solum
1474 4421 1556 4478 osse,
1571 4403 1692 4478 vivere,
1709 4405 1840 4480 sentire,
1857 4402 1967 4472 morari,

438 4519 635 4582 gnoscamus,
660 4507 696 4562 ut
719 4501 814 4564 etiam
844 4501 1000 4583 possimus
1024 4500 1190 4562 advertere
1244 4500 1433 4582 intelligere,
1450 4519 1566 4584 corpus
1583 4510 1615 4565 et
1628 4503 1781 4578 animam,
1798 4503 1932 4568 membra
1944 4507 1967 4563 et

440 4606 595 4681 quantum
623 4597 866 4681 profecerimus,
888 4617 1054 4681 quousque
1079 4617 1189 4680 perve·
1243 4599 1327 4662 vires
1347 4599 1388 4662 ab
1403 4617 1441 4663 eo
1455 4601 1651 4683 accepimus,
1668 4603 1725 4666 sed
1744 4604 1786 4667 ab
1801 4604 1870 4687 ipso
1883 4602 1912 4665 iu
1928 4599 1967 4662 lris

440 4696 595 4772 ncrimus,
618 4705 650 4759 et
674 4704 829 4778 quantum
854 4717 872 4759 a
894 4717 969 4761 vera
992 4697 1189 4779 perfectione
1204 4697 1228 4759 D
1243 4696 1477 4760 incessabiliter
1491 4716 1729 4778 conservamur,
1740 4701 1782 4765 ab
1796 4702 1866 4785 ipso
1878 4719 1967 4764 neces

441 4797 607 4860 distemus.
630 4796 773 4878 Denique
798 4797 881 4860 Deus
906 4796 1121 4878 omnipotens,
1140 4797 1189 4878 ju·
1243 4796 1326 4859 saria
1345 4797 1419 4860 vitaa
1443 4798 1605 4873 sortimur,
1626 4807 1658 4862 ct
1679 4808 1892 4864 creaturarum
1913 4815 1967 4862 sua·

443 4903 510 4958 stus
539 4901 571 4957 et
598 4895 744 4977 sapiens„
760 4895 845 4958 istud
874 4895 1026 4976 praecepit
1054 4913 1118 4958 non
1147 4896 1189 4959 ob
1243 4914 1315 4957 rum
1345 4895 1500 4978 obsequio
1529 4897 1648 4979 jugiter
1679 4899 1810 4963 utimur.
1841 4899 1887 4962 Ab
1913 4898 1967 4978 ipso
2050 4935 2051 4958 .

443 4993 650 5074 indigentiam
670 5011 760 5056 suam
780 5001 834 5056 aut
856 4994 1061 5056 commodum
1082 5013 1187 5069 suum,
1243 4995 1368 5058 diversa
1386 4995 1559 5077 gratiarum
1579 4996 1770 5061 charismata
1788 5017 1896 5061 sumus
1912 4995 1967 5057 ade

312 5114 427 5167 aava.
441 5093 498 5176 qui
519 5093 676 5156 bonorum
699 5099 880 5157 nostrorum
901 5111 963 5156 uon
985 5093 1116 5174 indiget,
1133 5094 1188 5156 sed
1243 5094 1301 5176 pti,
1317 5113 1336 5156 a
1352 5093 1504 5176 periculis
1519 5095 1629 5158 multis
1645 5096 1858 5179 maximisque
1872 5093 1964 5175 erepti.

440 5192 483 5258 ob
502 5192 579 5256 alias
601 5211 712 5256 causas
734 5193 886 5256 diversas.
903 5192 1019 5266 Primo,
1036 5192 1187 5274 quoniam
1242 5192 1368 5266 Quarto,
1393 5192 1469 5274 quia
1498 5192 1567 5274 ipse
1595 5193 1684 5275 prior
1707 5195 1818 5258 dilexit
1840 5202 1872 5257 et
1892 5191 2044 5255 vallera*

441 5294 510 5378 ipse
532 5311 658 5357 summe
680 5300 712 5356 ct
730 5290 1024 5384 incomparabiliter
1043 5309 1079 5354 ac
1100 5309 1188 5374 pror·
1242 5292 1354 5356 dilexit
1368 5309 1435 5358 nos.
1453 5291 1594 5374 Diligens
1611 5301 1719 5358 autem
1736 5295 1804 5360 vult
1817 5291 1965 5358 redamari
1976 5263 2023 5310 ¹²¹²
2049 5299 2050 5314 ¹
