4288 6264
432 462 471 528 ll
819 483 968 532 nouuuca
990 485 1020 531 rr
1041 485 1114 532 rosr
1135 482 1263 532 rasam.
1285 501 1326 514 -
1347 485 1446 532 suarm
1466 484 1590 531 rnarrua

432 649 587 733 Spiritum
603 651 754 715 Sanctum
769 653 864 716 debet
883 655 1046 737 suscipere
1064 663 1120 717 aut
1135 655 1181 716 in·
1195 655 1221 718 A
1237 655 1269 716 in
1291 655 1440 737 superbia
1462 663 1510 717 est
1532 655 1632 736 magis
1656 653 1820 716 evidenter
1842 659 1984 716 contem·

433 747 644 812 habitatorem
660 758 788 830 tenere;
805 759 837 813 et
851 759 970 834 quanto
990 752 1181 835 profundius
1237 759 1311 835 ptus
1326 753 1391 816 Dei.
1410 752 1566 834 Superbia
1580 770 1708 834 quoquc
1723 758 1771 814 est
1788 751 1983 814 diabolicum

433 865 468 908 se
487 847 619 929 subjicit
638 849 712 923 Deo,
740 856 827 913 tanto
844 849 1012 930 gratiosius
1034 851 1182 914 visitatur
1236 852 1362 926 vitium,
1383 859 1414 912 et
1435 850 1581 913 homines
1603 857 1704 912 mutat
1725 851 1758 912 in
1777 851 1947 913 daemones.

297 962 451 1016 recitata
471 944 592 1026 Spiritu
612 946 736 1010 Sancto.
752 948 826 1009 ldeo
846 948 1000 1029 scriptum
1022 956 1070 1011 est
1090 967 1097 1010 :
1118 949 1181 1010 llu-
1275 950 1405 1023 Verum,
1422 968 1461 1010 ne
1482 966 1588 1012 sermo
1607 949 1666 1011 iste
1684 947 1822 1010 nimium
1837 947 1985 1010 extenda-

285 1029 417 1139 ssqm
433 1042 523 1104 milia
543 1043 633 1106 valde
654 1045 803 1127 spiritum
827 1053 938 1126 tuum;
963 1055 1004 1122 et,
1028 1046 1180 1110 Humilia·
1235 1055 1297 1122 tur,
1311 1046 1447 1128 qualiter
1462 1054 1567 1109 cetera
1582 1054 1711 1128 peccata
1727 1046 1872 1109 mortalia
1887 1044 1985 1127 Spiri-

432 1141 512 1204 mini
533 1141 593 1204 sub
615 1143 737 1224 potenti
757 1162 854 1206 manu
872 1144 938 1206 Dei.
1237 1155 1286 1208 tus
1302 1146 1408 1208 Sancti
1421 1145 1657 1228 susceptionem
1674 1153 1705 1208 et
1721 1144 1983 1207 inhabitationem

400 1277 403 1291 ·
471 1240 575 1302 Tertia
590 1241 669 1304 ratio
687 1249 744 1317 est,
762 1243 837 1324 quia
857 1243 1007 1325 superbia
1026 1243 1182 1306 abstrahit
1236 1245 1422 1327 impediant,
1439 1245 1585 1326 sequenti
1605 1251 1785 1306 reservatur
1804 1243 1954 1306 sermoni.

430 1339 494 1401 Deo
518 1339 604 1421 quod
628 1340 657 1402 ei
682 1340 825 1403 debetur.
854 1341 933 1404 Nam
958 1343 1021 1405 Deo
1046 1343 1181 1426 debetur
1275 1341 1404 1423 Legitur
1425 1342 1463 1403 de
1487 1341 1641 1404 Antiocho
1663 1359 1736 1422 rege
1761 1340 1794 1402 in
1816 1339 1900 1403 libro
1921 1340 1981 1402 lla·
1997 1361 2122 1405 unam.

429 1437 531 1500 bonor
550 1444 582 1499 et
601 1438 702 1519 gloria
723 1455 730 1501 :
752 1446 783 1501 et
803 1439 870 1501 haec
891 1439 952 1500 sibi
977 1447 1109 1522 usurpat
1131 1459 1181 1502 su·
1235 1439 1447 1513 cbabaeorum,
1469 1440 1555 1520 quod
1576 1438 1827 1521 superbissimus
1852 1438 1925 1512 fuit,
1948 1437 1980 1499 in
1995 1427 2123 1542 {gg-'¹³²¹

430 1535 561 1617 perbus,
587 1537 738 1618 quoniam
764 1538 854 1620 cupit
877 1557 911 1600 se
937 1539 968 1600 in
991 1557 1025 1600 se
1047 1538 1086 1600 ab
1108 1538 1180 1600 aliis
1234 1545 1358 1600 tantum
1380 1538 1465 1620 quod
1485 1538 1654 1600 aestimavit
1675 1557 1708 1600 sc
1729 1545 1847 1599 terram
1868 1537 1907 1598 ad
1928 1556 1982 1599 na-

430 1634 579 1697 honorari
598 1642 630 1697 et
649 1635 834 1716 glorificari,
851 1637 941 1718 quasi
963 1636 1045 1698 bona
1066 1637 1180 1700 habeat
1234 1637 1418 1720 rigandum,
1439 1636 1570 1718 pelagus
1589 1654 1664 1699 vero
1683 1637 1721 1697 ad
1741 1636 1802 1698 iter
1822 1636 1981 1716 agendum

430 1753 448 1794 a
470 1752 504 1795 se
527 1733 605 1815 ipso.
631 1734 748 1817 Estque
770 1735 1003 1816 ingratissimus
1028 1736 1108 1810 Deo,
1124 1736 1178 1817 qui
1234 1735 1456 1798 deducturum.
1475 1734 1513 1796 Et
1528 1734 1624 1815 hujus
1641 1733 1825 1816 superbiam
1845 1734 1928 1796 Deus
1948 1733 1980 1795 in

431 1831 470 1893 de
495 1830 664 1895 beneficiis
693 1833 763 1914 ejus
792 1833 947 1914 superbit,
973 1851 1037 1896 non
1062 1833 1215 1915 gratiaaB
1235 1833 1300 1896 vita
1321 1833 1380 1895 hac
1403 1832 1588 1894 terribiliter
1612 1832 1751 1914 plagavit
1775 1839 1807 1895 et
1830 1831 1981 1894 bumilia-

284 1951 384 2003 εωθιι,
395 1954 416 1994 a.
430 1929 505 2008 agit.
518 1929 589 1991 ldeo
603 1929 759 2012 scriptum
774 1937 822 1992 est
839 1948 846 1993 :
863 1931 943 2004 Quid
959 1931 1104 2014 superbit
1119 1940 1179 1993 ter·
1235 1932 1289 1995 vit.
1307 1932 1409 2005 Quum
1426 1931 1512 1994 enim
1527 1932 1652 1994 sederet
1669 1931 1701 1992 in
1718 1949 1825 2004 curru,
1844 1937 1876 1992 et
1888 1929 1981 2011 jube-

291 2048 417 2101 remur.
432 2045 466 2089 ra
485 2036 517 2090 et
537 2027 640 2089 cinisl
656 2029 774 2110 ltaque,
790 2028 871 2101 Quid
892 2029 989 2091 habes
1009 2030 1094 2112 quod
1114 2048 1177 2092 non
1234 2038 1282 2094 ret
1297 2049 1426 2093 currum
1441 2030 1553 2111 agitari
1569 2037 1604 2091 ut
1621 2036 1866 2111 persequeretur
1880 2046 1980 2111 popu·

431 2126 606 2208 accepistil
624 2127 657 2189 Si
672 2135 778 2190 autern
793 2128 955 2210 accepisti,
972 2128 1049 2210 quid
1064 2127 1178 2208 gloria·
1234 2128 1300 2190 lum
1318 2128 1384 2201 Dei,
1401 2128 1516 2190 cecidit
1535 2134 1665 2209 repente
1686 2127 1725 2190 de
1745 2145 1852 2200 curru,
1869 2134 1901 2188 θῖ
1915 2133 1980 2188 ῖοῖο

432 2225 475 2287 ris
490 2226 580 2308 quasi
602 2243 666 2290 non
684 2226 868 2308 accep'erisl
883 2226 1009 2300 Quarta,
1025 2227 1177 2308 quoniam
1234 2245 1365 2310 corpore
1386 2234 1614 2309 conquassatus
1629 2232 1693 2306 cst3
1709 2233 1804 2308 atque
1822 2233 1887 2288 tam
1902 2225 1980 2288 into

430 2323 582 2406 superbia
603 2325 747 2387 omniurn
767 2324 918 2388 vitiorum
940 2331 988 2387 est
1009 2325 1108 2405 origo,
1130 2344 1178 2387 ca·
1234 2326 1358 2390 lerabili
1373 2326 1533 2389 viseerum
1553 2325 1661 2388 dolore
1682 2325 1766 2388 intus
1786 2344 1804 2387 a
1823 2326 1888 2388 Deo
1909 2343 1978 2406 per-

431 2428 499 2502 put,
521 2423 621 2497 radix,
645 2423 762 2504 regina.
787 2422 860 2486 ldeo
881 2423 1020 2484 maxime
1042 2423 1178 2505 impedit
1234 2445 1356 2500 cussus,
1374 2426 1458 2507 quod
1478 2443 1603 2486 vermes
1622 2425 1662 2486 de
1682 2441 1739 2487 suo
1760 2440 1892 2505 corpora
1909 2441 1979 2484 cru-

429 2519 594 2583 hominem
609 2519 649 2584 ab
664 2521 752 2584 omni
767 2521 875 2602 gratia
889 2522 979 2596 dono,
991 2521 1088 2584 trahit
1102 2539 1177 2603 quo·
1233 2531 1359 2606 parunt,
1369 2530 1540 2604 tantusque
1555 2521 1658 2596 loetor,
1668 2520 1753 2604 quod
1769 2539 1828 2584 nee
1843 2520 1979 2602 ipsemet

430 2637 493 2700 que
508 2638 582 2682 eum
602 2619 641 2682 ad
659 2619 847 2702 gravissima
867 2620 1177 2702 innumerabilisque
1233 2641 1292 2685 nec
1311 2621 1366 2684 alii
1387 2621 1456 2702 ejus
1477 2620 1621 2684 loetorem
1644 2626 1790 2702 poterant
1809 2618 1975 2682 sustinere.

429 2725 560 2800 peccata
585 2736 592 2780 :
619 2719 729 2801 sicque
756 2718 921 2782 constituit
949 2719 1114 2781 hominem
1137 2719 1176 2781 ad
1233 2719 1348 2800 Sicque
1362 2716 1533 2780 miserabili
1549 2736 1586 2780 ac
1600 2717 1800 2779 amarissima
1815 2714 1980 2778 mortede-

430 2817 567 2898 Spiritus
582 2817 688 2881 Sancti
709 2817 945 2899 susceptionem
965 2817 1176 2899 indispositis·
1233 2817 1339 2891 cessit,
1355 2823 1387 2878 et
1406 2816 1445 2878 de
1465 2816 1568 2898 poenis
1588 2816 1660 2878 vita
1680 2813 1845 2896 praesentis
1865 2813 1978 2874 ductus

289 2925 415 2979 latona
430 2915 559 2978 simum.
577 2915 650 2978 ldeo
665 2916 820 2997 scriptum
836 2922 885 2978 est
898 2915 982 2997 apud
997 2914 1054 2977 Job
1073 2932 1079 2976 :
1096 2915 1176 2988 Quid
1233 2923 1281 2978 est
1300 2915 1338 2976 ad
1359 2914 1568 2996 sempiternas
1583 2931 1693 2996 poenas
1708 2911 1836 2974 inferni.
1853 2911 1918 2973 lloc
1933 2927 1979 2972 er·

285 2991 318 3034 ¹²'
431 3021 534 3077 tumet
549 3022 657 3078 contra
672 3016 772 3077 Deum
790 3015 921 3097 spiritus
936 3017 1031 3076 tuusl
1046 3013 1126 3087 Quid
1146 3017 1214 3080 teil
1233 3031 1273 3095 go
1292 3012 1440 3095 exemplo
1460 3002 1637 3074 terreantur
1658 3009 1801 3093 superbi,
1821 3017 1853 3071 et
1874 3007 1977 3070 humi-

430 3112 532 3176 elevat
552 3121 724 3188 cortuum,
740 3121 772 3176 et
787 3113 877 3196 quasi
894 3131 1008 3194 magna
1023 3112 1175 3194 cogitans,
1234 3112 1313 3175 lient
1346 3111 1534 3193 semetipsos
1566 3117 1736 3191 antequam
1767 3106 1978 3170 humilientur

428 3213 576 3276 attonitos
601 3212 699 3276 babes
720 3212 852 3276 oeulosl
876 3212 1000 3287 Quinta,
1023 3210 1175 3293 quoniam
1231 3229 1248 3272 a
1271 3210 1344 3271 Deo.

965 3641 1157 3730 SERMO
1196 3639 1444 3728 TERTIUS

524 3913 673 3971 buntiana
693 3885 823 3967 lnvlolll,
844 3911 987 3966 LUXlllllA,
1008 3908 1168 3966 AVAlll'l'lA,
1188 3905 1365 3961 GETERAQUE
1384 3905 1539 3950 nonatum
1560 3902 1694 3950 PEGGATA
1716 3903 1882 3950 lll’EDth'l'

713 4008 898 4056 lNFUSIONEE
918 4007 957 4055 AG
978 4007 1113 4053 rocham
1134 4002 1397 4052 inflammatoris!
1418 4002 1552 4048 smarnos
1573 4001 1689 4048 sancrl.

506 4300 556 4362 UI
578 4299 661 4376 facit
686 4305 866 4374 peccatum,
891 4313 931 4352 ecc
959 4295 1086 4353 diabolo
1117 4298 1172 4352 cst.
1189 4290 1214 4354 D
1230 4305 1322 4367 rum;
1343 4287 1508 4349 imitantur
1527 4293 1633 4348 autem
1655 4285 1746 4348 illum
1766 4285 1821 4369 qui
1843 4291 1918 4347 sunt
1937 4301 1974 4346 ex

433 4295 758 4570 Qidoannurqss.
814 4375 827 4396 ¹
1230 4394 1319 4468 parte
1341 4385 1438 4447 illius.

496 4496 669 4576 uicumque
683 4494 716 4554 in
732 4489 856 4554 mortali
871 4495 1001 4571 peccato
1016 4494 1177 4562 estmem-
1268 4484 1377 4565 ltaque
1402 4481 1524 4545 invidia
1547 4489 1677 4564 propter
1702 4481 1855 4564 speciales
1882 4481 1976 4544 ratio-

430 4595 524 4658 brum
543 4601 592 4657 est
610 4600 643 4655 et
662 4592 810 4654 minister
830 4589 958 4652 diaboli.
980 4588 1101 4650 ldcirco
1120 4587 1174 4668 qui
1230 4601 1287 4644 nes
1313 4581 1448 4664 impedit
1476 4580 1670 4643 inlusionem
1695 4581 1832 4662 Spiritus
1856 4580 1972 4653 Sancti,

430 4701 541 4776 peccat
556 4691 741 4765 mortaliter,
758 4709 797 4751 ex
814 4687 942 4751 diabolo
960 4694 1018 4762 est,
1036 4703 1100 4748 non
1119 4704 1176 4768 per
1230 4688 1262 4743 ct
1287 4679 1421 4760 gratiam
1450 4679 1521 4759 ejus
1550 4679 1640 4741 tollit.
1669 4678 1785 4751 Primo,
1810 4677 1886 4759 quia
1910 4697 1974 4760 praa

431 4791 635 4866 creationem,
652 4790 706 4852 sed
728 4807 786 4871 per
808 4786 1029 4860 imitationem,
1048 4793 1081 4847 et
1100 4784 1177 4866 quia
1230 4778 1344 4842 ceteris
1369 4776 1580 4840 contrariatur
1607 4776 1739 4858 Spiritui
1769 4776 1893 4850 Sancto,
1918 4775 1973 4858 qui

430 4888 596 4952 diabolica
614 4886 809 4969 suggestioni
832 4885 1000 4959 consentit,
1022 4891 1116 4966 atque
1136 4883 1175 4944 ad
1230 4897 1288 4960 per
1317 4875 1608 4958 appropriationem
1640 4875 1753 4937 caritas
1783 4875 1971 4957 appellatur.

431 4988 594 5051 diabolum
616 4987 763 5070 pertinet.
780 4985 868 5059 Quod
888 4990 994 5045 tamaur
1013 4982 1053 5044 de
1067 5000 1176 5063 super·
1229 4976 1303 5038 ldeo
1322 4973 1499 5056 praesertim
1518 4973 1644 5053 elongat
1658 4979 1799 5034 mentem
1816 4991 1833 5034 a
1854 4973 1973 5054 Spiritu

430 5087 481 5150 bis
496 5095 528 5150 et
543 5085 660 5149 invidis
675 5084 837 5167 praecipue
852 5081 1017 5145 veritatem
1033 5080 1173 5143 sortitur.
1230 5074 1354 5147 Sancto,
1371 5072 1494 5134 etfacit
1513 5089 1582 5134 eam
1599 5071 1644 5133 illi
1662 5071 1897 5153 displicentem,
1914 5069 1973 5133 dil-

292 5188 548 5269 sap.11,rr,Verum
566 5186 600 5248 in
620 5184 703 5248 libro
721 5182 891 5266 Sapientia
912 5180 1047 5243 habetur
1068 5198 1074 5241 :
1095 5181 1177 5244 Invi·
1230 5172 1378 5246 formem,
1406 5169 1570 5244 odibilem,
1596 5177 1690 5251 alque
1719 5189 1737 5232 a
1766 5169 1837 5232 luce
1865 5169 1973 5250 gratiae

282 5276 318 5322 ²⁵·
430 5287 482 5353 dia
496 5285 614 5350 diaboli
634 5301 720 5350 mors
739 5284 883 5350 introivit
901 5281 935 5344 in
951 5281 1062 5347 orbem
1078 5286 1175 5344 terra·
1229 5269 1357 5352 penitus
1381 5287 1526 5332 vacuam·
1552 5267 1681 5349 Propter
1703 5267 1789 5350 quod
1813 5266 1846 5329 in
1871 5267 1975 5351 prima
