4214 6254
505 524 653 574 noururcn
675 525 696 572 ιι
717 524 791 572 aosr
811 521 1006 571 ιιιιιιιιιιιιι.
1028 539 1068 550 -
1089 521 1188 568 sasso
1208 520 1332 569 rannus
1633 497 1692 568 tot

144 695 268 757 cerain
288 695 399 776 nobis3
416 703 448 758 et
462 697 501 758 ad
522 697 583 759 ista
597 695 819 778 unusquisque
834 709 893 777 pro
906 691 932 754 A
946 692 1125 774 gemituum
1143 709 1181 753 ac
1201 691 1388 774 planctuum
1407 687 1505 768 hujus
1522 685 1624 749 macti
1638 686 1692 747 Pa·

144 809 238 872 posse
258 811 318 857 suo
340 795 503 876 proximos
524 811 599 856 suos
618 793 769 856 hortetur.
947 789 1004 850 tris
1018 789 1084 869 jam
1104 791 1223 850 causat
1239 787 1295 850 Cui
1311 786 1478 868 religiosus
1497 783 1550 846 ille
1566 799 1693 865 respon·

183 889 313 972 Legitur
335 892 375 954 de
395 892 425 955 S.
443 892 613 966 Bernardo‚
634 891 690 972 qui
715 890 892 952 maximum
947 887 1075 950 ditzvir
1090 885 1149 948 istc
1164 884 1332 960 mirabilis,
1345 882 1527 947 niviniatis
1541 897 1649 944 amore
1661 886 1693 942 et

142 987 222 1050 lecit
236 989 378 1052 fructum
395 991 427 1052 in
444 989 657 1074 praedicando,
676 987 893 1052 innumerabi-
947 986 1015 1049 zelo
1026 985 1199 1048 animarum
1213 991 1297 1047 totus
1309 983 1513 1046 vehementer
1524 997 1692 1043 succensus

143 1087 190 1150 les
205 1088 355 1152 homines
368 1087 686 1170 convertendoquod
702 1106 803 1169 quum
818 1106 896 1169 qua·
948 1091 1014 1164 cst3
1029 1091 1061 1146 et
1080 1082 1231 1166 quoniam
1251 1081 1285 1144 in
1305 1079 1530 1164 predicatione
1548 1077 1695 1161 proxima

142 1185 218 1248 dam
230 1185 281 1248 die
292 1187 492 1269 praedicasset
504 1186 631 1250 Parisiis
643 1193 674 1248 et
689 1186 895 1248 convertisset
948 1199 1066 1265 pancos
1082 1181 1249 1255 convertit,
1260 1187 1350 1263 putat
1364 1180 1466 1242 Deum
1481 1177 1543 1241 sihi
1559 1177 1693 1240 iratum:

142 1301 334 1368 perpaucos,
365 1285 527 1368 ingressus
559 1285 690 1348 domum
724 1282 893 1364 cujusdam
949 1281 1068 1344 idcirco
1087 1280 1133 1344 sic
1152 1279 1252 1361 gemit
1271 1297 1307 1342 ac
1328 1279 1423 1360 luget.
1441 1277 1502 1341 Sed
1522 1293 1609 1338 nuuc
1628 1273 1696 1338 scio

145 1383 325 1464 prolatiet
340 1385 372 1446 in
389 1385 459 1448 loco
473 1403 507 1447 se
523 1384 674 1448 claudens
690 1389 894 1456 secreto‚coe-
948 1379 1024 1462 quia
1053 1379 1190 1442 crastina
1218 1377 1269 1440 die
1297 1377 1425 1460 copiose
1454 1372 1696 1458 recuperabitur

144 1480 194 1561 pit
213 1480 496 1545 vehementissime
521 1481 692 1555 lacrimari,
714 1480 747 1542 in
771 1487 893 1542 mutum
949 1477 1034 1560 qood
1048 1477 1142 1539 hodie
1159 1475 1265 1539 minus
1280 1475 1401 1540 lactum
1416 1474 1552 1538 videtur.
1569 1472 1609 1535 Et
1623 1488 1696 1534 con-

145 1579 232 1660 quod
253 1580 370 1663 hospes
396 1581 450 1642 ille
476 1579 599 1643 audivit
627 1579 698 1660 ejus
723 1578 893 1659 singultus,
949 1576 1020 1657 tigit
1037 1576 1081 1638 ita
1096 1592 1103 1636 :
1121 1593 1195 1638 nam
1214 1575 1266 1638 die
1286 1573 1443 1656 sequenti,
1460 1571 1601 1636 oratione
1618 1589 1696 1653 prae·

142 1677 285 1758 gemitus
303 1687 335 1740 et
354 1678 507 1761 ploratus.
524 1677 611 1741 Unde
631 1676 769 1739 multum
794 1675 894 1738 admi·
951 1675 1058 1749 missa,
1074 1674 1172 1756 coepit
1191 1672 1411 1736 sanctissimus
1432 1671 1604 1756 praedicare
1626 1669 1697 1732 Ber·

143 1795 231 1850 rans,
248 1776 455 1858 interrogavit
471 1795 571 1839 unum
588 1795 627 1838 ex
643 1774 801 1857 religiosis
820 1793 894 1838 cum
950 1773 1078 1847 nardus,
1102 1772 1323 1855 plurimosque
1348 1769 1507 1835 convertit
1534 1769 1573 1834 ad
1601 1767 1696 1850 glori·

143 1873 175 1936 S.
193 1875 353 1939 Bemardo
372 1874 603 1958 pergentibus:
621 1875 695 1950 Qua
714 1881 763 1937 est
777 1873 892 1937 horum
912 1873 1001 1936 Bam
1018 1871 1083 1934 Dei.

682 2305 875 2395 SERMO
914 2305 1163 2394 TERTIUS

234 2573 354 2622 course
374 2573 447 2620 rara
468 2571 662 2620 camoranam
683 2572 778 2630 vrrrn,
800 2571 1177 2629 sermunculorum
1198 2571 1235 2616 ιιι
1255 2570 1423 2628 urrunnu,
1444 2569 1484 2617 ou
1504 2569 1612 2628 numus

612 2671 645 2717 ru
666 2669 840 2718 arenosum
862 2670 1018 2718 nonrmuo
1038 2669 1088 2716 ιιι
1108 2669 1233 2716 uarro.

220 2955 324 3018 MNa'
344 2956 431 3033 qaod
453 2963 497 3015 ast
523 2955 558 3014 ia
586 2955 719 3023 mundo,
744 2954 894 3028 concapt-
949 2951 1074 3014 trarius.
1100 2952 1203 3024 Quum
1229 2950 1317 3013 enim
1336 2949 1433 3013 homo
1452 2949 1493 3011 sit
1513 2967 1532 3010 a
1550 2948 1615 3012 Deo
1635 2966 1702 3010 cra-

233 3054 356 3114 scentia
377 3054 489 3113 earnis
510 3061 568 3122 est,
584 3061 614 3112 et
638 3053 935 3128 concupiscentiae
952 3057 1023 3112 atus
1045 3049 1086 3113 ob
1105 3049 1245 3131 aliquem
1268 3055 1392 3110 certum
1414 3046 1515 3110 linem
1538 3054 1569 3109 ct
1589 3046 1629 3109 ad
1651 3045 1701 3108 sni

142 3155 329 3221 oculorum,
340 3159 370 3210 et
384 3153 538 3228 superbia
554 3149 661 3211 vital
677 3150 787 3211 loann.
801 3167 834 3224 rr,
848 3147 895 3210 l6.
954 3148 1109 3211 Crantoris
1143 3147 1296 3209 honorem
1328 3153 1359 3208 et
1392 3145 1526 3226 gloriam
1556 3146 1702 3227 (propter

198 3248 472 3324 Quemadmodum
500 3247 697 3330 Augustinus
727 3253 860 3314 testatur
890 3263 896 3308 :
953 3245 1038 3327 quod
1062 3244 1227 3308 Psalmista
1251 3243 1393 3326 loquitur
1416 3244 1480 3306 Deo
1506 3260 1513 3304 :
1538 3241 1701 3324 Numquid
1714 3273 1852 3325 mum„

144 3349 248 3412 Amor
262 3347 312 3410 sni
332 3363 478 3410 crescens
498 3365 600 3428 usque
619 3346 659 3408 ad
678 3353 898 3427 contemptum
954 3364 1034 3407 vane
1049 3343 1242 3408 constituisti
1257 3359 1369 3406 omncs
1384 3340 1469 3405 lilios
1485 3341 1699 3422 hominum),
1715 3337 1751 3382 ⁴⁸·

147 3445 221 3520 Dei,
242 3453 289 3508 est
309 3447 399 3526 origo
423 3453 456 3508 et
477 3463 572 3510 causa
592 3452 625 3508 et
644 3445 733 3508 radix
752 3445 898 3509 omnium
954 3443 1026 3506 ideo
1050 3443 1146 3506 homo
1171 3459 1235 3504 ιιοιι
1258 3439 1353 3502 debet
1379 3458 1413 3502 se
1438 3439 1544 3522 ipsum
1569 3439 1701 3520 diligere

146 3544 322 3623 vitiorum;
338 3561 427 3606 amor
449 3561 524 3606 vero
546 3543 601 3606 Dei
624 3561 772 3606 crescens
797 3560 899 3624 usque
955 3541 1016 3604 nisi
1032 3559 1090 3623 per
1108 3538 1379 3621 comparationem
1394 3544 1426 3599 et
1445 3537 1622 3600 secundum
1637 3536 1702 3600 cxi-

144 3642 189 3704 ad
207 3648 427 3726 contemptum
442 3641 504 3716 sni,
520 3649 568 3704 est
587 3641 676 3723 origo
696 3649 728 3704 at
742 3640 814 3704 lons
834 3657 900 3704 om·
953 3639 1094 3721 gentiam
1111 3638 1215 3701 ultimi
1231 3636 1308 3700 linis
1328 3643 1458 3720 propter
1477 3653 1573 3718 quem
1594 3635 1701 3699 condi·

145 3741 201 3803 nis
217 3740 323 3822 operis
338 3739 425 3804 boni.
436 3739 527 3804 Nunc
543 3758 617 3822 ergo
633 3739 899 3804 considerandum
955 3747 1005 3801 tus
1020 3746 1080 3813 est,
1096 3745 1191 3820 atque
1205 3735 1245 3798 ad
1259 3735 1394 3817 gloriam
1413 3741 1445 3798 ct
1459 3734 1614 3798 honorem
1631 3751 1702 3816 pro-

145 3847 212 3912 est,
227 3839 306 3922 quid
321 3839 436 3902 sitista
454 3857 544 3903 amor
562 3840 612 3902 sui
632 3857 778 3902 crescens
798 3857 899 3920 usque
955 3836 1017 3919 prii
1043 3835 1209 3908 creatoris,
1231 3833 1291 3895 hoc
1315 3841 1363 3896 est
1387 3851 1444 3916 per
1468 3831 1701 3896 ordinationem

144 3939 188 4000 ad
216 3944 436 4019 contemptum
462 3937 530 4012 Dei,
551 3937 629 4020 quid
651 3938 729 4000 item
749 3937 790 4000 sit
811 3954 900 4000 amor
955 3935 1005 3998 sui
1029 3934 1131 4018 ipsius
1154 3941 1350 4016 actuumque
1373 3950 1505 3996 suorum
1529 3931 1568 3994 ad
1592 3951 1701 3996 veram

144 4037 208 4100 Dei
235 4055 380 4100 crescens
404 4054 506 4118 usque
528 4037 569 4098 ad
593 4043 813 4119 contemptum
838 4035 897 4098 sui.
954 4033 1197 4107 beatitudinem,
1215 4051 1286 4115 quae
1300 4039 1349 4095 est
1362 4031 1440 4094 linis
1456 4031 1625 4094 creationis
1643 4031 1703 4094 hu-

144 4137 261 4218 ltaque
285 4153 375 4199 amor
399 4135 449 4198 sui
476 4153 622 4198 crescens
644 4153 746 4218 usque
767 4135 806 4197 ad
828 4151 900 4197 con·
955 4132 1041 4196 mani
1060 4131 1198 4213 generis,
1215 4131 1304 4194 etad
1324 4131 1380 4193 Dei
1400 4131 1533 4212 gloriam
1553 4138 1584 4192 at
1605 4129 1702 4194 hono

144 4243 312 4317 temptum
337 4235 404 4310 Dei,
430 4242 479 4298 est
506 4253 595 4300 amor
621 4253 686 4317 quo
714 4235 787 4318 quis
815 4241 900 4296 amat
915 4236 939 4298 D
955 4250 1034 4308 rem,
1051 4230 1201 4294 videlicet
1217 4248 1223 4293 :
1241 4230 1285 4292 ita
1304 4230 1441 4292 vivendo
1460 4237 1555 4311 prout
1573 4228 1702 4311 expedit

146 4353 185 4397 sc
204 4333 237 4396 in
258 4352 302 4408 sc,
318 4333 454 4397 volendo
473 4342 505 4398 et
522 4335 702 4417 appetendo
715 4332 778 4395 sibi
793 4332 901 4414 aliqua
955 4330 1017 4395 sibi
1037 4331 1076 4393 ad
1097 4329 1349 4413 perveniendum
1368 4328 1408 4391 ad
1423 4347 1532 4391 veram
1552 4329 1699 4405 salutem,

147 4433 378 4496 convenientia
399 4433 461 4496 sibi
481 4433 548 4496 sive
568 4433 726 4516 placentia
745 4451 810 4496 suaa
829 4449 900 4514 pro·
956 4439 988 4494 ct
1000 4449 1037 4492 ca
1051 4429 1173 4510 agendo
1192 4447 1263 4511 qna
1282 4429 1347 4492 Deo
1366 4428 1493 4512 placent
1509 4436 1541 4490 et
1556 4446 1621 4490 suat
1637 4447 1701 4490 rna·

146 4531 232 4616 pria
252 4531 418 4606 voluntati,
440 4551 497 4613 per
520 4540 701 4615 respectum
725 4531 764 4594 ad
788 4537 902 4594 semet·
954 4530 1078 4614 jestatis
1093 4529 1280 4592 honorativa
1294 4528 1467 4608 exsistunt;
1483 4527 1633 4591 similiter
1648 4526 1703 4589 illa

146 4634 272 4714 ipsum.
294 4630 368 4693 ldco
392 4630 451 4692 iste
474 4647 564 4693 amor
583 4639 714 4693 vocatur
732 4646 822 4692 arnor
836 4629 900 4711 pri·
956 4630 1038 4694 bona
1053 4628 1189 4692 volendo
1208 4626 1452 4711 appetendoque
1472 4625 1534 4688 sibi
1554 4625 1616 4708 ipsi
1631 4645 1703 4708 qua

144 4737 257 4803 vatus,
273 4728 439 4811 improbus
454 4735 487 4792 et
499 4729 539 4791 ad
559 4747 593 4791 se
612 4727 761 4792 reflexus.
779 4729 900 4791 Dicitur
955 4728 1016 4792 sibi
1033 4726 1124 4790 utilia
1142 4734 1198 4789 aut
1217 4725 1395 4789 necessaria
1413 4732 1488 4787 sunt
1506 4725 1545 4788 ad
1565 4725 1703 4807 compla-

145 4829 236 4894 enim
260 4846 349 4892 amor
373 4828 527 4911 privatus,
548 4846 648 4910 quum
672 4827 714 4890 sit
736 4845 826 4892 amor
850 4829 900 4890 sni
955 4829 1093 4890 cendum
1109 4825 1244 4890 Domino
1263 4825 1338 4901 lieo,
1354 4824 1478 4888 etitem
1498 4824 1538 4887 ad
1557 4823 1704 4887 obtinen-

145 4929 256 5013 ipsius
279 4947 337 4991 seu
360 4927 531 5009 singularis
551 4945 694 5010 persono
717 4946 754 4990 aa
778 4927 901 5010 proprii
955 4927 1033 4990 dom
1057 4925 1243 4989 felicitatem
1268 4932 1428 4988 aternam.
1452 4923 1504 4987 Sic
1526 4941 1560 4986 se
1582 4941 1701 4998 amare,

146 5027 315 5093 commodi
341 5045 349 5090 :
375 5027 448 5090 idco
472 5027 569 5090 etiam
598 5027 716 5090 dicitur
744 5045 834 5090 amor
861 5027 900 5090 ad
956 5034 1004 5090 est
1025 5045 1059 5089 se
1079 5043 1154 5089 vere
1173 5032 1206 5087 at
1224 5023 1376 5098 virtuose,
1391 5041 1429 5086 ac
1448 5021 1592 5086 ordinate
1612 5021 1703 5104 spiri·

147 5147 186 5193 se
212 5125 365 5202 reflexus,
389 5135 422 5190 et
450 5143 514 5190 non
541 5125 580 5188 ad
604 5126 705 5190 Deum
735 5125 900 5208 finemque
955 5126 1147 5208 tualiterque
1168 5123 1310 5204 diligere.

147 5227 307 5292 ultimum
331 5225 505 5288 ordinatus.
531 5225 654 5289 Dicitur
681 5243 808 5308 quoque
840 5225 900 5288 im·
995 5225 1147 5290 Praeterea
1167 5243 1206 5285 ex
1227 5239 1335 5286 amore
1356 5219 1481 5304 privato
1499 5239 1536 5283 ac
1556 5218 1703 5302 improbo

150 5327 287 5416 probus,
308 5326 385 5409 quia
408 5324 523 5390 rationi
543 5343 581 5387 aa
601 5325 733 5407 justitia
758 5332 807 5388 est
827 5341 901 5389 con-
956 5325 1006 5388 sui
1029 5323 1177 5387 oriuntur
1200 5321 1233 5383 in
1259 5320 1371 5403 primis
1400 5319 1620 5402 principaliter
1643 5317 1705 5379 tria
