4214 6254
401 525 551 574 namurco
572 527 583 574 1
604 527 677 576 rosr
696 527 892 574 mrnrramu.
913 547 953 558 —
973 529 1015 576 sn
1035 529 1230 592 nrnrcrosos3
1253 529 1352 576 suano
1372 528 1484 576 surus
1657 509 1717 574 tta

716 941 910 1029 SERMO
949 942 1168 1030 SEXTUS

394 1207 434 1255 DB
455 1207 604 1255 intonui
624 1208 758 1256 ursanus
778 1207 1106 1266 amiantostssumouu
1126 1209 1352 1259 rnosruutrnru
1372 1213 1484 1272 adadu,

672 1308 710 1354 Π
731 1307 771 1354 ll!
791 1307 996 1354 mutuum!
1016 1308 1203 1358 studuerunt.

224 1587 433 1649 ACTUMest
448 1595 485 1647 ut
500 1589 913 1658 morereturmendiccs,et
928 1586 953 1649 Α
969 1589 1121 1670 prateriit
1135 1597 1167 1653 et
1182 1591 1290 1672 desiit)
1300 1590 1395 1654 fallax
1412 1592 1718 1676 prosperitas,quum

228 1693 426 1760 portaretur
439 1688 480 1745 ab
493 1687 619 1764 capelia
634 1687 669 1746 in
685 1687 793 1746 sinum
810 1688 914 1748 Adra·
967 1687 1033 1768 jam
1064 1689 1096 1750 in
1126 1690 1320 1772 sempiterna
1350 1691 1392 1754 sit
1416 1691 1633 1754 detrudendus
1658 1699 1718 1754 tor·

163 1783 234 1850 dnn·
253 1791 403 1843 mortuas
417 1793 462 1844 est
478 1793 586 1844 cutem
602 1793 632 1844 et
646 1785 748 1854 dices,
764 1793 794 1844 et
809 1787 913 1860 scpul-
969 1789 1098 1848 mental
1118 1787 1157 1848 Et
1178 1788 1254 1871 quid
1279 1788 1355 1851 buic
1380 1789 1481 1853 electe
1505 1807 1591 1851 nunc
1615 1789 1718 1852 oberit

164 1891 283 1942 tuaest
303 1883 340 1942 in
361 1885 504 1959 inferno.
522 1881 742 1958 Luoxvnffl.
969 1893 1084 1948 cuncta
1116 1905 1212 1968 quum
1248 1907 1361 1970 passus
1395 1895 1443 1950 cst
1475 1888 1651 1950 adversitas
1686 1897 1718 1950 et

206 1979 287 2052 Ouid
310 1980 436 2044 intersit
456 1982 539 2044 inter
561 1982 678 2046 electos
698 1989 730 2044 et
750 1981 912 2065 reprobos,
969 2002 1121 2058 arumna,
1147 2001 1250 2067 uuum
1281 1986 1374 2049 modo
1398 1995 1516 2050 caterua
1544 1987 1717 2070 adepturus

164 2082 251 2144 inter
273 2081 376 2161 justos
400 2099 436 2143 ao
462 2081 590 2163 impios,
617 2081 777 2144 intereos
802 2081 856 2165 qui
882 2082 914 2144 in
970 2081 1011 2144 sit
1035 2083 1177 2163 gaudia?
1200 2085 1277 2158 lmo,
1303 2094 1388 2147 certe
1418 2085 1554 2168 reprobo
1585 2085 1631 2148 illi
1661 2104 1719 2148 sua

163 2181 231 2242 vita
250 2179 308 2241 bae
324 2186 561 2261 prosperantur,
579 2200 676 2262 super
692 2199 771 2264 quos
789 2197 852 2243 nou
868 2189 915 2244 est
971 2200 1066 2263 quam
1091 2181 1203 2244 habuit
1227 2183 1309 2245 mala
1333 2185 1527 2266 prosperitas
1549 2185 1719 2247 inaestima-

163 2278 256 2358 virga
286 2277 353 2350 Dei,
381 2283 413 2338 et
442 2277 525 2339 inter
554 2295 607 2340 eos
637 2279 691 2360 qui
723 2279 833 2340 multis
860 2280 916 2341 tri·
971 2279 1079 2342 biliter
1102 2290 1211 2361 noeet;
1236 2288 1268 2342 et
1292 2299 1356 2364 quo
1380 2281 1441 2343 fuit
1465 2283 1657 2365 prosperior,
1680 2301 1718 2345 eo

165 2372 385 2436 bulationibus
410 2384 600 2437 exercentur
621 2383 652 2438 et
671 2375 861 2458 affliguntur
883 2376 914 2438 in
970 2377 1032 2441 fuit
1048 2378 1203 2452 miserior,
1220 2399 1320 2462 quum
1341 2379 1435 2442 bodie
1454 2380 1666 2462 adimpleatur
1684 2381 1717 2443 in

163 2472 284 2536 saeculo
300 2471 487 2555 isto‚pandit
502 2473 577 2535 finis
592 2482 623 2536 et
638 2473 817 2556 praemiatio
832 2481 916 2537 utro·
971 2495 1008 2540 eo
1031 2479 1115 2560 quod
1138 2478 1182 2540 ait
1204 2479 1367 2561 Scriptura
1389 2496 1395 2540 :
1417 2479 1577 2552 Quantum
1595 2478 1716 2560 glorifi-
1731 2497 1862 2554 laeana,

42 2589 50 2628 r
72 2621 78 2630 .
96 2601 148 2636 aaa,
164 2589 312 2653 rumque.
332 2571 411 2634 Eece
426 2572 545 2634 etenim
567 2573 674 2636 brevis
693 2580 741 2636 est
755 2573 818 2634 vita
840 2593 917 2655 praa·
972 2575 1054 2638 cavit
1069 2595 1102 2638 se
1118 2584 1149 2638 et
1165 2577 1197 2638 in
1214 2577 1337 2639 deliciis
1352 2577 1425 2652 fuit,
1442 2585 1566 2640 tantum
1582 2578 1654 2640 date
1670 2577 1716 2639 illi
1732 2564 1752 2604 ⁷·

6 2655 47 2696 '⁵'
65 2727 111 2754 ‚m
163 2671 441 2752 sens3transitque
457 2671 596 2733 mundus
611 2679 643 2734 et
658 2672 917 2754 coucupiscentia
972 2681 1166 2736 tormentum
1186 2681 1217 2734 et
1237 2674 1368 2737 luctum.
1387 2675 1466 2736 lluic
1487 2683 1595 2738 autem
1618 2675 1719 2738 electo

164 2768 258 2849 ejus3
289 2775 321 2830 et
349 2768 418 2830 dies
446 2770 546 2832 nostri
576 2778 651 2832 sunt
680 2770 772 2851 quasi
803 2764 953 2832 umbraB
971 2790 1028 2834 sua
1049 2771 1213 2835 tribulatio
1235 2771 1443 2834 ineffabiliter
1464 2773 1603 2856 prodest,
1619 2793 1719 2856 quum

20 2917 25 2949 ς
68 2873 265 2951 ''„„‚super
291 2873 418 2941 terram,
444 2885 504 2929 neo
534 2867 599 2930 ulla
627 2877 673 2930 est
704 2887 801 2931 mora.
828 2869 916 2943 Quod
972 2888 1081 2952 proca
1101 2870 1194 2932 bodie
1216 2871 1407 2934 aeterualiter
1429 2891 1638 2954 permansura
1658 2892 1721 2936 sor·

164 2965 194 3027 si
214 2965 280 3027 vita
302 2965 368 3028 baeo
390 2964 487 3028 alicui
510 2966 602 3046 longa
623 2974 784 3050 appareat,
802 2967 916 3030 futuras
972 2969 1087 3030 titurus
1110 2969 1151 3030 sit
1169 2969 1293 3050 gaudia.
1311 2969 1362 3032 Sic
1384 2978 1415 3032 et
1435 2971 1474 3032 de
1493 2971 1592 3033 divite
1612 2971 1720 3053 epulo·

163 3063 337 3126 mteruitati
358 3071 522 3147 comparet
541 3083 622 3140 eam,
640 3073 670 3128 et
691 3066 813 3130 videbit
831 3066 916 3148 quod
972 3087 1011 3130 ne
1033 3076 1065 3130 et
1087 3086 1226 3150 paupere
1248 3067 1362 3131 Lazaro
1383 3068 1648 3151 contemplemur.
1668 3069 1722 3131 Ec·

164 3163 265 3244 quasi.
283 3170 482 3225 momentum
505 3163 555 3225 sit.
573 3163 679 3245 Longa
700 3165 830 3246 quidem
856 3163 917 3226 for·
972 3185 1007 3227 ce
1023 3165 1100 3246 quid
1119 3183 1204 3226 nunc
1223 3173 1357 3248 interque
1377 3167 1506 3248 recepit.
1527 3165 1607 3228 Ecce
1623 3185 1719 3248 quam

163 3281 223 3323 san
240 3261 367 3324 videtur
383 3263 412 3324 ei
429 3262 606 3344 prasertim
626 3263 681 3346 qui
702 3263 734 3325 in
753 3263 916 3326 doloribus
973 3264 1082 3346 paucis
1101 3263 1193 3325 aunis
1209 3263 1241 3324 in
1258 3263 1375 3325 sacculo
1389 3264 1548 3338 vixerunt,
1565 3271 1597 3326 et
1612 3273 1719 3326 tamen

162 3368 261 3442 atque
282 3359 446 3423 laboribus
464 3360 560 3440 vivit;
576 3369 794 3424 verumtamen
816 3380 916 3443 quum
973 3381 1067 3445 quam
1091 3361 1201 3423 multis
1224 3361 1317 3422 annis
1339 3360 1400 3422 fuit
1418 3361 1485 3442 jam
1510 3361 1565 3424 ille
1586 3363 1617 3424 in
1641 3362 1720 3426 into-

162 3458 292 3521 veuerit
320 3457 396 3520 finis
426 3458 507 3539 ejus,
534 3459 655 3541 patebit
683 3478 780 3543 quam
810 3459 917 3523 brevis
973 3459 1158 3524 ferabilibus
1174 3459 1287 3542 poeuis,
1305 3466 1336 3522 et
1352 3459 1410 3522 iste
1426 3459 1459 3521 in
1475 3460 1718 3542 incompreben-

163 3555 334 3618 exstiterit.
351 3557 508 3619 Ponamus
528 3557 612 3638 quod
632 3558 748 3640 aliquis
768 3557 807 3621 ab
828 3576 916 3621 exor·
972 3557 1121 3622 sibilibus
1141 3557 1274 3638 gaudiis.
1293 3557 1331 3618 Et
1346 3557 1447 3620 nihilo
1464 3558 1571 3620 minus
1592 3558 1646 3621 ille
1665 3560 1718 3621 ad·

163 3654 222 3716 dio
247 3654 358 3716 muudi
384 3673 485 3736 usque
510 3673 595 3717 nunc
621 3655 747 3731 vixerit,
767 3665 799 3718 et
822 3656 917 3720 bodie
972 3659 1034 3720 buc
1050 3655 1242 3720 aeternaliter
1261 3655 1424 3737 punietur,
1441 3674 1499 3718 nec
1520 3655 1606 3718 aliud
1622 3675 1718 3740 quam

164 3751 346 3815 moriatur:
363 3753 575 3834 nonnequasi
596 3753 733 3816 nibilum
751 3755 918 3837 apparebit
972 3776 1037 3819 suae
1067 3754 1279 3816 moestissimaa
1304 3754 1492 3817 calamitatis
1522 3755 1720 3837 praestolatur

164 3849 326 3932 quidquid
347 3849 476 3912 effluxit
495 3857 590 3933 atqua
613 3852 775 3933 praeteriit,
793 3852 917 3935 potissi·
972 3854 1077 3916 dirum
1098 3859 1318 3932 augmentum,
1335 3853 1409 3934 quia
1433 3853 1464 3914 in
1485 3853 1536 3914 die
1554 3853 1669 3933 judicii
1688 3861 1720 3914 et

164 3967 258 4010 mum
289 3967 389 4030 quum
418 3949 513 4012 hodie
543 3949 678 4012 introcat
703 3951 856 4014 saeculum
882 3951 914 4012 in
936 3951 1124 4033 Cdeinceps
1143 3950 1264 4033 absque
1280 3950 1346 4012 fine
1364 3950 1636 4015 inconsolabiliter
1655 3970 1720 4033 prae

163 4066 233 4129 quo
250 4047 318 4108 sine
334 4046 401 4109 fine
417 4065 586 4110 mansurus
602 4051 672 4110 estt
687 4049 782 4110 finiti
798 4057 829 4110 et
843 4049 916 4110 infi-
972 4049 1065 4112 solito
1088 4048 1262 4130 affligetur,
1288 4056 1319 4110 et
1343 4049 1474 4130 duplici,
1501 4048 1565 4111 imo
1590 4067 1719 4130 prorsus

162 4145 228 4208 niti
245 4144 332 4206 nulla
342 4147 392 4226 (ut
406 4143 522 4226 fertur)
532 4153 580 4208 cst
595 4147 916 4228 eomparati⁰:idoir-
972 4147 1145 4229 multiplici
1169 4146 1347 4208 calamitate
1370 4146 1547 4221 vexabitur,
1568 4154 1663 4228 atque
1685 4147 1718 4209 in

162 4263 207 4308 ce
228 4243 287 4306 etsi
311 4244 364 4306 bie
389 4244 508 4307 millies
529 4245 616 4306 mille
637 4245 729 4308 annis
752 4263 915 4327 possemus
972 4265 1103 4329 corpore
1128 4245 1271 4307 tartareis
1293 4243 1494 4326 torquebitur
1519 4263 1582 4308 non
1604 4245 1718 4307 finien-

161 4342 354 4416 subsistere,
383 4343 488 4405 adbuc
517 4349 664 4424 respectu
695 4345 916 4427 perpetuitatis
972 4347 1020 4408 dis
1035 4344 1214 4428 suppliciis.
1232 4343 1365 4406 Lazarus
1382 4360 1457 4406 vero
1472 4352 1589 4406 aterna
1603 4344 1720 4424 gaudet

160 4441 268 4504 futuri
290 4439 398 4504 saeculi
421 4441 500 4503 nibil
522 4449 615 4504 esset.
971 4441 1151 4517 securitate,
1173 4450 1204 4506 et
1224 4462 1288 4505 suae
1310 4441 1517 4504 beatitudiuis
1542 4442 1719 4505 incremen-

208 4541 364 4602 Pouamus
385 4539 469 4620 quod
491 4539 584 4603 bodie
600 4540 665 4602 duo
684 4539 830 4603 homiues
851 4560 915 4604 mo·
971 4553 1039 4606 tum
1069 4551 1174 4605 certus
1204 4549 1375 4624 exspectat,
1406 4541 1483 4603 dum
1513 4541 1718 4604 resuscitatus

160 4625 302 4710 riantui,
321 4644 455 4719 uterque
477 4645 605 4700 contum
630 4646 685 4700 aut
710 4638 798 4701 mille
820 4658 916 4701 auno·
970 4641 1205 4724 glorificabitur
1225 4643 1320 4704 etiam
1341 4659 1482 4723 corpore.
1501 4641 1657 4723 Oquanta
1672 4649 1720 4703 est

159 4755 252 4811 rum,
269 4753 403 4818 quorum
430 4756 513 4799 unus
536 4736 576 4799 ab
598 4736 733 4800 infantia
754 4757 855 4819 usque
878 4739 917 4801 ad
972 4739 1141 4802 excaeatio
1157 4748 1187 4802 et
1202 4739 1346 4812 stultitia,
1364 4739 1428 4803 imo
1447 4738 1535 4803 furor
1551 4747 1582 4801 et
1597 4739 1721 4802 insania

162 4835 320 4898 ultimum
344 4835 415 4898 vitae
440 4855 505 4898 suec
529 4836 651 4898 instans
677 4837 819 4900 inomni
847 4855 917 4919 pro·
973 4839 1181 4920 iniquorum!
1204 4839 1303 4911 Quam
1325 4838 1512 4920 insipientes
1529 4845 1721 4901 mercatores

161 4934 319 5017 speritate
343 4934 460 4997 vixerit
485 4935 664 5017 temporali,
690 4935 722 4997 in
748 4935 834 4998 omni
861 4953 916 4998 vo·
972 4946 1056 5011 sunt,
1076 4937 1131 5018 qui
1150 4937 1308 4999 carnalem
1329 4937 1584 5012 delectationem,
1601 4944 1721 5020 tempo·

163 5035 301 5114 luptate,
318 5031 483 5114 opulentia
502 5040 534 5095 et
551 5033 681 5107 bonore,
698 5033 777 5096 alter
792 5052 868 5096 vero
884 5035 916 5096 in
972 5035 1053 5098 rales
1083 5035 1221 5108 divitias,
1247 5035 1424 5097 mundanos
1452 5035 1599 5108 bonoreS,
1625 5045 1657 5099 et
1684 5055 1721 5098 ea

163 5131 258 5194 omni
280 5131 470 5194 adversitate
493 5137 524 5193 et
544 5131 736 5212 afflictione3
758 5140 790 5194 et
810 5141 916 5195 tamcu
933 5134 957 5195 b
972 5154 1043 5215 quat
1069 5134 1180 5196 illicite
1204 5141 1369 5215 appetunt,
1387 5141 1451 5195 tam
1479 5135 1616 5215 pretioso
1642 5153 1721 5194 mer-

165 5229 225 5292 ille
245 5230 287 5290 sit
302 5228 468 5310 reprobus,
487 5230 545 5292 iste
566 5229 686 5292 electus
704 5249 710 5292 :
728 5231 803 5312 quid
825 5232 918 5294 bodie
973 5241 1095 5306 cantur,
1123 5233 1199 5294 ditm
1231 5250 1288 5313 pro
1316 5231 1433 5293 talibus
1458 5239 1601 5314 tempore
1630 5231 1718 5292 brevi

167 5327 314 5412 proderit
344 5327 479 5408 reprobo
509 5327 556 5389 illi
581 5329 730 5392 universa
753 5348 810 5392 sua
833 5331 918 5412 (quaa
973 5331 1173 5406 durantibuS,
1200 5330 1435 5391 damnationem
1461 5349 1532 5412 quaa
1556 5347 1719 5411 nunquam
