4164 6258
457 378 519 444 att
685 397 832 446 nonnum
853 398 873 444 v
894 379 968 444 rosr
987 397 1181 446 mmnarru.
1202 417 1242 430 -
1263 400 1305 445 ao
1325 399 1521 463 ararorosos3
1543 399 1642 448 suano
1662 400 1791 458 ocurras

458 567 691 642 contendentis,
708 568 849 632 secundo
868 587 907 632 ex
927 568 1021 631 modo
1043 567 1203 651 loquendi.
1220 567 1245 631 A
1262 576 1310 632 ret
1324 577 1379 632 eut
1391 569 1525 652 justum,
1542 587 1605 635 non
1624 579 1673 635 est
1687 570 1830 653 perfecta
1849 571 1988 634 contentio

458 667 616 740 Quantum
640 667 679 728 ad
701 665 855 749 primum,
872 666 1138 729 considerandum
1159 673 1207 729 est
1262 686 1321 731 nec
1337 668 1469 732 mortale
1485 668 1835 752 peccatum.Sumcudo
1849 685 1919 750 ergo
1931 687 1988 732 eon·

457 766 590 849 anquis
611 766 738 829 resistat
754 765 879 830 veritati
902 785 943 828 an
964 766 1070 848 potius
1090 764 1207 828 falsita·
1261 767 1436 829 tentionem
1457 768 1633 830 secundum
1656 786 1747 830 suam
1770 765 1936 849 perfectam
1953 786 1989 829 ra·

457 865 498 944 ti3
515 873 670 947 quantum
686 865 724 927 ad
740 865 929 938 secundum,
943 865 1143 947 pensandum
1159 871 1208 926 est
1261 863 1382 927 tionem
1412 884 1475 947 qua
1504 872 1552 928 est
1582 865 1714 929 mortale
1745 871 1931 948 peceatum,
1946 865 1987 928 ills

456 982 497 1025 an
516 963 589 1026 talis
609 963 723 1027 modus
739 963 890 1045 loquendi
907 981 963 1026 seu
979 963 1205 1037 contrariandi,
1262 963 1425 1025 contendit
1445 963 1477 1025 in
1499 963 1621 1045 judicio
1642 964 1698 1046 qui
1716 962 1883 1026 veritatem
1905 963 1988 1046 impu-

457 1061 593 1144 negotiis
617 1070 649 1124 et
673 1062 819 1145 personis
843 1062 1020 1124 conveniat.
1040 1061 1207 1126 eontentio
1261 1067 1336 1141 guat
1349 1061 1491 1141 justitiae.
1509 1061 1554 1124 Ex
1572 1079 1636 1143 quo
1653 1067 1788 1134 constat,
1805 1079 1898 1143 quam
1916 1079 1988 1124 enor-

456 1160 563 1243 itaque
583 1179 654 1243 que
675 1168 724 1224 est
745 1160 944 1243 impugnatio
966 1160 1108 1224 veritatis
1132 1179 1206 1224 cum
1262 1158 1357 1221 miter
1385 1167 1520 1242 peccent
1548 1159 1689 1241 religiosi
1717 1160 1774 1242 qui
1808 1159 1841 1222 in
1870 1159 1988 1241 capitulo

457 1258 638 1322 inordinato
652 1259 746 1322 modo
761 1258 922 1340 loquendi,
930 1266 978 1321 est
992 1259 1123 1322 mortale
1138 1277 1209 1342 pec·
1261 1276 1351 1320 suam
1371 1257 1548 1321 defenduut
1564 1257 1722 1321 offensam
1743 1277 1800 1321 scu
1821 1257 1951 1340 culpam,
1964 1267 1988 1320 et

457 1365 574 1419 catum.
602 1356 719 1439 sicque
746 1357 864 1440 accipit
887 1375 958 1419 eam
982 1355 1171 1420 Ambrosius
1197 1376 1204 1421 :
1262 1375 1334 1418 cum
1355 1356 1546 1439 praesidente
1566 1357 1778 1435 contendunt3
1795 1375 1895 1438 quum
1910 1357 1988 1420 etiam

457 1454 635 1529 Contentio,
656 1454 816 1536 inquiens,
838 1461 886 1516 est
906 1453 1106 1537 impugnatio
1126 1455 1206 1517 veri·
1261 1463 1293 1517 et
1307 1455 1334 1516 si
1348 1473 1422 1517 vere
1438 1454 1624 1518 innocentes
1644 1455 1867 1529 consisterent,
1880 1472 1936 1516 non
1953 1456 1989 1517 ui·

456 1552 530 1614 tatis
546 1570 620 1614 cum
636 1552 833 1615 confidentia
847 1552 1006 1615 clamoris.
1023 1553 1119 1614 Porro
1133 1568 1206 1614 cou-
1262 1553 1288 1614 si
1308 1553 1451 1616 modeste
1469 1551 1625 1616 deberent
1639 1572 1673 1616 se
1690 1571 1857 1626 excusare,
1872 1553 1989 1616 scientes

456 1650 557 1712 tentio
577 1669 649 1732 quaa
670 1656 718 1713 cst
740 1649 939 1733 impugnatio
961 1649 1107 1712 falsitatis
1132 1669 1206 1712 cum
1261 1651 1345 1732 quod
1369 1651 1401 1713 in
1426 1650 1535 1713 multis
1558 1650 1754 1714 offendimus
1776 1667 1897 1714 omnes.
1998 1664 2044 1708 tara
2067 1671 2074 1708 a

456 1747 630 1811 acrimonia
653 1748 825 1823 moderata,
847 1756 895 1810 est
917 1748 1097 1811 laudabilis.
1118 1749 1245 1822 QuodB
1300 1748 1471 1823 Postremo,
1488 1747 1647 1812 discordia
1667 1755 1763 1831 atque
1786 1749 1988 1822 coutentium

455 1846 483 1909 si
509 1847 622 1910 modus
651 1847 833 1922 excedatur,
859 1847 920 1909 erit
943 1847 1068 1910 veniale
1098 1865 1207 1929 pecca·
1244 1854 1415 1928 ‚quantum
1431 1855 1507 1909 suut
1520 1847 1609 1922 vitia,
1626 1866 1664 1910 ex
1680 1847 1835 1930 superbia
1853 1855 1905 1910 aut
1918 1849 1988 1910 inani

455 1953 537 2020 tum,
558 1945 620 2008 nisi
644 1946 677 2008 in
701 1953 826 2008 tantum
851 1945 1023 2008 excedatur
1044 1946 1129 2028 quod
1150 1945 1204 2008 alii
1259 1945 1360 2027 gloria
1380 1946 1538 2020 oriuntur,
1554 1946 1631 2009 dum
1652 1945 1726 2028 quis
1747 1947 1880 2030 proprio
1899 1945 1989 2010 sensui

456 2044 596 2126 graviter
611 2045 873 2108 scandalizentur.
881 2045 1012 2127 Propter
1025 2045 1110 2126 quod
1125 2044 1206 2107 dixit
1259 2051 1315 2106 aut
1332 2042 1488 2107 voluntati
1507 2043 1715 2108 immoderate
1736 2043 1896 2118 innititur,
1911 2045 1989 2127 perti-

457 2142 627 2226 Apostolus
645 2162 652 2207 :
668 2142 739 2206 Noli
753 2142 861 2206 verbis
877 2143 1084 2222 contendere3
1101 2141 1140 2204 ed
1160 2142 1206 2204 ni·
1260 2142 1444 2222 naciterque
1468 2141 1617 2204 adbaeret.
1640 2141 1721 2204 ilinc
1746 2141 1832 2204 inter
1854 2142 1989 2224 superbos
2007 2156 2045 2197 rm
2056 2170 2069 2194 :-

339 2255 345 2267 ·
458 2240 503 2303 hil
527 2241 614 2303 enim
637 2240 715 2303 utile
737 2248 795 2315 est,
816 2241 879 2303 nisi
901 2240 940 2303 ad
961 2240 1203 2303 subversionem
1259 2246 1291 2301 et
1310 2238 1496 2302 ambitiosos
1520 2258 1647 2322 semper
1668 2247 1745 2303 sunt
1763 2240 1872 2322 jurgia
1891 2249 1920 2303 et
1939 2223 2022 2302 fre-¹⁰·

456 2338 667 2402 audientium.
685 2338 851 2402 Contentio
870 2345 976 2402 autem
992 2357 1062 2421 quaa
1078 2346 1205 2401 nonest
1258 2345 1392 2420 quantes
1422 2338 1607 2417 discordiae3
1637 2338 1720 2402 inter
1749 2338 1892 2403 humiles
1918 2357 1988 2412 vero.

456 2455 530 2500 cum
547 2437 723 2500 intentione
739 2437 948 2520 impugnandi
961 2437 1203 2512 veritatem,sed
1259 2443 1441 2500 mansuetos
1469 2443 1501 2500 et
1529 2436 1710 2501 caritativos
1739 2437 1904 2500 invenitur
1929 2455 1990 2500 con·

454 2535 610 2618 qusquis
630 2535 772 2600 defendit
792 2535 876 2617 quod
896 2535 958 2598 sibi
977 2553 1090 2598 verum
1110 2553 1204 2618 appa·
1258 2535 1375 2598 cordia.

984 2965 1176 3056 suedo
1215 2965 1469 3068 QUINTUS

587 3231 627 3277 llll
647 3229 799 3278 castrare
820 3229 857 3275 tat
878 3227 1087 3277 courassmrte
1108 3230 1281 3287 maranus,
1302 3229 1443 3285 Atttsotttt
1463 3229 1640 3276 vmrurmus
1660 3228 1728 3286 QUAE
1748 3231 1875 3276 ΠΔΧΠΕ

1059 3327 1249 3376 embolum
1269 3327 1396 3375 DECRNT.

519 3609 674 3670 Sf'Of'lt'
704 3608 943 3685 compatientes,
976 3606 1203 3683 fraternitatis
1218 3605 1240 3669 C
1256 3605 1305 3669 lus
1329 3606 1472 3669 bortatur
1497 3626 1504 3672 :
1530 3606 1745 3672 Consolamini
1767 3607 1989 3688 pusillanimes,
2009 3623 2072 3666 tum

538 3714 711 3774 amatores,
740 3705 978 3774 misericordes,
1008 3705 1145 3764 motiestt'
1172 3712 1201 3764 et
1255 3704 1407 3787 suscipite
1423 3703 1581 3780 infirmae,
1594 3706 1750 3788 patientes
1765 3706 1990 3769 estoteadom·
2001 3690 2023 3730 'l

452 3805 603 3865 tramites.
620 3805 631 3866 l
652 3804 731 3867 Petr.
750 3821 795 3878 ur,
811 3803 842 3865 8.
1255 3820 1321 3864 nes.
1338 3803 1372 3864 ln
1389 3801 1611 3866 Ecclesiastico
1626 3819 1754 3885 quoque
1769 3803 1989 3868 docetur:Non
2009 3819 2038 3864 sa

492 3902 648 3976 Quoniam
670 3902 779 3964 divina
803 3902 872 3983 lege
897 3901 1130 3964 invariabiliter
1153 3907 1201 3963 est
1254 3899 1339 3962 desis
1360 3898 1559 3982 plorantibus
1582 3899 1615 3962 in
1637 3901 1857 3965 consolatione
1864 3921 1873 3982 ;
1890 3911 1921 3966 et
1937 3919 1989 3964 uon
2001 3887 2045 3926 Ν

450 4001 610 4065 sancitum
630 4009 667 4064 ut
685 4000 769 4063 sicut
789 4019 822 4064 se
842 3999 939 4062 babet
959 4000 1054 4062 bomo
1073 4000 1111 4062 ad
1131 4017 1202 4082 pro
1253 4004 1285 4060 te
1300 3997 1406 4080 pigeat
1420 3998 1549 4060 visitare
1569 3998 1746 4061 infirmum.
1763 3999 1877 4082 ltaque
1891 4000 1990 4062 fratres

451 4101 554 4166 ximos
577 4119 662 4176 suos,
680 4101 722 4164 ita
741 4119 775 4164 se
795 4101 879 4164 Deus
898 4100 938 4162 ad
960 4099 1125 4162 bominem
1146 4099 1199 4161 ha·
1254 4103 1377 4159 nostros
1402 4095 1609 4178 corporaliter
1637 4096 1889 4178 spiritualiterve
1913 4097 1990 4158 infir-

450 4199 534 4276 beat,
551 4201 626 4263 binc
650 4198 911 4281 frequentissima
932 4216 969 4261 aa
990 4197 1199 4260 seriosissime
1254 4212 1322 4257 mos
1347 4194 1399 4277 pie
1422 4201 1455 4256 ct
1479 4193 1678 4276 compassive
1708 4202 1896 4277 portemus3
1919 4193 1989 4258 etsi

450 4317 540 4362 sacra
568 4299 713 4362 bortatur
742 4296 916 4380 Scriptura,
942 4303 978 4358 ut
1006 4295 1106 4358 simus
1135 4313 1198 4358 non
1253 4291 1437 4375 quempiam
1456 4299 1612 4355 tentatum
1631 4299 1687 4354 aut
1704 4292 1940 4358 discordantem
1954 4293 1991 4354 vi·

451 4396 553 4460 solum
570 4398 634 4460 [leo
649 4396 755 4459 devoti
773 4413 810 4457 aa
824 4394 956 4470 subditi,
973 4395 1028 4458 sed
1044 4393 1198 4478 proximis
1252 4391 1405 4466 derimus,
1427 4391 1466 4454 ad
1490 4391 1561 4472 ejus
1585 4391 1766 4455 relevamen
1789 4411 1829 4454 ac
1854 4393 1990 4476 pacifica·
2078 4469 2079 4472 Ἴ

450 4513 579 4578 quoque
598 4493 765 4568 caritativi,
782 4493 829 4576 pii
849 4500 881 4556 et
900 4492 1135 4556 subvenientes.
1152 4493 1199 4555 ld·
1251 4490 1372 4552 tionem
1391 4487 1531 4552 fideliter
1553 4487 1743 4564 laboremus,
1759 4489 1864 4553 Deum
1884 4489 1990 4554 orando
2078 4477 2079 4534 l

450 4592 537 4655 circo
552 4592 585 4654 in
600 4591 767 4675 praesentis
786 4591 956 4654 dominicae
971 4590 1115 4673 epistola,
1132 4590 1198 4672 glo·
1252 4595 1283 4650 et
1300 4587 1407 4671 ipsum
1423 4587 1588 4664 hortando,
1604 4605 1661 4650 seu
1682 4587 1746 4651 alio
1763 4589 1870 4653 modo.
1887 4590 1989 4653 Contra

449 4689 646 4753 riosissimus
661 4690 807 4773 princeps
819 4688 1041 4771 Apostolorum
1057 4689 1198 4751 bortatur
1252 4685 1320 4748 baec
1339 4692 1437 4767 agunt
1459 4684 1589 4768 quidam
1613 4702 1744 4767 prorsus
1763 4686 1877 4768 pusilli
1898 4705 1933 4748 aa
1949 4685 1988 4746 ni·

450 4806 508 4852 uos
524 4789 629 4872 primo
643 4797 679 4850 ut
693 4788 794 4850 simus
811 4789 1110 4870 «compatientes».
1127 4787 1198 4850 Om-
1212 4783 1236 4845 D
1252 4784 1353 4846 mium
1377 4782 1568 4867 imperfecti,
1584 4783 1640 4865 qui
1662 4801 1763 4866 quum
1789 4783 1989 4866 personaliter

450 4887 547 4950 nibus
562 4905 636 4968 ergo
652 4884 795 4959 afflictis,
806 4885 945 4960 tentatis,
957 4885 1092 4969 captivis
1107 4893 1139 4949 et
1154 4885 1196 4948 la·
1251 4881 1376 4946 onerosi
1400 4881 1464 4944 sint
1487 4890 1520 4944 et
1542 4881 1659 4966 portari
1685 4883 1861 4964 indigeant,
1884 4883 1987 4966 pieque

451 4984 517 5067 psis
537 4983 590 5066 pie
605 4983 842 5058 condoleamus,
860 4984 997 5046 maxime
1016 4984 1048 5047 in
1067 4992 1197 5067 peecata
1249 4983 1435 5055 tolerentur,
1461 4981 1540 5043 alios
1568 4988 1675 5044 tamen
1705 4989 1833 5063 portare
1858 5000 1922 5045 non
1944 4998 1987 5042 ro

450 5082 610 5165 collapsis,
627 5100 729 5164 quum
752 5082 871 5145 malum
891 5082 994 5165 eulpae
1016 5082 1057 5144 sit
1076 5083 1196 5146 incom-
1250 5082 1319 5144 lunt
1337 5097 1344 5142 :
1362 5080 1426 5144 imo
1446 5079 1473 5141 si
1492 5079 1570 5161 quid
1588 5079 1695 5159 gretie
1713 5079 1810 5142 alicui
1834 5079 1987 5163 impenda-
2077 5113 2078 5116 =

448 5181 633 5266 parabiliter
647 5181 788 5244 deterius
806 5180 890 5243 malo
905 5198 1016 5263 poeuae.
1034 5181 1107 5244 ldeo
1121 5182 1196 5245 Pau·
1248 5190 1307 5255 tur,
1314 5187 1368 5242 aut
1381 5178 1559 5253 sufferatur,
1567 5195 1623 5240 scu
1634 5177 1738 5241 omnia
1751 5178 1854 5241 instar
1866 5179 1987 5242 aliorum
