4154 6258
437 457 498 523 tta
650 478 800 527 oommm
819 478 875 526 xm
895 478 969 526 rosr
988 478 1181 526 rmmrxrau.
1202 497 1241 510 -
1261 479 1304 526 an
1322 479 1496 528 annrarosos
1507 480 1517 545 ;
1539 479 1638 527 sanxo
1657 477 1781 536 oumros

978 895 1169 983 SEBMO
1205 894 1458 997 QUINTUS

620 1163 661 1209 ult
681 1163 784 1210 rututs
806 1163 843 1208 ut·
864 1161 1094 1208 rutuclrautuus
1114 1161 1201 1208 uuuls
1222 1161 1336 1208 BlVlNAE
1357 1160 1539 1219 PBAEGBPTIS,
1558 1160 1596 1206 ΕΤ
1617 1160 1676 1216 QUO
1697 1157 1803 1205 subulo

1067 1261 1190 1308 turnum
1211 1259 1361 1308 bubum.

506 1545 620 1606 EATI
634 1544 721 1603 oculi
739 1542 925 1621 quivident
945 1561 1017 1621 quae
1034 1561 1087 1601 voa
1101 1541 1188 1600 vide·
1203 1539 1229 1603 A
1244 1559 1330 1615 eum,
1346 1547 1379 1602 et
1398 1537 1630 1602 crucifixerunt
1650 1537 1819 1601 Dominum
1838 1538 1949 1619 majesta·

522 1642 573 1702 tis.
591 1641 666 1703 Luc.
684 1659 714 1714 x,
731 1638 781 1702 23.

481 1739 625 1802 Christus
645 1738 800 1801 Dominus
821 1737 892 1801 fons
913 1737 996 1812 vitae,
1013 1736 1046 1799 in
1066 1737 1188 1801 visione

440 1839 577 1922 quadam
602 1837 833 1901 beatitudinem
857 1836 997 1898 hominis
1022 1836 1122 1918 ponit,
1143 1835 1189 1897 di-

292 1950 426 2000 Joannavn.
441 1937 542 2000 condo
555 1955 562 1999 :
574 1937 646 2000 llaec
661 1944 709 1999 est
724 1935 789 1999 vita
804 1943 931 2009 aterna,
949 1941 984 1996 ut
999 1941 1190 2015 cognoscant

294 2018 313 2057 3.

440 2043 472 2098 te
491 2053 604 2096 verum
624 2035 735 2096 Deum.
753 2034 861 2114 ltaque
882 2033 913 2095 in
934 2032 1057 2096 visione
1080 2051 1189 2114 super·

441 2132 636 2212 dignissimae
661 2131 823 2194 Trinitatis
849 2131 939 2192 clara
961 2149 1019 2212 per
1047 2130 1188 2212 speciem

441 2238 548 2294 nostra
573 2230 719 2293 consistit
742 2229 888 2293 felicitas.
915 2229 979 2291 Nec
1004 2229 1107 2291 solum
1137 2248 1190 2311 ap-

441 2329 540 2410 pellat
555 2327 662 2390 beatos
678 2345 732 2390 eos
752 2328 807 2409 qui
823 2328 922 2390 Deum
939 2328 983 2390 ita
997 2326 1117 2401 vident,
1134 2328 1189 2390 sed

441 2443 495 2489 eos
519 2443 647 2508 quoque
667 2425 722 2507 qui
742 2425 781 2487 ad
801 2424 872 2505 ejus
891 2423 1074 2487 beatificam
1094 2424 1188 2488 visio-

1243 1639 1284 1700 tis
1302 1657 1309 1701 :
1327 1638 1373 1700 sie
1392 1637 1513 1700 invidia
1531 1643 1672 1699 mentem
1691 1645 1833 1711 excecat,
1851 1637 1889 1700 sic
1905 1657 1951 1700 na·

1244 1737 1313 1800 litia
1326 1755 1397 1799 eam
1418 1733 1584 1798 subvertit.
1601 1735 1690 1808 Quod
1710 1734 1814 1816 itaque
1826 1734 1893 1797 dixit
1904 1735 1950 1798 Sal-

1244 1842 1344 1910 vator,
1366 1857 1383 1894 «
1398 1833 1485 1896 Beati
1510 1832 1595 1896 oculi
1621 1833 1677 1915 qui
1701 1832 1811 1895 vident
1829 1851 1888 1915 qua
1910 1850 1951 1895 vos

1244 1933 1360 1995 videtis
1376 1955 1405 2007 v,
1422 1932 1461 1993 de
1476 1927 1682 1994 interioribus
1701 1930 1803 1994 oculis
1820 1931 1854 1992 ad
1869 1947 1951 2012 corpo

1244 2031 1326 2094 rales
1350 2029 1460 2094 oculos
1485 2027 1626 2103 reflexis,
1646 2027 1843 2110 fideliterque
1864 2027 1951 2091 intelli·

1244 2128 1393 2211 gentibus
1418 2127 1559 2191 exterius
1581 2127 1649 2190 visa
1672 2135 1705 2189 et
1728 2125 1839 2201 audita,
1853 2126 1901 2188 rite
1916 2145 1951 2188 ar-

1244 2228 1372 2309 cipitur.

1283 2325 1347 2388 Nec
1363 2325 1466 2388 solum
1483 2322 1530 2386 illi
1545 2323 1641 2399 beati,
1652 2323 1729 2406 quia
1743 2324 1783 2386 de
1797 2322 1877 2386 nobis
1889 2320 1953 2385 Chri-

1245 2431 1312 2486 stus
1332 2423 1485 2486 disseruit
1503 2422 1612 2487 :Beati
1633 2422 1689 2504 qui
1710 2439 1777 2486 nou
1794 2421 1918 2486 viderunt
1929 2427 1951 2482 et
1960 2435 2031 2532 ἐμω,

294 2541 426 2592 uarias.
441 2543 515 2588 nem
532 2531 607 2586 sunt
621 2523 765 2606 dispositi
778 2523 1190 2604 :Beati(inquiens)mundo
1245 2522 1459 2586 crediderunt.
1489 2521 1633 2602 Denique
1661 2521 1765 2602 magis
1791 2519 1950 2583 meritorium
1959 2528 1973 2539 ··

441 2623 547 2697 corde,
563 2622 715 2704 quoniam
741 2621 802 2704 ipsi
823 2622 923 2684 Deum
943 2621 1107 2684 videbunt.
1125 2620 1189 2683 Nec

1244 2628 1292 2683 est
1314 2619 1476 2684 Christum
1502 2618 1534 2681 in
1559 2619 1765 2682 Sacramenta
1787 2617 1881 2681 altaris
1895 2615 1952 2677 fide

441 2721 474 2782 hi
495 2707 660 2783 dumtaxat
680 2720 764 2783 beati
780 2726 943 2792 vocantur,
961 2719 1016 2801 qui
1036 2719 1074 2781 ad
1096 2719 1187 2780 istam
1203 2722 1226 2785 B
1244 2719 1329 2781 libus
1353 2718 1454 2782 oculis
1480 2717 1608 2792 intueri,
1629 2736 1727 2799 quarn
1743 2717 1805 2779 fuit
1824 2735 1886 2778 eum
1905 2731 1953 2774 cor·

440 2818 671 2881 beatitudinem
694 2826 769 2881 sunt
790 2817 936 2900 dispositi
959 2817 1025 2897 jam
1049 2816 1082 2878 iu
1103 2823 1187 2891 actu,

441 2918 496 2980 sed
512 2935 623 2980 omnes
638 2935 766 3000 quoque
782 2916 837 2999 qui
857 2916 896 2977 ad
912 2934 982 2977 eam
998 2915 1189 2978 eternaliter

440 3023 516 3078 sunt
535 3014 638 3077 electi.
715 3087 719 3094 Ι

468 3114 574 3177 Porro
594 3114 681 3176 utin
702 3111 866 3193 evangelio
887 3111 1002 3193 legitur
1022 3110 1186 3185 hodierno,

304 3230 425 3280 aaran
441 3211 584 3274 Christus
600 3211 666 3274 suis
681 3211 762 3274 dixit
774 3209 942 3292 discipulis
954 3229 961 3273 :
975 3209 1087 3271 «Beati
1103 3209 1188 3271 oculi

440 3310 496 3391 qui
521 3311 631 3372 vident
651 3329 721 3392 quae
746 3327 803 3373 vos
822 3308 938 3372 videtis
953 3329 980 3369 a.
1007 3309 1078 3370 Fuit
1101 3309 1188 3369 enirn

440 3409 532 3472 valde
556 3408 767 3472 desiderabile
796 3426 833 3470 ac
862 3405 991 3470 beatum
1017 3406 1125 3469 videre
1149 3406 1188 3467 ad

440 3507 571 3571 oculum
586 3506 792 3587 Unigenitum
807 3506 875 3580 Dei,
892 3524 1004 3568 verum
1020 3505 1120 3568 Deum
1136 3523 1188 3566 ve-

442 3606 556 3668 raciter
577 3606 787 3678 incarnatum,
804 3613 914 3686 utpote
929 3604 963 3665 in
981 3605 1101 3666 unitate
1120 3623 1189 3685 pcr-

441 3722 527 3767 souae
550 3705 651 3765 Bcum
677 3711 708 3765 et
733 3703 908 3776 hominem,
937 3702 1019 3764 inter
1042 3701 1188 3764 homiues

441 3808 694 3874 conversantem,
720 3801 946 3881 praedicantem
976 3807 1070 3880 atque
1095 3801 1188 3862 mira-

1243 2816 1407 2900 poralibus
1441 2815 1543 2880 oeulis
1578 2815 1747 2898 speculari.
1782 2815 1952 2894 Hieronymus

1243 2933 1370 2998 quoque
1391 2920 1534 2987 testatur,
1551 2913 1638 2977 Nihil
1657 2913 1786 2976 felicius
1802 2911 1951 2980 Christiano,

1244 3013 1295 3076 rui
1320 3031 1417 3094 regna
1440 3011 1671 3094 promittuntur
1695 3013 1845 3074 coelorum
1865 3029 1871 3072 :
1892 3005 1953 3089 quod

1244 3114 1282 3175 de
1307 3111 1494 3174 Christianis
1523 3111 1588 3173 illis
1612 3109 1801 3173 verificatur
1822 3107 1871 3191 qui
1891 3113 1953 3166 tanto

1243 3209 1374 3274 nomine
1394 3216 1568 3292 operantur
1589 3209 1757 3290 condigna.

1284 3309 1323 3371 Ut
1338 3327 1413 3389 ergo
1429 3315 1461 3370 et
1475 3325 1533 3371 uos
1548 3307 1649 3370 simus
1665 3306 1763 3381 beati,
1780 3304 1921 3370 videamus
1932 3309 1954 3362 et

1244 3406 1500 3488 contemplemur
1524 3405 1617 3468 oculo
1641 3404 1720 3467 fidei
1746 3405 1898 3474 illustrato,
1914 3397 1954 3460 uei

1243 3506 1360 3568 Filium
1376 3505 1627 3578 incarnatum‚et
1642 3503 1828 3567 uuiversum
1842 3519 1895 3564 sna
1907 3516 1954 3560 sau·

1244 3605 1394 3667 ctissimae
1410 3603 1659 3667 conversationis
1675 3603 1808 3666 modum
1824 3603 1853 3663 in
1868 3597 1955 3662 seculo

1244 3703 1315 3777 isto,
1333 3703 1523 3765 documenta
1545 3709 1577 3763 et
1600 3701 1756 3764 miracula
1776 3700 1851 3782 ejus,
1865 3705 1893 3760 et
1907 3713 1954 3758 ou·

1244 3801 1297 3863 nia
1317 3819 1387 3884 quae
1410 3818 1468 3883 pro
1491 3806 1598 3863 nostra
1619 3799 1684 3880 egit
1706 3798 1906 3878 sustinuitque
1922 3813 1955 3855 sa·

441 3899 514 3962 cula
535 3897 781 3960 innumerabilia
800 3916 837 3958 ac
855 3896 1097 3979 praeclarissima
1116 3914 1188 3979 ope·
1208 3899 1320 3962 Glute.
1337 3898 1458 3971 Nonne,
1476 3915 1578 3980 quum
1593 3897 1747 3960 Dominus
1768 3902 1848 3960 esset
1860 3891 1956 3956 univer·

441 4005 575 4060 rantem.
600 3995 651 4058 Sir
675 3995 752 4057 olim
777 3995 886 4076 regina
909 3994 990 4057 Saba
1013 3995 1188 4059 Salomonis

303 4094 631 4178 rrrn29.1,sapientiam
649 4093 821 4166 admirans
838 4093 974 4155 asseruit
989 4111 996 4157 :
1012 4093 1098 4156 Beati
1115 4094 1187 4168 viri,

294 4181 314 4220 8.

440 4201 472 4258 et
496 4192 580 4256 beati
605 4191 689 4255 servi
711 4191 767 4265 tui,
785 4191 840 4273 qui
861 4191 914 4253 hic
937 4191 1062 4254 adstant
1081 4209 1186 4254 coram

440 4300 470 4356 te
495 4310 632 4374 semper,
659 4297 690 4353 et
714 4287 849 4352 audiunt
873 4288 1063 4371 sapientiam
1087 4297 1185 4352 tuam.

439 4393 561 4466 Quanto
577 4391 677 4471 magis
693 4390 778 4452 beati
791 4389 933 4471 Apostoli
950 4390 1112 4471 ceterique
1128 4389 1190 4453 Sal·

440 4492 557 4553 vatoris
579 4488 742 4571 discipuli,
763 4487 819 4570 qui
842 4487 872 4549 ei
894 4487 1037 4568 quotidie
1061 4487 1188 4550 adstite-

441 4595 525 4661 runt,
542 4587 613 4667 ejus
633 4585 822 4668 sapientiam
844 4587 1024 4660 audierunt,
1042 4586 1112 4667 ejus
1131 4588 1188 4648 mi-

440 4685 553 4749 rabilia
567 4683 1112 4765 contemplabanturVerumtamen
1127 4703 1189 4749 uon

441 4803 552 4849 omnes
572 4790 661 4845 erant
680 4783 766 4845 beati
786 4783 842 4865 qui
863 4783 1024 4846 Christum
1043 4801 1188 4866 corpora-

360 4903 364 4912 ’
441 4884 514 4946 liter
528 4889 762 4963 conspexerunt
777 4890 809 4944 et
823 4881 1001 4944 audieruut.
1018 4882 1098 4945 Nam
1119 4884 1188 4965 qui-

305 5002 425 5052 nam,
440 4985 514 5046 dam
533 4999 643 5044 eorum
663 4979 811 5042 abierunt
831 4987 1016 5055 retrorsum,
1033 4988 1065 5044 et
1084 4982 1187 5044 infeli-

293 5069 326 5108 bl.

1244 4015 1363 4071 sorum,
1378 3996 1450 4059 fons
1474 3995 1619 4058 omnium
1643 3995 1828 4058 divitiarum
1848 4001 1876 4056 ct
1895 3993 1956 4053 Deus

1244 4095 1420 4178 majestatis
1442 4095 1617 4168 immensae,
1635 4103 1672 4156 ut
1693 4094 1781 4157 viam
1802 4091 1900 4156 salutis
1917 4105 1956 4150 no

1244 4195 1294 4257 bis
1318 4193 1552 4276 perfectissime
1574 4195 1814 4268 demonstraret,
1834 4209 1890 4254 non
1907 4205 1956 4249 var·

1244 4294 1294 4357 bis
1318 4295 1491 4368 dumtaxat,
1518 4293 1689 4356 sedetiam
1712 4293 1815 4367 factis,
1839 4285 1957 4369 ologitin

1243 4391 1360 4456 saeculo
1383 4391 1444 4454 isto
1463 4391 1562 4454 vitam
1587 4407 1717 4472 prorsus
1742 4388 1956 4473 pauperrimam

1243 4489 1341 4552 vitam
1365 4489 1585 4571 asperrimam,
1606 4487 1885 4570 persecutionibus,
1898 4479 1958 4544 dari·

1243 4587 1399 4662 sionibus,
1420 4586 1601 4670 opprobriis
1629 4587 1784 4669 plenaml
1808 4587 1844 4648 Et
1863 4589 1957 4666 postre-

1244 4704 1306 4761 mo,
1328 4687 1377 4749 sui
1402 4686 1627 4769 pretiosissimi
1644 4686 1806 4768 sanguinis
1829 4680 1958 4746 effusione

1243 4788 1466 4868 redempturus
1491 4803 1592 4866 genus
1618 4784 1805 4858 humanum,
1829 4799 1886 4845 non
1906 4777 1958 4839 hrc-

1242 4904 1316 4948 vem
1344 4892 1399 4947 aut
1428 4884 1543 4958 lovem,
1576 4883 1632 4946 scd
1663 4883 1789 4964 longam
1820 4877 1914 4950 nimis,
1937 4881 1958 4934 at

1242 5002 1318 5046 vere
1337 4982 1578 5046 acerbissimam
1596 5001 1633 5044 ac
1654 4977 1957 5063 ignominiosissimam

441 5081 589 5145 cissimus
603 5079 698 5141 Judas
714 5098 796 5140 unus
812 5078 874 5141 fuit
889 5080 1188 5163 eorumAliquibus
1204 5084 1228 5146 D
1243 5083 1340 5164 elegit
1369 5082 1492 5164 perpeti
1522 5087 1658 5144 mortem
1677 5097 1684 5159 ;
1715 5088 1806 5163 atque
1837 5077 1867 5140 in
1891 5067 1958 5136 onui

300 5199 425 5258 staats.
442 5181 539 5246 etiam
558 5177 663 5261 gravis
683 5176 805 5240 exstitit
824 5177 863 5239 ad
880 5177 1065 5253 videndum,
1082 5181 1136 5261 qui
1157 5190 1189 5243 et
1243 5182 1494 5256 couversatione,
1525 5179 1751 5264 predicatione
1780 5185 1809 5241 et
1838 5172 1958 5260 passione

442 5279 571 5342 tandem
603 5295 716 5340 manus
746 5275 915 5357 sacrilegas
947 5275 1126 5358 injecerunt
1155 5279 1187 5342 in

1243 5300 1301 5345 sua
1323 5279 1470 5344 exhibuit
1488 5288 1520 5342 et
1541 5278 1688 5361 implevit
1707 5272 1958 5361 profundissimam
