4288 6264
573 826 665 949 IN
711 825 852 950 DIE
904 822 1222 948 SANCTO
1273 821 1853 948 PENTECOSTES

856 1496 1161 1583 ENARRATIO
1194 1497 1248 1582 IN
1282 1496 1574 1582 EPISTOLAM

728 1764 792 1810 auu
812 1761 1050 1810 courruaumua
1070 1762 1138 1808 oras
1160 1762 1378 1820 rauracosrss,
1399 1763 1463 1809 arc.
1481 1745 1549 1809 Act.
1566 1763 1599 1819 u,
1617 1745 1697 1808 t-lt.

509 2043 583 2107 PUl)
597 2043 775 2116 Judaeos,in
791 2043 891 2105 veteri
907 2043 1117 2116 Testamento,
1128 2042 1227 2105 luith
1244 2042 1276 2103 in
1300 2060 1364 2124 quo
1389 2042 1506 2105 missus
1529 2050 1576 2104 est
1600 2042 1737 2125 Spiritus
1761 2043 1905 2118 SanctuS,
1929 2041 1985 2104 tuit

524 2142 682 2225 paschalis
706 2141 890 2216 solennitas,
913 2141 1061 2203 similiter
1085 2142 1187 2204 solen·
1242 2149 1373 2223 quartus
1396 2141 1446 2204 vel
1468 2141 1581 2203 tertius
1602 2142 1670 2204 dies
1692 2141 1891 2204 solennitatis
1912 2143 1984 2204 Pen-

438 2241 520 2304 nitas
543 2242 753 2314 Pentecostes,
775 2240 858 2302 sicut
882 2258 967 2302 nunc
991 2241 1075 2321 apud
1100 2240 1189 2302 Chri·
1241 2245 1388 2312 tecostes,
1403 2237 1493 2318 juxta
1508 2239 1605 2301 ritum
1621 2247 1654 2301 et
1667 2247 1854 2322 computum
1868 2240 1985 2303 ludaeo-

437 2340 556 2402 stianos
574 2345 821 2402 :verumtamen
840 2355 903 2400 non
922 2338 1042 2400 eisdem
1060 2337 1185 2412 diebus,
1242 2355 1324 2410 rum,
1341 2355 1477 2418 quorum
1497 2345 1529 2398 et
1545 2338 1703 2419 paschalis
1722 2336 1891 2414 festivitas,
1907 2337 1985 2399 hanc

436 2457 496 2502 nec
512 2439 616 2501 causis
632 2437 762 2500 eisdem.
781 2437 945 2519 Siquidem
965 2438 1049 2520 apud
1063 2438 1187 2500 ludaeos
1241 2436 1433 2516 praecedens,
1451 2443 1590 2517 coeperat
1605 2434 1685 2497 feria
1699 2436 1811 2518 quinta
1825 2437 1865 2499 de
1880 2455 1986 2518 vespe-

436 2536 594 2618 paschalis
624 2535 796 2598 solennitas
826 2535 923 2616 coepit
946 2553 1079 2616 vespere
1107 2533 1187 2597 feria
1241 2552 1284 2595 re.
1302 2533 1362 2596 Sed
1379 2533 1471 2613 juxta
1487 2535 1584 2596 ritum
1600 2542 1632 2596 et
1646 2535 1917 2616 computationem
1934 2535 1986 2596 Ec-

435 2635 558 2717 quinta,
589 2634 665 2697 luna
693 2633 946 2716 quartadecima3
977 2640 1008 2694 et
1036 2633 1187 2714 agebatur
1240 2631 1355 2706 clesiae,
1381 2639 1412 2694 et
1436 2641 1530 2714 prout
1555 2633 1587 2696 in
1617 2633 1800 2714 evangelica
1828 2633 1898 2715 lege
1920 2633 1985 2696 hac

434 2733 468 2796 in
483 2732 816 2797 commemorationem
832 2731 1029 2794 liberationis
1044 2730 1187 2794 liliorum
1240 2730 1426 2793 observatur
1446 2731 1629 2806 solennitas,
1647 2733 1763 2796 missus
1783 2740 1832 2795 est
1850 2733 1985 2815 SpIritus

435 2831 531 2894 lsrael
552 2831 593 2893 ah
606 2833 752 2914 AEgypto,
768 2831 829 2893 hoc
848 2837 896 2892 cst
910 2849 929 2892 a
945 2829 1097 2892 servitute
1112 2831 1186 2892 Pha·
1240 2829 1373 2891 Sanctus
1394 2829 1498 2911 prima
1519 2830 1570 2893 die
1592 2830 1705 2913 ipsius,
1725 2831 1876 2894 videlicet
1895 2831 1985 2914 quin·

434 2929 540 2992 raonis
563 2930 646 3011 regis
667 2929 803 3013 AEgypti.
822 2929 941 2992 Deinde
963 2928 1185 3010 quinquagesi-
1240 2928 1424 3009 quagesimo
1440 2928 1491 2991 die
1506 2947 1524 2990 a
1539 2929 1655 2992 Christi
1670 2929 1910 2993 resurrectione.
1920 2930 1987 2993 Por·

434 3045 486 3090 mo
510 3027 562 3090 die
586 3047 605 3091 a
628 3028 679 3090 die
703 3026 844 3110 praefata,
868 3027 931 3089 luit
954 3028 1038 3109 apud
1061 3027 1185 3090 ludaeos
1240 3042 1275 3087 ro
1304 3026 1487 3088 Pentecoste
1517 3026 1635 3088 dicitur
1661 3046 1680 3088 a
1707 3031 1803 3100 πέντε,
1828 3028 1913 3110 quod
1939 3034 1985 3090 est

433 3126 606 3190 solennitas
627 3127 838 3201 Pentecostes,
855 3125 888 3189 in
910 3125 1184 3189 commemoratio·
1240 3122 1393 3205 quinque,
1410 3133 1442 3186 et
1462 3131 1561 3206 κοστή,
1579 3126 1662 3207 quod
1685 3133 1734 3188 est
1756 3127 1878 3202 decem,
1894 3126 1985 3209 quasi

432 3243 507 3286 nem
522 3224 658 3288 dationis
672 3244 709 3288 ac
724 3225 936 3307 susceptionis
952 3224 1030 3305 legis
1046 3225 1183 3306 antiquas
1202 3221 1225 3284 B
1240 3221 1411 3303 quinquies
1437 3223 1559 3296 decem,
1585 3243 1656 3305 quae
1685 3223 1807 3286 iaciunt
1829 3224 1986 3306 quinqua-

431 3342 450 3384 a
470 3323 534 3385 lieo
554 3342 611 3406 per
629 3323 756 3406 Moysen
780 3323 813 3384 in
833 3332 941 3386 monte
962 3322 1058 3385 Sinai.
1076 3323 1181 3397 Porro,
1238 3319 1334 3399 ginta.
1353 3324 1461 3382 Erant
1478 3341 1586 3381 omnes
1603 3324 1771 3399 disczpuli,
1787 3321 1819 3384 id
1839 3331 1888 3384 est
1906 3322 1987 3404 Apo-

432 3420 517 3501 apud
533 3420 726 3483 Christianos
747 3439 874 3502 semper
888 3421 939 3482 die
957 3420 1118 3483 dominica
1134 3440 1183 3483 ce·
1238 3417 1310 3480 stoli
1327 3419 1425 3481 etalii
1443 3419 1534 3481 multi
1550 3419 1700 3502 discipuli
1715 3420 1842 3495 Christi,
1853 3425 1987 3498 pariter

432 3516 574 3580 lebratur
598 3516 755 3599 paschalis
781 3516 965 3591 solennitas,
987 3518 1018 3579 in
1044 3536 1183 3581 comme·
1239 3520 1400 3578 incoctam
1429 3523 1505 3590 loco,
1527 3519 1676 3582 videlicet
1700 3520 1732 3582 in
1755 3521 1931 3596 coenaculo,
1954 3522 1985 3583 in

433 3615 655 3689 morationem,
688 3616 721 3677 in
751 3616 905 3678 honorem
940 3616 1182 3680 resurrectionis
1238 3635 1301 3697 quo
1322 3616 1464 3680 Christus
1485 3636 1558 3679 cum
1578 3618 1737 3700 Apostolis
1757 3619 1886 3682 Coenam
1907 3619 1987 3682 iecit

432 3713 560 3776 Domini
587 3714 686 3776 nostri
712 3715 786 3776 lesu
811 3713 939 3788 Christi,
966 3714 1021 3795 qui
1047 3733 1105 3796 per
1131 3735 1182 3777 su·
1237 3715 1454 3778 novissimam.
1474 3716 1577 3787 Quum
1600 3717 1686 3778 enim
1710 3716 1853 3780 Christus
1878 3719 1910 3780 in
1932 3719 1986 3781 die

431 3831 483 3874 am
499 3812 679 3894 passionem
696 3811 844 3874 liberavit
858 3829 957 3892 genus
973 3812 1148 3876 humanum
1163 3834 1182 3876 a
1236 3813 1430 3876 ascensionis
1450 3821 1616 3895 appareret
1635 3814 1802 3896 discipulis
1823 3816 1855 3878 iu
1876 3825 1985 3880 monte

432 3909 586 3972 servitute
608 3909 741 3990 peccati,
762 3927 780 3969 a
800 3906 877 3989 jugo
899 3907 1028 3982 diaboli,
1050 3928 1068 3970 a
1087 3928 1181 3991 poena
1236 3911 1543 3994 Oliveti,antequam
1558 3913 1701 3975 ascendit
1716 3912 1749 3974 in
1765 3914 1893 3990 coeInm,
1903 3915 1984 3978 dixit

433 4007 562 4081 inferni,
585 4005 625 4068 ab
651 4004 881 4088 impedimento
906 4006 1067 4087 ingressus
1091 4009 1181 4089 regni
1236 4010 1356 4072 eisdem
1375 4029 1381 4072 :
1399 4010 1510 4072 Sedete
1527 4011 1559 4073 in
1575 4010 1702 4073 civitate
1717 4012 1924 4095 quoadusque
1941 4014 1984 4076 iu·
2009 4045 2087 4087 aaa.

432 4106 581 4180 ooelestis,
601 4125 619 4168 a
643 4112 732 4166 reatu
757 4104 878 4186 peccati
902 4105 1074 4185 originalis.
1101 4106 1181 4169 ilinc
1235 4108 1379 4170 duamini
1405 4108 1522 4170 virtute
1546 4127 1584 4170 ex
1613 4109 1693 4189 alto;
1719 4116 1751 4172 et
1774 4128 1832 4191 ego
1857 4112 1982 4175 mittam
1996 4112 2026 4154 ⁴⁹·

432 4205 562 4285 angelus
585 4204 667 4267 dixit
687 4203 726 4266 ad
745 4203 860 4284 Ioseph
882 4222 889 4267 ε
911 4203 1045 4267 Vocabis
1064 4223 1179 4268 nomen
1235 4206 1429 4287 promissum
1452 4207 1550 4268 Patris
1569 4207 1632 4269 mei
1654 4207 1687 4270 in
1707 4225 1774 4283 vos,
1792 4208 1824 4270 id
1845 4218 1894 4272 est
1914 4211 1984 4293 Spi-

313 4317 318 4330 ·
432 4303 502 4383 ejus
520 4303 627 4366 Iesum
638 4320 646 4384 ;
667 4303 736 4386 ipsc
758 4301 845 4365 enim
870 4303 994 4366 salvum
1014 4302 1109 4366 faciet
1128 4321 1181 4386 po·
1235 4303 1332 4366 ritum
1349 4304 1497 4367 Sanctum
1514 4305 1738 4386 procedentem
1753 4325 1771 4368 a
1785 4307 1984 4391 Patre,quem

432 4401 544 4483 pulum
569 4421 663 4464 suum
685 4421 703 4463 a
724 4402 863 4483 peccatis
885 4419 1006 4464 eorum.
1023 4402 1216 4483 Quinque-C
1235 4410 1267 4464 et
1281 4403 1369 4465 Pater
1386 4422 1443 4484 per
1463 4423 1513 4466 me
1529 4405 1620 4466 vobis
1640 4405 1796 4485 promisit.
1814 4407 1983 4489 Quumque

430 4499 553 4580 gesimo
573 4518 700 4582 quoque
717 4500 768 4561 die
784 4519 801 4562 a
817 4499 1005 4562 solennitate
1026 4501 1177 4582 paschali,
1235 4499 1377 4563 Christus
1398 4520 1504 4564 coram
1524 4502 1691 4584 discipulis
1712 4505 1917 4580 ascendisset,
1933 4525 1982 4569 re-

430 4598 535 4679 agitur
558 4597 730 4661 solennitas
751 4598 963 4672 Pentecostes,
984 4599 1017 4660 in
1043 4617 1179 4661 comme·
1234 4600 1319 4661 versi
1342 4608 1416 4661 sunt
1436 4599 1664 4682 lerosolymam
1686 4619 1760 4664 cum
1781 4603 1897 4683 gaudio
1917 4623 1982 4666 ma-

431 4695 639 4759 morationem
663 4696 823 4759 missionis
848 4697 984 4778 Spiritus
1009 4697 1126 4770 Sancti,
1148 4704 1179 4758 et
1233 4715 1307 4776 gno,
1324 4705 1356 4758 et
1369 4697 1537 4780 praelatum
1558 4699 1749 4762 introierunt
1768 4701 1979 4764 ooenaculum.

430 4795 462 4856 in
491 4795 646 4857 honorem
673 4795 835 4857 Paraclcti.
861 4795 970 4876 ltaque
997 4795 1041 4856 ait
1068 4794 1178 4857 beatus
1234 4796 1331 4858 Erant
1354 4814 1482 4878 quoque
1507 4815 1580 4858 cum
1604 4797 1650 4859 eis
1672 4797 1766 4879 Virgo
1789 4798 1925 4880 gloriosa
1950 4809 1982 4864 et
2098 4841 2099 4876 ,

429 4894 529 4956 Lucas
551 4892 769 4973 evangelista:
1233 4895 1303 4957 alias
1328 4894 1455 4957 leminae
1484 4903 1600 4958 sancte
1628 4915 1699 4978 quaa
1724 4897 1885 4961 Christum
1908 4909 1982 4962 ante
2098 4899 2099 4916 ²

469 4992 1178 5067 DumcomplerenturdiesPentecostes,hoo
1233 4993 1413 5075 passionem
1440 4992 1571 5056 fuerunt
1595 5002 1721 5070 secutae,
1745 4996 1836 5077 juxta
1865 4998 1979 5061 illud:

430 5099 488 5166 est,
509 5091 716 5154 decurrerent
740 5097 772 5152 et
794 5090 955 5164 durarent,
977 5088 1052 5170 quia
1076 5091 1178 5153 solen·
1233 5092 1335 5164 Quum
1360 5092 1544 5154 introissent
1567 5093 1601 5153 in
1625 5094 1838 5170 coenaculum,
1858 5096 1892 5158 hi
1913 5115 1981 5160 om·
2007 5083 2099 5171 ,aaa

430 5191 512 5253 nitas
528 5189 583 5252 illa
597 5189 682 5271 apud
696 5189 820 5252 ludaeos
835 5187 962 5252 duravit
976 5195 1098 5270 septem
1113 5190 1178 5251 die·
1233 5208 1289 5252 nes
1304 5197 1394 5251 erant
1410 5199 1648 5271 perseverantes
1662 5192 1852 5256 unanimiter
1866 5192 1898 5256 in
1914 5212 1981 5258 ora·
1997 5193 2026 5233 ¹⁸·
2098 5265 2099 5270 ,

430 5289 501 5366 hus,
513 5289 597 5352 sicut
610 5287 770 5371 paschalis
784 5287 965 5351 solennitas
979 5287 1094 5368 Sicque
1109 5288 1177 5352 dies
1232 5289 1319 5351 tione
1339 5307 1413 5351 eum
1435 5289 1636 5366 mulieribus,
1653 5297 1684 5352 et
1703 5291 1799 5354 illaria
1818 5295 1981 5357 matrele·
2098 5285 2099 5362 J
