4164 6258
318 493 466 542 noumrrn
488 497 506 540 v
527 495 600 541 rosr
619 494 814 542 rarnrrarau.
835 512 876 524 —
897 497 938 540 an
958 493 1154 560 murelosos;
1176 499 1275 546 annuo
1294 499 1431 556 ooaarus
1588 479 1649 544 att

106 661 191 734 ditas,
218 681 282 724 una
307 664 445 740 tristitia,
472 685 511 728 ne
535 665 621 747 quod
651 665 755 748 placet
778 663 845 739 uni,
861 664 887 728 A
902 681 955 727 eos
970 666 1141 740 connectit,
1154 675 1186 729 et
1200 686 1327 731 summo
1341 688 1377 730 ac
1393 667 1648 732 incommutabili

106 758 267 840 displiceat
284 761 386 836 alteri,
402 770 513 845 etquo
526 763 643 844 gaudet
658 782 752 836 unus,
768 761 847 824 alter
901 761 984 825 bono
1007 763 1168 827 adherere
1193 764 1269 827 iacit
1291 767 1433 844 eosdem;
1459 765 1648 828 secundario

107 856 243 920 tristetur
260 875 267 920 :
284 859 394 942 sicque
417 859 535 923 babere
557 861 702 942 poteritis
723 860 847 941 religio·
899 868 1006 922 autem
1029 861 1060 922 in
1082 861 1201 926 bonum
1223 864 1453 946 proximorum,
1471 871 1505 926 nt
1524 863 1648 926 scilicet

16 983 93 1024 snum.
107 954 148 1016 nis
168 957 380 1038 propositum,
397 959 424 1020 si
445 957 477 1020 in
498 959 594 1021 domo
613 957 739 1021 Domini
760 957 848 1020 habi·
900 958 1089 1040 velintque
1109 961 1264 1041 proximis
1284 961 1492 1044 spiritualiter
1511 961 1644 1044 prosint.

107 1053 170 1114 tetis
193 1055 372 1118 unanimes.
900 1055 1002 1128 Quum
1028 1074 1103 1136 ergo
1131 1059 1308 1122 concordie
1334 1059 1507 1142 opponitur
1530 1059 1648 1122 discor·

134 1151 357 1216 l'erumtamen
373 1161 422 1216 est
435 1154 581 1236 quodam
597 1153 766 1217 concordia
782 1173 847 1216 ma·
900 1152 961 1226 dia,
972 1161 1095 1218 constat
1109 1173 1179 1218 eam
1196 1173 1266 1220 esse
1281 1165 1457 1239 peceatum.
1471 1157 1649 1239 Dupliciter

106 1250 177 1322 laet
193 1251 387 1314 unanimitas
401 1252 514 1314 vitiosa
530 1269 640 1314 eorum
656 1252 712 1334 qui
728 1251 846 1316 conice
898 1258 1006 1314 autem
1026 1254 1196 1316 concordia
1219 1273 1277 1336 per
1295 1255 1486 1318 discordiam
1511 1254 1644 1318 tollitur.

104 1349 248 1411 derantur
263 1349 295 1412 in
312 1349 408 1412 rebus
425 1349 557 1426 illicitis,
574 1349 844 1432 quemadmodum
900 1349 1004 1413 Primo
1017 1350 1138 1414 directe
1152 1359 1184 1413 et
1199 1369 1257 1435 por
1271 1371 1316 1426 se,
1330 1353 1407 1416 dum
1422 1353 1494 1435 quis
1510 1353 1647 1417 scienter

105 1447 239 1528 qnidam,
255 1465 294 1510 ex
316 1448 435 1510 carnali
460 1448 580 1511 aflectu
605 1457 659 1510 aut
684 1449 844 1512 commodi
899 1455 984 1510 etex
1004 1447 1181 1512 intentione
1197 1450 1359 1513 discordat
1376 1450 1416 1512 ab
1431 1450 1494 1514 alio
1510 1451 1542 1512 in
1562 1450 1647 1515 bono

104 1545 281 1627 temporalis
297 1547 426 1621 intuitu,
443 1555 498 1609 aut
512 1565 551 1609 ex
567 1547 730 1610 communi
747 1566 844 1629 quem
898 1545 1009 1608 divino
1027 1546 1077 1608 vel
1101 1547 1251 1622 fraterno,
1269 1556 1346 1631 puta
1368 1549 1400 1610 in
1424 1548 1645 1631 spiritualibus

104 1651 206 1705 eontra
234 1645 374 1727 aliquem
402 1653 620 1728 conceperunt
643 1663 785 1719 rancore,
811 1646 843 1708 in
899 1643 994 1706 rebus
1017 1653 1049 1707 et
1067 1645 1191 1708 actibus
1213 1648 1253 1709 ad
1275 1647 1330 1710 Dei
1354 1648 1506 1710 honorem
1528 1655 1560 1710 et
1582 1648 1646 1710 oul-

16 1779 38 1806 ι,
104 1742 203 1824 pravis
222 1745 438 1808 concordant:
457 1744 540 1806 sieut
554 1743 702 1808 Pharisaei
723 1752 755 1806 et
772 1743 844 1806 Sad-
898 1749 979 1816 tum,
996 1761 1052 1806 seu
1075 1743 1293 1826 proximorum
1315 1745 1493 1828 proiectum
1514 1745 1581 1808 sive
1600 1765 1647 1808 sa-

26 1861 34 1869 “’
57 1860 61 1868 ’
103 1841 197 1904 ducaei
217 1842 397 1924 apostolum
417 1842 549 1906 Paulum
571 1842 767 1905 unanimiter
787 1840 881 1904 im-B
900 1841 1011 1916 lutam,
1031 1842 1261 1923 spectantibus,
1283 1843 1316 1906 in
1338 1844 1456 1926 quibus
1478 1863 1552 1907 eum
1573 1844 1646 1908 aliis

103 1939 299 2020 pugnabant3
315 1959 452 2023 quorum
468 1941 672 2004 concordiam
688 1941 844 2004 detestan·
899 1939 1090 2002 concordare
1105 1939 1236 2004 deberet
1253 1957 1259 2002 :
1276 1949 1308 2004 et
1322 1941 1382 2004 hoc
1398 1961 1436 2004 ex
1456 1960 1514 2004 suo
1528 1960 1645 2023 genere

102 2039 167 2100 dam
182 2038 344 2102 subtiliter
358 2047 486 2102 sanctus
501 2038 648 2103 dissolvit
662 2040 842 2122 Apostolus,
898 2045 946 2100 est
970 2047 1135 2119 peccatum
1163 2040 1305 2112 mortale,
1332 2059 1430 2122 quum
1457 2041 1499 2102 sit
1522 2041 1646 2104 caritati

102 2135 211 2198 bonam
240 2137 400 2200 intereos
425 2137 617 2200 discordiam
644 2137 840 2200 seminando.
898 2137 1255 2200 contrariumSecundo
1270 2155 1327 2219 per
1341 2139 1497 2211 accidens,
1506 2146 1540 2200 ut
1551 2157 1647 2220 quau-

102 2235 202 2316 ltaque
216 2234 297 2298 nulli
312 2235 344 2298 in
358 2235 453 2298 rebus
467 2235 588 2298 illicitis
600 2235 842 2310 consentiamus,
898 2235 938 2298 do
957 2234 1056 2316 aliqui
1080 2235 1112 2296 in
1132 2235 1302 2317 principali
1324 2235 1408 2298 bono
1429 2237 1644 2310 consentiunt,

102 2351 155 2394 nee
193 2333 353 2416 quispiam
393 2333 619 2416 partialitatem
657 2333 690 2394 in
726 2333 842 2396 Christi
898 2333 953 2394 sed
972 2333 1003 2394 iu
1024 2332 1187 2414 aliquibus
1202 2353 1273 2414 que
1292 2342 1366 2395 sunt
1386 2335 1471 2396 circa
1490 2334 1570 2396 illud
1586 2320 1646 2396 dis

101 2432 337 2511 congregatione
363 2431 503 2506 inducat,
528 2439 583 2492 aut
610 2431 750 2513 aliquem
780 2430 841 2493 sibi
898 2431 1051 2504 sentiunt,
1072 2430 1147 2512 quia
1170 2431 1225 2493 uni
1250 2430 1335 2494 istud
1361 2431 1476 2494 melius
1498 2432 1645 2496 veriusve

101 2528 315 2591 fraudulenter
342 2528 473 2604 alliciat,
504 2548 562 2592 nec
594 2537 754 2592 errantem
785 2547 841 2592 seu
897 2527 1140 2602 videtur,alteri
1164 2529 1248 2591 istud
1266 2547 1272 2592 :
1290 2537 1321 2590 et
1342 2529 1401 2592 ista
1421 2529 1579 2593 discordia
1598 2539 1647 2593 est

101 2625 339 2689 contendentem
364 2627 514 2691 defendat
537 2627 690 2702 amioum,
713 2645 771 2690 nee
797 2627 842 2690 lo-
898 2635 1012 2709 preter
1027 2627 1317 2702 intentionem,nec
1333 2636 1381 2690 est
1397 2637 1644 2710 peccatum,nec

100 2730 167 2784 reat
182 2723 265 2786 male
280 2723 477 2804 discordem3
494 2726 548 2788 sed
564 2725 665 2787 simus
681 2743 755 2786 vere
770 2742 843 2787 con·
898 2725 1021 2788 caritati
1040 2726 1224 2808 opponitur,
1238 2726 1300 2788 nisi
1316 2727 1358 2789 sit
1372 2744 1446 2788 cum
1462 2745 1569 2790 errore
1585 2728 1645 2790 cir·

100 2822 206 2884 cordes
227 2822 258 2884 in
281 2823 393 2884 notitia
412 2823 567 2897 veritatis,
586 2824 617 2885 in
640 2822 791 2885 bonitatis
812 2830 842 2884 ct
898 2841 934 2885 ca
955 2843 991 2886 ea
1012 2842 1082 2906 quae
1100 2832 1174 2886 sunt
1193 2825 1232 2886 de
1252 2825 1441 2886 necessitate
1459 2824 1643 2900 salutis,vel

99 2920 250 2982 virtutum
271 2939 390 2996 amore,
408 2923 440 2983 in
459 2920 566 2984 verbis
586 2929 617 2984 et
638 2921 843 2984 confessioni·
897 2921 1013 3004 aliquis
1043 2922 1248 3004 pertinaciter
1276 2922 1413 3004 propriae
1442 2923 1644 2986 estimationi

99 3017 155 3080 bus
175 3019 250 3092 oris,
268 3020 387 3101 lleique
407 3019 566 3094 laudibus,
583 3027 613 3082 et
631 3019 1064 3088 observantiiscadhaereat.
1097 3020 1177 3082 lline
1208 3020 1365 3083 dissensio
1397 3040 1453 3083 seu
1487 3021 1790 3097 discordiaruanrr.

99 3116 306 3196 regularibus,
329 3117 518 3200 cunctisque
540 3118 657 3180 sanctis
679 3117 839 3200 operibus.
898 3117 981 3180 inter
1004 3118 1136 3180 Paulum
1156 3126 1187 3180 et
1207 3117 1382 3180 barnabam
1403 3127 1481 3192 orta,
1501 3137 1563 3181 non
1584 3118 1646 3180 luit

98 3215 225 3297 Propter
248 3215 333 3297 quod
359 3216 582 3279 ardentissime
606 3215 718 3280 beatus
742 3217 843 3278 oravit
898 3224 1076 3299 peccatum,
1089 3216 1164 3299 quia
1179 3223 1245 3280 erat
1260 3235 1317 3298 per
1331 3217 1490 3291 accidens,
1508 3236 1567 3279 nec
1583 3217 1645 3280 luit

16 3314 265 3395 r.1=,s,llpostolus
286 3332 294 3376 t
317 3314 400 3378 [leus
425 3313 586 3396 patientiae
610 3324 641 3378 et
665 3315 768 3377 solatii
790 3316 844 3377 det
898 3315 983 3377 circa
1003 3334 1040 3376 ea
1059 3333 1130 3396 quae
1151 3323 1226 3376 sunt
1247 3314 1286 3376 de
1308 3315 1495 3377 necessitate
1520 3314 1642 3377 salutis.

98 3412 185 3474 vobis
210 3413 240 3474 id
264 3412 369 3496 ipsum
394 3432 515 3496 sapere,
537 3415 712 3476 secundum
734 3415 842 3476 lesum
937 3413 1018 3474 Ecce
1035 3413 1088 3474 bic
1104 3413 1133 3475 S.
1151 3412 1287 3475 Thomas
1302 3412 1503 3494 apertissime
1519 3413 1643 3486 asserit,

98 3509 267 3586 Christum,
286 3519 321 3572 ut
340 3513 507 3574 unanimes
530 3529 594 3575 uno
615 3530 669 3574 ore
692 3512 843 3576 honorili-
897 3513 981 3594 quod
1006 3513 1143 3574 scienter
1161 3519 1193 3574 et
1215 3530 1254 3574 ex
1278 3513 1442 3594 proposito
1463 3512 1644 3574 discordare

96 3609 173 3670 cetis
193 3609 304 3671 lleum.
322 3609 393 3672 llaec
413 3610 491 3672 lelix
513 3611 682 3674 concordia
699 3611 731 3672 in
748 3616 842 3673 cantu
896 3610 936 3672 ab
958 3610 1021 3673 alio
1041 3611 1074 3672 in
1096 3608 1180 3672 bono
1202 3609 1322 3682 divino,
1346 3609 1379 3671 in
1400 3626 1465 3691 quo
1488 3627 1562 3671 cum
1589 3609 1645 3672 illo

95 3714 124 3766 et
146 3707 335 3789 psalmodia,
351 3725 387 3768 ac
407 3707 521 3770 ceteris
543 3708 704 3771 exercitiis
723 3709 841 3770 virtuo·
897 3708 1087 3771 concordare
1103 3707 1244 3780 deberet,
1261 3707 1301 3768 sit
1317 3725 1355 3769 ex
1372 3725 1430 3769 suo
1444 3725 1561 3788 genere
1578 3707 1643 3769 eul-

94 3805 146 3877 sis,
159 3805 324 3866 caritatem
340 3804 431 3867 valde
446 3804 543 3878 fovet,
556 3813 732 3878 conservat,
749 3813 843 3886 auget
897 3824 938 3887 pa
962 3805 1113 3868 mortalis.
1142 3805 1206 3867 lloc
1235 3805 1402 3866 advertant
1425 3823 1462 3866 ae
1487 3813 1642 3880 metuant,

92 3921 126 3964 ac
142 3903 272 3984 perlicit
288 3920 294 3964 :
313 3921 387 3964 nam
403 3903 486 3966 sieut
501 3923 539 3966 ex
555 3904 686 3966 caritate
702 3913 840 3978 emanat,
896 3925 993 3987 seque
1023 3905 1204 3979 emendent,
1235 3904 1291 3986 qui
1321 3905 1354 3966 in
1384 3903 1561 3987 psalmodia
1589 3913 1643 3966 aut

92 4001 137 4062 sie
156 4019 226 4062 eam
250 4000 306 4062 alit
320 4019 357 4062 ac
374 4000 510 4064 roborat.
528 4003 595 4065 lmo
612 4001 764 4084 qualibet
780 4003 841 4064 vir·
896 4004 1006 4067 divino
1024 4003 1178 4085 obsequio
1195 4003 1395 4065 dissonanter
1410 4009 1441 4064 et
1456 4002 1644 4065 discorditer

92 4105 141 4160 tus
164 4119 223 4181 per
243 4098 388 4181 proprias
410 4099 549 4162 actiones
570 4108 776 4162 conservatur
796 4109 841 4163 at·
896 4102 1014 4165 habent
1029 4121 1062 4164 se
1078 4121 1115 4163 ex
1133 4101 1296 4183 proposito
1311 4109 1343 4162 et
1358 4101 1507 4174 scienter,
1525 4101 1589 4163 imo
1604 4119 1642 4164 ex

91 4215 151 4279 que
168 4197 359 4280 perficitur:
378 4197 497 4260 idcirco
512 4197 543 4260 in
560 4199 720 4261 exercitiis
736 4199 840 4262 humi·
856 4205 881 4268 D
897 4201 1043 4284 passione
1065 4207 1096 4262 et
1114 4200 1290 4273 aversione,
1308 4199 1375 4262 sive
1397 4207 1432 4261 ut
1452 4198 1552 4261 alium
1573 4216 1642 4279 gra·

90 4295 199 4370 litatis,
209 4295 644 4378 patientiae,mansuetudinis
658 4306 690 4359 et
705 4299 839 4361 aliarum
895 4307 1019 4372 ventat
1034 4317 1122 4360 suam
1139 4298 1170 4359 in
1187 4297 1246 4359 hoc
1264 4297 1409 4378 mitigent
1424 4298 1501 4358 iram
1516 4315 1553 4359 ac
1568 4297 1644 4358 ulci-

89 4394 248 4456 rirtutum
268 4411 325 4456 nos
343 4394 428 4476 ipsos
448 4395 574 4456 assidue
593 4403 768 4458 actuemus.
896 4405 1025 4460 scantur
1041 4395 1191 4476 injuriam
1209 4395 1241 4456 in
1258 4395 1337 4468 loeo,
1349 4402 1422 4458 actu
1438 4403 1470 4457 et
1484 4403 1640 4478 tempore,

131 4493 298 4566 Praeterea,
325 4493 478 4575 queritur
500 4493 585 4554 circa
615 4501 772 4575 praetacta,
799 4514 839 4558 an
895 4494 950 4556 ubi
970 4501 1002 4556 et
1022 4492 1148 4575 quando
1170 4492 1372 4574 potissimum
1397 4493 1484 4554 omni
1507 4491 1640 4567 caritati,

87 4591 251 4654 discordia
270 4598 301 4654 et
317 4591 474 4655 dissensio
494 4592 558 4654 siut
578 4600 708 4675 peccata
728 4600 841 4655 morte·
896 4591 1067 4666 devotioni,
1083 4590 1289 4654 edificationi
1308 4598 1340 4652 et
1356 4591 1558 4654 unanimitati
1578 4600 1642 4654 stu·

88 4690 137 4752 lia.
158 4691 196 4753 Et
218 4690 347 4754 videtur
367 4707 406 4752 ex
428 4691 633 4772 praeinductis
656 4692 741 4773 quod
764 4692 838 4766 imo,
895 4691 1035 4756 dendum
1060 4698 1132 4754 est:
1150 4708 1189 4752 ex
1213 4689 1330 4770 quibus
1355 4689 1505 4753 omnibus
1529 4707 1641 4754 eorum

88 4791 268 4870 praesertim
288 4808 389 4872 quum
410 4789 641 4854 dissensionem
666 4791 748 4852 inter
768 4810 840 4872 pee-
895 4809 1044 4854 excessus
1064 4807 1127 4852 non
1148 4788 1351 4851 mediocriter
1369 4797 1565 4870 aggravatur.

88 4895 157 4950 cata
179 4888 329 4952 mortalia
348 4888 518 4971 Apostolus
540 4897 695 4952 numeret.
714 4890 760 4952 Ad
780 4890 840 4952 boc
935 4889 1097 4960 Praeterea,
1115 4887 1199 4949 sicut
1212 4886 1371 4949 discordia
1386 4887 1642 4949 contrarietatem

89 4987 228 5050 l'bomaa
254 4988 286 5048 in
310 4986 451 5049 secunda
475 4987 622 5050 secundae
644 4989 838 5072 respondet:
896 4988 1047 5070 importat
1067 4987 1099 5048 iu
1122 4984 1328 5048 interioribus
1351 4984 1476 5047 actibus
1498 4993 1530 5048 et
1553 4987 1644 5048 moti-

89 5084 269 5149 Coucordia
287 5093 335 5148 est
356 5091 447 5147 aetus
466 5085 605 5148 caritatis
626 5087 682 5168 qui
702 5087 841 5150 diverso
896 5086 956 5148 bus
976 5084 1159 5157 voluntatis,
1178 5083 1220 5146 ita
1242 5083 1403 5146 contentio
1423 5083 1456 5145 iu
1479 5083 1644 5146 locutioni·

89 5204 161 5247 rum
182 5184 281 5248 corda
301 5185 333 5247 in
355 5203 454 5246 unum
477 5183 666 5266 conjungit:
684 5186 789 5268 primo
810 5194 843 5250 et
896 5184 966 5247 bus.
977 5183 1187 5247 Contrarietas
1202 5190 1308 5244 autem
1324 5181 1491 5263 loquentis,
1499 5200 1563 5244 uno
1579 5199 1644 5244 ruo

88 5283 233 5346 maxime
256 5283 288 5345 iu
310 5281 431 5346 bonurn
452 5281 611 5358 divinum,
627 5283 703 5365 quia
724 5285 756 5346 in
777 5285 842 5348 lleo
897 5284 938 5347 do
961 5289 1113 5366 pensatur
1137 5299 1176 5344 er
1201 5281 1376 5344 intentione
1402 5279 1561 5362 loquentis
1585 5297 1641 5343 seu
