4214 6254
438 455 498 522 l06
744 479 892 528 nonnum
914 481 957 526 ss.
978 479 1159 528 rnmrrrrrs.
1179 497 1220 510 -
1240 479 1416 531 ratumne
1436 485 1468 531 ru
1488 485 1684 538 marasmon

436 649 568 731 juvenis
581 650 682 734 possit
696 651 840 731 renasci3
858 653 1080 735 sedquoniam
1096 655 1350 728 deserarne,
1374 677 1450 720 coro
1474 669 1520 719 est
1531 681 1546 729 ,·
1569 669 1600 719 et
1625 663 1712 740 quod
1735 669 1850 720 notum
1875 669 1922 720 cst
1945 681 1981 720 aa

439 748 509 830 ipso
538 749 601 812 luit
628 750 795 824 sollicitus,
821 751 944 833 etipse
966 752 1032 834 jam
1058 753 1183 816 vetulus
1238 758 1373 831 spiritu,
1390 759 1529 834 spiritus
1547 767 1604 818 est.
1625 758 1728 821 Verba
1748 759 1815 822 brec
1837 757 1981 822 difficilia

438 846 510 922 luit,
537 848 656 912 idcirco
680 849 726 911 sic
752 850 837 911 latur
862 867 869 911 :
894 850 1057 924 Quomodo
1081 860 1184 934 potest
1239 862 1359 917 suntet
1379 855 1546 937 prolunda,
1564 857 1850 939 multipliciterque
1871 856 1981 920 intelli-

437 945 534 1009 bomo
560 947 646 1009 nasci
672 967 772 1029 quum
799 949 840 1010 sit
865 953 985 1011 senexl
1010 951 1048 1013 Et
1072 951 1184 1033 probat
1238 951 1269 1031 gi
1289 961 1422 1033 queunt.
1443 953 1548 1016 Primo
1569 953 1640 1016 sie:
1663 953 1784 1028 «Quod
1805 960 1916 1017 natum
1937 964 1981 1017 est

437 1045 522 1126 quod
542 1063 605 1108 non
625 1047 735 1128 possit.
752 1049 927 1126 Numquid
939 1058 1041 1124 potest
1057 1051 1092 1108 in
1110 1070 1182 1109 oen·
1238 1067 1276 1110 ex
1292 1068 1387 1112 carne
1402 1073 1431 1124 a,
1442 1051 1473 1113 id
1489 1058 1537 1113 est
1552 1069 1667 1134 corpus
1684 1052 1745 1114 lilii
1762 1052 1899 1116 carnalis
1914 1070 1980 1134 pro·

438 1153 520 1204 trem
544 1145 662 1204 matris
685 1165 753 1206 suoe
777 1147 894 1206 iterato
920 1149 1061 1207 introire
1082 1157 1112 1207 et
1133 1169 1182 1208 re·
1238 1155 1386 1229 pagatum
1402 1167 1439 1210 ac
1454 1156 1564 1210 natum
1580 1169 1619 1212 ex
1638 1150 1762 1212 semiue
1776 1151 1888 1232 patris,
1905 1173 1922 1208 u
1937 1170 1981 1213 ca·

436 1244 530 1301 nosci
538 1243 553 1302 ἒ
577 1242 753 1324 praesertim
779 1263 879 1325 quum
905 1253 1020 1307 matres
1040 1263 1182 1308 commu·
1239 1263 1273 1307 ro
1289 1252 1356 1324 est;
1373 1253 1405 1308 ct
1423 1247 1507 1329 quod
1529 1255 1639 1310 natum
1656 1256 1705 1311 est
1720 1267 1758 1310 ex
1774 1249 1890 1330 spiritu
1906 1271 1935 1323 a,
1952 1249 1979 1312 id

436 1339 520 1402 niter
539 1349 671 1403 mortuae
691 1341 755 1404 sint
775 1349 917 1425 tempore
936 1345 1109 1406 senectutis
1129 1364 1183 1406 na·
1238 1351 1285 1404 est
1300 1344 1406 1406 anima
1421 1345 1582 1408 rationalis
1598 1353 1703 1408 creata
1721 1365 1740 1408 a
1760 1347 1835 1420 Deo,
1852 1347 1907 1428 qui
1923 1347 1980 1429 spi·
2002 1367 2082 1414 retra.

434 1446 550 1500 torum.
1239 1441 1317 1502 ritus
1333 1449 1391 1516 est,
1409 1441 1440 1504 id
1455 1451 1504 1504 cst
1517 1442 1654 1525 simplex
1669 1461 1706 1504 ac
1721 1443 1898 1526 spiritualis
1913 1445 1980 1506 sub
1991 1433 2018 1473 ²⁸·

478 1539 657 1614 Respondit
685 1543 789 1610 Iesus,
819 1540 970 1603 solvendo
1000 1540 1182 1604 instantiam
1238 1540 1363 1614 stantia,
1382 1561 1398 1598 u
1414 1541 1546 1622 spiritus
1561 1548 1610 1602 est
1624 1563 1653 1615 a,
1670 1541 1730 1604 boc
1746 1549 1795 1604 est
1809 1542 1981 1624 spiritualis

436 1635 612 1712 Nicodcmi,
629 1645 660 1700 et
675 1639 864 1720 exponendo
879 1639 977 1701 verba
991 1659 1062 1721 quae
1077 1640 1180 1702 dixit:
1238 1637 1522 1720 immaterialisque
1543 1639 1655 1701 lorma.
1678 1640 1766 1713 Quod
1786 1658 1850 1702 nou
1870 1648 1919 1703 est
1941 1640 1981 1701 in·

434 1737 553 1806 Amen,
568 1756 663 1796 amen
684 1740 756 1797 dico
777 1739 849 1808 tibi,
869 1740 937 1797 nisi
954 1740 1028 1817 quis
1048 1748 1183 1799 renatus
1238 1736 1445 1817 telligendum
1462 1737 1552 1818 quasi
1568 1738 1744 1819 corporalia
1762 1756 1826 1801 uon
1847 1739 1911 1800 siut
1931 1739 1983 1800 im·

433 1836 541 1911 feerit
562 1855 603 1893 ec
624 1855 710 1914 aquo
730 1845 760 1895 et
781 1839 915 1912 Spiritu
934 1840 1067 1907 Sancto,
1082 1836 1113 1898 id
1134 1845 1182 1900 cst
1201 1836 1376 1899 Bmediate
1391 1845 1495 1898 creata
1509 1856 1527 1898 a
1542 1837 1617 1910 Deo,
1633 1857 1733 1919 quum
1750 1837 1906 1919 scriptum
1923 1837 1980 1900 sit:

435 1931 523 1996 lonte
547 1934 750 2016 Baptismatis
775 1943 976 2015 regeneratus
1002 1954 1059 2017 per
1085 1937 1183 1998 virtu-
1237 1936 1271 1997 ln
1297 1934 1457 2017 principio
1481 1935 1600 1997 creavit
1623 1935 1705 1997 Deus
1728 1935 1846 1998 coelum
1870 1943 1903 1998 θῖ
1924 1943 1981 1997 ter·
2005 1957 2074 1998 ean

435 2040 499 2093 tcm
516 2038 548 2094 et
560 2032 692 2113 gratiam
710 2033 847 2114 Spiritus
863 2032 978 2095 Sancti.
991 2033 1080 2115 Aqua
1095 2033 1181 2096 enim
1237 2052 1315 2094 ram.
1335 2033 1395 2094 Sed
1418 2033 1450 2094 in
1472 2033 1602 2095 bomine
1624 2041 1699 2096 sunt
1719 2034 1790 2097 duae
1812 2041 1918 2115 partes
1939 2053 1982 2096 es·

435 2139 483 2193 est
509 2130 671 2192 materiale
695 2131 890 2194 elementum
920 2149 1036 2213 corpus
1062 2131 1180 2206 lavans,
1237 2132 1397 2205 scntialeS,
1424 2150 1560 2214 quarum
1586 2152 1650 2194 una
1673 2140 1722 2195 est
1746 2150 1829 2206 caro,
1852 2151 1870 2194 a
1896 2139 1981 2214 patre

434 2236 467 2291 et
486 2228 673 2311 dispositive
692 2246 882 2310 regenerans
903 2230 1061 2292 mediante
1079 2229 1182 2292 lorma
1237 2230 1355 2292 carnali
1372 2237 1542 2302 contracta,
1559 2230 1683 2294 aliaest
1702 2231 1845 2313 spiritus,
1862 2250 1880 2293 a
1896 2238 1981 2313 patre

434 2326 607 2390 verborum
622 2329 812 2390 sacramenti
828 2328 1040 2410 baptismalia.
1051 2328 1182 2410 Propter
1236 2328 1408 2410 spirituali,
1438 2329 1562 2390 scilicet
1593 2329 1668 2402 Deo,
1698 2329 1862 2411 producta.
1892 2329 1982 2391 Juxta

433 2425 520 2507 quod
545 2425 687 2507 loquitur
710 2426 905 2506 Augustinus
930 2444 936 2488 :
958 2427 1092 2489 Detrahe
1114 2447 1182 2489 ver·
1236 2427 1322 2489 bunc
1343 2445 1472 2488 sensum
1492 2427 1609 2488 dicitur
1629 2427 1667 2489 ad
1689 2426 1837 2489 Hebraeos
1854 2444 1862 2488 :
1879 2427 1981 2489 Patres
1994 2445 2081 2486 aare.

434 2523 524 2598 burn,
542 2524 618 2606 quid
639 2531 687 2586 est
705 2543 788 2605 aqua
806 2525 868 2586 nisi
885 2529 990 2606 aqual
1004 2526 1098 2588 Porro
1114 2526 1181 2607 Spi-
1236 2525 1340 2587 cernis
1361 2532 1475 2587 nostrae
1495 2523 1667 2587 habuimus
1687 2525 1876 2598 eruditores,
1892 2533 1925 2587 et
1939 2543 1982 2586 re-

434 2621 515 2684 ritus
540 2622 672 2684 Sanctus
698 2622 784 2684 intus
809 2631 948 2684 mentem
975 2623 1126 2705 purificat
1149 2633 1180 2687 θῖ
1236 2621 1427 2686 verebamur
1442 2640 1496 2684 eos
1514 2640 1521 2684 :
1539 2641 1601 2684 non
1623 2623 1725 2684 multo
1746 2622 1846 2703 magis
1862 2622 1982 2685 obtem-

433 2719 614 2783 ellicicnter
641 2729 814 2801 regenerat,
839 2721 973 2802 gratiam
1003 2722 1178 2798 influendo,
1237 2721 1421 2803 parabimus
1445 2719 1525 2782 Patri
1551 2720 1734 2802 spirituum,
1758 2728 1790 2782 et
1815 2721 1982 2800 vivemusl
2093 2785 2094 2794 ,

432 2837 503 2901 quae
524 2826 572 2881 est
592 2837 641 2880 res
663 2820 852 2881 sacramenti
872 2827 904 2881 et
922 2838 1017 2883 causa
1037 2821 1180 2883 lormalis
1236 2857 1272 2866 -
1300 2819 1445 2881 Secundo
1474 2819 1520 2880 sic
1546 2836 1553 2880 :
1581 2841 1597 2878 o
1622 2818 1711 2891 Quod
1735 2827 1845 2881 natum
1873 2827 1922 2882 est
1946 2839 1982 2882 er

432 2915 606 2979 intrinseca
629 2917 725 3000 hujus
751 2918 1007 2998 regenerationis.
1031 2922 1106 2982 Non
1123 2939 1180 2995 po
1235 2936 1330 2980 carue
1346 2939 1375 2990 a,
1392 2917 1423 2978 id
1445 2925 1492 2978 est
1511 2916 1617 2999 proles
1636 2917 1742 2998 genita
1761 2917 1915 2978 acamali
1933 2937 1983 2999 pa·

433 3025 491 3076 test
508 3018 649 3076 introire
665 3017 701 3076 ira
717 3036 852 3094 raparum
870 3019 943 3087 Dei,
959 3018 990 3078 id
1006 3025 1055 3080 est
1074 3018 1107 3079 in
1124 3018 1178 3079 tri·
1195 3017 1217 3080 C
1236 3023 1335 3088 rente,
1354 3037 1370 3074 o
1386 3033 1459 3077 caro
1473 3022 1522 3076 est
1537 3037 1565 3090 a,
1583 3014 1615 3076 id
1631 3023 1679 3078 est
1695 3033 1744 3077 res
1760 3015 1908 3089 carnalis,
1921 3035 1981 3078 non

431 3114 640 3195 umphantem
657 3114 885 3188 Ecclesiam,et
899 3116 1179 3188 salvari,dummo·
1235 3114 1356 3175 babens
1377 3112 1440 3174 nisi
1460 3132 1529 3175 csse
1550 3113 1675 3175 carnale
1697 3120 1729 3174 et
1750 3112 1906 3186 naturale,
1924 3115 1983 3176 vir·

431 3214 472 3275 do
490 3213 572 3274 adsit
593 3213 726 3275 facultas
745 3213 924 3294 accipiendi
944 3220 1178 3275 sacramentum
1235 3220 1302 3274 tute
1318 3211 1530 3292 generationis
1546 3210 1681 3273 carnalis
1693 3228 1700 3272 :
1714 3210 1834 3274 idcirco
1849 3218 1885 3273 ut
1900 3212 1981 3284 talis,

431 3310 633 3392 Baptismatis
650 3327 657 3372 :
677 3330 747 3392 quae
770 3311 796 3372 si
819 3311 910 3384 desit,
934 3310 1057 3373 sullicit
1077 3310 1179 3393 bapti·
1235 3329 1298 3373 nou
1316 3316 1418 3391 potest
1438 3308 1563 3370 salvari.
1581 3309 1632 3371 Sic
1653 3309 1686 3370 in
1706 3309 1821 3372 Genesi
1842 3309 1983 3392 loquitur

433 3429 521 3471 smus
537 3409 699 3482 Flaminis,
717 3409 777 3471 hoc
797 3417 845 3470 est
864 3408 995 3472 interior
1015 3409 1179 3472 mundatio
1235 3408 1318 3471 Deus
1340 3425 1347 3469 :
1369 3407 1437 3469 Non
1463 3406 1663 3489 permanebit
1682 3407 1815 3489 spiritus
1838 3426 1930 3470 meus
1951 3408 1982 3470 in
2002 3427 2067 3468 ont.

432 3507 570 3588 Spiritus
594 3507 711 3580 Sancti,
737 3514 770 3568 et
794 3506 972 3588 baptismus
1002 3508 1177 3588 sanguinis,
1235 3507 1364 3569 bomine
1391 3505 1422 3566 in
1448 3512 1613 3578 aeternum,
1635 3505 1711 3587 quia
1736 3523 1809 3568 caro
1832 3514 1889 3568 est.
1914 3529 1930 3564 n
1947 3506 1982 3568 Et

413 3611 509 3687 ‚puta
534 3605 826 3686 martyrium,cum
846 3604 1004 3667 desiderio
1028 3605 1178 3686 baptismi
1234 3605 1319 3687 quod
1340 3611 1449 3666 natum
1470 3609 1518 3665 est
1538 3622 1576 3665 cx
1597 3602 1711 3685 spiritu
1728 3625 1758 3677 a,
1775 3603 1807 3666 id
1823 3611 1881 3678 est,
1899 3605 1982 3687 quod
2091 3673 2092 3684 ,

431 3703 588 3765 fluminis.
615 3703 675 3765 Sed
700 3722 802 3784 quum
826 3703 1007 3783 Baptismus
1027 3704 1121 3765 detur
1146 3704 1178 3766 iu
1234 3702 1443 3784 spiritualiter
1459 3709 1678 3782 regeneratum
1696 3709 1745 3764 est
1760 3701 1792 3763 in
1808 3701 1981 3784 Baptismo,
2091 3687 2092 3696 ἵ

432 3801 563 3864 nomine
586 3821 719 3863 summm
744 3808 776 3862 et
799 3800 1021 3883 inseparabilis
1045 3801 1178 3863 Trinita-
1236 3825 1252 3860 n
1269 3801 1400 3883 spiritus
1419 3809 1511 3874 θεῖ»,
1533 3799 1593 3862 boc
1613 3807 1671 3873 est,
1688 3799 1864 3882 spiritualis
1888 3800 1983 3863 bomo

431 3901 484 3974 tis,
506 3919 523 3962 a
544 3919 606 3982 qua
626 3907 674 3961 est
692 3899 845 3981 Baptismi
866 3899 1013 3972 allectus,
1030 3899 1181 3962 videlicet
1234 3900 1371 3963 ellectus
1386 3907 1444 3972 est,
1462 3906 1570 3981 utpote
1591 3899 1623 3960 in
1644 3899 1804 3980 spirituali
1827 3917 1896 3962 esso
1916 3918 1983 3981 gra·

431 3998 531 4080 gratia
546 3997 784 4060 sacramentalis
799 3997 1083 4078 (quemadmodum
1104 4017 1180 4079 praa-
1234 3998 1286 4060 tica
1301 3997 1504 4070 constitutus,
1520 4004 1552 4057 et
1566 3996 1631 4058 Deo
1651 4014 1708 4079 per
1727 3995 1826 4058 lidem
1846 4015 1883 4058 ac
1903 3997 1982 4060 cari·
2090 4075 2091 4078 Ἴ

432 4097 518 4179 θθρίῖ
538 4096 681 4160 Christus
703 4097 861 4179 apostolis
883 4113 891 4157 ε
917 4096 1047 4171 Euntes,
1069 4097 1179 4158 docete
1235 4104 1331 4158 tatem
1348 4095 1467 4169 unitus,
1480 4114 1553 4156 cum
1569 4112 1644 4176 quo,
1662 4095 1839 4157 secundum
1854 4095 1982 4177 Aposto
1996 4109 2091 4156 icario*

285 4194 326 4223 ¹¹¹¹
393 4217 398 4227 ·
432 4215 543 4260 omnes
562 4204 683 4278 gentes
703 4194 899 4277 baptizantes
918 4213 971 4256 eas
994 4195 1027 4256 in
1049 4196 1178 4257 nomine
1195 4197 1219 4259 D
1235 4195 1313 4266 lum,
1331 4214 1415 4256 unus
1429 4202 1478 4256 est
1492 4193 1634 4275 spiritus.
1653 4193 1697 4255 Ex
1713 4192 1831 4275 quibus
1847 4201 1980 4268 constat,

430 4297 529 4359 Patris
550 4303 581 4358 et
601 4295 670 4358 Filii
691 4303 723 4357 et
742 4294 879 4376 Spiritus
898 4293 1030 4373 Sancti),
1047 4312 1104 4356 cur
1124 4312 1177 4376 po·
1234 4294 1319 4376 quod
1341 4292 1503 4374 generatio
1525 4292 1585 4354 ista
1607 4309 1670 4354 nou
1692 4299 1741 4353 est
1759 4291 1980 4374 impossibilis,

430 4396 493 4458 tius
514 4396 558 4457 ait
578 4413 675 4468 nunc,
692 4393 759 4456 Nisi
781 4393 854 4474 quis
876 4399 1003 4454 renatus
1024 4392 1121 4454 luerit
1139 4411 1177 4454 ex
1233 4393 1287 4456 sed
1305 4389 1483 4454 necessaria
1497 4391 1535 4452 ad
1552 4390 1699 4464 salutern,
1714 4398 1810 4471 atquo
1827 4409 1845 4452 a
1861 4391 1981 4454 carnali

428 4513 511 4576 aqua
530 4500 561 4556 et
582 4492 714 4575 Spiritu,
735 4510 843 4573 quam,
866 4491 910 4552 Ex
932 4508 1014 4572 aqua
1036 4498 1068 4552 ct
1088 4492 1177 4553 Patre
1233 4491 1435 4572 generatione
1456 4489 1616 4552 distincta.
1634 4490 1677 4552 lle
1699 4508 1762 4570 qua
1782 4489 1827 4552 ait
1845 4489 1980 4552 loannes
2089 4503 2090 4556 l

331 4647 336 4658 .
429 4589 909 4671 seuFiliotDiccndumquod
928 4588 1109 4670 baptismus
1130 4597 1177 4651 est
1234 4591 1265 4652 in
1290 4590 1393 4672 prima
1415 4607 1472 4650 sua
1494 4588 1651 4651 Canonica
1671 4607 1678 4652 :
1700 4587 1800 4652 Omne
1821 4588 1905 4671 quod
1928 4609 1980 4651 na·
1999 4605 2081 4649 raro

427 4690 564 4754 allectus
583 4690 753 4772 praecipue
773 4687 971 4750 liberalitatis
992 4706 1029 4749 ac
1050 4687 1177 4769 pietatis
1233 4697 1300 4750 tum
1316 4694 1365 4750 est
1378 4707 1417 4750 ex
1432 4686 1618 4760 Deo,vincit
1633 4687 1801 4750 mundum.
1813 4687 1892 4749 Hinc
1907 4686 1979 4749 sub
1992 4677 2009 4716 ⁸·

427 4788 553 4852 divinae.
582 4787 769 4850 Liberalitas
796 4795 903 4850 autem
933 4793 965 4848 et
994 4786 1095 4868 pietas
1124 4804 1177 4868 ap·
1232 4788 1279 4849 dit
1300 4787 1465 4850 Salvator:

428 4887 634 4970 propriantur
663 4885 796 4967 Spiritui
820 4886 945 4960 Sancto,
972 4884 1177 4967 quemadmo-
1271 4889 1345 4948 Non
1362 4886 1507 4954 mireris,
1523 4902 1542 4946 o
1556 4884 1739 4959 Nicodeme,
1753 4903 1791 4947 eo
1807 4885 1901 4948 modo
1917 4903 1979 4967 qrro
2088 4963 2089 4966 Ἴ

428 4986 504 5048 dum
526 5003 615 5047 amor
636 4991 667 5047 et
689 4984 822 5046 bonitas.
1232 5002 1317 5045 nuno
1333 4983 1470 5056 miraris,
1487 4982 1638 5044 videlicet
1653 4982 1864 5045 admiratione
1880 4984 1980 5047 incre-
2088 4973 2089 4990 ¹

471 5084 625 5165 Deinceps
642 5083 784 5146 Cbristus
800 5083 939 5147 ostendit
953 5083 1099 5146 ordinem
1115 5082 1177 5163 spi·
1230 5080 1384 5156 dulitatis,
1414 5081 1465 5143 vel
1495 5100 1533 5143 ex
1563 5080 1647 5143 malo
1678 5080 1842 5143 intellectu
1872 5100 1980 5163 proce

430 5182 553 5244 ritualis
576 5181 834 5263 regenerationis,
856 5200 991 5263 eamque
1014 5201 1033 5243 a
1057 5180 1175 5242 carnali
1231 5180 1347 5254 dentis,
1364 5179 1414 5242 vel
1435 5179 1578 5240 animum
1600 5178 1812 5260 opprimentis
1831 5197 1867 5241 ac
1887 5180 1979 5242 taedio

429 5281 632 5363 generatione
646 5281 822 5361 distinguit.
837 5283 929 5349 Quod
944 5289 1059 5340 notum
1075 5288 1120 5339 est
1136 5300 1176 5339 esa
1230 5278 1413 5341 allicientis.
1446 5278 1496 5340 Sic
1526 5277 1612 5368 enirn
1643 5276 1818 5340 mirabatur
1846 5277 1978 5340 Nicode-
