4214 6254
434 509 583 558 commea
604 511 646 558 εε.
667 507 851 557 ramirans.
871 523 912 538 --
932 503 1108 554 marsuano
1128 505 1160 553 m
1179 503 1375 552 avenarum!
1621 481 1680 547 ron

142 701 202 747 uon
226 689 299 746 sunt
320 682 518 746 sufficientia
538 689 725 764 argumenta
746 681 822 744 fidei
845 699 881 744 ac
896 677 921 742 ll
937 699 995 762 per
1013 677 1249 762 generationem
1271 676 1430 740 mrnalem
1450 693 1486 738 ac
1503 673 1680 737 naturalem

141 781 283 864 specialis
303 781 536 863 cooperationis
554 781 681 854 divine,
698 799 798 862 quum
818 779 882 842 sint
937 779 1124 862 producitur
1148 777 1179 839 in
1204 795 1273 840 esse
1298 773 1470 858 specifico;
1495 773 1541 836 sic
1565 773 1683 834 dieitur

141 880 228 944 bonis
252 879 409 962 malisque
437 879 629 944 communia.
655 877 880 940 Verumtamen
936 877 1024 940 nasci
1044 878 1159 950 denuo,
1176 875 1303 957 quando
1322 893 1379 956 per
1399 872 1614 956 operationem
1635 869 1681 932 di-

141 995 176 1041 eo
200 977 293 1040 modo
314 995 378 1060 quo
400 998 418 1041 a
440 976 564 1041 Christo
583 984 615 1038 ct
633 976 703 1057 ejus
727 974 881 1038 ministris
936 975 1043 1038 vinam
1059 973 1196 1056 acquirit
1214 991 1285 1035 esse
1303 972 1410 1053 gratiae
1425 978 1550 1052 gratum
1566 969 1682 1032 facien-

140 1083 263 1160 peracta
277 1083 363 1150 sunt,
377 1084 452 1139 sunt
467 1076 577 1158 utique
593 1074 789 1138 sufficientia
803 1073 881 1136 fidei
936 1074 987 1146 tis,
1005 1074 1089 1155 quod
1107 1079 1156 1134 est
1174 1089 1243 1134 csse
1258 1070 1424 1145 deiforme,
1441 1067 1681 1151 supernaturale

139 1181 330 1257 argumenta.
353 1175 495 1238 Christus
517 1175 604 1238 euim
626 1191 663 1236 aa
685 1172 762 1236 lecit
781 1173 881 1254 impe·
936 1180 969 1234 et
990 1169 1187 1234 meritorium
1210 1186 1218 1230 :
1239 1169 1390 1250 quoniam
1411 1175 1446 1230 ut
1464 1167 1592 1230 divinus
1611 1165 1682 1229 llio·
1721 1181 1751 1226 n·
1770 1181 1825 1225 aar.

138 1274 266 1348 rialiter,
283 1281 315 1336 et
335 1273 366 1335 iu
387 1272 527 1336 instanti.
546 1271 668 1335 Fideles
687 1289 815 1354 quoque
837 1271 881 1332 la·
936 1269 1046 1352 nysius
1061 1275 1264 1342 contestatur,
1274 1267 1363 1330 Sicut
1378 1265 1600 1329 intellectualis
1616 1282 1682 1326 cre-
1696 1245 1750 1289 '¹¹⁶¹'
1762 1257 1781 1288 ⁰·
1792 1258 1815 1287 ¹¹·

140 1373 225 1434 ciunt
251 1389 289 1433 ea
317 1389 391 1434 cum
422 1370 621 1434 invocatione
650 1369 790 1432 nominis
812 1368 880 1443 Dei,
935 1376 1026 1430 atura
1040 1367 1167 1449 ponitur
1182 1366 1214 1427 in
1230 1385 1300 1429 esse
1315 1363 1681 1448 specificopcrformarn

96 1477 99 1484 ⁴
139 1488 209 1532 curn
231 1469 449 1532 exsecratione
472 1467 577 1531 omnis
598 1467 675 1530 artis
698 1468 827 1548 magice
849 1474 882 1529 et
936 1466 1124 1539 naturalem,
1147 1483 1205 1548 per
1229 1484 1324 1547 quarn
1349 1471 1422 1546 apta
1443 1470 1475 1524 et
1499 1468 1682 1544 potensest

139 1567 370 1631 communionis
391 1565 520 1630 diaboli.
935 1565 975 1627 ad
991 1563 1150 1627 naturales
1171 1571 1275 1626 motus
1295 1572 1326 1626 ct
1345 1569 1454 1640 actus3
1476 1561 1518 1623 ita
1538 1577 1595 1642 per
1613 1577 1681 1640 gra·

175 1667 326 1730 Preterea
341 1667 424 1728 Deus
439 1665 599 1728 interdum
620 1663 697 1728 facit
715 1665 805 1746 sigua
825 1683 882 1746 per
936 1661 1013 1722 tiam
1028 1659 1262 1741 gratificantem
1283 1659 1412 1741 ponitur
1431 1657 1463 1718 iu
1483 1675 1552 1720 εεεε
1572 1673 1681 1737 super-

137 1762 287 1846 reprobos
309 1770 341 1826 et
366 1763 501 1844 injustos
523 1781 530 1825 :
554 1782 624 1844 quae
647 1761 793 1844 quamvis
817 1780 879 1824 nou
937 1759 1084 1832 naturali,
1101 1757 1270 1840 spirituali,
1291 1756 1411 1830 divino,
1431 1774 1490 1838 per
1507 1754 1592 1836 quod
1612 1754 1681 1816 red-

138 1862 270 1944 probent
289 1863 374 1944 quod
395 1869 577 1943 operatores
597 1879 707 1924 eorum
726 1861 791 1922 sint
803 1859 879 1922 boni
899 1857 1023 1920 Bditur
1039 1858 1151 1920 idonea
1169 1855 1209 1918 ad
1228 1855 1385 1936 agendum
1404 1871 1501 1936 opera
1521 1852 1683 1915 meritoria

137 1967 167 2022 et
181 1961 245 2023 Deo
259 1959 404 2041 accepti;
421 1957 557 2041 probant
575 1966 682 2021 tamen
702 1959 786 2040 quod
807 1977 881 2020 vera
936 1956 1009 2019 vita
1030 1965 1164 2018 aeternae.

137 2059 177 2119 sit
197 2057 279 2120 fides
300 2077 363 2140 qua
385 2059 533 2120 invocant
556 2057 667 2131 Deum,
683 2065 713 2120 et
735 2076 809 2120 vera
829 2057 882 2118 do
976 2054 1008 2116 Si
1024 2054 1069 2115 sic
1085 2049 1373 2134 accipimus,Nasci
1389 2049 1590 2123 denuo,tuue
1606 2067 1683 2110 nun·

138 2157 236 2218 ctrina
271 2157 309 2218 ad
344 2155 437 2236 cujus
469 2155 747 2218 confirmationem
778 2154 882 2218 efficit
936 2170 1031 2235 quam
1055 2151 1158 2234 potuit
1178 2151 1251 2233 quis
1271 2149 1397 2222 salvari,
1417 2148 1479 2211 nisi
1500 2167 1610 2210 rursus
1630 2166 1682 2208 na-

138 2255 218 2316 Deus
240 2254 425 2335 hujusmodi
450 2253 550 2334 signa.
576 2255 706 2336 Propter
729 2253 814 2335 quod
838 2254 882 2315 ait
936 2251 1063 2314 scendo.
1081 2249 1198 2314 Omnes
1213 2266 1351 2329 namque
1369 2247 1433 2310 nati
1449 2253 1524 2308 sunt
1537 2244 1599 2306 lilii
1614 2245 1679 2318 ires,
1697 2261 1827 2319 ripaeos.

139 2352 280 2414 Salvator
306 2369 313 2414 :
339 2352 428 2414 llulti
452 2352 560 2414 dicent
582 2352 662 2414 milri
687 2352 719 2414 in
741 2351 793 2414 die
815 2351 880 2424 illa,
936 2349 1112 2412 secuudum
1147 2347 1345 2430 Apostolum,
1375 2344 1589 2408 contrahendo
1622 2343 1682 2406 ori-

11 2429 75 2471 ''²'
139 2460 213 2533 puta
230 2450 346 2531 judicii
364 2469 371 2513 ε
392 2451 536 2524 Domine,
557 2450 701 2524 Domine,
722 2468 827 2512 nonne
849 2451 880 2512 in
936 2447 1041 2530 ginale
1071 2453 1239 2528 peccatum
1269 2445 1445 2508 secuudum
1476 2460 1680 2505 communem

139 2551 266 2612 nomine
286 2557 342 2612 tuo
361 2548 633 2631 prophetavimus,
649 2557 682 2611 et
701 2549 734 2612 iu
753 2549 881 2612 nomine
938 2547 1040 2627 legem
1058 2562 1065 2606 :
1082 2545 1192 2626 sicque
1207 2543 1348 2625 oportuit
1366 2560 1421 2604 eos
1440 2542 1525 2604 intus
1546 2540 1680 2613 renasci,

138 2655 190 2710 tuo
218 2647 377 2710 daemonia
400 2647 565 2727 ejecimus,
591 2655 622 2708 et
646 2646 778 2709 virtutes
803 2647 883 2709 mul·
937 2644 1141 2726 suscipiendo
1156 2644 1288 2725 gratiam
1305 2649 1429 2724 gratum
1451 2640 1621 2704 facientem
1637 2658 1682 2702 re·

135 2753 191 2818 tas,
210 2745 242 2807 id
263 2752 311 2808 est
329 2745 429 2807 multa
445 2745 535 2826 sigua
557 2745 709 2827 potentia,
726 2744 881 2808 lecimusf
937 2740 1140 2812 formantem,
1165 2747 1197 2800 et
1218 2757 1287 2802 esse
1309 2736 1474 2819 spirituale
1498 2742 1683 2816 supernatu-

135 2843 171 2905 llt
193 2849 272 2906 tuuc
297 2842 476 2906 confitebor
498 2842 561 2904 illis
586 2860 593 2906 :
617 2841 695 2916 Ouia
718 2862 880 2925 nunquam
937 2839 1003 2902 rale
1019 2845 1230 2920 prestantem.
1247 2837 1376 2909 Verum,
1393 2834 1469 2917 quia
1484 2833 1626 2896 Salvator
1643 2833 1683 2895 ad

134 2943 207 3006 novi
228 2961 297 3006 vos.
938 2937 1075 3000 litteram
1097 2936 1238 3017 loquitur
1258 2935 1297 2996 de
1320 2932 1557 3014 regeneratione
1578 2931 1683 3014 Bapti-

170 3041 306 3114 lnterea,
325 3039 476 3122 quoniam
492 3039 636 3103 Christus
652 3039 741 3102 novit
756 3039 882 3102 intenti·
898 3035 920 3099 C
937 3037 1058 3110 smatis,
1075 3042 1111 3096 ut
1130 3040 1216 3116 patet
1235 3034 1267 3095 iu
1288 3032 1434 3104 subditis,
1452 3031 1581 3105 idcirco,
1598 3031 1682 3113 quod

132 3156 224 3202 ouem
246 3146 280 3202 et
301 3137 495 3201 desiderium
516 3137 693 3212 Nicodemi,
714 3138 770 3220 qui
794 3139 882 3201 venit
936 3136 975 3198 de
992 3133 1229 3216 regeneratione
1246 3131 1305 3192 ista
1318 3131 1384 3211 jem
1400 3129 1488 3203 dicit,
1506 3129 1683 3210 intelligen-

132 3244 166 3298 ut
181 3238 404 3310 instrueretur,
421 3235 541 3298 idcirco
561 3236 680 3318 incepit
699 3255 772 3298 eum
793 3236 881 3299 Chri·
936 3234 1012 3295 dum
1043 3240 1091 3294 est
1119 3249 1177 3314 pro
1206 3229 1279 3292 novi
1308 3236 1452 3310 ternpore
1476 3227 1681 3291 Testamenti.

133 3343 198 3397 stus
215 3335 386 3397 instruere.
403 3335 443 3396 Et
462 3334 566 3417 primo
586 3334 737 3396 instruxit
750 3353 825 3397 eum
841 3336 880 3398 de
936 3328 1143 3412 Temporibus
1157 3346 1233 3390 vero
1249 3327 1326 3408 legis
1342 3333 1458 3388 natura
1473 3332 1505 3388 et
1520 3325 1598 3405 legis
1612 3325 1684 3388 scri-

133 3435 236 3516 primo
252 3451 343 3496 nova
363 3432 442 3515 legis
462 3440 660 3495 sacramento
677 3433 813 3495 maxime
829 3452 882 3495 ne·
936 3437 1008 3512 ptae,
1030 3428 1160 3490 fuerunt
1183 3426 1245 3488 alia
1267 3431 1376 3487 contra
1396 3423 1551 3504 originale
1573 3441 1682 3505 pecca·

132 3532 283 3606 cessario,
300 3531 450 3594 videlicet
470 3531 509 3594 de
531 3530 703 3613 Baptismo‚
727 3531 812 3613 qued
833 3539 881 3594 est
935 3535 1004 3589 tum
1020 3526 1171 3598 remedia,
1186 3524 1309 3587 scilicet
1323 3522 1526 3586 circumcisio
1540 3529 1683 3604 tempore

132 3629 310 3712 spiritualis
335 3629 532 3710 regeneratio
555 3637 587 3692 et
607 3637 697 3712 porta
716 3629 798 3692 vitae.
820 3633 881 3691 Rs·
937 3626 1014 3706 legis
1030 3625 1182 3699 lloseicae,
1200 3631 1232 3686 et
1250 3623 1332 3685 fides
1353 3629 1521 3704 parentum
1539 3629 1683 3702 tempore

130 3731 262 3804 spondit
283 3731 388 3798 lesus,
411 3737 441 3788 et
460 3729 550 3788 droit
571 3729 602 3786 oi
617 3749 629 3788 .·
647 3731 764 3798 Amen,
786 3748 880 3788 omen
936 3725 1015 3805 legis
1036 3731 1167 3796 naturae,
1184 3730 1220 3785 ut
1239 3721 1329 3804 nugo
1350 3721 1389 3784 de
1410 3721 1439 3784 S.
1455 3720 1581 3784 Victore
1601 3719 1683 3781 libro

130 3829 201 3886 dico
226 3829 300 3888 tibi.
327 3825 495 3908 Repetitio,
521 3823 775 3888 confirmationis
800 3825 880 3888 iudi·
935 3824 975 3885 da
997 3821 1209 3886 Sacramentis
1232 3821 1357 3903 plenius
1379 3821 1479 3882 docet.

129 3923 215 3988 cium
240 3932 292 3988 est
315 3932 347 3987 et
371 3924 554 4007 provocatio
580 3924 786 3988 advertentiae
809 3925 880 3986 dili·
976 3923 1065 3984 Dicit
1084 3923 1128 3980 od
1146 3941 1219 3980 eum
1235 3922 1442 3990 Nicodamus,
1459 3937 1594 3999 arguens
1609 3936 1682 3981 con-

129 4024 242 4104 gentiS.
267 4025 346 4087 Nisi
369 4025 443 4103 quis
467 4032 566 4082 natus
582 4024 690 4099 suerit
709 4026 827 4094 denuc,
849 4023 880 4085 id
936 4028 983 4082 tre
1003 4019 1100 4082 verba
1121 4019 1249 4092 Christi,
1267 4038 1337 4100 quae
1359 4019 1440 4080 male
1462 4025 1557 4100 atquo
1577 4035 1683 4080 carna-

129 4130 176 4184 est
201 4129 419 4204 regeneratus,
445 4140 501 4184 seu
527 4139 585 4203 per
608 4120 807 4204 spiritualem
833 4139 880 4183 re·
937 4119 1008 4180 liter
1023 4118 1320 4181 intellexitldcirco
1335 4136 1394 4180 nec
1409 4117 1682 4199 intellexit‚quum

128 4221 368 4302 generationem
393 4221 527 4302 adeptus
550 4219 789 4302 supernaturale
812 4239 880 4282 esse
896 4217 920 4279 D
936 4237 1047 4280 verum
1074 4217 1115 4280 sit
1139 4217 1319 4279 intellectus
1343 4216 1526 4297 objectum;
1551 4216 1683 4278 Nicode-

129 4319 238 4402 gratiae
259 4325 293 4381 ct
311 4319 450 4382 caritatis
469 4337 506 4381 ac
525 4318 614 4392 fidei,
631 4339 697 4379 noo
713 4328 818 4396 potest
837 4321 880 4378 oi·
937 4337 1008 4380 mus
1035 4318 1121 4380 enim
1149 4318 1180 4378 in
1206 4318 1274 4398 lege
1301 4335 1364 4379 nou
1393 4317 1454 4379 fuit
1478 4326 1624 4380 assuetus
1649 4319 1681 4380 iu

129 4421 206 4478 dere
221 4417 326 4480 oculis
343 4418 457 4492 cordis,
473 4417 568 4492 clare,
585 4437 643 4499 per
662 4418 814 4500 speciem,
832 4439 880 4478 re·
936 4417 1158 4500 spiritualibus
1191 4417 1292 4480 medis
1325 4418 1486 4498 loquendi.
1521 4421 1682 4487 Quomodo

125 4537 229 4594 quum
250 4519 326 4586 Dei,
347 4516 446 4578 idest
467 4515 600 4598 patriam
623 4517 802 4589 Beatorum,
824 4535 880 4578 seu
932 4525 1036 4594 potest
1052 4517 1142 4576 homo
1158 4518 1250 4575 nasci
1267 4537 1368 4594 quum
1388 4519 1443 4586 sit,
1459 4515 1489 4578 id
1510 4523 1568 4590 est,
1585 4535 1683 4598 quen-

128 4615 228 4678 Deum
253 4622 439 4696 regnantem
462 4614 494 4676 in
517 4615 616 4678 coelis.
638 4615 759 4696 Nempe
779 4633 878 4696 quum
935 4615 976 4677 do
995 4621 1053 4686 est,
1070 4617 1193 4674 senes?
1212 4614 1354 4678 Christus
1376 4632 1440 4677 non
1461 4615 1541 4676 dixit
1559 4615 1682 4697 simpli-

128 4713 264 4776 ultimus
280 4713 357 4776 finis
372 4711 587 4786 hominis,seu
600 4721 717 4776 aeterua
731 4713 877 4787 felicitas,
935 4714 1025 4786 citer,
1042 4711 1108 4776 Nisi
1125 4711 1197 4794 quis
1213 4720 1305 4774 natus
1321 4712 1432 4792 luerit3
1449 4713 1515 4786 sed,
1527 4713 1593 4775 Nisi
1609 4713 1682 4795 quis

128 4831 198 4893 quaa
218 4819 268 4874 est
286 4810 370 4874 visio
389 4809 443 4874 Dei
465 4829 522 4892 per
543 4811 694 4892 speciem,
711 4811 752 4874 sit
771 4829 879 4892 super·
935 4820 1027 4875 natus
1052 4811 1151 4874 fuerit
1172 4811 1285 4874 denuo.
1309 4812 1438 4885 Verum,
1461 4812 1537 4894 quia
1559 4813 1680 4875 renasci

126 4910 295 4983 naturalis,
313 4909 420 4972 nullus
437 4909 593 4991 potestad
614 4927 683 4971 eam
699 4910 879 4990 pertingere
935 4910 1070 4973 includit
1094 4910 1192 4982 nasci,
1218 4918 1251 4972 et
1275 4911 1466 4972 Nicodamus
1496 4929 1558 4973 nen
1589 4911 1682 4974 scivit

128 5028 186 5091 per
208 5007 369 5071 naturalia
392 5026 483 5090 pura,
504 5008 560 5070 sed
584 5015 708 5089 oportet
733 5014 878 5069 naturam
934 5009 995 5070 nisi
1017 5027 1113 5070 unam
1134 5009 1343 5082 nativitatem,
1361 5009 1432 5072 ideo
1451 5009 1497 5071 sic
1521 5009 1679 5071 resumit:

126 5107 233 5187 juvari
264 5125 302 5169 ac
331 5105 445 5189 perfici
475 5125 532 5188 per
561 5105 736 5179 caritatem,
766 5105 877 5180 fidem,
933 5107 1095 5180 Quomodo
1116 5116 1219 5189 potest
1239 5108 1334 5170 homo
1355 5108 1440 5170 nasei
1462 5127 1562 5190 quum
1578 5107 1619 5169 sit
1634 5127 1680 5170 se-

127 5224 163 5266 ac
188 5214 297 5270 εεῑεεε
317 5206 399 5267 dona
421 5205 559 5287 Spiritus
583 5205 698 5268 Sancti.
721 5205 876 5287 Denique,
933 5209 1013 5267 next
1028 5205 1115 5279 Quod
1131 5225 1194 5268 non
1210 5214 1258 5268 cst
1274 5206 1515 5286 intelligendum
1531 5206 1621 5288 quasi
1637 5225 1681 5267 se-

128 5304 212 5366 sicut
236 5303 335 5368 homo
358 5301 477 5366 dicitur
500 5302 606 5385 primo
628 5303 727 5378 nasci,
750 5304 878 5386 quaudo
934 5303 1075 5366 cundum
1097 5304 1306 5367 intentionem
1326 5303 1489 5367 Nicodemi
1506 5304 1610 5366 infans
1626 5312 1680 5366 aut
