4288 6264
536 518 569 564 m
589 517 640 564 nrr
661 515 777 564 saucro
798 517 1015 566 rrmncosrns,
1038 535 1075 548 -
1098 519 1196 566 suano
1216 521 1353 577 ouaarns
1679 504 1719 568 85

170 689 350 766 leunensis,
363 690 454 774 ponit
467 689 500 754 in
515 708 661 754 sermone
677 691 716 754 de
731 691 920 755 solennitate
934 689 961 754 Α
975 692 1060 775 quod
1075 691 1205 756 bomine
1220 691 1356 756 faciente
1371 693 1456 775 quod
1472 691 1504 754 in
1520 711 1554 755 se
1569 699 1627 766 est,
1637 692 1720 756 Dens

173 790 243 865 bac,
262 790 358 852 etiam
376 789 437 853 tria
456 790 546 871 signa
563 790 702 853 caritatis
723 798 755 853 et
775 790 920 871 gratiosa
975 791 1107 872 gratiam
1130 807 1204 854 mox
1226 791 1367 873 largitur.

172 887 350 971 presentie
383 887 520 971 Spiritus
551 888 667 951 Sancti,
697 889 838 952 Primum
872 897 921 951 est
1015 888 1109 951 Aliud
1136 889 1263 971 siguum
1288 896 1347 966 est,
1370 889 1397 952 si
1418 890 1515 953 bomo
1538 889 1615 964 odit,
1637 889 1722 952 dete·

171 986 367 1049 abundantia
382 986 602 1066 lacrimarum3
619 987 922 1061 secundumdimis-
975 994 1127 1050 staturae
1142 987 1225 1070 iugit
1240 1007 1334 1051 omne
1354 996 1521 1071 peccatum
1538 988 1669 1051 mortale
1683 1007 1722 1050 ex

172 1085 220 1148 sio
249 1083 460 1165 injuriarum;
490 1085 619 1147 tertium
649 1093 698 1146 est
725 1084 919 1148 desiderium
975 1085 1043 1148 zelo
1059 1087 1202 1168 justitiae,
1220 1087 1251 1149 in
1272 1095 1426 1169 quantum
1448 1094 1497 1150 est
1515 1087 1569 1150 Dei
1592 1085 1722 1149 cilensi-

172 1201 395 1266 supernorum.
413 1183 487 1257 Ouae
508 1183 598 1265 signa
616 1201 680 1246 non
699 1183 849 1246 videntur
867 1183 920 1245 tri·
975 1205 1063 1260 vum,
1075 1194 1107 1248 et
1121 1202 1185 1247 non
1200 1203 1238 1248 ex
1254 1185 1322 1248 solo
1336 1184 1444 1247 servili
1461 1185 1585 1258 timore,
1599 1185 1659 1246 hoc
1675 1190 1723 1246 est

173 1282 233 1344 bus
259 1281 398 1364 praelatis
422 1282 521 1363 signis
545 1283 690 1356 certiora,
708 1290 802 1364 prout
826 1281 920 1344 iacile
975 1302 1039 1347 non
1055 1284 1158 1347 solum
1179 1301 1237 1345 nec
1258 1282 1479 1366 principaliter
1497 1302 1535 1345 ex
1550 1281 1722 1345 tormidine

174 1387 282 1463 posset
297 1378 434 1462 probari,
452 1381 628 1463 presertim
645 1398 744 1462 quum
761 1380 853 1442 multi
868 1399 920 1442 ve·
975 1382 1187 1446 damnationis
1202 1399 1239 1444 ao
1259 1399 1370 1464 poenae.
1388 1382 1452 1445 Nec
1467 1381 1536 1444 sine
1556 1380 1616 1444 isto
1630 1378 1721 1444 sulli-

173 1497 207 1541 re
221 1477 337 1552 devoti,
345 1479 523 1560 corporales
538 1478 655 1542 habere
670 1479 723 1540 vix
738 1478 864 1540 valeant
879 1478 920 1541 la·
975 1481 1018 1544 cit
1041 1481 1182 1563 primum
1202 1480 1330 1561 signum
1347 1479 1436 1543 :imo
1455 1497 1514 1542 nec
1533 1479 1649 1562 aliquis
1671 1501 1722 1546 ve·

173 1578 301 1651 crimes,
318 1595 396 1659 quas
415 1576 586 1658 aliquando
604 1575 722 1638 babent
742 1576 795 1658 qui
814 1583 919 1639 tamen
975 1579 1091 1642 raciter
1118 1578 1252 1660 poenitet
1280 1578 1319 1640 de
1347 1578 1497 1661 peccatis,
1525 1597 1584 1640 nec
1613 1597 1721 1643 veram

173 1693 269 1738 omne
285 1675 417 1738 mortale
434 1683 599 1757 peccatum
615 1675 760 1738 deserere
775 1693 839 1737 non
854 1693 922 1757 pro
975 1679 1231 1741 emendationem
1252 1677 1411 1759 proponit,
1428 1677 1581 1759 quamdiu
1601 1697 1639 1740 ex
1655 1679 1722 1743 solo

174 1781 307 1856 ponunt.
327 1773 452 1836 Balaam
477 1791 605 1855 quoque
624 1772 815 1835 desideravit
840 1774 919 1836 mori
975 1777 1084 1839 servili
1101 1776 1133 1838 id
1148 1776 1213 1858 agit
1227 1775 1350 1838 timore.
1369 1775 1523 1839 Disoutiat
1537 1794 1612 1857 ergo
1625 1777 1722 1841 bomo

52 1893 56 1902 ·
175 1879 276 1934 morte
294 1872 453 1952 justorum
472 1889 479 1932 :
497 1889 555 1933 nec
575 1879 681 1932 tamen
701 1870 856 1933 ueraciter
870 1871 920 1951 ju·
935 1869 958 1931 B
976 1893 1009 1936 se
1025 1875 1143 1956 ipsum,
1160 1893 1198 1936 an
1216 1892 1254 1935 ex
1270 1873 1365 1935 corde
1384 1873 1480 1948 odiat,
1497 1873 1671 1937 detestetur
1685 1893 1723 1937 ac

172 1978 241 2032 stus
265 1968 337 2042 luit,
364 1970 418 2031 sed
443 1969 572 2051 impius.
597 1969 676 2031 Sunt
701 1969 807 2050 itaque
831 1969 921 2049 signa
975 1972 1077 2053 lugiet
1098 1971 1294 2055 superbiam,
1312 1972 1465 2046 acediam,
1487 1972 1652 2047 invidiam,
1668 1993 1723 2055 gu·

172 2069 236 2131 alia
258 2068 402 2131 certiora.
976 2071 1050 2145 lam,
1067 2069 1243 2143 avaritiam,
1264 2070 1355 2145 iram,
1377 2069 1547 2144 luxuriam,
1568 2078 1600 2134 et
1620 2080 1723 2136 cetera

213 2169 301 2230 Unde
317 2166 371 2249 qui
389 2165 569 2229 cordialiter
584 2165 672 2248 cupit
692 2183 862 2247 agnoscere
880 2185 919 2228 an
975 2177 1104 2253 peccata
1128 2168 1287 2248 mortalia3
1303 2187 1343 2230 an
1367 2167 1462 2230 etiam
1484 2167 1617 2232 virtutes
1637 2170 1723 2233 vitiis

171 2266 261 2328 sitin
278 2265 407 2328 caritate
421 2272 452 2326 et
467 2265 577 2346 gratia,
594 2265 640 2326 sic
660 2264 834 2346 procedat:
852 2264 920 2328 loco
976 2269 1044 2330 istis
1060 2267 1233 2330 contrarias
1252 2265 1434 2329 cordialiter
1453 2273 1537 2328 amet
1552 2275 1584 2329 et
1597 2267 1721 2343 babeat,

171 2371 203 2426 et
223 2372 366 2445 tempore
385 2369 566 2445 opportuno
585 2362 753 2444 vigilanter
771 2362 921 2424 discutiat
975 2374 1052 2450 puta
1070 2364 1296 2438 humilitatem,
1314 2364 1488 2438 caritatem,
1506 2368 1722 2429 mansuetudi-

170 2463 399 2525 conscientiam
415 2481 517 2534 suam,
534 2469 566 2523 ct
581 2461 677 2523 vitam
695 2479 784 2523 suam
801 2469 919 2524 scrute-
976 2484 1061 2538 nem,
1084 2463 1298 2536 sobrietatem,
1322 2463 1562 2539 continentiam,
1585 2464 1723 2528 liberali-

172 2570 235 2634 tur,
252 2579 292 2622 an
308 2558 370 2622 sibi
385 2560 424 2621 de
444 2559 551 2642 aliqua
570 2559 694 2622 mortali
715 2559 756 2621 sit
773 2559 920 2621 conscius
975 2572 1072 2626 tatem
1094 2570 1126 2624 et
1147 2561 1359 2635 devotionem,
1377 2561 1408 2622 id
1431 2569 1478 2623 est
1501 2562 1723 2645 promptitudi-

171 2658 279 2741 culpa,
305 2657 344 2720 de
368 2676 431 2739 qua
453 2673 516 2720 non
541 2657 727 2740 poenituerit
750 2657 921 2720 contessio—
976 2681 1048 2725 nem
1065 2660 1162 2722 animi
1177 2660 1215 2722 ad
1232 2678 1267 2722 ea
1283 2678 1351 2740 qum
1366 2666 1440 2721 sunt
1454 2659 1554 2722 divini
1569 2660 1723 2743 obsequii.

172 2775 313 2838 nemque
333 2755 445 2818 iecerit
464 2764 496 2817 et
515 2755 722 2834 satisfecerit3
738 2764 771 2818 et
789 2756 814 2818 si
836 2756 921 2818 inve·
1016 2759 1156 2821 Tertium
1182 2756 1310 2838 signum
1335 2763 1393 2830 est,
1411 2765 1558 2839 prompte
1582 2766 1613 2820 et
1638 2759 1723 2822 dele-

172 2855 259 2918 nerit
273 2873 307 2917 se
327 2854 360 2916 in
379 2854 487 2936 aliquo
506 2853 561 2915 tali
582 2871 671 2916 reum
690 2860 830 2936 peccato,
848 2873 921 2918 mox
976 2857 1135 2920 ctabiliter
1150 2854 1284 2936 implere
1302 2861 1470 2937 precepta,
1486 2856 1610 2918 actibus
1625 2857 1724 2919 virtu-

171 2953 278 3017 doleat
291 2953 382 3034 juxta
396 2970 579 3015 mensuram
594 2951 757 3026 delicti,et
774 2952 921 3015 coniiteri
977 2964 1045 3018 tum
1070 2953 1227 3026 insistere,
1253 2961 1285 3014 et
1314 2953 1347 3014 in
1376 2952 1574 3016 orationibus
1603 2955 1724 3038 Deique

172 3071 210 3114 ac
226 3050 408 3114 satisfacere
423 3069 520 3133 seque
537 3051 569 3113 in
584 3049 733 3113 omuibus
751 3051 957 3115 emendaret}
978 3052 1125 3116 laudibus
1149 3051 1288 3113 libenter
1310 3069 1344 3113 se
1368 3069 1541 3133 occupare3
1563 3053 1651 3126 item,
1672 3054 1725 3116 ba·

173 3150 296 3231 absque
324 3149 476 3211 dilatione
500 3156 665 3230 proponat.
692 3149 754 3211 lsto
780 3157 919 3231 peracto,
976 3152 1053 3214 bere
1069 3149 1239 3212 cordialem
1255 3147 1408 3210 allectum
1430 3149 1603 3212 inhaerendi
1619 3151 1723 3214 Domi-

174 3248 317 3311 coniidat
332 3266 365 3309 se
385 3264 454 3308 esse
475 3246 507 3308 in
527 3247 656 3308 caritate
675 3252 707 3309 et
721 3249 830 3328 gratia,
846 3247 921 3329 quia
976 3269 1017 3312 no
1037 3250 1101 3311 Deo
1120 3255 1152 3310 et
1171 3246 1345 3309 honorandi
1367 3265 1439 3308 eum
1462 3247 1493 3308 in
1514 3247 1675 3322 omnibus,
1693 3258 1725 3312 et

71 3385 136 3414 aec.
175 3355 211 3410 ut
231 3365 288 3428 per
307 3344 505 3408 Ezechielem
525 3345 608 3407 Deus
629 3344 752 3408 locutus
772 3353 921 3426 est,qua·
976 3349 1089 3411 timere
1110 3345 1268 3409 offensam
1291 3343 1523 3426 ipsius3atque
1545 3345 1584 3409 de
1609 3348 1726 3431 imper·

25 3438 96 3484 “⁸¹¹²
113 3438 134 3485 ’²
153 3467 158 3476 ·
174 3461 314 3526 cumque
335 3443 412 3505 bora
431 3442 538 3505 taliter
561 3442 741 3524 ingemiscit
764 3451 919 3525 peccator,
977 3444 1171 3509 lectionibus
1200 3451 1232 3506 et
1259 3441 1556 3506 defectuositatibus
1585 3445 1724 3528 propriis

173 3543 321 3607 omnium
342 3541 546 3622 iniquitatum
566 3541 636 3622 ejus
651 3557 714 3602 non
734 3541 922 3604 memorabi-
978 3543 1120 3627 quotidie
1135 3541 1326 3615 contristari,
1343 3548 1374 3602 et
1388 3540 1447 3602 nili
1462 3541 1501 3602 ad
1520 3542 1651 3605 meliora
1667 3561 1725 3625 pro

173 3651 227 3704 tur
250 3639 398 3723 amplius.
416 3639 559 3720 Denique
584 3639 616 3700 in
642 3638 723 3701 libro
746 3638 804 3701 lob
828 3639 922 3701 habe·
978 3659 1089 3725 posse;
1110 3641 1165 3702 Dei
1189 3657 1316 3721 quoque
1337 3639 1494 3701 auxilium
1518 3638 1659 3702 fideliter
1680 3641 1725 3703 in-

52 3783 60 3804 s
174 3749 228 3803 tur
259 3757 265 3801 :
296 3739 328 3801 Si
360 3737 511 3800 direxerit
541 3737 636 3800 lromo
667 3737 705 3799 ad
737 3738 836 3800 Deum
868 3755 923 3800 cor
977 3759 1101 3814 vocare,
1119 3746 1150 3801 et
1170 3738 1203 3800 in
1227 3738 1296 3820 ipso
1315 3756 1405 3819 spem
1426 3736 1538 3819 ligere,
1555 3755 1649 3800 omne
1671 3738 1726 3802 bc
1783 3805 1786 3808 ,

52 3865 56 3872 ·
174 3857 281 3912 suum,
299 3837 448 3918 spiritum
469 3835 555 3900 illius
575 3845 606 3898 et
623 3835 736 3898 ilatum
756 3837 844 3898 adse
863 3844 922 3897 tra·
978 3859 1056 3901 num
1076 3839 1106 3900 ei
1126 3835 1325 3914 adscribere3
1341 3837 1487 3898 omnium
1504 3836 1638 3899 salutem
1655 3837 1726 3900 inti-

45 4743 92 4784 Jrr.

26 4810 58 4848 ΞΙ.

174 3938 239 4000 het.
258 3935 317 3998 Sed
341 3935 396 4017 qui
419 3934 462 3996 ita
484 3933 710 3996 conscientiam
735 3953 824 3996 suam
850 3953 922 3997 exa·
979 3956 1029 3998 me
1051 3935 1212 4007 allectam,
1229 3934 1350 3996 bonum
1372 3951 1542 3996 commune
1565 3943 1723 4017 appetere,

175 4036 277 4099 minat
291 4041 322 4096 et
337 4033 375 4096 de
391 4032 478 4095 vitiis
492 4033 558 4094 suis
574 4033 666 4106 dolet,
679 4033 921 4108 contessionem,
979 4036 1074 4117 idque
1097 4033 1298 4116 potissimum
1321 4033 1501 4096 desiderare
1524 4039 1559 4094 ut
1581 4034 1662 4095 [leurs
1684 4033 1724 4096 ab

173 4133 424 4199 satisfactionem
441 4131 753 4214 emendationemque
770 4134 923 4215 integram
978 4133 1128 4196 omnibus
1157 4132 1349 4210 honoretur3
1375 4131 1468 4193 etde
1493 4131 1723 4214 temporalibus

174 4232 307 4296 indilate
331 4249 523 4315 proponens,
546 4238 577 4293 et
601 4231 732 4313 exsequi
757 4232 920 4308 inchoans,
937 4233 962 4295 D
978 4233 1073 4294 rebus
1096 4249 1158 4294 uon
1179 4230 1317 4311 amplius
1334 4248 1451 4311 cupere
1470 4249 1565 4311 quam
1583 4250 1724 4293 necessa-

173 4332 284 4415 dirigit
298 4349 459 4394 corsuum
476 4331 514 4392 ad
531 4332 630 4394 Deum
649 4348 655 4392 :
673 4349 747 4412 ergo
763 4333 845 4394 [leus
861 4333 922 4414 spi·
978 4333 1061 4393 rium
1078 4338 1109 4393 et
1125 4330 1201 4392 utile
1217 4337 1275 4402 est,
1290 4329 1381 4408 juxta
1396 4329 1586 4408 exigentiam
1602 4329 1723 4410 proprii

174 4433 273 4493 ritum
289 4430 360 4510 ejus
375 4428 520 4510 protinus
540 4429 578 4490 ad
599 4447 632 4492 se
647 4429 750 4491 trahet
771 4449 826 4511 per
843 4431 922 4492 cari·
979 4439 1088 4503 status,
1105 4429 1143 4491 ad
1159 4427 1356 4509 spiritualem
1374 4426 1551 4508 proiectum
1569 4435 1599 4489 et
1615 4429 1653 4490 ad
1669 4427 1723 4490 Dei

174 4539 271 4592 tatem
287 4536 319 4591 et
334 4527 476 4608 gratiam.
493 4527 541 4589 Ad
555 4528 615 4591 boc
635 4528 835 4611 probandum
851 4548 921 4611 pos·
978 4529 1177 4611 obsequium.

174 4636 246 4691 sent
262 4627 369 4690 multae
384 4626 586 4689 auctoritates
606 4627 777 4709 Scriptura
796 4628 920 4701 adduci,
1019 4629 1079 4689 lstn
1100 4627 1247 4688 videntur
1262 4625 1399 4686 multum
1419 4623 1596 4707 probabilia
1616 4626 1727 4688 carita·

109 4756 160 4792 m.
177 4735 212 4789 ut
228 4727 307 4788 illud
320 4725 563 4798 Jeremiae:Quis
578 4733 626 4787 est
642 4726 700 4787 iste
715 4727 770 4807 qui
783 4727 924 4808 applicet
979 4728 1019 4789 tis
1040 4733 1071 4788 et
1090 4725 1197 4806 gratiae
1217 4725 1317 4806 sigua,
1335 4723 1511 4806 presertim
1534 4725 1610 4786 durn
1632 4725 1727 4787 horno

176 4843 346 4887 corsuum
371 4831 405 4886 ut
426 4823 661 4906 appropinquet
687 4823 784 4886 mihil
799 4825 844 4886 ait
865 4826 922 4887 llo-
980 4832 1110 4906 repente
1135 4830 1167 4885 et
1189 4823 1280 4904 quasi
1306 4823 1468 4904 inopinate
1498 4829 1529 4884 et
1553 4823 1657 4885 valide
1683 4824 1728 4883 in·

33 4940 159 4990 uacuas.
176 4924 302 5001 minus;
327 4930 359 4984 et
383 4921 463 4983 illud
484 4921 640 4984 Zachariae
664 4939 671 4983 ε
693 4921 923 4986 convertimini
980 4923 1174 4994 flammatur,
1192 4919 1427 5002 compungitur,
1445 4920 1478 4982 in
1500 4921 1613 4983 fletum
1634 4918 1727 4982 resol-

175 5023 215 5086 ad
232 5041 294 5094 me,
311 5028 342 5082 et
357 5027 524 5082 convertar
539 5021 577 5082 ad
595 5039 659 5094 vos,
676 5020 753 5081 dicit
771 5021 924 5083 [lominus
980 5022 1075 5093 vitur,
1094 5021 1136 5082 ita
1151 5020 1235 5102 quod
1257 5025 1340 5081 totus
1355 5019 1393 5081 ad
1414 5020 1514 5082 Deum
1534 5019 1676 5081 allicitur
1696 5025 1727 5080 et

175 5119 393 5196 exercituum;
410 5125 441 5179 et
463 5118 547 5199 qnod
566 5118 700 5180 Jacobus
722 5118 834 5180 scribit
853 5137 925 5200 apo·
981 5127 1094 5181 cuncta
1110 5118 1248 5181 carnalia
1268 5137 1304 5180 ac
1323 5117 1509 5199 temporalia
1528 5125 1725 5198 aspernatur,

27 5235 160 5286 ruamus.
176 5215 277 5282 stolus
295 5233 302 5278 ε
320 5215 581 5298 Appropiuquate
602 5215 676 5289 Deo,
700 5224 730 5278 et
754 5218 924 5299 appropiu-
982 5237 1040 5279 nec
1056 5217 1140 5278 aliud
1158 5217 1272 5298 quaerit
1286 5216 1347 5278 nisi
1365 5217 1428 5278 [loo
1444 5216 1578 5296 placere,
1595 5223 1726 5297 oratque

177 5315 291 5399 quabit
313 5315 414 5378 vobis.
443 5314 530 5378 L'nde
559 5316 772 5377 communiter
796 5316 923 5390 dicitur,
982 5335 1056 5377 eum
1073 5315 1192 5378 intente
1209 5323 1243 5376 ut
1258 5334 1291 5377 se
1308 5313 1554 5376 misericorditer
1567 5313 1668 5394 juvet,
1685 5312 1728 5373 di·
