4206 6258
536 1037 807 1160 INDEX
862 1035 1354 1160 GENERALIS

268 1678 415 1728 nornmcs
431 1678 554 1734 oneum
571 1676 645 1724 eosr
661 1677 792 1724 essone.
1220 1673 1263 1728 td
1282 1672 1441 1746 religiosos.

155 1841 310 1898 Enarmtio
324 1841 355 1898 in
367 1841 635 1914 epistolam:0mne
644 1839 835 1912 datumopti-
959 1839 1060 1896 Sermo
1076 1841 1119 1896 lv,
1136 1841 1174 1898 lle
1193 1839 1398 1901 reformatione
1415 1849 1444 1901 et
1463 1844 1635 1902 moderatio·

192 1947 272 1988 mum
284 1938 313 1987 et
327 1947 411 1988 omne
424 1931 535 1988 donum
545 1930 713 2001 perfectum
730 1929 834 1984 desur-
995 1945 1030 1985 ne
1048 1929 1156 2002 linguae
1159 1975 1633 1992 ...........
1672 1935 1707 1990 38

192 2037 258 2078 sum
271 2027 325 2078 est.
340 2021 436 2078 Jacob.
454 2039 470 2086 ι,
488 2021 565 2074 17-21
593 2062 831 2074 ......
890 2018 904 2073 l
959 2017 1061 2074 Sermo
1076 2019 1107 2073 V.
1125 2018 1163 2076 lle
1183 2020 1323 2077 orationis
1342 2023 1511 2081 necessitate
1531 2041 1564 2080 ac
1581 2023 1636 2080 nti·

155 2115 260 2169 Sermo
276 2112 294 2167 l.
311 2111 351 2168 Dc
365 2108 541 2166 testimoniis
559 2107 609 2164 llei
629 2110 657 2164 et
673 2107 834 2180 praeceptis,
995 2105 1083 2170 litate,
1095 2107 1118 2162 si
1135 2109 1229 2165 debite
1245 2109 1295 2165 fiet
1297 2153 1633 2168 ........
1672 2112 1705 2169 ll

191 2199 399 2274 auditioneqne
417 2199 497 2256 rerbi
517 2197 566 2254 Dei
596 2240 834 2254 ......
888 2196 907 2251 l
959 2195 1061 2251 Sermo
1087 2197 1132 2253 Vl.
1148 2198 1186 2254 lte
1210 2198 1356 2266 oratione;
1376 2203 1405 2256 ct
1427 2203 1574 2273 quomodo
1599 2202 1636 2258 ed

154 2289 309 2346 Enarretio
334 2289 364 2344 in
383 2287 590 2360 evangelium:
614 2287 691 2343 l'ado
711 2286 753 2342 ad
770 2301 836 2341 eum
995 2301 1060 2342 eam
1093 2287 1260 2359 requiratur
1291 2289 1413 2346 actualis
1446 2289 1578 2358 intentio,
1607 2295 1636 2349 ct

191 2377 246 2450 qui
260 2393 306 2432 me
324 2375 418 2432 misit.
433 2376 535 2431 toann.
552 2391 605 2442 ru,
621 2375 693 2428 5-15.
734 2417 740 2429 .
780 2417 786 2428 .
827 2417 833 2428 .
890 2373 906 2427 'l
996 2375 1120 2448 qualiter
1140 2375 1190 2432 liet
1211 2378 1247 2432 ad
1268 2377 1486 2450 impetrandum
1512 2379 1634 2448 idonea;

155 2467 259 2523 Sermo
279 2468 312 2522 ll.
330 2465 368 2524 lle
383 2464 602 2538 impedimentis
616 2463 722 2536 quibus
742 2462 835 2518 lromi-
995 2467 1024 2521 et
1042 2480 1080 2520 an
1100 2466 1203 2522 debent
1221 2482 1282 2523 esse
1303 2466 1443 2525 diuturna
1460 2470 1488 2524 et
1504 2467 1636 2540 pluribus

192 2571 244 2612 nes
257 2554 459 2628 impediuntur
476 2571 494 2611 s
509 2552 691 2626 susceptione
711 2551 836 2626 Spiritus
996 2556 1080 2610 utens
1098 2555 1194 2611 verbis
1206 2598 1633 2615 ..........
1672 2559 1708 2615 ll

192 2645 291 2702 Sancti
313 2685 832 2702 ............
873 2641 904 2695 ll

157 2735 260 2791 Sermo
276 2734 321 2790 lll.
338 2733 467 2800 Qualiter
486 2731 604 2797 invidis,
625 2731 750 2798 luxuria,
768 2748 835 2787 ssa·
1024 2756 1172 2804 Dofflmcp
1194 2757 1268 2802 9031
1288 2758 1500 2805 Ascgpsmffl
1523 2759 1640 2806 „om

192 2821 271 2890 ritis,
287 2825 439 2896 ceteraque
459 2819 594 2877 mortalis
613 2823 730 2892 peccate
745 2819 835 2892 impe·

192 2911 276 2968 dient
291 2910 468 2968 infusionem
484 2926 518 2967 ac
532 2910 636 2966 tollant
650 2907 835 2964 inhabitatio·
960 2917 1111 2975 Engrpgtio
1126 2917 1155 2972 in
1171 2917 1324 2990 epistolam
1334 2934 1340 2974 ς
1349 2919 1452 2976 Estote
1457 2921 1635 2991 prudentes,

193 3017 262 3058 nem
277 3001 401 3074 Spiritus
416 3001 514 3057 Sancti
548 3042 833 3056 .......
873 2998 907 3054 Η
994 3013 1023 3062 et
1033 3007 1161 3079 vigitate
1171 3009 1204 3063 in
1215 3008 1635 3075 orationibuslPetr.rui-ll.
1673 3011 1709 3066 ⁴8

960 3096 1062 3153 Sermo
1082 3098 1101 3152 l.
1123 3097 1161 3154 De
1185 3098 1349 3170 prudentie,
1371 3099 1553 3166 discretione,
1574 3117 1637 3157 ors-

540 3253 546 3264 ,
668 3251 673 3262 ,
768 3249 773 3260 ,
995 3185 1083 3253 tione,
1099 3187 1218 3245 caritate
1238 3191 1266 3245 et
1284 3187 1487 3262 hospitalitate,
1504 3189 1639 3247 Christis·

158 3255 262 3310 Sermo
282 3253 326 3308 lV.
343 3253 383 3309 lle
397 3252 575 3319 excellentie,
592 3249 794 3308 munificentia
807 3252 836 3306 et
995 3291 1033 3332 no
1048 3277 1218 3333 necessariis
1255 3322 1634 3336 ·········
1673 3279 1709 3335 50

191 3340 342 3398 effectibus
354 3341 404 3398 Dei
408 3382 831 3396 ··········
873 3338 906 3393 Π
959 3365 1110 3422 Enarrntio

155 3431 260 3487 Sermo
273 3431 306 3486 V.
323 3431 362 3487 De
381 3429 581 3487 moderamine
596 3428 627 3485 in
647 3428 792 3502 loquendo
806 3429 835 3482 ct
994 3456 1183 3522 paracletus,
1199 3473 1285 3530 quem
1303 3473 1356 3528 090
1374 3459 1493 3516 minam
1511 3459 1596 3516 vobis
1618 3476 1638 3515 a

191 3518 392 3620 obsefftliotle
407 3519 514 3620 Silentii
595 3560 832 3575 ······
872 3516 906 3572 ¹9
993 3545 1097 3610 Patre,
1112 3547 1266 3618 Spiritum
1289 3547 1441 3610 veritatis,
1463 3551 1517 3604 etc.
1532 3548 1634 3604 toann.

155 3608 259 3664 Sermo
280 3609 324 3664 ll.
345 3609 474 3674 Qualiter
492 3609 617 3680 Spiritus
636 3609 759 3664 Sanctus
783 3623 834 3679 per
995 3634 1162 3700 mest-13
1179 3653 1232 3702 κῃ]
1249 3635 1306 3691 14,
1348 3679 1354 3690 ,
1396 3677 1402 3690 ‚
1442 3680 1448 3693 ,
1489 3681 1494 3692 ,
1536 3682 1541 3692 ,
1582 3681 1587 3694 ,
1630 3681 1635 3694 ,
1673 3638 1709 3694 53

191 3700 288 3769 patres
302 3697 400 3770 arguit
415 3697 594 3771 negligentes
608 3696 786 3770 religiosos·
826 3739 832 3752 ·
871 3695 904 3750 ²¹
959 3723 1061 3779 Sermo
1084 3723 1117 3779 ll.
1133 3723 1173 3780 De
1196 3723 1378 3797 argumentis
1403 3725 1636 3799 testimoniisque

994 3811 1061 3869 tidei
1076 3811 1242 3870 christiana
1255 3855 1635 3875 .........
1673 3819 1708 3875 55

266 3902 415 3950 nouimus
437 3903 549 3958 0U¹NTA
571 3902 644 3949 POST
665 3903 794 3948 PASCUA·
959 3902 1061 3958 Sermo
1076 3902 1122 3958 lll.
1137 3903 1177 3961 lle
1197 3903 1264 3962 iidei
1284 3903 1404 3962 veritate
1423 3907 1452 3961 et
1470 3903 1533 3978 lege
1551 3922 1638 3964 ernn-

996 3991 1088 4064 gelice
1114 4035 1635 4056 ............
1674 3998 1710 4054 58

420 3137 463 3190 ld
483 3135 642 3208 religiosos.

1132 3365 1163 3422 in
1183 3367 1365 3440 evangelium
1382 3383 1389 3423 ε
1406 3369 1502 3436 Quum
1521 3370 1637 3426 venerit

155 4064 309 4124 Enerratio
331 4065 361 4123 in
381 4065 534 4138 epistolam
555 4081 562 4122 :
582 4065 684 4121 Estote
702 4064 835 4136 factores
1328 4129 1334 4142 ,
1358 4129 1365 4142 ,

191 4155 290 4222 verbi,
309 4161 338 4212 et
361 4172 422 4212 oon
445 4155 602 4212 auditores
625 4161 753 4220 tantum,
773 4155 835 4230 sat·
874 4219 876 4226 ¹
1220 4130 1265 4185 Ad
1283 4129 1442 4202 f⁹¹¹8¹⁰⁸⁰⁵·

191 4245 286 4303 lentes
304 4247 506 4319 semetipsos.
526 4245 622 4302 Jacob.
644 4265 660 4311 t,
680 4245 785 4300 22-27.
826 4288 832 4301 .
871 4247 906 4302 25
960 4246 1061 4302 Sermo
1080 4245 1124 4300 lv.
1141 4246 1180 4302 lle
1199 4246 1363 4318 prudentia,
1379 4251 1407 4303 et
1425 4263 1491 4321 qum
1510 4249 1548 4304 ad
1571 4265 1636 4306 eam

154 4337 260 4394 Sermo
275 4336 294 4391 l.
308 4336 347 4393 De
362 4335 424 4408 lege
441 4334 547 4392 Christi
567 4335 717 4402 servanda,
733 4334 835 4408 lingue
996 4334 1158 4390 necessaria
1171 4333 1362 4406 requiruntur
1397 4379 1635 4396 ......
1674 4337 1710 4398 eo

191 4424 364 4493 cohibendo,
380 4429 409 4482 ct
422 4425 540 4484 caritate
560 4424 702 4497 proximis
719 4424 835 4498 impen·
960 4427 1061 4484 Sermo
1076 4425 1108 4480 V.
1125 4425 1163 4482 De
1178 4425 1324 4499 mysteriis
1339 4427 1507 4484 christiana
1522 4429 1598 4498 fidei,
1610 4432 1639 4486 et

192 4516 291 4573 dende
315 4558 833 4574 ............
871 4515 906 4570 tl
996 4513 1066 4589 qnid
1081 4516 1183 4573 eadem
1197 4516 1312 4588 operari
1331 4517 1363 4574 in
1377 4516 1453 4574 veris
1472 4519 1576 4576 debeat
1593 4537 1637 4579 re-

155 4607 309 4666 lineri-atio
332 4607 363 4664 in
386 4607 570 4681 evangelium
592 4623 599 4664 ε
623 4609 726 4672 Amen,
750 4623 836 4664 ornere
996 4605 1108 4679 ligiosis
1119 4651 1637 4668 ............
1675 4613 1710 4669 63

192 4700 262 4757 dico
281 4700 376 4767 vobis,
396 4701 425 4755 si
446 4699 522 4772 qnid
537 4701 694 4771 petieritis
714 4700 836 4757 Patrem
960 4695 1062 4754 Sermo
1085 4697 1130 4754 Vl.
1156 4699 1194 4754 De
1219 4697 1349 4755 oratione
1372 4701 1401 4755 et
1424 4697 1575 4758 devotione
1601 4701 1638 4758 ad

192 4794 228 4848 in
242 4792 362 4848 nomine
375 4807 449 4856 neco,
460 4791 548 4848 dabit
562 4790 655 4848 vobis.
666 4790 769 4848 toonn.
781 4808 834 4860 rvr,
996 4787 1272 4859 contemplationem
1297 4787 1509 4862 mysticamque
1532 4789 1641 4849 theolo-

191 4881 275 4940 2330
313 4923 833 4940 ............
871 4881 907 4939 30
997 4876 1076 4949 giam
1091 4877 1253 4950 pertinente
1257 4921 1637 4941 .........
1676 4883 1712 4940 65

156 4975 258 5031 Sermo
273 4973 306 5030 ll.
322 4973 453 5038 Qualiter
466 4973 646 5030 invocandus
660 4973 698 5029 sit
710 4973 836 5040 [lenset

193 5066 229 5122 de
244 5067 350 5140 pietate
364 5082 398 5124 ⁸0
417 5065 560 5138 immitte
579 5065 643 5138 ejus
661 5065 698 5120 ad
715 5063 835 5122 exaudi-
1096 5084 1128 5130 m
1148 5085 1199 5130 mn
1221 5083 1337 5131 seuero
1358 5084 1578 5132 rnurncosrns.

191 5159 303 5216 endum
317 5201 834 5216 ............
874 5157 909 5212 33

156 5249 259 5306 Sermo
275 5249 321 5304 lll.
339 5248 378 5306 Dc
398 5248 483 5320 pleno
503 5247 610 5321 gaudio
625 5248 790 5313 Bestorum,
808 5249 837 5304 et
963 5247 1114 5304 Enarretio
1129 5246 1158 5302 in
1177 5245 1329 5318 epistolam
1347 5247 1445 5302 :Dum
1459 5233 1640 5319 compleren-

193 5336 471 5410 demediisquibus
489 5335 795 5410 pervenituradillud
826 5381 831 5394 .
872 5337 906 5393 36
999 5344 1049 5392 tur
1068 5339 1134 5393 dies
1152 5337 1347 5400 Pentecostes,
1368 5339 1499 5393 etctct.
1522 5356 1548 5401 o,
1566 5339 1638 5395 l-ll.
1676 5341 1712 5396 68

282 5455 314 5504 T.
334 5455 374 5504 30.
1552 5455 1584 5504 lt
