4140 6258
446 435 507 499 368
545 447 549 454 ·
804 453 953 502 uonmrca
974 453 1008 499 xr
1028 452 1101 500 ross
1122 451 1317 498 rnrnnarau.
1339 469 1380 480 —
1401 453 1500 500 suano
1521 453 1646 500 asarias

447 623 535 684 enim
561 622 717 686 sciremus
741 623 850 705 quales
872 642 1015 686 essemus
1040 623 1072 685 in
1094 621 1196 685 oculis
1211 622 1236 686 Α
1251 638 1357 696 onem,
1373 631 1405 684 et
1418 622 1604 705 diligentem
1624 623 1662 685 de
1681 631 1775 687 cetero
1791 628 1881 689 mentia
1895 647 1929 692 ru·

447 719 515 795 Dei,
532 739 592 784 nec
607 739 704 804 supra
722 739 782 784 nee
802 721 885 784 infra
904 722 1052 784 secedere
1067 720 1196 784 debere·
1250 721 1385 783 stodiam
1406 739 1446 782 ne
1468 739 1649 804 peccemus.

448 838 634 899 mus3nunc
648 838 723 883 vero
738 821 814 903 quia
828 820 860 882 id
877 820 1070 902 ignoramus,
1077 819 1195 900 justius
1290 818 1393 901 Atque
1418 819 1451 880 in
1479 818 1593 902 primis
1618 827 1648 882 et
1672 838 1785 884 summe
1809 840 1929 888 cavums

299 930 434 985 camna
447 918 612 1000 tutiusque
646 918 859 982 novissimum
894 918 1000 981 locum
1033 918 1192 998 eligimus.
1250 917 1446 999 superbiam,
1462 936 1559 999 quam
1584 920 1667 981 lleus
1690 918 1862 1000 singulariter
1878 924 2004 998 odiar-aru

446 1013 514 1079 Non
534 1032 609 1096 ergo
624 1022 672 1078 est
688 1015 881 1099 perieulum,
898 1023 1194 1098 quantumcumque
1250 1023 1282 1077 et
1302 1015 1474 1098 aliquando
1495 1016 1636 1078 vindicat
1659 1017 1749 1080 etiam
1769 1017 1797 1079 in
1815 1023 1930 1101 presenti,

446 1121 477 1176 te
501 1112 663 1190 humilies,
685 1120 982 1196 quantumcumque
1007 1131 1141 1195 parvum
1162 1119 1194 1175 te
1250 1114 1334 1176 sicut
1353 1115 1384 1176 in
1405 1113 1488 1176 libro
1502 1115 1615 1177 Esther
1634 1115 1745 1196 legitur
1762 1117 1885 1180 dehnan
1898 1138 2004 1183 sunus

446 1219 575 1293 reputes
601 1218 656 1274 aut
681 1212 837 1275 minorem
869 1231 964 1295 quam
989 1229 1042 1289 es;
1069 1217 1117 1274 est
1140 1231 1194 1272 au·
1250 1212 1452 1294 perbissimo,
1478 1221 1552 1276 nato
1575 1232 1614 1276 ex
1643 1213 1760 1276 semine
1781 1214 1849 1296 regis
1866 1217 1930 1299 lgrg.

446 1318 511 1372 tem
535 1311 653 1392 grande
684 1310 804 1373 malum
830 1311 1089 1392 horrendumque
1114 1309 1195 1391 peri·
1248 1311 1348 1384 Quem
1372 1311 1473 1373 Aman
1498 1310 1664 1385 Assuerus‚
1691 1329 1742 1374 rex
1762 1320 1790 1374 et
1810 1313 1933 1395 imperator

446 1408 568 1483 culum,
594 1408 620 1470 si
645 1408 697 1471 vel
721 1408 845 1470 modice
875 1407 947 1489 plus
977 1427 1072 1489 quam
1102 1426 1136 1470 es
1162 1415 1193 1469 te
1247 1409 1424 1483 Persarum,
1438 1410 1469 1471 in
1485 1415 1609 1471 tantum
1625 1408 1882 1492 sublimavit,quod
1893 1414 1933 1494 pri·

446 1505 589 1580 extollas,
615 1506 641 1569 si
663 1506 714 1570 vel
737 1506 793 1569 uni
816 1506 938 1569 bomini
961 1513 991 1567 te
1015 1523 1191 1588 praeponas,
1248 1525 1319 1568 mus
1335 1514 1407 1588 post
1423 1507 1539 1590 ipsum,
1550 1507 1591 1571 ab
1606 1507 1752 1570 omnibus
1765 1508 1932 1584 honorabatur,

445 1622 542 1687 quem
567 1605 651 1668 Deus
675 1604 798 1685 judicat
823 1604 882 1667 tibi
911 1622 1019 1686 parem
1047 1611 1102 1666 aut
1128 1622 1192 1665 me·
1247 1623 1422 1687 omnesque
1446 1607 1530 1669 servi
1552 1606 1636 1687 regis
1657 1605 1778 1669 Assucri
1797 1625 1880 1669 coram
1897 1607 1933 1670 illo

444 1701 567 1766 liorem.
1246 1722 1329 1785 genu
1359 1703 1543 1780 flectebant,
1570 1712 1704 1786 excepto
1726 1705 1886 1769 llardoohao
1901 1706 1934 1766 lu·

483 1803 627 1885 Insuper,
649 1803 827 1865 secundum
852 1802 1008 1875 doctores,
1029 1807 1092 1862 tres
1116 1808 1191 1863 sunt
1207 1803 1231 1866 B
1247 1802 1325 1878 dac,
1346 1803 1415 1865 viro
1438 1803 1587 1866 timorato
1610 1811 1642 1865 et
1665 1802 1757 1883 justo,
1777 1803 1825 1885 qui
1843 1822 1873 1865 er
1890 1803 1934 1866 zelo

443 1901 558 1982 gradus
573 1901 773 1963 humilitatis.
791 1900 915 1963 Primus
930 1906 987 1974 est,
1005 1899 1141 1962 subdere
1157 1917 1190 1962 se
1245 1899 1375 1981 justitiae
1395 1900 1499 1963 noluit
1512 1919 1596 1982 genu
1613 1900 1742 1963 flectere
1757 1917 1846 1964 eoram
1857 1903 1933 1976 lusu,

444 1999 568 2080 majori,
581 2007 613 2062 et
626 2017 690 2062 non
707 2017 741 2061 se
756 1999 906 2081 preferre
921 1998 1035 2080 aquali
1054 2017 1061 2060 :
1077 2005 1109 2060 et
1124 1999 1191 2062 haec
1246 2017 1286 2060 ne
1306 1999 1459 2062 honorem
1475 2000 1539 2062 lieo
1557 1999 1703 2061 debitum
1724 1999 1889 2081 impenderet
1900 2001 1935 2063 lo

443 2104 576 2161 vocatur
589 2098 754 2161 humilitas
770 2096 949 2171 sufficione,
961 2096 1112 2180 quoniam
1128 2097 1192 2159 suf·
1247 2097 1336 2160 mini.
1354 2099 1420 2172 Ouo
1440 2099 1577 2180 cognito,
1593 2099 1696 2161 Amen
1713 2099 1837 2162 decrevit
1848 2115 1894 2160 non
1905 2117 1936 2160 so

442 2195 514 2258 ficit
532 2203 564 2258 et
582 2196 762 2259 necessaria
783 2204 831 2259 est
849 2196 886 2258 ad
909 2195 1055 2283 salutem,
1073 2195 1190 2258 Secun-
1247 2196 1313 2258 lum
1342 2197 1585 2272 llardochaeum,
1617 2198 1674 2259 sed
1703 2205 1732 2260 et
1759 2203 1846 2261 totum
1867 2215 1937 2278 genus

443 2295 503 2356 dus
522 2295 638 2376 gradus
653 2301 711 2368 est,
729 2294 865 2357 subdere
885 2312 918 2356 se
938 2294 1063 2376 aequali,
1081 2301 1112 2356 et
1126 2313 1190 2357 non
1244 2296 1425 2358 Judaeorum
1444 2295 1601 2370 occidere,
1618 2294 1810 2376 obtinuitque
1826 2294 1858 2356 ab
1871 2295 1936 2356 Assu·

443 2410 477 2454 se
504 2392 654 2474 preferre
674 2391 790 2455 minori
813 2411 819 2456 :
842 2398 873 2454 et
896 2393 956 2454 ista
980 2399 1111 2455 vocatur
1134 2392 1191 2454 hu·
1245 2409 1299 2454 ero
1319 2409 1393 2472 rege
1414 2409 1470 2474 per
1493 2390 1752 2455 informationem
1771 2391 1936 2462 falsissimam,

445 2491 563 2553 militas
585 2490 760 2553 abundans.
778 2489 901 2553 Tertius
923 2491 1039 2571 gradus
1061 2491 1190 2553 bumili—
1246 2489 1407 2552 licentiam
1429 2490 1489 2553 hoc
1508 2491 1632 2572 agendi.
1650 2491 1718 2565 Quo
1736 2497 1873 2573 percepto,
1885 2489 1937 2551 llu-
1953 2511 1998 2552 aas

443 2589 517 2652 tatis
541 2596 600 2663 est,
622 2588 758 2651 subdere
782 2607 816 2652 se
841 2588 956 2652 minori
978 2606 985 2650 :
1007 2596 1039 2651 et
1060 2595 1190 2652 vocatur
1244 2589 1392 2652 doeheus
1407 2595 1439 2651 et
1453 2589 1566 2652 Esther
1581 2589 1702 2671 regina,
1713 2589 1819 2652 mulier
1830 2588 1938 2660 virtuosa

441 2687 606 2750 humilitas
628 2686 900 2768 superabundans.
921 2687 1029 2768 ltaque
1050 2686 1189 2749 humiles
1245 2687 1406 2769 ceterique
1428 2687 1538 2762 ludaei,
1560 2687 1662 2750 Deum
1686 2687 1886 2750 instantissime
1903 2686 1938 2746 de·

441 2785 542 2848 simus
557 2785 722 2860 veraciter,
739 2802 803 2847 non
818 2792 1027 2868 apparenter:
1039 2791 1086 2848 est
1101 2784 1187 2847 enim
1244 2785 1456 2869 precabantur
1471 2784 1584 2848 diebus
1598 2803 1635 2847 ac
1652 2785 1834 2860 noctibusin
1845 2783 1939 2866 jejuniis

322 2901 328 2914 ·
440 2884 496 2966 qui
516 2883 664 2966 nequiter
678 2902 712 2944 se
729 2883 889 2958 humiliat,
906 2890 937 2945 et
953 2883 1103 2946 interiora
1118 2883 1187 2964 ejus
1243 2890 1275 2944 et
1290 2881 1416 2956 ciliciis,
1427 2881 1567 2944 lacrimis
1581 2890 1679 2964 atque
1694 2882 1858 2964 gemitibus,
1866 2889 1892 2942 ut
1902 2897 1938 2941 eos

441 2981 535 3064 plena
549 2988 624 3043 sunt
638 2980 720 3043 dolo.
737 2979 922 3044 Interiorem
939 2998 1067 3063 quoque
1082 2981 1187 3042 humi·
1204 2983 1225 3046 G
1242 3000 1261 3044 a
1282 2988 1370 3044 tanto
1393 2981 1543 3044 liberaret
1564 2982 1721 3064 periculo.

441 3079 562 3143 litatem
581 3079 785 3142 ostendamus
805 3079 883 3141 foris
902 3079 1052 3142 decenter
1071 3079 1103 3141 in
1118 3098 1187 3141 ver·
1282 3081 1416 3162 Insuper
1439 3080 1540 3142 Aman
1564 3079 1649 3143 infra
1679 3088 1765 3163 septa
1786 3080 1880 3144 domus
1896 3092 2009 3138 suanus·

439 3178 501 3254 bis,
519 3179 551 3241 in
575 3179 713 3254 incessu,
730 3178 763 3240 in
785 3177 939 3241 vestibus.
957 3177 1118 3251 Praeterea,
1135 3196 1187 3240 ex·
1242 3178 1319 3241 fecit
1334 3178 1505 3262 prreparari
1520 3187 1552 3241 et
1567 3178 1647 3260 erigi
1663 3179 1842 3262 patibulum,
1854 3176 1940 3238 babens

440 3277 548 3360 amplo
563 3275 739 3360 publicani,
756 3275 984 3338 erubescamus
1002 3293 1108 3338 coram
1124 3277 1187 3340 Deo
1243 3278 1276 3340 in
1290 3277 1459 3340 altitudine
1475 3277 1599 3362 cubitos
1614 3277 1879 3360 quinquaginta,ut
1889 3275 1940 3337 llar-

439 3375 586 3459 puritatis
610 3374 774 3438 immensae
797 3375 836 3437 de
859 3374 1048 3437 enormitate
1069 3381 1100 3436 et
1125 3383 1188 3436 tur·
1242 3377 1390 3440 dochaeus
1405 3376 1655 3458 suspenderetur
1671 3377 1705 3439 in
1720 3376 1783 3439 illo.
1798 3373 1940 3438 lludocha·

439 3475 585 3557 pitudine
600 3474 753 3538 vitiorum
773 3475 1022 3549 nostrorum,'de
1041 3474 1187 3537 fatuitate
1243 3493 1280 3536 us
1295 3491 1371 3537 vero
1388 3473 1506 3537 fecerat
1521 3481 1615 3537 antea
1629 3475 1798 3557 quamdam
1812 3472 1940 3536 marinam
1956 3481 2005 3528 crte

438 3573 663 3654 cogitationum
678 3580 711 3635 et
725 3571 984 3654 imaginationum
997 3581 1186 3649 nostrarum,
1242 3572 1432 3636 fidelitatem
1452 3572 1519 3654 regi
1536 3571 1685 3637 Assuero.
1702 3574 1768 3636 Duo
1785 3572 1860 3635 euim
1872 3586 1942 3632 eunu-

438 3672 477 3734 de
493 3670 700 3753 perversitate
714 3669 924 3732 affectionum
940 3679 1130 3746 nostrarum,
1147 3672 1186 3734 de
1243 3670 1294 3734 chi
1319 3677 1554 3754 proposuerunt
1576 3671 1725 3734 occidere
1752 3670 1836 3733 illum
1856 3685 1863 3729 :
1882 3663 1941 3748 quod

437 3768 776 3850 negligentiis‚acediis
791 3775 823 3831 et
838 3768 1120 3850 ingratitudinibus
1135 3789 1187 3834 no
1242 3770 1319 3832 dum
1342 3769 1556 3832 Mardocbaus
1579 3769 1790 3850 cognovisset,
1812 3763 1942 3830 insinuarit

437 3868 510 3931 stris
518 3885 527 3947 ;
548 3875 643 3950 atque
666 3868 698 3929 in
720 3874 845 3930 tantum
868 3868 1122 3931 verecundemur
1146 3869 1185 3932 de
1242 3868 1302 3930 hoc
1331 3867 1408 3948 regi.
1435 3867 1499 3930 Rex
1523 3875 1631 3930 autem
1662 3867 1825 3950 quamdam
1850 3868 1942 3926 noctm

436 3966 486 4028 his
503 3973 534 4029 et
549 3966 633 4048 quod
649 3965 793 4048 quotidie
808 3983 914 4029 coram
934 3967 1103 4048 prasentia
1116 3966 1186 4030 vul·
1242 3966 1332 4028 duxit
1355 3965 1547 4040 insomnem,
1561 3951 1605 4028 ¹et
1628 3966 1708 4028 fecit
1731 3983 1829 4028 coram
1852 3981 1878 4024 se
1900 3956 1943 4037 legi

436 4073 488 4128 tus
507 4063 609 4126 divini
629 4064 709 4126 etin
725 4071 899 4146 conspectu
919 4064 1083 4146 sapientiae
1102 4065 1183 4146 ejus,
1241 4084 1312 4147 qua
1336 4063 1397 4126 sub
1421 4063 1491 4144 ejus
1516 4063 1721 4146 contigerunt
1743 4061 1863 4145 imperio
1881 4077 1887 4120 :
1904 4056 1945 4118 sic·

436 4171 501 4226 tam
525 4163 747 4237 irreverenter,
764 4161 955 4245 insipienter
973 4169 1004 4224 et
1024 4163 1185 4246 negligen-
1201 4166 1225 4229 D
1241 4181 1303 4244 que
1331 4162 1415 4225 inter
1446 4169 1550 4224 cetera
1579 4161 1699 4224 lectum
1730 4169 1776 4224 est
1803 4159 1842 4221 ibi
1864 4172 1944 4238 quen-

436 4270 495 4336 ter,
511 4267 577 4323 tam
602 4245 699 4344 pra've
722 4267 754 4323 et
776 4260 859 4324 foede
882 4260 1037 4324 habemus
1059 4279 1127 4336 nos,
1149 4269 1185 4324 ut
1239 4262 1412 4323 admodum
1437 4259 1651 4324 Mardocbaeus
1677 4278 1783 4342 regern
1803 4253 1946 4320 liberaritr

436 4379 495 4423 nec
519 4360 628 4424 oeulos
654 4378 885 4442 praesumamus
910 4378 994 4442 sape
1016 4360 1121 4424 levare
1143 4362 1183 4424 ad
1239 4367 1351 4422 morte.
1378 4359 1466 4421 blane
1491 4366 1598 4422 autem
1624 4358 1709 4422 facto
1732 4360 1827 4421 hmau
1849 4349 1945 4416 intrarit

436 4458 624 4533 coelum,sed
639 4465 743 4521 mente
759 4464 790 4520 et
804 4457 886 4521 facie
902 4457 1110 4521 humiliemus
1125 4478 1182 4523 nos
1239 4459 1278 4521 ad
1307 4477 1426 4540 regem,
1453 4466 1488 4520 ut
1517 4457 1705 4540 impetraret
1729 4455 1876 4521 licentiam
1898 4470 1945 4514 sus·

434 4556 558 4620 intime.
576 4556 735 4619 Debemus
751 4556 858 4638 itaque
872 4555 1081 4640 publicanum
1096 4557 1182 4620 hunc
1239 4557 1399 4640 pendendi
1428 4555 1660 4620 Mardochaeum
1692 4557 1725 4620 in
1754 4554 1881 4640 patibulo
1901 4548 1944 4611 sibi

434 4654 553 4717 imitari
576 4673 583 4718 :
606 4654 722 4736 primo,
739 4655 894 4736 pudorem
915 4654 1063 4718 habendo
1085 4655 1181 4718 inter·
1238 4661 1423 4738 praeparato.
1446 4655 1484 4718 Et
1504 4663 1678 4737 antequam
1703 4655 1814 4739 petivit
1833 4653 1891 4726 hoc,
1907 4665 1945 4710 rex

433 4772 512 4816 num
531 4754 571 4816 de
590 4753 706 4816 nostris
725 4754 880 4834 peccatis;
897 4754 1047 4830 secundo,
1065 4756 1180 4819 contri·
1237 4754 1317 4816 dixit
1335 4754 1374 4817 ad
1396 4755 1496 4816 Aman
1519 4770 1525 4814 :
1548 4753 1628 4826 Ouid
1647 4753 1708 4817 fiet
1728 4755 1795 4817 viro
1812 4769 1891 4835 quem
1907 4763 1944 4808 rer

434 4851 529 4915 tionis
551 4851 710 4930 dolorem3
726 4851 829 4926 tertio,
846 4851 1002 4914 humilem
1022 4853 1087 4914 oris
1109 4871 1181 4916 con·
1236 4852 1373 4916 voluerit
1396 4852 1578 4914 honoraret
1603 4851 1753 4932 cogitans
1776 4853 1866 4914 hman
1884 4842 1945 4928 quod

432 4950 617 5024 fossionem,
634 4956 665 5011 et
684 4967 792 5012 veram
811 4969 847 5012 ac
868 4949 1023 5032 integram
1044 4952 1181 5033 proprire
1236 4969 1291 5014 rex
1313 4951 1439 5012 nullum
1461 4949 1523 5012 nisi
1546 4969 1579 5012 se
1602 4959 1796 5034 proponeret
1815 4950 1943 5012 bonorare.

432 5049 612 5132 iniquitatis
635 5048 885 5128 accusationem,
906 5057 1029 5130 quarto,
1055 5049 1180 5114 ferron·
1236 5049 1399 5132 respondit
1420 5068 1427 5114 :
1448 5049 1503 5112 Vir
1525 5067 1620 5132 quem
1644 5069 1703 5113 rex
1728 5050 1795 5114 vult
1815 5049 1944 5114 honorare,

432 5157 498 5212 tem
523 5165 581 5231 pro
610 5146 798 5211 remissione
824 5154 856 5210 et
880 5148 989 5229 gratia
1018 5148 1179 5212 infusione
1235 5147 1326 5211 indui
1348 5149 1443 5211 debet
1465 5147 1561 5229 regiis
1580 5149 1737 5224 vestibus,
1754 5158 1785 5212 et
1805 5147 1945 5210 diademate

432 5248 624 5328 orationem;
649 5245 772 5329 quinto,
798 5245 987 5327 condignam
1012 5246 1179 5311 satisfacti·
1235 5247 1331 5332 capiti
1355 5246 1425 5330 ejus
1450 5247 1610 5331 imposito,
1633 5267 1865 5332 superaquam
1885 5241 1946 5324 retis
