4214 6254
464 499 523 564 174
695 519 842 567 norrmrca
864 520 886 564 ιι
907 519 981 566 rosr
1000 519 1194 566 rnrmrrrnrr.
1215 536 1255 548 —
1275 519 1318 565 an
1337 517 1533 583 nnsrorosos3
1555 519 1655 568 sunno
1675 519 1790 567 scarus

464 688 519 762 tia,
538 689 677 770 ingenio,
694 688 838 763 scientia,
859 697 913 752 aut
937 689 1027 770 quasi
1053 689 1214 771 praecipua
1228 695 1253 758 A
1268 697 1327 764 tes,
1338 698 1434 772 atque
1451 690 1646 752 inordinatas
1659 689 1858 753 affectiones.
1870 689 1995 754 Gonside

464 786 644 860 devotione,
669 805 725 848 seu
754 805 793 848 ex
823 787 999 848 eminentia
1026 788 1213 878 meritorum
1268 806 1302 849 ra
1317 805 1444 869 quoque
1460 795 1616 868 quantum
1630 787 1736 849 omnis
1752 788 1858 850 cultus
1872 795 1903 849 et
1916 788 1997 850 bonor

463 883 655 964 concipitur,
676 883 709 946 in
734 883 891 965 religiosis
916 884 997 946 solet
1020 883 1213 966 quibusdam
1268 901 1348 966 quos
1364 885 1497 948 exhibes
1512 886 1588 960 Deo,
1605 885 1724 948 distent
1739 905 1758 948 a
1774 886 1863 948 cultu
1877 895 1906 948 et
1921 887 1997 950 bono

463 999 615 1062 regnare:
628 1001 727 1063 quum
745 991 851 1044 tamen
868 982 935 1045 haec
955 983 1064 1044 omnia
1078 982 1135 1045 Dei
1150 983 1215 1044 sint
1269 1001 1302 1044 re
1325 982 1443 1064 quibus
1465 984 1581 1064 dignus
1602 992 1650 1046 est
1670 984 1739 1066 ipse
1757 1001 1764 1045 :
1782 983 1837 1066 qui
1857 1003 1949 1064 quum
1967 986 1998 1045 sit

462 1079 556 1154 dona,
572 1088 604 1141 et
624 1098 643 1141 a
664 1099 698 1142 se
719 1080 789 1162 ipso
809 1079 854 1142 nil
878 1079 942 1141 nisi
964 1079 1115 1154 deficere,
1133 1080 1214 1142 indi·
1268 1081 1432 1162 dignitatis
1448 1089 1480 1143 et
1500 1082 1677 1144 sanctitatis
1693 1100 1730 1144 ac
1750 1082 1913 1164 sapientia
1927 1084 1998 1164 peni-

461 1196 547 1259 gere,
570 1197 704 1261 peccare
726 1178 842 1241 babeat
865 1179 982 1257 bomo;
998 1185 1093 1258 atque
1118 1177 1159 1240 ob
1182 1177 1213 1240 id
1269 1185 1320 1240 tus
1344 1179 1491 1252 infinitus,
1519 1179 1677 1242 immensa
1702 1181 1882 1242 reverentia
1903 1181 1997 1261 dignus

461 1285 606 1359 oporteat
621 1295 885 1358 unumquemque
902 1284 1046 1338 nostrum
1063 1282 1150 1337 tanto
1165 1293 1214 1337 es·
1269 1295 1338 1340 esse
1354 1278 1565 1358 cognoscitur.
1574 1279 1744 1342 Considera
1758 1279 1855 1341 etiam
1870 1297 1923 1361 per
1935 1297 1999 1342 corn

462 1396 496 1438 se
516 1377 661 1440 omnium
684 1375 764 1439 fonti
784 1375 941 1439 bonorum
966 1374 1065 1456 magis
1088 1383 1213 1454 gratum
1269 1375 1465 1457 parationem
1481 1377 1521 1438 ad
1536 1376 1614 1438 vitia
1629 1385 1681 1439 tua
1696 1377 1938 1459 quotidianaque
1953 1395 2000 1438 na·

462 1493 500 1538 ac
515 1474 691 1549 subditum,
708 1481 828 1556 quanto
843 1473 883 1536 ab
898 1491 936 1535 eo
956 1472 1168 1535 eminentiora
1183 1479 1215 1534 et
1270 1473 1310 1547 la,
1326 1480 1359 1534 et
1373 1491 1431 1555 per
1449 1481 1630 1556 respectum
1647 1474 1685 1536 ad
1706 1493 1743 1538 ea
1759 1474 1879 1556 quibus
1897 1476 2000 1556 exposi-

464 1574 556 1656 plura
571 1573 701 1636 sortitus
716 1580 765 1635 cst
780 1573 871 1635 dona.
882 1571 1214 1651 Praeterea,quomodo
1270 1579 1320 1633 tus
1341 1591 1426 1633 nunc
1447 1572 1596 1636 consistis
1617 1573 1772 1655 pericula
1789 1573 1869 1636 Vide
1887 1573 1954 1656 quia
1971 1593 2001 1636 er

463 1672 555 1755 quasi
571 1673 610 1734 de
630 1673 805 1736 eminentia
826 1672 1013 1734 meritorum
1031 1678 1063 1732 et
1082 1669 1213 1752 speciali
1270 1669 1372 1733 nihilo
1392 1669 1493 1732 factus
1513 1689 1558 1744 es,
1575 1679 1606 1733 et
1626 1671 1660 1732 in
1682 1679 1807 1733 tantum
1829 1671 1941 1736 divine
1960 1672 2000 1734 bo

463 1771 631 1834 devotione
646 1789 817 1854 possumus
833 1770 974 1852 gloriari,
986 1770 1212 1842 intumescere,
1271 1768 1379 1832 nitatis
1397 1787 1434 1832 ac
1454 1769 1697 1852 omnipotentia
1716 1771 1953 1834 conservatione
1966 1771 2001 1833 in-

315 1887 450 1942 nectens.
463 1878 519 1932 aut
536 1870 633 1934 alicui
653 1888 710 1934 uos
730 1869 891 1953 preferre,
909 1868 965 1950 qui
984 1886 1025 1930 au
1044 1885 1152 1930 amore
1173 1886 1214 1928 au
1233 1877 1256 1938 Β
1272 1867 1420 1930 cessabili
1437 1867 1571 1949 indiges,
1587 1870 1673 1951 quod
1688 1887 1749 1932 nec
1763 1870 1804 1931 ad
1822 1879 2000 1933 momentum

464 1969 538 2033 odio
568 1969 658 2050 digni
690 1969 897 2030 consistimus
930 1965 1124 2048 ignoramus,
1155 1983 1214 2027 nee
1271 1966 1340 2029 sine
1355 1985 1392 2028 ea
1407 1966 1581 2030 subsistere
1596 1968 1694 2030 vales.
1710 1967 1850 2031 Attende
1864 1969 2001 2031 naturales

463 2068 600 2131 aliorum
624 2068 794 2130 secretiora
818 2067 901 2130 bona
925 2064 1159 2146 cognoscimus,
1176 2063 1215 2125 de
1270 2071 1341 2127 tuas
1365 2085 1534 2140 erumnas,
1556 2066 1761 2148 indigentias,
1784 2069 1907 2142 sordes,
1930 2067 2002 2131 fcto·

464 2167 582 2248 quibus
596 2175 628 2230 et
642 2168 719 2229 latet
732 2185 790 2230 nos
805 2185 845 2228 an
860 2165 1051 2230 eternaliter
1066 2181 1124 2226 nos
1139 2179 1216 2245 pras
1270 2181 1321 2225 res
1350 2182 1387 2227 ac
1410 2164 1558 2228 vilitates.
1584 2167 1747 2248 Perpende
1775 2185 1874 2249 quam
1900 2167 1957 2230 cito
1974 2185 2002 2228 ac

465 2265 580 2327 cedent
594 2265 627 2326 in
641 2265 752 2346 gloria,
769 2271 824 2326 aut
839 2263 949 2346 quales
970 2262 1081 2325 sintin
1098 2261 1216 2344 praede
1271 2261 1407 2326 faciliter
1430 2264 1534 2346 possis
1559 2264 1641 2338 laedi,
1659 2266 1832 2347 perterreri
1855 2284 1893 2328 ac
1915 2266 2001 2346 dejici.
2077 2311 2078 2314 ,

465 2364 635 2426 stinatione
657 2363 788 2430 divinat
1271 2360 1304 2424 Si
1333 2362 1440 2444 itaque
1455 2363 1514 2444 ⁴his
1543 2362 1744 2445 respectibus
1770 2371 1802 2426 te
1833 2364 1937 2448 ipsum
1957 2366 2002 2427 rite

507 2461 678 2526 Considera
699 2479 774 2542 crgo
793 2469 824 2523 te
847 2460 953 2543 ipsum
974 2478 1032 2542 per
1052 2477 1215 2542 compara·
1271 2461 1532 2535 consideraveris,
1549 2461 1608 2524 tibi
1629 2461 1690 2544 ipsi
1710 2462 1825 2545 procul
1845 2463 1941 2528 dubio
1955 2465 2004 2526 dis

464 2561 585 2624 tionem
600 2560 639 2623 ad
654 2567 746 2622 tuum
762 2559 1054 2639 Creatoremcujus
1070 2565 1216 2640 respectu
1272 2558 1418 2640 plicebis,
1435 2560 1570 2623 vilesces
1590 2568 1622 2623 ct
1641 2560 1830 2624 humiliabis
1846 2570 1880 2625 te
1896 2563 2003 2646 ipsum3

465 2658 547 2721 nihil
567 2677 612 2732 es,
630 2666 662 2720 et
682 2657 725 2719 ita
745 2664 776 2719 tc
796 2655 1048 2739 profundissime
1067 2655 1216 2717 bumilia—
1272 2675 1335 2720 non
1359 2677 1495 2740 praeesse
1519 2658 1656 2741 optabis,
1677 2659 1733 2721 sed
1757 2659 1863 2724 divini
1887 2662 2004 2743 rigorem

465 2757 533 2838 bis;
549 2766 582 2819 et
605 2757 694 2831 item,
710 2773 768 2839 per
787 2755 1058 2838 comparationem
1080 2755 1120 2817 ad
1143 2753 1217 2816 San·
1269 2755 1383 2836 judicii
1406 2755 1606 2819 formidabis.

464 2865 532 2919 ctos
548 2857 581 2919 iu
597 2856 710 2938 patria,
725 2873 862 2936 quorum
879 2861 1026 2936 respectu
1040 2853 1145 2916 omnis
1161 2860 1216 2915 tua
1312 2853 1363 2917 Sic
1383 2853 1480 2937 igitur
1498 2873 1627 2918 ornnem
1649 2857 1682 2919 iu
1702 2866 1898 2940 perpetuum
1916 2859 2005 2922 elatio

463 2956 567 3018 virtus
587 2963 620 3018 et
644 2954 801 3037 sapientia
826 2952 943 3016 modici
968 2959 1015 3014 est
1040 2951 1214 3029 momenti3
1272 2971 1357 3028 nem,
1378 2953 1598 3030 ambitionem,
1617 2955 1791 3019 vanitatem
1813 2975 2004 3040 spemamns;

463 3065 495 3119 et
511 3073 632 3130 rursus,
649 3073 706 3137 per
720 3052 991 3136 comparationem
1007 3052 1046 3115 ad
1063 3053 1166 3114 Patres
1182 3051 1214 3112 in
1234 3057 1255 3121 C
1271 3070 1400 3114 omnem
1416 3053 1596 3115 sensualem
1612 3053 1777 3130 affectum,
1795 3056 2006 3140 concupiscen-

464 3155 524 3217 hoc
540 3154 657 3218 saeculo
672 3153 750 3216 olim
765 3152 916 3234 degentes
931 3158 986 3213 aut
1005 3150 1110 3212 adhuc
1126 3167 1215 3232 pere·
1270 3150 1348 3212 tiam
1363 3159 1544 3232 pravam,et
1558 3151 1712 3234 quidquid
1728 3155 1891 3218 carnalem
1907 3156 2005 3218 exciut

463 3253 637 3334 grinantes‚
663 3269 801 3333 quorum
826 3257 974 3332 respectu
999 3256 1030 3310 te
1054 3247 1215 3310 defectuo·
1271 3257 1405 3323 motum,
1421 3249 1570 3312 vitemus.
1587 3251 1634 3312 dd
1653 3251 1734 3313 nihil
1754 3261 1921 3316 terrenum
1939 3254 2006 3316 inor·

464 3371 536 3414 sum
565 3370 635 3414 esse
665 3349 854 3433 conspicies.
887 3348 1059 3413 Considera
1088 3365 1215 3428 quoque
1271 3346 1377 3408 dinate
1397 3345 1591 3422 afficiamur,
1607 3365 1673 3410 non
1687 3349 1728 3410 ad
1742 3358 1880 3427 vestem,
1897 3351 2004 3422 cellam,

465 3457 583 3533 quanta
615 3449 697 3511 mala
726 3448 819 3511 bonis
852 3447 916 3508 tuis
949 3445 1108 3528 permixta
1139 3445 1213 3519 sint,
1271 3445 1493 3520 instrumenta,
1511 3446 2006 3533 utensilia,autquaecumqucsi·

465 3556 591 3630 quantae
611 3546 844 3619 distractiones,
867 3544 1080 3627 negligentiae,
1098 3544 1214 3606 irreve-
1271 3541 1377 3622 milia3
1394 3542 1449 3604 sed
1473 3542 1505 3604 in
1528 3542 1679 3606 omnibus
1700 3543 1819 3608 talibus
1846 3546 2006 3610 solamne

465 3647 587 3720 rentiae,
605 3644 854 3708 inordinationes
872 3661 879 3705 :
897 3643 940 3705 ita
956 3651 991 3704 ut
1003 3642 1099 3704 lsaias
1116 3641 1213 3704 veris·
1270 3640 1449 3702 cessitatem
1465 3659 1636 3722 veramque
1651 3641 1819 3705 utilitatem
1835 3663 2005 3726 queramus,
2076 3675 2077 3714 1

323 3770 450 3820 reims.
465 3746 547 3807 sime
569 3744 611 3806 sit
628 3744 764 3818 locutus,
780 3743 874 3816 Quasi
894 3760 1018 3824 pannus
1038 3747 1214 3803 menstrua·
1270 3757 1309 3800 ne
1332 3757 1389 3821 per
1411 3739 1597 3802 inordinata
1618 3739 1800 3805 affectionis
1822 3761 1882 3805 seu
1902 3743 2005 3806 illicita

465 3853 504 3907 tae
521 3843 678 3906 universae
691 3841 824 3922 justitiae
839 3848 963 3903 nostrae.
978 3840 1017 3901 Et
1030 3840 1091 3900 boc
1106 3838 1212 3921 ipsum
1269 3836 1488 3900 delectationis
1515 3837 1757 3913 admixtionem,
1784 3841 1888 3903 divini
1917 3842 2006 3903 iucur-

316 3965 449 4022 sapatum.
464 3943 541 4006 boni
557 3941 641 4024 quod
657 3941 690 4002 in
706 3940 752 4002 eis
772 3947 830 4013 est,
847 3938 903 4001 Dei
919 3946 966 4000 est
985 3945 1050 4000 eta
1069 3938 1134 4000 Deo
1153 3945 1211 4011 est,
1269 3954 1377 3997 ramus
1405 3935 1523 3998 amoris
1552 3936 1810 4000 minorationem.
1843 3940 1896 4002 Sic
1925 3940 2007 4021 igitur

464 4051 496 4106 et
510 4042 540 4105 ei
556 4059 630 4104 cum
650 4039 830 4102 humilitate
846 4046 877 4100 et
895 4037 1070 4119 gratiarum
1090 4037 1213 4099 actione
1269 4053 1327 4116 per
1348 4034 1517 4097 sollicitam
1540 4035 1645 4097 cordis
1667 4037 1859 4113 custodiam,
1874 4057 1931 4120 per
1948 4057 2006 4100 sen·

463 4141 602 4205 adscribi
617 4147 751 4223 oportet.
765 4138 880 4220 Sicque
896 4136 1011 4199 similis
1028 4135 1213 4218 comproba·
1269 4153 1364 4195 suum
1389 4133 1648 4208 refrenationem,
1665 4153 1723 4216 per
1744 4135 1946 4217 loquacitatis
1968 4155 2006 4198 re-

462 4242 507 4304 ris
528 4239 675 4323 improbo
697 4255 801 4312 servo,
817 4237 872 4318 qui
895 4234 1128 4318 pretiosissimo
1149 4233 1214 4295 bal·
1229 4240 1254 4301 Ι)
1269 4231 1478 4314 pressionem,
1495 4251 1552 4314 per
1567 4231 1669 4294 divini
1684 4233 1832 4316 obsequii
1848 4235 2007 4298 exsecutio

462 4359 551 4404 samo
566 4339 628 4402 sibi
643 4358 662 4401 a
677 4337 808 4400 domino
827 4353 885 4398 suo
906 4335 938 4396 in
955 4333 1076 4416 scypbo
1095 4332 1211 4408 oblato,
1269 4349 1343 4393 nem
1364 4330 1552 4405 ferventem,
1569 4350 1627 4414 per
1646 4331 1845 4396 fructuosam
1866 4333 2006 4418 temporis

462 4441 571 4506 sordes
588 4440 753 4502 urinarum
772 4436 885 4498 miscet
899 4453 936 4496 ac
957 4441 1143 4496 stercorum.
1161 4433 1213 4494 Sic
1269 4429 1503 4504 deductionem,
1521 4447 1578 4512 per
1593 4429 1787 4493 indefessam
1803 4431 1880 4495 boni
1902 4433 2006 4496 instan-

463 4557 601 4621 namque
625 4535 798 4610 devotioni,
820 4532 1072 4616 compunctioni,
1094 4532 1213 4594 illumi·
1268 4528 1357 4603 tiam,
1373 4528 1551 4591 ad·coenam
1567 4529 1736 4592 tendamus
1752 4548 1788 4593 ac
1807 4549 2005 4615 properemus

463 4638 595 4711 nationi,
631 4633 889 4706 inflammationi,
920 4632 1073 4714 omnique
1104 4631 1213 4714 gratias
1269 4627 1441 4690 coelestcm.
1458 4627 1503 4688 dd
1524 4645 1619 4708 quam
1636 4629 1812 4710 perducere
1831 4648 1891 4694 uos
1911 4632 2005 4712 digne·

463 4738 553 4802 nobis
568 4738 715 4818 desuper
739 4732 993 4807 communicata,
1011 4739 1132 4794 nostras
1155 4729 1212 4791 mi·
1269 4735 1320 4789 tur
1344 4726 1400 4808 qui
1424 4744 1459 4788 se
1482 4726 1588 4808 ipsum
1611 4726 1703 4789 nobis
1725 4728 1813 4791 dedit
1838 4730 1871 4792 in
1895 4730 2004 4802 cibum,

462 4856 587 4900 scemus
602 4829 1211 4916 evagationestorpores,dissolutiones,
1268 4826 1323 4909 qui
1344 4845 1417 4888 cum
1437 4827 1527 4888 Patre
1542 4833 1573 4888 et
1593 4826 1714 4908 Spiritu
1733 4827 1849 4892 Saudo
1869 4849 1950 4892 unus
1967 4835 2005 4892 est

462 4935 694 5008 irreverentias,
714 4931 914 4995 carnalitates
936 4937 968 4991 et
991 4928 1212 4992 defectuosita-
1268 4927 1350 4988 Deus
1372 4943 1469 5007 super
1489 4924 1598 4987 omnia
1618 4925 1816 4990 benedictus.
1835 4928 1946 4992 Arnen.
