4140 6258
412 464 472 531 298
749 487 898 537 oonmrca
918 491 972 536 vm
993 491 1066 538 rosr
1086 491 1280 540 rauvrrerrv.
1300 511 1341 522 -
1362 493 1461 541 suuuo
1481 494 1634 543 snouuous

414 657 471 722 Dei
487 657 687 741 subjungens
704 676 712 723 ι
728 661 802 725 Non
819 662 924 722 omnis
938 664 997 741 qui
1011 664 1093 724 dicit
1108 664 1202 728 rei-A
1218 664 1317 746 exigit
1340 664 1513 728 caritatem.
1535 666 1691 748 Loquitur
1711 667 1807 730 etiam
1827 669 1861 732 de
1878 688 1934 734 ccu-

414 758 452 816 lei
471 775 512 819 ex
532 757 598 820 lide
620 757 761 834 iulormi,
778 761 927 830 Domine,
942 763 1092 832 Domine,
1113 764 1162 822 ie·
1217 763 1357 826 sessione
1376 763 1441 826 oris
1464 763 1655 847 procedente
1674 783 1713 826 ex
1733 765 1798 827 lide
1815 765 1932 830 formata

416 857 518 916 trabit
534 857 570 917 in
586 876 724 935 regnum
738 861 891 919 coetorem
903 879 914 918 :
929 857 1005 940 quia
1020 876 1083 922 uon
1098 859 1164 922 sul·
1217 865 1284 924 Sed
1297 865 1357 942 qui
1369 864 1453 940 facit
1473 867 1673 924 voluntatem
1687 866 1805 926 Patris
1821 869 1876 926 mei
1889 871 1934 947 qai

288 973 365 1020 caeos.
378 988 401 1026 ιι,
415 951 487 1015 ficit
510 954 596 1016 uuda
620 953 778 1018 confessio
801 955 876 1018 oris.
897 956 964 1019 lrno
988 956 1070 1019 fides
1094 957 1163 1021 sinc
1218 961 1255 1021 ie
1269 962 1358 1021 coetis
1372 970 1430 1030 est,
1448 961 1479 1023 id
1499 969 1558 1034 est,
1576 969 1735 1044 praecepta
1755 961 1847 1025 Patris
1863 965 1934 1028 coele

268 1039 343 1088 ”¹²⁶¹
414 1051 566 1134 operibus
583 1061 708 1116 mortua
722 1053 918 1136 perhibetur.
927 1054 1005 1117 Nam
1022 1063 1054 1118 et
1068 1055 1163 1120 fatuae
1218 1058 1274 1120 stis
1296 1058 1460 1140 adimplet.
1481 1059 1560 1121 Nam
1582 1065 1614 1121 et
1635 1077 1693 1143 per
1713 1060 1853 1142 praelatos
1870 1063 1934 1125 Deus

266 1169 400 1222 merom,
415 1151 556 1232 virgines
571 1151 743 1216 dixerunt:
762 1152 907 1227 Domine,
920 1154 1062 1229 Domine,
1074 1157 1162 1237 aperi
1218 1155 1364 1239 praecipit
1378 1164 1529 1238 tauquam
1549 1175 1607 1239 per
1626 1175 1700 1220 suos
1716 1158 1847 1220 vicarios
1861 1177 1868 1220 ι
1880 1179 1934 1241 pre

269 1237 301 1276 ¹¹·
415 1249 518 1312 nobis.
546 1250 606 1313 Sed
631 1249 729 1332 objici
755 1258 859 1333 potest
882 1251 962 1315 illud
985 1253 1128 1335 Apostoli
1153 1271 1159 1316 :
1216 1261 1288 1336 pter
1311 1255 1397 1336 quod
1418 1263 1576 1337 praecepta
1599 1254 1802 1337 praelatorum
1820 1257 1879 1320 sive
1894 1258 1935 1320 lc-

267 1365 399 1417 lcomlc.
414 1349 515 1413 Nemo
537 1356 641 1433 potest
662 1349 779 1424 dicere,
801 1351 954 1414 Dominus
975 1352 1076 1426 lesus,
1099 1353 1161 1415 uisi
1217 1351 1321 1415 clesiae
1336 1359 1411 1414 suut
1425 1352 1481 1414 Dei
1496 1360 1665 1434 precepta,
1674 1360 1707 1415 et
1721 1354 1761 1416 de
1776 1355 1935 1418 necessitate

266 1462 400 1517 acesco.
415 1447 448 1510 iu
464 1447 586 1530 Spiritu
601 1447 730 1528 Sancto3
747 1447 1007 1530 itemque,llorde
1022 1450 1162 1512 creditur
1216 1450 1328 1514 salutis
1344 1450 1516 1533 implenda.
1533 1454 1607 1528 Ipse
1622 1453 1765 1513 intrabit
1782 1462 1848 1535 post
1859 1454 1937 1534 hujus

414 1545 452 1608 ad
476 1544 647 1626 justitiam,
670 1562 725 1608 ore
748 1552 855 1608 autem
879 1546 1039 1609 coulcssio
1062 1546 1102 1609 lit
1121 1548 1162 1610 ad
1216 1548 1322 1612 exsilii
1345 1549 1531 1624 incolatum,
1556 1550 1767 1633 omniumque
1795 1551 1937 1634 culparum

414 1642 560 1706 salutem.
579 1642 766 1718 Dicendum,
779 1644 864 1726 quod
879 1644 1048 1726 Apostolus
1063 1646 1162 1708 sumit
1216 1647 1392 1730 plenariam
1409 1649 1684 1732 expurgationem,
1702 1651 1738 1710 in
1755 1669 1939 1727 regnumne

413 1743 536 1816 Dicere,
558 1741 667 1804 stricte
691 1749 723 1804 et
744 1743 883 1824 proprie,
905 1761 963 1826 pro
984 1744 1161 1826 prolatione
1216 1749 1336 1818 torum,
1351 1748 1525 1811 dummodo
1540 1749 1794 1831 perseveraverit
1808 1768 1898 1831 usque
1913 1749 1938 1811 iu
1967 1768 2020 1810 veo

413 1859 453 1903 ex
477 1839 651 1903 attentione
677 1847 710 1902 et
732 1839 852 1903 aflectu
877 1841 1065 1923 prodeunte,
1090 1861 1161 1924 quae
1177 1840 1201 1903 B
1215 1844 1325 1907 linem.
1949 1837 2018 1878 “³¹¹¹-

927 2274 1119 2361 SERMO
1158 2275 1455 2362 SECUNDUS

551 2539 669 2586 CONTRA
692 2540 898 2586 sttthvomts
920 2541 957 2585 ΕΤ
978 2540 1132 2598 atteroda,
1154 2539 1273 2587 coum
1293 2540 1485 2588 oeceevonds
1506 2541 1607 2597 Atetta
1626 2542 1827 2588 flveocttmes

477 2822 763 2884 ONGRE'GATIO
791 2821 1039 2897 hypocritarum
1069 2821 1162 2879 steri·
1213 2818 1339 2898 jurant,
1355 2827 1456 2893 orant,
1477 2817 1647 2883 ecclesiam
1669 2818 1812 2893 visitant,
1830 2819 1946 2882 eleemo

490 2921 542 2980 tis.
558 2917 616 2982 Job
630 2936 682 2993 xv,
699 2916 748 2980 at.
1214 2936 1308 2999 syuas
1329 2918 1518 3000 largiuntur,
1535 2918 1792 3001 peregrinantur,
1809 2927 1844 2981 ut
1860 2917 1945 2980 sancti

453 3016 609 3091 Christus,
631 3016 685 3098 qui
704 3016 881 3079 secundum
901 3034 991 3078 suam
1009 3015 1158 3078 deitatem
1176 3013 1199 3076 C
1214 3035 1284 3078 esse
1301 3016 1551 3096 credantur;sed
1564 3017 1672 3080 omnia
1684 3017 1745 3078 ista
1757 3025 1946 3099 pravaagnnt

411 3124 461 3180 est
480 3115 692 3179 essentialiter
714 3115 840 3190 veritas,
858 3115 891 3176 iu
911 3113 1082 3194 Evangelio
1104 3114 1159 3197 hy·
1215 3113 1402 3176 intentione.

412 3214 551 3298 pocritas
566 3213 743 3296 saepissime
757 3231 794 3275 ac
809 3212 1040 3294 specialissime
1057 3231 1161 3294 repre·
1255 3212 1310 3274 Est
1323 3219 1428 3274 autem
1444 3211 1598 3275 lalsorum
1615 3212 1890 3294 prophetui-umet
1904 3213 1949 3295 by-

412 3312 534 3387 hendit,
550 3311 627 3393 quia
642 3310 820 3394 hypocrisis
836 3311 961 3373 veritati
978 3310 1161 3392 specialiter
1215 3309 1409 3393 pocritarum
1432 3328 1468 3372 ao
1488 3310 1634 3374 omnium
1656 3310 1879 3374 simulatorum
1896 3329 1950 3372 rna·

412 3411 633 3474 contrariatur.
655 3409 825 3493 Hypocrita
845 3427 984 3490 namque
1005 3428 1039 3471 se
1061 3409 1160 3470 siruu-
1215 3427 1277 3490 gua
1292 3407 1431 3482 fatuitas,
1445 3427 1558 3489 magna
1573 3408 1738 3491 iniquitas,
1751 3427 1862 3490 magua
1876 3427 1950 3491 pror-

413 3510 455 3572 lat
474 3527 544 3571 esse
563 3509 649 3590 quod
671 3525 734 3570 non
754 3514 812 3581 est,
829 3515 861 3569 et
879 3505 939 3568 sub
959 3507 1067 3588 specie
1084 3505 1160 3569 boui
1216 3525 1269 3568 sus
1287 3505 1424 3568 miseria.
1443 3505 1530 3579 Quod
1547 3523 1661 3587 magna
1680 3505 1723 3568 sit
1742 3525 1853 3569 eorum
1872 3505 1951 3568 intui·

412 3607 579 3671 abscondit
593 3607 725 3668 malum.
743 3605 923 3688 Tripliciter
942 3613 1048 3668 autem
1065 3605 1161 3688 hypo·
1214 3612 1273 3678 taS,
1292 3611 1378 3686 patet
1395 3622 1401 3666 :
1419 3604 1535 3678 Primo,
1551 3603 1704 3687 quoniam
1726 3605 1801 3687 plus
1819 3612 1951 3687 quemut

413 3707 493 3768 crita
514 3724 606 3767 suam
632 3704 821 3787 pravitatem
845 3703 1020 3767 abscondit.
1042 3704 1158 3779 Primo,
1215 3711 1246 3765 et
1262 3703 1397 3784 cupiunt
1416 3702 1602 3765 hominibus
1623 3702 1762 3785 placere,
1784 3721 1879 3785 quarn
1897 3703 1952 3764 Deo

413 3804 446 3867 in
467 3803 583 3867 verbis.
608 3803 687 3866 Sunt
709 3803 795 3865 euim
817 3801 909 3864 multi
931 3801 1081 3865 malitiosi
1104 3802 1160 3884 qui
1215 3800 1324 3863 omnia
1342 3799 1538 3881 inspicienti.
1560 3801 1730 3882 Propterea
1751 3800 1832 3862 dicit
1852 3800 1953 3880 tngo

413 3911 449 3966 ut
473 3902 606 3965 virtuosi
631 3908 831 3984 reputentur,
857 3898 955 3963 verba
982 3900 1160 3963 devotionis
1215 3899 1282 3960 rius
1304 3915 1310 3960 :
1332 3897 1502 3981 Hypoorita
1523 3915 1638 3979 corpus
1660 3916 1718 3979 per
1738 3897 1952 3960 abstinentiam

413 4020 450 4063 ac
464 4000 577 4062 salutis
594 3999 812 4082 pronuntiant,
828 4007 860 4061 et
879 3998 969 4081 quasi
990 4015 1029 4061 ex
1049 3999 1160 4080 grandi
1215 3996 1328 4070 allicit,
1349 3996 1404 4059 sed
1422 4015 1479 4078 per
1499 3995 1694 4059 desiderium
1713 3996 1824 4076 gloria
1844 3995 1952 4058 mundo

414 4099 539 4162 fervore
553 4116 590 4160 ac
606 4096 772 4178 diligentia
786 4097 968 4179 praedicant.
984 4098 1027 4160 De
1043 4097 1160 4179 quibus
1215 4095 1303 4158 vivit.
1322 4094 1466 4159 Christus
1482 4112 1609 4177 quoque
1631 4095 1662 4156 iu
1679 4094 1851 4175 Evangelio
1867 4112 1875 4156 :
1890 4093 1953 4156 Om·
1971 4115 2021 4161 net
2032 4125 2046 4152 r.

302 4225 344 4254 om.
358 4225 401 4264 m.
414 4204 547 4262 testetur
567 4197 749 4279 Apostolus,
773 4197 858 4278 quod
883 4214 940 4278 per
964 4195 1074 4258 dulces
1097 4214 1160 4258 ser·
1175 4192 1200 4253 D
1216 4193 1268 4255 uia
1281 4192 1414 4275 (iuquit)
1428 4192 1552 4254 iaciunt
1568 4200 1603 4255 ut
1620 4192 1791 4255 videantur
1805 4192 1845 4255 ab
1860 4192 1953 4256 honri-
1965 4187 1994 4225 ²³

238 4281 243 4298 ²
298 4304 303 4316 '
414 4315 525 4360 mones
549 4303 581 4359 et
605 4294 845 4359 benedictiones
873 4295 967 4358 corde
996 4294 1162 4376 decipiunt
1215 4292 1320 4354 uibus.
1344 4291 1500 4365 Secundo,
1521 4290 1597 4373 quia
1617 4309 1676 4373 pro
1697 4291 1787 4354 brevi
1812 4299 1844 4354 et
1866 4310 1955 4373 parva

413 4395 644 4459 innocentium.
660 4393 749 4456 Tales
763 4412 902 4475 namque
917 4411 1001 4475 saepe
1015 4392 1107 4475 quasi
1122 4411 1161 4454 ex
1216 4389 1373 4464 mercede,
1390 4397 1509 4453 aeterno
1529 4397 1561 4451 et
1581 4389 1722 4452 maximo
1743 4390 1875 4471 premio
1888 4407 1954 4472 spo

414 4512 529 4574 magna
550 4491 797 4574 compunctione
817 4498 848 4554 et
868 4510 942 4553 oum
964 4491 1050 4554 lictis
1071 4491 1161 4553 lacri-
1215 4489 1294 4551 liant
1315 4507 1349 4551 se
1372 4488 1468 4570 ipsos.
1493 4488 1596 4562 Quum
1616 4487 1703 4551 euim
1727 4487 1847 4551 iaciant
1866 4506 1956 4570 opera

414 4591 476 4653 mis
495 4589 759 4653 sermocinantur.
777 4590 933 4662 Secundo,
955 4590 988 4651 iu
1007 4596 1160 4671 apparatu
1216 4588 1298 4650 bona
1313 4604 1494 4666 exgenere,
1510 4602 1568 4669 pro
1588 4585 1707 4667 quibus
1722 4593 1873 4649 aeternam
1889 4585 1956 4648 bea-

414 4707 471 4750 seu
492 4687 642 4750 exteriori
667 4687 774 4749 vultus
799 4705 835 4748 ac
861 4685 1004 4768 corporis
1028 4686 1162 4769 disposi-
1216 4685 1386 4747 titudinem
1406 4684 1607 4757 sortirentur,
1628 4683 1655 4745 si
1678 4692 1765 4746 recta
1786 4683 1956 4748 intentione

414 4786 502 4848 tioue
523 4802 530 4846 :
551 4785 628 4867 quia
646 4785 799 4868 pallorem
819 4791 1000 4859 assumunt,
1016 4791 1048 4847 et
1071 4784 1161 4847 ineli-
1216 4783 1358 4846 lacerent
1380 4800 1437 4862 ea3
1462 4790 1549 4845 tanto
1573 4801 1607 4845 se
1631 4782 1718 4864 ipsos
1744 4781 1876 4864 praemio
1899 4783 1957 4864 pri

414 4891 489 4946 nato
513 4883 617 4964 capite
646 4891 834 4964 maturoque
860 4900 971 4963 gressu
997 4881 1158 4945 incedunt.
1214 4891 1301 4955 vaut,
1327 4881 1403 4964 quia
1433 4900 1490 4964 pro
1519 4881 1688 4965 temporali
1717 4881 1885 4944 commodo
1908 4891 1956 4944 aut

414 4982 495 5046 llino
514 4981 558 5044 ait
579 4981 720 5044 Salvator
737 4999 744 5043 :
761 4981 865 5055 Quum
880 4980 1046 5061 jejunatis,
1062 4981 1161 5044 nolite
1215 4982 1354 5042 humano
1370 4979 1529 5060 praecouio
1544 4979 1619 5042 talia
1634 4987 1819 5061 operantur.
1829 4979 1910 5042 Hinc
1925 4980 1957 5041 de

294 5093 300 5106 ·
413 5079 487 5142 lieri
507 5079 592 5142 sicot
611 5077 784 5161 hypocritas
799 5079 906 5141 tristes
924 5095 930 5138 :
948 5077 1162 5141 exterminant
1215 5079 1260 5142 eis
1276 5077 1321 5140 ait
1335 5077 1477 5142 Salvator
1493 5096 1500 5140 :
1517 5079 1618 5142 Arnen
1634 5078 1706 5141 dico
1721 5077 1825 5152 vobis,
1837 5097 1957 5162 recepe·
1983 5091 2034 5140 pn.

414 5178 501 5241 enim
517 5177 615 5241 iacies
631 5195 714 5251 suas,
732 5184 766 5238 ut
785 5184 959 5258 appareant
975 5176 1161 5238 homiuibus
1216 5185 1290 5239 runt
1305 5177 1485 5240 mercedem
1502 5196 1602 5240 suam.
1620 5177 1792 5257 Gregorius
1809 5193 1957 5260 quoque:

411 5276 604 5359 jejunantes.
623 5275 737 5349 Tertio,
755 5275 787 5336 in
803 5275 987 5357 operatione
1004 5291 1011 5336 :
1028 5274 1104 5356 quia
1117 5274 1162 5355 je·
1215 5272 1296 5346 Quid
1315 5275 1347 5337 in
1367 5275 1492 5337 cunctis
1514 5274 1580 5336 suis
1600 5281 1707 5356 sperat
1726 5273 1908 5356 hypocrita,
1923 5276 1960 5338 ni
