4154 6258
403 485 551 534 ιιοιιιιιιειι
571 487 611 533 xv
633 486 707 534 rosv
726 487 920 536 mrnnnrnu.
940 507 981 518 -
1003 488 1178 538 ιιιιιιιιιιτιο
1198 491 1230 538 ιιι
1251 491 1418 540 nrrsronau
1622 477 1684 542 439

169 661 269 722 Alter
296 657 437 718 alterius
464 677 565 718 onera
593 667 732 734 portate,
758 658 790 721 id
818 661 919 734 est,A
974 661 1069 723 Porro
1097 659 1294 742 praeinducta
1321 661 1463 744 Apostoli
1493 663 1590 727 verba
1618 682 1682 729 non

128 757 276 820 deiectus
290 763 413 820 vestros
428 762 460 818 et
475 754 679 820 infirmitates
695 765 790 840 atque
806 775 879 840 pcc·
933 758 1111 822 secundum
1130 758 1338 842 superficiem
1363 760 1542 838 litteralem,
1559 763 1614 826 sed
1636 783 1683 826 sa·

128 863 201 919 cata
222 863 334 918 mutuo
349 855 506 937 patienter
521 854 664 930 sufferte,
681 865 713 918 ct
727 855 818 920 vobis
836 857 880 918 in·
933 857 1059 940 pienter
1079 856 1285 939 intelligenda
1302 866 1377 921 sunt
1393 877 1400 920 :
1418 859 1510 922 aliter
1524 861 1682 925 discorda-

14 971 113 1022 ntem
130 956 237 1018 vicem
266 952 431 1017 condolete
455 962 550 1036 atquc
579 955 767 1028 succurrite,
793 963 879 1018 orate
934 963 1005 1018 rent
1019 955 1059 1017 ab
1076 955 1224 1019 invicem.
1247 957 1333 1018 Dixit
1351 957 1449 1032 enirn,
1472 959 1592 1022 «Alter
1606 959 1681 1023 alte·
1696 981 1828 1036 camut.

129 1071 261 1135 quoque
280 1069 338 1135 pro
357 1051 508 1126 invicem,
525 1059 561 1112 ut
579 1051 756 1114 salvemini.
774 1057 817 1116 et
834 1055 880 1114 sic
934 1053 1000 1116 rius
1024 1072 1121 1117 onera
1150 1063 1271 1137 portate
1287 1074 1322 1135 »3
1347 1075 1498 1139 nuncque
1522 1058 1679 1139 adjunxit,

127 1152 352 1228 adimplebitis
372 1155 471 1228 legem
492 1151 627 1220 Christi,
644 1149 675 1213 id
697 1157 745 1214 est
764 1170 880 1233 praece·
935 1153 1185 1235 uUnusquisque
1200 1170 1281 1216 onus
1297 1173 1390 1217 suurn
1406 1155 1681 1239 portabiti,quasi

127 1256 223 1332 ptum
243 1247 383 1312 caritatis
403 1247 561 1322 iraternae,
577 1248 617 1311 de
637 1265 701 1331 quo
720 1249 798 1311 dicit
814 1249 879 1312 Sal·
933 1269 1017 1314 unus
1032 1269 1096 1315 non
1111 1251 1153 1314 sit
1168 1259 1349 1333 portaturus
1365 1270 1445 1316 onus
1460 1252 1682 1318 alteriusltem

56 1355 221 1420 ‚xmvatcr
251 1368 258 1412 :
288 1347 469 1410 Mandatum
499 1363 618 1410 novum
648 1347 688 1411 do
717 1347 819 1422 vobis,
845 1356 881 1410 ut
934 1349 1091 1431 praedixit,
1117 1349 1217 1413 Nemo
1240 1349 1394 1431 glorietur
1418 1351 1451 1412 in
1475 1351 1680 1432 hominibus;
1696 1367 1827 1420 temnat.

19 1461 24 1472 ·
127 1446 272 1529 diligatis
294 1446 432 1510 invicem
456 1445 538 1508 sicut
560 1446 656 1508 dilexi
678 1464 743 1510 vos.
934 1447 1041 1521 et,Oui
1057 1446 1220 1529 gloriatur,
1229 1449 1261 1511 in
1274 1448 1409 1512 homino
1422 1449 1682 1530 glorietur.Nune
1703 1466 1828 1519 ocanni.

170 1546 280 1628 ltaque
295 1543 491 1626 praeinducta
506 1544 648 1626 implete,
664 1552 696 1606 et
710 1544 807 1608 nolite
823 1563 880 1627 per
933 1563 1020 1620 vcro,
1042 1546 1109 1608 aln
1135 1547 1308 1629 semetipso
1323 1569 1352 1622 n,
1377 1548 1492 1630 inquit,
1515 1548 1682 1629 «gloriam

127 1643 317 1726 snperbiam
332 1661 388 1706 vos
409 1643 495 1726 ipsos
511 1642 641 1724 erigere.
660 1645 746 1706 Nam
762 1645 880 1723 siquis
933 1643 1065 1706 habebit
1079 1667 1106 1706 ιι.
1133 1645 1194 1707 Sed
1216 1645 1308 1726 juxta
1332 1647 1547 1728 expositiones
1574 1656 1684 1730 prata-

126 1743 300 1802 eaiatt'mat
320 1761 352 1802 ae
366 1744 498 1822 aliquid
513 1762 578 1802 esse
596 1762 698 1820 quum
717 1744 805 1801 nteit
823 1744 878 1812 ait,
934 1749 1001 1804 ctas
1023 1742 1111 1805 nulla
1132 1743 1165 1804 in
1187 1743 1227 1806 iis
1249 1744 1457 1808 contradictio
1479 1752 1536 1808 est.

126 1840 160 1902 id
182 1849 241 1914 est,
260 1840 286 1902 si
308 1859 341 1902 se
363 1840 469 1922 ipsum
485 1858 565 1902 vane
586 1847 712 1922 reputat
731 1847 763 1902 et
782 1840 879 1903 extol·
897 1845 921 1908 B
976 1843 1195 1902 Communiaet
1214 1851 1322 1902 autem
1344 1844 1372 1902 is
1387 1844 1447 1922 qui
1460 1844 1685 1904 catechinatur

125 1940 175 2014 lit,
188 1939 279 2022 quasi
295 1958 314 2001 a
328 1958 362 2002 se
378 1940 448 2021 ipso
462 1939 583 2020 aliquid
599 1937 714 2001 habeat
729 1938 816 2012 boni,
828 1939 880 2000 vel
936 1941 1041 2009 verba,
1058 1939 1091 2002 id
1113 1947 1162 2001 est
1184 1940 1240 2022 qui
1265 1940 1434 2002 instruitur
1455 1940 1612 2022 sapientia
1636 1961 1683 2005 sa·

125 2037 219 2121 quasi
236 2037 269 2099 in
285 2036 413 2100 caritate
429 2044 460 2099 et
474 2037 574 2118 gratia
589 2037 639 2110 sit,
656 2056 756 2119 quum
773 2044 879 2100 tamen
936 2037 1029 2100 lutari
1046 2057 1103 2100 seu
1118 2057 1214 2102 sacrm
1230 2037 1401 2120 Scriptura
1416 2038 1563 2121 eloquiis,
1580 2041 1612 2098 ei
1626 2041 1686 2120 qui

126 2155 187 2218 per
207 2134 391 2218 superbiam
411 2153 502 2197 suam
522 2135 656 2197 virtutes
677 2135 831 2209 amiserit,
847 2143 879 2197 et
934 2157 966 2196 se
990 2139 1180 2206 catechizat,
1206 2136 1239 2198 id
1269 2143 1317 2199 cst
1340 2153 1399 2199 suo
1422 2136 1620 2211 instructori,
1647 2139 1685 2198 in

126 2232 340 2316 spiritualiter
358 2232 439 2295 nihil
460 2234 510 2294 sit.
527 2233 658 2316 Propter
673 2233 759 2316 quod
775 2234 807 2296 in
824 2233 879 2295 Ec·
935 2237 1084 2294 erunibus
1113 2236 1204 2295 honis
1226 2256 1238 2294 :
1265 2235 1297 2296 id
1325 2243 1383 2308 est,
1411 2241 1475 2297 tam
1505 2235 1685 2318 spiritualia

11 2332 308 2400 au.1,t.clesiastico
337 2332 492 2414 scriptum
517 2339 565 2394 est
591 2349 598 2394 :
624 2332 704 2406 Ouid
734 2332 880 2414 superbit
935 2332 1019 2396 bona
1033 2352 1101 2406 sua,
1113 2332 1264 2396 videlicet
1279 2352 1390 2416 preces
1405 2341 1437 2396 et
1453 2333 1576 2409 merita,
1588 2353 1685 2416 quam

127 2441 213 2494 terra
231 2438 263 2493 et
283 2430 392 2493 cinist
411 2430 566 2513 Propheta
585 2447 713 2512 quoquc
738 2430 880 2511 loquitur
936 2430 1122 2513 corporalia,
1153 2430 1379 2504 communicet,
1407 2431 1581 2513 impendat,
1611 2449 1686 2498 con·

10 2531 193 2598 ..manao
218 2549 226 2594 ι
253 2529 436 2592 Substantia
464 2547 534 2590 mea
560 2534 711 2611 tanquam
740 2529 879 2591 nihilum
935 2529 1057 2592 dividat
1084 2546 1142 2592 suo
1167 2529 1376 2604 informatum,
1404 2529 1430 2592 si
1456 2530 1685 2613 temporalibus

125 2636 202 2691 ante
228 2635 267 2691 te.
293 2631 367 2704 Ipse
390 2647 423 2688 se
447 2628 583 2696 seducit,
610 2625 640 2687 id
666 2633 724 2700 est,
751 2627 880 2709 propria
936 2635 1024 2708 eget3
1041 2628 1070 2690 ei
1086 2646 1214 2711 quoquc
1233 2627 1374 2691 inbonis
1390 2627 1541 2710 operibus
1562 2647 1596 2692 se
1612 2646 1685 2692 con·

125 2729 266 2791 clatione
282 2733 429 2801 excecat,
446 2727 479 2789 in
496 2725 666 2787 falsitatem
689 2725 877 2808 precipitat,
936 2725 1062 2788 formet.
1078 2727 1202 2788 lustum
1218 2732 1266 2788 est
1280 2725 1430 2807 equidem
1447 2734 1482 2788 ut
1496 2726 1552 2809 qui
1567 2727 1608 2790 ab
1622 2726 1686 2790 alio

125 2835 158 2889 ει
174 2826 414 2890 damnationem
431 2823 672 2905 incurrit,juxta
687 2823 767 2886 illud
783 2823 880 2886 Haba·
936 2823 1115 2905 spiritualia
1128 2823 1257 2905 accipit,
1270 2823 1303 2885 in
1319 2822 1550 2906 temporalibus
1565 2824 1594 2886 ei
1611 2824 1685 2888 sub·

10 2945 111 2995 uana,
125 2945 187 2989 cuc
211 2943 218 2987 :
240 2923 403 2999 Quomodo
425 2923 537 2984 vinum
557 2929 719 3004 potantem
745 2921 876 3004 decipit,
936 2922 1106 2995 ministret,
1127 2921 1154 2984 si
1178 2928 1291 3004 potest,
1313 2929 1345 2984 ει
1368 2921 1422 2984 ille
1445 2921 1593 3003 indigeat.
1614 2923 1685 2986 Pro

125 3025 173 3087 sic
194 3024 255 3086 erit
274 3023 324 3086 vir
343 3021 512 3104 superbus,
529 3026 561 3082 et
580 3037 644 3083 non
664 3019 875 3082 decorabitur.
898 3022 1006 3102 Gpter
1031 3021 1115 3103 quod
1140 3019 1217 3082 alibi
1242 3020 1320 3082 dicit
1343 3018 1514 3102 Apostolus
1537 3038 1544 3082 :
1568 3021 1600 3084 Si
1626 3038 1683 3084 nos
1697 3032 1830 3086 [trauan.

127 3129 217 3200 Opus
231 3133 340 3183 autem
355 3141 450 3181 suum
467 3120 580 3196 probet
597 3121 830 3198 unnsquisque,
846 3119 877 3182 id
934 3119 1025 3183 vobis
1054 3118 1233 3200 spiritualia
1260 3118 1500 3192 seminavimus,
1533 3138 1683 3201 magnum

127 3229 187 3296 est,
200 3229 290 3284 actus
305 3219 378 3282 vite
393 3237 458 3282 suae
474 3217 647 3300 prudenter
662 3217 834 3290 examinet,
848 3227 878 3276 et
932 3227 981 3280 est
1003 3218 1029 3279 si
1053 3217 1191 3279 carnalia
1209 3225 1315 3279 vestra
1337 3221 1518 3280 metamusl
1539 3217 1682 3282 Christus

125 3323 173 3380 sic
189 3322 226 3378 in
240 3320 407 3393 semetipso
428 3325 556 3376 tantum
572 3317 715 3394 gloriam
736 3316 876 3385 habehit,
932 3334 1060 3399 quoque
1082 3315 1114 3377 in
1134 3315 1306 3396 Evangelio
1323 3333 1330 3377 ε
1347 3315 1467 3396 Dignus
1488 3323 1536 3378 est
1549 3315 1683 3398 (inquit)
1710 3332 1821 3382 tuan.

126 3419 157 3479 id
175 3425 235 3494 est,
251 3417 291 3479 de
306 3415 444 3498 propriis
464 3415 557 3478 bonis
572 3412 724 3496 operibus
740 3413 877 3475 exsulta·
932 3413 1096 3496 operarius
1119 3414 1265 3476 mercede
1287 3432 1353 3476 sua.

125 3515 184 3590 bit,
203 3516 230 3578 si
252 3514 350 3577 fuerit
368 3513 529 3576 virtuosus
547 3519 791 3576 :verumtamen
812 3529 875 3573 non
971 3514 1082 3574 Nolite
1104 3531 1231 3580 errare,
1252 3527 1315 3573 non
1338 3510 1571 3592 acquiescendo
1595 3513 1680 3575 sanis

124 3614 270 3676 finaliter
294 3630 353 3674 nec
378 3610 598 3694 principaliter
624 3610 655 3670 in
686 3629 731 3682 se,
757 3610 812 3671 sed
842 3609 876 3670 in
932 3609 1096 3683 doctrinis,
1118 3627 1175 3671 seu
1200 3627 1264 3672 non
1287 3607 1538 3689 obtemperando
1562 3628 1680 3691 praece-

9 3727 109 3781 nmai.
125 3714 275 3785 Domino,
290 3712 381 3793 juxta
401 3710 491 3782 illud,
508 3709 566 3782 Qui
584 3707 749 3789 gloriatur,
767 3707 798 3769 in
818 3708 875 3770 llo-
932 3708 1006 3790 ptis.
1022 3711 1110 3768 Deus
1130 3727 1194 3767 uon
1215 3709 1393 3776 irridetur,
1410 3705 1442 3768 id
1462 3715 1521 3782 cst,
1539 3724 1602 3770 non
1622 3707 1679 3770 lal-

125 3810 445 3893 minoglorictur.lit
462 3806 750 3876 uenenariorum
766 3806 875 3878 est,de
932 3807 1017 3868 litur.
1049 3805 1147 3886 Cujus
1176 3805 1303 3885 signum
1334 3803 1541 3885 subJungitur
1567 3823 1573 3867 :
1603 3809 1681 3875 Qua

125 3911 221 3974 lactis
244 3918 275 3972 et
298 3907 420 3971 meritis
442 3907 577 3969 aliorum
603 3923 666 3968 non
691 3909 873 3986 praesumet,
930 3907 1017 3965 enim
1033 3905 1244 3964 seminaverit
1260 3905 1363 3974 hamo,
1380 3903 1412 3965 id
1430 3910 1478 3966 est
1492 3920 1589 3986 opera
1608 3923 1679 3987 qum

124 4027 232 4091 neque
254 4008 286 4070 in
307 4007 442 4069 aliorum
465 4004 556 4067 laude
575 4011 606 4066 ει
621 4002 802 4066 adulatione
823 4001 874 4064 lac·
932 4003 964 4064 in
990 4000 1138 4085 praesenti
1164 4001 1229 4063 vita
1254 4001 1422 4082 peregerit,
1444 4021 1515 4084 quae
1536 4002 1576 4065 ad
1601 4022 1678 4085 prte-

12 4127 107 4178 mau.
123 4109 257 4170 inbitur.
274 4106 350 4180 Quis
366 4104 452 4167 enim
471 4104 531 4165 scit
546 4101 623 4185 quid
643 4109 753 4182 agatur
768 4100 800 4161 in
819 4099 874 4164 ho·
931 4102 1032 4165 mium
1053 4107 1278 4182 comparantur
1300 4098 1445 4162 futurum
1467 4100 1549 4162 sicut
1569 4119 1678 4163 semen

123 4207 225 4280 mine,
246 4206 309 4268 nisi
335 4204 467 4286 spiritus
490 4200 653 4264 hominist
673 4208 708 4260 ut
729 4199 773 4261 ait
794 4199 874 4280 Apo·
888 4205 914 4267 l)
929 4202 967 4263 ad
988 4201 1148 4278 lructum;
1169 4203 1236 4260 hae
1257 4209 1287 4258 et
1311 4208 1417 4270 metat,
1434 4200 1466 4261 id
1488 4207 1546 4273 est
1562 4199 1677 4263 horum

122 4307 236 4372 stolus.
259 4306 487 4384 Unusquisque
508 4304 595 4361 enim
616 4319 698 4360 onus
718 4319 826 4368 suum,
841 4299 873 4361 id
930 4300 1119 4380 condignam
1142 4298 1321 4361 mercedem
1346 4297 1492 4379 accipiet.
1511 4297 1598 4360 Unde
1621 4317 1677 4380 per

122 4399 681 4486 estcausamquamcumdistricto
699 4397 875 4479 judiceha·
930 4397 1127 4460 Ezechielem
1163 4397 1245 4458 [leus
1280 4393 1464 4476 frequenter
1499 4401 1634 4457 testatur
1667 4414 1674 4458 :

121 4506 190 4579 bet,
215 4523 272 4568 seu
297 4499 499 4564 conscientia
522 4518 587 4562 suaa
616 4514 798 4579 gravamen,
823 4495 873 4557 vel
930 4497 1195 4578 l'numquemque
1211 4501 1353 4558 vestrum
1371 4493 1461 4574 juxta
1479 4494 1565 4556 viam
1585 4514 1676 4558 snam
1696 4517 1825 4570 nattam

121 4604 279 4668 vitiorum
301 4617 431 4663 suorum
455 4598 621 4670 ultionem,
640 4595 690 4660 vel
712 4594 873 4656 actionum
929 4595 1088 4676 judicabo.
1107 4595 1267 4663 Quoniam
1287 4595 1346 4672 qai
1365 4594 1503 4653 seminat
1523 4594 1559 4654 in
1578 4613 1677 4655 carne
1691 4583 1823 4687 {gffinsslfflf

121 4719 259 4764 suarum
285 4697 485 4780 manipulum
512 4713 710 4778 operumque
734 4692 875 4773 congeri·
930 4713 1001 4762 aua,
1023 4693 1054 4754 id
1077 4699 1135 4765 est,
1152 4691 1321 4754 carnaliter
1342 4691 1432 4766 vivit,
1449 4692 1676 4774 concupiscen-
1691 4675 1762 4757 uita,
1781 4674 1823 4758 'ni

9 4831 106 4872 paean,
121 4821 191 4874 em,
204 4801 359 4878 portabit.
373 4795 474 4878 Opera
490 4795 576 4857 enirn
592 4792 720 4856 illorum
736 4809 875 4872 sequun·
930 4793 990 4854 tias
1005 4811 1078 4853 suas
1093 4791 1267 4873 sequendo,
1284 4793 1324 4850 de
1338 4809 1438 4850 carue
1455 4799 1484 4850 et
1500 4800 1594 4851 metet
1609 4813 1677 4853 eor·
1690 4773 1733 4814 ’ω’

9 4945 98 4988 ,um
123 4911 181 4965 tur
196 4900 276 4962 illos.
289 4897 377 4961 Unde
393 4897 426 4958 in
443 4895 525 4958 libro
539 4894 596 4957 tob
612 4892 764 4956 asseritur
780 4909 787 4952 :
805 4890 876 4955 Om·
933 4894 1129 4968 ruptionem,
1137 4889 1167 4951 id
1182 4896 1305 4971 est,pro
1317 4885 1404 4950 vitiis
1418 4889 1485 4950 suis
1496 4891 1678 4953 carnalibus

100 4977 277 5081 ¹nipotens
297 5015 378 5078 opus
398 4993 538 5058 hominis
559 4993 668 5055 reddet
684 4991 725 5064 ei,
742 4997 774 5052 et
787 4990 878 5070 juxta
932 4990 1066 5071 recipiet
1097 4996 1247 5051 aeternam
1279 4987 1528 5062 damnationem,
1560 4990 1677 5052 virium

123 5099 199 5161 vias
215 5095 410 5177 singulorum
427 5093 573 5156 restituet
588 5092 643 5154 eis.
661 5090 707 5153 Ad
722 5091 878 5152 Romanos
932 5105 1060 5170 quoque
1074 5087 1189 5149 animae
1204 5106 1269 5148 suae
1285 5085 1503 5160 iniectionem,
1519 5087 1595 5169 quia
1610 5107 1681 5169 pec·

9 5213 260 5280 m.11v,quoque
284 5195 399 5276 legitur
420 5213 427 5256 z
449 5191 674 5274 Unusquisque
695 5206 753 5272 pro
777 5208 809 5250 se
832 5207 878 5251 ra·
933 5195 1002 5249 cata
1029 5187 1169 5248 animam
1200 5185 1420 5267 indisponnnt,
1445 5192 1478 5247 et
1502 5185 1586 5249 vires
1610 5187 1680 5267 ejus

127 5297 255 5360 tionem
276 5293 392 5356 reddet.
935 5285 1085 5348 inliciunt
1109 5303 1166 5347 seu
1191 5291 1410 5366 corrumpunt.
1437 5284 1501 5347 lloc
1525 5285 1680 5368 estquod
