4192 6258
439 501 500 564 498
643 519 791 568 neutrum
812 520 876 566 xvu
898 520 970 566 rosr
990 517 1183 564 mrurrarau.
1204 535 1244 545 -
1264 517 1306 563 an
1325 518 1519 583 natrcrosos3
1541 519 1639 566 sunno
1660 517 1787 575 oomrus

438 690 530 754 alteri
554 699 604 755 est
625 710 796 756 venenum.
822 691 901 754 Nam
931 691 1014 752 sicut
1038 690 1186 753 homines
1201 687 1227 752 Α
1243 689 1364 752 ctioncs
1388 698 1420 754 et
1444 710 1593 774 perversa
1618 688 1739 772 judicia
1765 694 1884 770 sponte
1905 703 1976 748 assu·
2078 735 2079 752 ι

438 788 516 852 boni
540 797 572 852 et
593 789 724 864 dociles,
747 789 962 872 spiritualium
984 787 1187 871 profectuum

439 887 559 969 cupidi,
577 888 745 962 caritativi‚
762 888 890 962 sinceri,
906 887 963 950 Dei
982 887 1135 950 honorem
1155 892 1187 948 et

438 985 658 1066 proximorum
682 987 928 1051 edificationem
948 985 1114 1048 sinceriter
1135 1004 1187 1048 cu·

437 1083 572 1167 pientes,
588 1085 788 1168 gratulantur
806 1085 845 1147 de
860 1085 969 1166 gratiis
984 1090 1016 1147 et
1030 1083 1187 1147 excellen-

436 1182 490 1245 tiis
509 1183 656 1264 gratiosis
672 1184 809 1266 desuper
828 1183 900 1245 aliis
919 1181 1110 1256 distributis,
1126 1199 1186 1243 nec

436 1281 545 1343 dolent
559 1282 644 1364 quod
659 1282 853 1345 excedantur
871 1280 911 1344 ab
927 1281 1002 1354 illis,
1020 1280 1085 1343 imo
1100 1280 1186 1363 quod

436 1379 469 1441 in
495 1399 530 1443 se
554 1379 633 1463 ipsis
660 1398 723 1444 non
753 1381 871 1444 habent
895 1379 1034 1461 gaudent
1058 1379 1090 1442 in
1113 1379 1185 1440 aliis

435 1478 593 1558 inveniri;
615 1479 662 1542 sic
686 1478 840 1561 perversi,
863 1478 943 1553 ficti,
968 1477 1129 1540 ambitiosi
1153 1483 1185 1538 ct

436 1576 538 1641 invidi
562 1575 646 1640 bona
673 1576 810 1640 aliorum
839 1576 956 1658 quibus
985 1576 1047 1659 ipsi
1076 1581 1186 1639 carent

434 1674 605 1739 obscurare
621 1675 778 1750 nituntur,
794 1683 826 1738 et
841 1675 1015 1738 eminentia
1034 1674 1118 1737 bona
1137 1673 1183 1736 in-

434 1782 648 1857 terpretantur
663 1774 696 1837 in
712 1774 815 1859 pejus.
824 1774 912 1847 Quod
928 1781 963 1835 ut
977 1772 1184 1836 verisimilius

1242 788 1387 852 mimusl
1411 791 1578 873 Deinceps,
1605 807 1668 852 non
1697 788 1799 850 simus
1829 785 1922 868 proni
1945 785 1976 846 ad
2078 827 2079 878 ,

1243 888 1400 964 scandala,
1417 890 1471 951 sed
1487 909 1558 972 que
1579 888 1662 951 mala
1680 891 1839 970 apparent
1853 885 1889 946 in
1907 883 1975 956 aliis,

1242 994 1397 1068 quantum
1420 988 1575 1062 valemus,
1596 987 1679 1049 intra
1700 1003 1758 1048 nos
1779 999 1974 1059 excusemus3

1242 1085 1406 1168 simusque
1428 1086 1520 1170 proni
1539 1086 1578 1148 ad
1597 1083 1856 1154 edificationem,
1874 1087 1910 1143 ut
1928 1080 1976 1142 sci·
2078 1071 2079 1138 i

1242 1183 1317 1246 licet
1345 1184 1428 1246 bona
1456 1183 1652 1248 confratrum
1681 1182 1921 1246 consideremus
1944 1181 1975 1242 ad

1242 1281 1443 1357 imitandum,
1464 1291 1496 1346 et
1518 1283 1616 1346 instar
1637 1280 1898 1364 prudentissime
1919 1277 1976 1359 apis
2078 1259 2079 1298 ³

1240 1379 1315 1440 binc
1331 1381 1405 1442 inde
1424 1380 1575 1443 flosculos
1595 1380 1796 1460 colligamus,
1812 1386 1848 1439 ιιι
1862 1375 1976 1438 melliti·
2078 1391 2079 1452 ι

1240 1496 1350 1541 cemus
1366 1497 1404 1541 ex
1420 1479 1476 1542 eis.
1493 1479 1541 1541 Ab
1558 1479 1618 1542 isto
1634 1478 1859 1550 bumilitatem,
1877 1475 1916 1538 ab
1931 1475 1976 1538 illo
2078 1515 2079 1540 ι

1240 1577 1528 1652 mansuetudinem,
1536 1578 1576 1640 ab
1592 1595 1657 1641 uno
1671 1574 1912 1659 patientiamab
1923 1573 1976 1636 alio

1240 1674 1379 1738 caritatis
1395 1674 1551 1739 fervorem
1566 1674 1837 1755 discentes,bujus
1848 1672 1977 1735 alacrita-

1239 1779 1303 1836 tem
1323 1791 1360 1836 ac
1377 1773 1576 1856 spiritualem
1595 1773 1749 1847 letitiam,
1767 1771 1854 1835 illius
1870 1771 1976 1833 studie

434 1872 540 1936 facere
562 1873 741 1948 videantur,
763 1878 850 1954 gesta
874 1872 1010 1935 aliorum
1034 1879 1066 1934 et
1087 1870 1185 1934 verba
1202 1874 1225 1936 B
1240 1871 1874 1947 sitatem,taciturnitatem,maturitatem
1889 1877 1976 1932 secte

435 1971 616 2046 observant,
633 1971 880 2053 occasionesque
901 1978 1055 2053 expetunt
1075 1977 1185 2032 contra

435 2069 517 2144 illos,
535 2077 570 2132 ut
591 2087 645 2133 cos
664 2069 792 2133 valeant
812 2087 971 2131 accusare.
992 2068 1043 2132 Sic
1065 2068 1098 2130 in
1120 2085 1185 2130 om-

433 2168 529 2231 nibus
554 2168 670 2231 accidit
694 2167 825 2231 Christo.
850 2168 954 2240 Quum
979 2167 1066 2230 enim
1091 2173 1185 2229 tante

434 2273 518 2329 essct
539 2266 704 2349 sapientia
726 2274 758 2329 et
771 2265 982 2348 eloquentie,
999 2273 1093 2330 tante
1115 2284 1184 2328 san-

434 2364 553 2427 ctitatis
577 2371 609 2427 et
634 2364 827 2438 eminentie,
851 2371 980 2448 tamque
1004 2363 1184 2446 potentissi-

434 2482 507 2526 mus
523 2463 555 2526 in
572 2462 836 2545 miraculis,quod
852 2462 965 2526 merito
979 2463 1018 2525 ab
1034 2463 1184 2525 omnibus

433 2562 594 2636 honorari,
605 2561 726 2624 laudari
741 2580 778 2624 ac
793 2561 883 2642 diligi
899 2561 1073 2636 debuisset,
1083 2561 1185 2624 nihilo

434 2660 541 2724 minus
556 2681 574 2723 a
590 2659 892 2743 multis,presertim
907 2678 926 2722 a
941 2659 1116 2741 majoribus
1131 2677 1184 2742 po·

433 2759 502 2842 puli
531 2759 593 2832 sui,
620 2765 652 2821 et
681 2758 874 2840 legisperitis
905 2777 941 2821 ac
964 2757 1140 2828 Pharisaeus,
1166 2777 1185 2819 a

433 2856 652 2919 sacerdotibus
676 2863 708 2918 et
730 2855 951 2939 pontificibus,
973 2855 1115 2930 insidias,
1136 2855 1183 2918 in·

431 2954 544 3036 jurias,
561 2955 784 3030 detractiones,
802 2954 1039 3038 persecutiones
1055 2972 1182 3036 perpes-

1242 1990 1321 2032 mur.
1339 1971 1564 2054 Unusquisque
1579 1972 1667 2034 enim
1683 1969 1851 2053 proprium
1867 1969 1975 2032 donum
1986 1987 2069 2032 rea:

1240 2068 1334 2131 habet
1353 2088 1372 2130 a
1390 2069 1464 2132 ileo.
1482 2069 1533 2132 Sic
1553 2070 1675 2152 quippe
1693 2069 1829 2150 agendo,
1845 2067 1975 2130 beatissi-

1240 2186 1311 2229 mus
1336 2174 1426 2250 pater
1454 2176 1562 2231 noster
1584 2167 1742 2230 Antonius
1767 2166 1832 2229 cito
1855 2166 1894 2228 ad
1921 2185 1976 2228 ma-

1238 2283 1334 2346 gnam
1363 2264 1493 2328 devenit
1522 2264 1764 2348 perfectionem.
1795 2264 1867 2338 Sed,
1892 2264 1975 2326 beut

1240 2363 1370 2444 quidam
1399 2363 1478 2426 adeo
1502 2370 1577 2426 sunt
1601 2363 1756 2447 perversi,
1783 2370 1818 2424 ut
1842 2361 1977 2445 quamvis

1240 2461 1329 2524 mille
1351 2461 1435 2526 bona
1457 2461 1490 2524 in
1514 2461 1622 2545 aliquo
1645 2469 1788 2536 cernant,
1805 2479 1868 2524 non
1889 2461 1978 2525 edili-

1240 2568 1427 2635 centur,ncc
1443 2559 1707 2639 reminiscantur3
1722 2560 1749 2622 si
1765 2567 1871 2623 autem
1886 2578 1977 2622 unum

1239 2658 1360 2721 malurn
1377 2660 1408 2721 in
1424 2659 1495 2742 ipso
1510 2658 1721 2742 conspiciant,
1737 2659 1884 2742 protinus
1898 2677 1977 2722 scan-

1239 2757 1426 2832 dalizentur,
1449 2758 1612 2833 irrideant,
1635 2759 1821 2822 memoriter
1847 2765 1974 2830 teneant

1239 2863 1270 2918 et
1286 2855 1365 2918 illud
1385 2856 1559 2938 divulgent.
1576 2857 1614 2920 lli
1635 2875 1669 2920 sc
1689 2863 1800 2940 potant
1814 2857 1974 2928 absinthio,

1238 2954 1378 3037 felleque
1400 2954 1517 3018 cibant.

432 3073 486 3116 sus
511 3061 567 3117 est.
595 3053 634 3116 lit
658 3053 691 3116 in
721 3054 782 3116 isto
807 3053 1005 3136 perpendere
1028 3052 1220 3122 debemusss
1278 3053 1437 3135 Amplius,
1464 3053 1497 3116 in
1520 3053 1688 3135 evangelio
1717 3054 1869 3118 hodierno
1892 3055 1975 3117 dccet

433 3170 529 3234 quarn
550 3151 741 3214 mirabiliter
755 3170 792 3214 ac
807 3151 1057 3214 lamentabiliter
1074 3169 1184 3234 pccca-

433 3257 465 3313 ta
479 3251 652 3314 humanam
668 3250 879 3313 obtenebrant
894 3258 1045 3326 mentem,
1055 3269 1185 3333 preser-

432 3349 491 3411 tim
511 3349 641 3423 invidia‚
659 3367 730 3430 que
748 3366 812 3412 non
832 3349 908 3411 sinit
929 3349 1092 3411 bominem
1113 3368 1183 3413 ran·

401 3485 406 3492 ·
433 3465 580 3511 carosum
600 3447 683 3511 benc
701 3448 845 3528 judicare
863 3449 1070 3536 decoquam
1090 3448 1181 3513 odit:

434 3547 499 3610 imo
514 3564 578 3628 quo
593 3546 793 3629 preclariora
808 3554 882 3609 sunt
897 3547 1093 3623 documenta,
1101 3547 1183 3611 facta

434 3652 466 3708 et
481 3644 638 3725 magnalia
653 3645 735 3726 ejus,
745 3663 784 3708 eo
798 3646 926 3708 invidus
942 3646 1043 3727 magis
1059 3654 1183 3728 torque-

434 3750 498 3817 tur,
514 3742 677 3825 pejoratur
696 3749 791 3825 atque
813 3742 1006 3825 obloquitur.

475 3842 680 3905 Excutiamus
701 3861 821 3924 erg0,o
841 3844 965 3920 fratres,
987 3852 1018 3906 ιι
1037 3843 1181 3908 funditus

434 3941 627 4003 eradicemus
642 3961 680 4004 cx
695 3941 841 4004 cordibus
855 3942 968 4005 nostris
983 3961 1107 4006 omnem
1122 3944 1183 4025 pri·

433 4046 543 4102 vatum
562 4056 704 4102 amorem
720 4047 751 4101 et
766 4041 909 4120 germina
929 4041 999 4122 ejus
1014 4049 1179 4118 venenata,

434 4137 600 4212 invidiam,
625 4136 835 4201 ambitionem
861 4146 892 4201 ct
915 4157 1043 4203 ornnem
1073 4140 1181 4204 elatio-

433 4256 520 4312 nem,
545 4237 649 4300 zelum
678 4256 835 4313 amarum,
861 4239 1029 4300 temeraria
1054 4256 1181 4322 quoque
1197 4237 1221 4299 D
1237 4236 1334 4312 tibus,
1355 4238 1627 4319 quemadmodum
1648 4239 1804 4321 scriptum
1824 4245 1877 4312 cst,
1891 4237 1971 4299 tudi-
1991 4255 2069 4310 ιιι-ι

431 4335 561 4416 judicia,
579 4354 707 4399 omnem
722 4335 858 4398 abusum
874 4343 905 4397 et
919 4336 1100 4399 universam
1117 4356 1181 4400 ma-

434 4434 545 4496 litiam.
562 4434 630 4498 Non
650 4434 752 4497 simus
776 4434 894 4496 curiosi
917 4435 1053 4497 aliorum
1075 4434 1182 4498 obscr-

434 4539 569 4606 vatores,
586 4551 686 4613 quum
706 4533 765 4595 hcc
786 4532 950 4595 monacbis
972 4532 1109 4596 maxime
1131 4553 1183 4596 ex-

435 4636 496 4690 stet
510 4628 668 4703 illicitum,
675 4648 711 4693 co
727 4630 810 4712 quod
826 4631 1046 4713 unusquisque
1061 4649 1180 4708 eorum,

435 4724 541 4800 unius,
566 4732 675 4808 utpote
705 4729 753 4789 sui
784 4727 896 4810 ipsiuS,
921 4729 1110 4790 constitutus
1141 4731 1183 4793 sit

435 4830 551 4885 custos.
569 4823 608 4884 Et
628 4823 701 4886 dato
722 4824 807 4905 quod
833 4825 1001 4905 religiosus
1023 4827 1119 4889 etiarn
1143 4847 1181 4891 ex

435 4921 598 5004 proposito
627 4930 735 4985 caveat
763 4924 841 4986 alios
870 4924 1049 4999 observare,
1080 4926 1182 4990 nihilo

435 5019 541 5082 minus
562 5017 678 5101 sepius
693 5028 725 5082 et
741 5020 955 5084 abundantius
975 5041 1071 5103 quam
1092 5042 1183 5107 opor-

434 5125 479 5180 tet
497 5117 622 5180 occasio
641 5117 703 5180 sibi
722 5126 867 5181 occurret
881 5118 1022 5196 videndi,
1040 5122 1182 5186 conside-

435 5215 525 5277 randi
538 5233 575 5277 ac
589 5214 754 5295 judicandi
769 5215 852 5278 facta
872 5215 1010 5279 illorum.
1029 5218 1091 5282 flur
1106 5238 1182 5301 crgo

436 5312 528 5376 nobis
543 5313 621 5395 ipsis
636 5311 800 5392 injicimus
819 5313 981 5396 laqueum,
998 5333 1055 5377 cur
1070 5317 1181 5379 distra-

1239 3151 1381 3216 Salvatcr
1395 3170 1525 3216 omnem
1543 3153 1756 3216 ambitionem
1774 3172 1842 3216 esse
1857 3153 1974 3236 penitus

1238 3251 1467 3325 detestandam,
1480 3268 1662 3334 proponens
1678 3251 1859 3335 parabolam
1874 3252 1974 3333 inqua

1239 3348 1496 3432 legisperitorum
1513 3368 1550 3412 ιι
1565 3349 1795 3414 Pharisaeorum
1814 3350 1930 3414 notavit
1941 3365 1974 3410 ac

1239 3447 1421 3529 reprobavit
1444 3447 1664 3512 ambitionem.
1691 3449 1802 3512 Nonne
1831 3449 1975 3510 immensa

1238 3553 1286 3608 est
1306 3545 1473 3628 fragilitas,
1490 3546 1555 3610 imo
1575 3548 1715 3631 pravitas
1734 3566 1771 3610 ac
1786 3547 1904 3611 cecitas
1924 3546 1974 3607 bn·

1239 3663 1339 3708 mane
1362 3645 1501 3708 mentisf
1521 3645 1601 3720 Quia
1621 3666 1725 3729 quum
1745 3648 1838 3710 bomo
1857 3645 1908 3710 vix
1929 3663 1974 3706 ιι-

1240 3742 1302 3806 leat
1323 3743 1512 3825 gubernare,
1530 3745 1691 3808 custodire
1714 3765 1752 3808 ac
1773 3745 1925 3809 refrenare
1944 3760 1974 3804 sc

1239 3841 1357 3925 ipsum,
1373 3861 1478 3924 neque
1494 3861 1552 3926 pro
1567 3862 1600 3906 se
1616 3843 1684 3906 solo
1699 3842 1840 3907 sufficiat
1851 3843 1972 3906 reddere

1239 3942 1393 4004 rationem
1405 3960 1414 4020 ;
1436 3960 1538 4023 quum
1563 3941 1696 4025 insuper
1716 3950 1803 4006 tanta
1822 3943 1859 4005 sit
1880 3943 1973 4003 inccr-

1237 4040 1340 4102 titudc
1355 4059 1392 4102 ac
1404 4039 1543 4103 brevitas
1556 4040 1630 4104 vite
1646 4042 1886 4124 praesentiente
1902 4040 1971 4101 itam

1236 4138 1508 4220 rigorosissimum
1522 4139 1683 4219 judicium
1704 4141 1799 4203 instet
1816 4139 1973 4222 praesiden-

1237 4336 1323 4398 cium
1339 4336 1549 4400 durissimum
1565 4337 1598 4398 in
1613 4337 1663 4399 his
1677 4338 1734 4420 qui
1753 4344 1882 4420 presunt
1896 4336 1968 4397 fiet:

1236 4434 1339 4497 nihilo
1364 4434 1471 4498 minus
1495 4443 1683 4510 excecatus,
1710 4455 1808 4498 vanus
1830 4442 1858 4498 et
1879 4434 1971 4497 miser

1237 4533 1333 4596 homo
1349 4533 1465 4614 ingerit
1480 4552 1513 4596 se
1528 4534 1567 4596 ad
1583 4535 1816 4616 primatum,ad
1829 4531 1970 4616 prelatie

1238 4649 1312 4693 nem
1341 4631 1493 4714 adspirat,
1518 4638 1551 4694 ct
1575 4639 1610 4694 ut
1635 4633 1738 4715 possit
1762 4651 1895 4716 preesse,
1922 4649 1969 4692 nc-

1238 4730 1343 4811 quiter
1358 4748 1391 4792 se
1407 4729 1567 4805 humiliat,
1584 4730 1701 4793 callide
1717 4732 1859 4816 applicat,
1869 4730 1970 4792 dolose

1238 4827 1411 4901 blanditur,
1437 4847 1535 4909 seque
1559 4827 1679 4910 frangit
1702 4830 1737 4893 in
1763 4829 1872 4892 multis.
1892 4826 1969 4888 Ecce

1237 4932 1355 5008 quanta
1376 4932 1425 4988 cst
1446 4926 1507 4988 ista
1527 4925 1692 4990 calamitas
1716 4928 1823 4992 miseri
1841 4924 1969 4990 bominis

1237 5031 1282 5086 tot
1291 5023 1444 5105 periculis
1459 5043 1493 5088 se
1509 5025 1715 5101 involventis,
1733 5046 1791 5090 nec
1805 5027 1893 5090 Deum
1908 5041 1970 5086 om·

1236 5121 1290 5184 nia
1305 5121 1484 5185 intuentem
1499 5123 1755 5190 considerantis:
1772 5133 1920 5196 ettamen,
1937 5129 1970 5182 ut

1236 5226 1363 5282 sanctus
1384 5221 1477 5283 docet
1501 5221 1693 5298 Bernardus,
1714 5221 1968 5306 quemadmodum

1235 5317 1386 5392 avaritie,
1404 5317 1447 5380 ita
1466 5326 1499 5382 et
1518 5319 1706 5385 ambitionis
1726 5323 1796 5386 sitis
1814 5319 1917 5385 crescit
1935 5321 1967 5382 in
