4164 6258
484 499 633 548 noumrca
654 501 685 550 rr
705 502 779 550 rosr
799 501 993 551 rnrurrarsu.
1013 521 1054 534 —
1074 505 1173 554 saeuo
1194 505 1347 555 sncnnnns
1629 489 1691 555 209

135 685 217 728 sam
245 667 367 742 Quanto
391 667 477 732 enim
503 669 576 753 quis
600 670 673 754 plus
697 671 803 754 diligit
831 673 887 736 ali·
902 672 928 737 Α
942 675 1117 755 praemittit,
1134 695 1152 737 a
1167 694 1230 759 quo
1251 677 1360 740 nullus
1380 695 1503 760 pauper
1521 676 1621 738 tristis
1641 695 1688 740 re-

135 782 249 845 quem,
261 773 349 830 tanto
363 765 516 830 libentius
531 787 567 832 ac
581 769 797 834 abundantius
812 790 888 854 prae
942 771 1036 834 cedit.
1054 773 1152 846 Unde,
1165 774 1342 836 secundum
1358 774 1582 856 augustinum,
1595 773 1622 836 si
1638 774 1689 836 de-

133 869 199 924 stat
223 871 254 926 et
279 866 496 929 communicat
519 867 549 929 ei
578 867 662 932 bona
691 887 759 942 sua,
786 887 886 950 quum
941 869 983 931 sit
1004 870 1167 951 corporale
1190 870 1309 933 bonurn
1333 873 1417 953 quod
1439 872 1532 934 detur
1555 873 1687 953 petenti,

132 960 270 1044 diligere
290 965 333 1027 sit
352 965 449 1028 alicui
469 965 588 1030 benum
603 967 696 1031 velle.
715 969 816 1042 Quum
838 987 886 1031 er·
941 965 1081 1029 dandum
1101 975 1149 1030 est
1164 969 1298 1030 verbum
1319 968 1450 1042 bonum,
1467 969 1601 1031 verbum
1618 987 1689 1032 con·

130 1076 175 1140 go
194 1061 261 1142 jum
283 1062 406 1126 dictum
427 1063 479 1138 sit,
497 1065 581 1148 quod
597 1065 694 1128 bomo
713 1083 771 1148 per
791 1083 888 1150 opera
941 1063 1127 1128 solatorium
1150 1083 1188 1129 ac
1209 1065 1346 1129 salubre.

133 1158 365 1226 misericordiae
380 1162 444 1226 Deo
464 1163 640 1244 praesertim
662 1165 809 1228 amabilis
829 1165 843 1227 l
845 1166 887 1227 iet
981 1163 1187 1247 Quartoquia
1201 1183 1259 1248 per
1274 1165 1499 1228 misericordiae
1514 1183 1610 1248 opera
1625 1183 1688 1228 non

131 1263 166 1318 et
182 1276 287 1334 carus,
305 1268 427 1322 certum
448 1269 497 1324 est
514 1263 598 1344 quod
614 1262 697 1325 lleus
717 1262 888 1326 charisma·
941 1262 1044 1324 solum
1060 1262 1267 1326 dimittuntur
1282 1270 1412 1346 peccata
1426 1264 1459 1327 in
1473 1263 1538 1326 vitu
1553 1283 1689 1347 praesen·

132 1361 165 1416 ta
181 1357 291 1436 gratiae
306 1376 342 1421 ac
358 1358 513 1422 virtutum
535 1361 797 1424 misericordibus
812 1381 886 1424 cum
940 1359 976 1434 ti,
994 1361 1048 1422 sed
1064 1368 1097 1423 et
1111 1360 1270 1445 supplicia
1285 1380 1343 1444 pro
1358 1362 1497 1444 peccatis
1512 1360 1688 1444 infligenda

133 1453 298 1536 praecipua
315 1456 504 1520 liberalitate
519 1478 555 1521 ac
570 1458 765 1523 abundantia
780 1461 888 1542 largia-
940 1457 1156 1534 dimittuntur,
1182 1468 1238 1522 eut
1260 1460 1409 1536 totaliter,
1434 1467 1490 1523 aut
1513 1467 1598 1523 certe
1628 1478 1685 1542 pro

129 1558 200 1626 tur,
226 1554 401 1618 dummodo
425 1573 522 1638 opera
550 1557 776 1622 misericordia
800 1577 887 1620 exer·
942 1575 1056 1638 magna
1077 1567 1177 1640 parte,
1195 1559 1227 1620 in
1249 1559 1315 1622 vita
1340 1559 1455 1623 lutura.
1472 1558 1525 1623 Ait
1546 1579 1685 1642 namque

132 1658 231 1713 ceant
253 1670 291 1714 eo
314 1654 408 1718 modo
429 1673 494 1738 quo
515 1656 642 1730 debent,
658 1665 736 1739 puta
753 1677 792 1720 ex
812 1675 887 1721 vera
941 1653 1077 1737 ipsemet
1096 1656 1239 1720 Christus
1259 1659 1292 1720 in
1313 1658 1485 1740 Evangelio
1502 1659 1613 1732 :Quod
1634 1677 1686 1721 su·
1701 1681 1832 1736 amaru.

133 1749 281 1824 caritate,
297 1771 370 1814 cum
387 1761 473 1816 recta
488 1755 677 1830 intentione,
694 1755 732 1818 ad
750 1756 884 1838 gloriam
941 1762 1048 1836 perest
1069 1755 1140 1818 date
1161 1757 1407 1841 eleemosynam,
1430 1764 1462 1820 et
1483 1775 1557 1820 ecce
1579 1757 1687 1821 omnia

134 1847 208 1922 Dei,
221 1848 314 1929 juxta
335 1869 516 1914 mensuram
534 1851 722 1916 facultatum
742 1873 883 1930 suarum,
904 1853 927 1917 B
943 1855 1062 1916 munda
1079 1863 1154 1917 sunt
1169 1854 1278 1935 vobis;
1299 1856 1445 1919 Salomon
1461 1873 1588 1939 quoque
1605 1874 1612 1919 :
1630 1857 1686 1919 Per
1716 1871 1784 1915 rrae.
1798 1883 1833 1923 n.

132 1945 246 2009 animo
267 1955 425 2030 prompto.
942 1952 1193 2016 miscricordiam
1214 1961 1246 2016 et
1262 1953 1361 2017 fidem
1382 1963 1559 2037 purgantur
1576 1974 1686 2039 pecca·
1700 1935 1734 1977 ²⁷·

14 2068 117 2116 ana-s.
177 2043 259 2108 Hinc
283 2045 328 2108 ait
352 2047 506 2130 Propheta
528 2049 670 2112 :Beatus
693 2049 749 2132 qui
770 2050 885 2113 intelli·
942 2059 982 2112 ta.
1006 2051 1092 2114 Unde
1114 2070 1224 2114 rursus
1243 2051 1288 2115 ait
1309 2052 1495 2135 Scriptura:
1512 2053 1836 2120 abscondi-neum,

132 2141 183 2224 git
213 2163 311 2227 super
334 2163 470 2226 egenum
500 2155 532 2209 et
555 2165 752 2230 pauperem;
778 2149 809 2210 in
835 2149 886 2212 die
941 2157 972 2212 te
992 2150 1227 2233 eleemosynam
1249 2150 1280 2212 in
1301 2151 1374 2214 sinu
1394 2152 1555 2235 pauperis,
1571 2160 1603 2214 et
1618 2152 1688 2235 ipsa
1702 2131 1819 2183 ¹⁵³¹”'³³'

134 2241 223 2304 mala
253 2243 403 2306 liberabit
431 2263 506 2308 eum
539 2246 701 2309 Dominus.
733 2246 886 2310 Dominus
942 2247 1045 2311 orabit
1064 2267 1122 2331 pro
1142 2249 1233 2311 vobis
1253 2248 1291 2311 ad
1311 2249 1688 2334 Dominum3quiasicut

133 2349 306 2404 conservet
330 2361 415 2416 eum,
437 2351 468 2406 et
488 2343 634 2408 vivificet
655 2362 741 2419 eum,
763 2353 795 2408 et
816 2345 887 2408 bea·
941 2366 1024 2429 aqua
1039 2348 1212 2429 exstinguit
1228 2348 1346 2428 ignem,
1363 2349 1406 2410 ita
1421 2349 1622 2433 eleemosyna
1637 2367 1689 2412 ex-

131 2444 208 2500 tum
237 2437 333 2502 iaciat
356 2458 431 2503 eum
462 2441 495 2503 in
522 2449 616 2518 terra,
642 2450 674 2505 et
698 2460 761 2506 non
785 2443 888 2506 tradat
942 2444 1076 2526 stinguit
1097 2452 1235 2528 peccata.

131 2555 214 2598 eum
236 2537 269 2599 in
291 2537 431 2600 animam
452 2539 656 2603 inimicorum
680 2541 767 2622 ejus;
784 2541 888 2604 Domi·
981 2543 1108 2618 Quinto,
1124 2545 1164 2606 ad
1179 2562 1276 2626 opera
1292 2544 1518 2610 misericordias
1532 2544 1627 2608 debet
1642 2546 1689 2609 iu-

131 2653 199 2697 nus
220 2653 316 2719 opem
338 2635 419 2699 terat
439 2637 486 2699 illi
508 2657 605 2721 super
628 2639 745 2702 lectum
768 2639 887 2704 doloris
942 2641 1059 2705 ducere
1079 2642 1264 2724 magnitudo
1284 2643 1387 2725 culpae
1406 2663 1442 2705 ac
1462 2661 1564 2726 poene
1585 2643 1689 2706 immi-

130 2733 218 2813 ejus.
242 2732 323 2796 Eece
345 2741 425 2817 quot
445 2734 539 2810 bona,
555 2744 634 2818 quot
655 2736 792 2812 fructus,
810 2745 887 2820 quot
942 2740 1162 2816 sericordium,
1174 2749 1251 2824 puta
1265 2759 1375 2804 eorum
1391 2742 1447 2825 qui
1463 2742 1689 2806 misericordia

130 2831 270 2913 praemia
286 2833 444 2914 promittit
458 2841 490 2896 et
505 2834 698 2917 imprecatur
713 2835 887 2899 misericor·
941 2857 1037 2922 opera
1053 2858 1116 2902 non
1132 2846 1289 2903 exercent.
1307 2840 1360 2902 Ait
1374 2859 1511 2923 namque
1526 2841 1687 2923 apostolus

131 2931 178 2992 di.
199 2931 294 2993 Porro
314 2931 368 2994 ille
388 2951 485 3015 super
505 2951 641 3015 egenum
663 2941 695 2996 et
711 2953 885 3017 pauperem
939 2937 1074 3001 lacobus
1092 2957 1098 3001 :
1115 2937 1275 3000 Iudicium
1298 2938 1367 3002 sine
1389 2938 1607 3003 misericordia
1631 2939 1688 3002 liet
1700 2959 1836 3014 tantuma.

131 3031 300 3113 intelligit,
317 3033 372 3115 qui
395 3033 424 3097 ei
446 3051 506 3117 pro
530 3053 623 3118 posse
648 3035 812 3098 caritative
836 3055 885 3100 ce·
903 3037 925 3102 C
941 3037 969 3098 ei
987 3037 1043 3118 qui
1059 3055 1123 3100 non
1140 3036 1252 3099 lecerit
1266 3037 1528 3100 misericordiam.
1546 3038 1629 3100 Deus
1644 3045 1688 3100 et·

131 3130 311 3214 leriterque
334 3133 500 3195 succurrit.
518 3133 587 3196 Non
609 3134 696 3197 enim
718 3134 887 3197 sufiiciunt
941 3135 1026 3198 enim
1044 3135 1121 3198 iacit
1135 3135 1319 3199 bominibus
1335 3137 1509 3198 secundum
1525 3137 1610 3218 quod
1626 3136 1688 3219 ipsi

130 3229 274 3312 pulchra
288 3230 386 3294 verba
399 3239 454 3294 aut
468 3233 647 3315 compassio
662 3232 758 3308 nuda,
775 3233 836 3296 nisi
853 3234 885 3296 in
941 3234 1003 3296 sibi
1029 3234 1167 3296 invicem
1193 3232 1326 3308 iaciunt,
1352 3234 1412 3297 hoc
1438 3241 1485 3298 est
1510 3235 1687 3298 secundum

130 3329 175 3391 iis
197 3328 254 3410 qui
274 3330 357 3411 quod
380 3330 554 3410 largiantur
573 3348 637 3394 non
658 3331 785 3394 habent.
806 3332 885 3395 Hine
940 3333 1026 3415 quod
1055 3339 1287 3414 promerentur,
1320 3338 1432 3394 mutuo
1462 3350 1495 3394 se
1528 3331 1685 3407 habendo,

129 3427 234 3490 etiam
264 3427 309 3490 eit
337 3427 530 3491 venerabilis
560 3436 592 3492 et
621 3429 802 3494 misericors
831 3429 885 3494 ille
939 3430 1209 3512 quemadmodum
1232 3429 1317 3512 apud
1338 3430 1519 3493 Matthaeum
1544 3429 1688 3493 Christus

0 3525 252 3595 .1v,r-o,'l¹obias
279 3543 286 3588 :
311 3525 381 3588 Noli
411 3533 554 3590 avertere
583 3526 699 3590 faciem
729 3537 815 3591 tuam
845 3528 885 3591 ab
939 3537 1096 3592 testatur:
1114 3529 1180 3602 Qua
1200 3547 1348 3590 mensura
1369 3527 1470 3590 mensi
1486 3527 1622 3602 fueritis,
1639 3547 1687 3592 re·
1700 3547 1834 3604 uaesana,

14 3609 48 3648 ¹¹·
129 3623 205 3686 nllo
229 3643 381 3707 paupere,
408 3625 451 3687 ita
474 3626 561 3688 enim
588 3625 647 3688 liet
670 3633 706 3688 ut
728 3646 787 3689 nec
812 3646 831 3690 a
854 3635 885 3690 te
940 3629 1089 3690 metietur
1104 3625 1205 3689 vobis.
1223 3625 1311 3699 Quod
1328 3633 1360 3688 et
1375 3626 1407 3688 in
1428 3627 1576 3708 praesenti
1591 3645 1685 3690 evan·
1699 3614 1832 3728 ima.

127 3729 299 3784 avertatur
323 3722 420 3786 facies
444 3723 581 3786 Domini.
608 3725 770 3798 Quomodo
796 3732 885 3807 potu·
939 3725 1022 3806 gello
1051 3725 1212 3787 scribitur.
1244 3724 1331 3786 Unde
1364 3725 1397 3786 in
1428 3723 1509 3786 libro
1537 3726 1684 3788 ludicum

127 3821 213 3894 eris,
235 3821 278 3884 ita
298 3829 366 3884 esto
388 3821 571 3885 misericors
589 3841 596 3886 :
612 3823 639 3884 si
662 3823 800 3885 multum
825 3823 884 3887 tibi
939 3822 1073 3885 habetur
1090 3840 1097 3884 :
1115 3823 1203 3885 Sicut
1223 3821 1295 3893 leci,
1313 3820 1355 3882 ite
1375 3821 1513 3884 reddidit
1532 3824 1610 3885 mihi
1627 3824 1685 3888 Do
1698 3837 1772 3882 rura.
1786 3840 1831 3891 1,7.

126 3919 246 3992 luerit,
257 3918 456 3983 abundanter
471 3920 592 4000 tribue;
608 3922 634 3983 si
651 3941 775 4005 parum,
788 3923 883 3986 etiarn
940 3921 1056 3983 minus.
1073 3921 1131 3994 uui
1151 3921 1237 3982 enim
1261 3919 1486 3982 misericordiae
1506 3937 1602 4002 opera
1621 3939 1685 3985 non

125 4037 250 4102 parurn
277 4017 414 4082 libenter
443 4019 601 4102 impertiri
626 4021 728 4084 stude.
756 4021 885 4083 Fiducia
939 4028 1064 4082 exercet
1080 4036 1137 4101 pro
1151 4036 1256 4102 posse,
1274 4019 1374 4080 multa
1388 4018 1531 4081 enormia
1552 4019 1687 4083 incurrit

126 4135 251 4198 magna
274 4117 335 4180 erit
358 4117 442 4200 apud
467 4119 566 4181 Deum
592 4119 794 4203 eleemosyna
818 4137 884 4182 orn-
939 4126 1081 4201 peccata,
1112 4125 1143 4180 et
1171 4116 1298 4179 furibus
1328 4136 1364 4179 ac
1393 4117 1563 4180 homicidis
1591 4126 1686 4200 atque

126 4215 233 4279 nibus
262 4214 455 4278 facientibus
483 4235 573 4296 eam;
598 4226 630 4279 et
654 4236 717 4280 non
746 4218 924 4300 patieturD
941 4216 1120 4298 raptoribus
1139 4214 1343 4277 assimilatur.
1359 4215 1412 4277 Ait
1426 4216 1512 4278 eninr
1529 4215 1686 4296 gloriosus

126 4315 277 4379 animum
297 4313 343 4378 ire
364 4315 396 4378 in
419 4315 576 4378 tenebras.
594 4317 658 4379 lloc
678 4324 726 4379 est
745 4317 829 4400 quod
852 4318 883 4380 in
941 4316 1150 4398 Hieronymus
1164 4333 1170 4378 :
1183 4313 1251 4376 Non
1267 4313 1370 4377 solnm
1385 4313 1518 4376 decimae
1533 4331 1596 4376 non
1612 4323 1687 4378 sunt

6 4437 110 4488 escen.
127 4413 311 4494 Evangelio
334 4414 474 4496 loquitur
504 4414 648 4478 Christus
675 4433 682 4478 :
709 4415 801 4478 Omni
829 4435 884 4499 pe·
941 4421 1065 4486 nostrae,
1092 4413 1147 4475 sed
1176 4412 1214 4476 ad
1244 4412 1402 4474 Ecclesias
1431 4413 1606 4495 deputato3
1630 4413 1685 4476 sed

1 4537 109 4584 emas.
126 4512 217 4578 tenti
234 4520 264 4574 te
278 4511 401 4592 tribue;
417 4521 450 4575 et
465 4531 586 4588 rursus,
603 4513 729 4576 Bestius
747 4522 795 4577 est
810 4515 883 4578 dare
940 4511 1096 4597 quidquid
1121 4511 1260 4593 amplius
1286 4531 1382 4593 quam
1412 4511 1504 4574 nobis
1533 4529 1615 4594 opus
1639 4519 1687 4576 est

126 4629 235 4696 quam
256 4611 410 4693 accipere.
427 4611 495 4675 Non
515 4630 590 4693 ergo
608 4613 748 4674 dandum
765 4619 812 4675 est
827 4613 883 4676 uni
939 4612 1036 4674 allec
1055 4610 1249 4693 accepimus,
1266 4610 1462 4693 pauperibus
1483 4629 1613 4692 erogare
1633 4612 1686 4674 de·

124 4717 261 4775 tantum
282 4716 336 4772 aut
357 4709 479 4792 paucis,
495 4711 551 4772 sed
570 4711 720 4774 omnibus
742 4711 884 4792 indigen·
939 4710 1061 4773 bemus.
1071 4710 1102 4773 Si
1118 4717 1225 4772 autem
1241 4709 1324 4792 quod
1340 4709 1405 4772 illis
1420 4710 1561 4782 debetur,
1569 4711 1686 4774 nostris

123 4809 234 4882 tibus,
251 4807 278 4869 si
296 4807 379 4870 adsit
397 4806 542 4883 facultas,
558 4810 735 4872 secundum
756 4810 883 4890 exigen·
939 4808 1179 4892 cupiditatibus,
1201 4809 1439 4871 carnalitatibus
1463 4817 1517 4872 aut
1539 4809 1685 4874 vanitati·

123 4909 214 4972 tiam
236 4924 350 4982 causae,
366 4913 398 4968 et
421 4905 482 4968 loci
507 4926 544 4969 ac
567 4908 732 4991 temporis.
753 4909 883 4991 Propter
938 4908 998 4971 bus
1018 4926 1228 4982 reservamus,
1245 4907 1355 4990 quanti
1375 4927 1531 4990 pauperes
1552 4909 1585 4971 in
1605 4909 1684 4972 locis

125 5004 220 5090 quod
241 5005 286 5068 ait
302 5003 490 5070 Ambrosius
508 5023 515 5068 :
532 5006 740 5070 Proecedentis
761 5007 883 5070 miseri·
938 5008 993 5070 ubi
1015 5025 1071 5070 nos
1092 5025 1213 5080 sumus,
1232 5006 1315 5070 lame
1333 5013 1365 5068 et
1380 5006 1521 5070 nuditate
1542 5009 1684 5072 moriun-

124 5103 251 5168 cordiaa
266 5103 462 5167 beneficium
480 5104 595 5186 perdit,
611 5105 666 5186 qui
687 5113 777 5187 putat
791 5105 882 5168 sulli-
938 5114 999 5180 tur,
1016 5106 1199 5168 noverimus
1221 5123 1279 5168 nos
1301 5106 1339 5168 de
1362 5105 1489 5168 illorum
1514 5106 1682 5170 animabus

124 5222 207 5269 cere
231 5203 315 5287 quod
340 5204 440 5267 semel
464 5203 612 5284 donavit3
634 5205 689 5267 ille
713 5212 819 5268 autem
842 5207 881 5268 ad
937 5205 1091 5268 rationem
1107 5204 1140 5265 in
1155 5204 1206 5266 die
1219 5203 1332 5285 judicii
1348 5203 1598 5268 redditurosllis
1613 5223 1684 5267 con·

123 5303 306 5370 Dominum
334 5303 473 5384 integros
502 5302 729 5368 misericordiae
757 5302 881 5368 fructus
937 5310 1027 5368 sonat
1041 5303 1121 5365 illud
1136 5303 1168 5365 B.
1182 5303 1323 5383 Gregorii
1341 5322 1348 5366 :
1366 5303 1421 5366 l'ot
1437 5323 1518 5386 pene
1535 5302 1682 5366 homines

257 5436 349 5492 neo.
832 5477 850 5505 ,
1525 5437 1556 5492 14
