4288 6264
843 501 992 550 DOHllllGA
1013 501 1031 549 V
1052 501 1126 550 Posr
1147 499 1277 548 PASCUA·
1298 519 1338 530 -
1359 500 1458 548 struto
1479 500 1604 548 TERTIUS

983 913 1175 998 suano
1213 913 1464 998 TERTIUS

595 1181 635 1226 nrt
656 1178 752 1226 PLENO
773 1179 887 1226 uxunto
907 1177 1080 1234 ultronmr,
1101 1177 1139 1223 nt·
1160 1176 1199 1222 [11
1219 1176 1323 1223 HEDllS
1344 1177 1452 1232 QUIBUS
1473 1177 1664 1224 PERVENITUR
1684 1178 1726 1224 Ab
1746 1179 1844 1225 rttuo.

512 1461 649 1522 ΕΤΙΤΕ
668 1468 705 1520 ot
724 1461 887 1537 paediam
908 1467 1052 1519 vestram
1071 1460 1114 1519 sit
1128 1461 1197 1534 ple·
1211 1459 1236 1520 Α
1250 1457 1369 1520 dicitur
1392 1458 1534 1541 plenum,
1559 1459 1635 1541 quia
1664 1458 1802 1522 totaliter
1826 1459 1939 1542 implet
1964 1469 1995 1522 et

526 1579 615 1618 aum.
631 1559 741 1620 Joann.
760 1576 824 1632 xvi,
840 1555 889 1620 st.
1251 1556 1344 1618 satiat
1367 1557 1561 1619 desiderium
1587 1558 1702 1620 mentis
1726 1558 1884 1634 bumana,
1905 1558 1995 1639 juxta

489 1655 643 1718 Dominus
671 1663 778 1718 noster
804 1657 895 1718 Jesus
920 1655 1062 1718 Christus
1091 1653 1195 1716 sciens
1251 1654 1331 1716 illud
1355 1656 1388 1716 in
1412 1655 1536 1718 Psalmo
1557 1673 1564 1717 :
1585 1655 1784 1738 Adimplebis
1811 1675 1862 1718 me
1887 1655 2114 1738 laetitianxtx„

300 1761 567 1820 unicalamum
588 1773 658 1816 esse
677 1753 762 1816 viam
782 1753 893 1816 salutis
912 1772 1008 1835 quam
1029 1751 1147 1827 docuit,
1164 1759 1195 1813 θῖ
1250 1770 1323 1815 oum
1350 1753 1440 1816 vultu
1464 1762 1537 1834 tuo;
1556 1754 1707 1836 itemque,
1728 1753 1872 1818 Satiabor
1894 1774 1995 1837 quum
2007 1757 2114 1838 nares}

302 1833 334 1874 ¹⁴·
448 1853 584 1916 difficile
605 1872 675 1916 esse
695 1853 802 1915 omnia
823 1872 894 1934 quae
912 1852 1063 1935 pracepit
1083 1851 1196 1933 imple-
1249 1853 1432 1934 apparuerit
1456 1853 1555 1934 gloria
1579 1861 1642 1914 tua.
1659 1853 1723 1916 Hoc
1747 1853 1994 1916 saluberrimum
2113 1869 2114 1878 ¹

447 1971 492 2027 re,
509 1951 695 2034 frequenter
709 1951 775 2013 suis
795 1951 970 2014 cultoribus
985 1969 1022 2013 ac
1040 1949 1194 2012 ministris
1249 1950 1401 2029 gaudium
1425 1951 1604 2026 Beatorum,
1621 1959 1669 2014 θεῖ
1692 1950 1835 2026 11111υεί0,
1853 1951 1996 2016 dilatatio
2113 1963 2114 1990 1

447 2050 596 2132 promisit
616 2050 768 2132 gaudium
789 2049 963 2132 spirituale,
981 2049 1012 2110 id
1032 2056 1080 2110 est
1097 2065 1104 2110 :
1122 2065 1194 2110 oon·
1249 2056 1281 2109 et
1295 2048 1482 2111 exhilaratio
1497 2050 1600 2112 cordis
1620 2067 1731 2112 eorum
1746 2069 1784 2112 ex
1802 2049 1887 2112 clara
1902 2051 1995 2112 intui·

446 2149 634 2213 solationem
649 2149 806 2234 internam
823 2149 857 2210 in
873 2148 1032 2230 presenti,
1043 2167 1114 2229 que
1129 2146 1193 2208 dici
1249 2146 1335 2208 tione
1350 2153 1381 2209 et
1396 2146 1579 2210 immediata
1594 2148 1745 2210 fruitione
1759 2147 1861 2210 divini
1876 2148 1992 2222 vultus,

446 2256 549 2331 potest
573 2249 726 2359 gaudium
755 2247 967 2329 semiplenum
993 2253 1025 2308 et
1048 2264 1112 2309 non
1135 2265 1192 2328 pu·
1248 2245 1364 2310 divina
1385 2246 1541 2321 essentie,
1558 2247 1669 2328 primae
1691 2255 1722 2309 et
1743 2247 1892 2311 increata
1913 2248 1995 2310 veri·
2113 2280 2114 2288 ,

445 2365 528 2421 rum,
551 2347 628 2428 quia
652 2345 876 2429 imperfectum
902 2352 959 2420 est,
980 2343 1192 2407 tribulationi·
1247 2345 1331 2419 tatis,
1340 2364 1483 2419 summae,
1497 2345 1707 2409 immensaeet
1721 2346 1992 2410 incommutabilis

419 2440 505 2506 bus
526 2445 728 2526 tristitiisque
748 2444 961 2526 permixtum3
978 2451 1009 2505 et
1028 2442 1193 2506 consolati·
1248 2441 1407 2505 bonitatis.

444 2561 538 2606 onem
563 2542 746 2606 beatificam
775 2542 1117 2652 acperlectam,q11ae
1144 2550 1192 2604 est
1287 2541 1440 2623 Denique,
1456 2561 1553 2624 quam
1570 2541 1776 2605 ineffabiliter
1792 2562 1916 2625 magna
1928 2544 1993 2626 ple·

443 2641 596 2723 gaudium
619 2642 751 2724 plenum
775 2659 811 2704 ac
833 2659 950 2722 purum
973 2640 1007 2702 in
1030 2640 1122 2713 ooelo,
1140 2640 1229 2703 ouiB
1247 2659 1287 2701 na
1300 2658 1337 2701 ao
1356 2640 1458 2702 dulcis
1474 2641 1515 2702 sit
1533 2641 1633 2722 gloria
1651 2641 1831 2716 Beatorum,
1849 2643 1992 2705 conside-

442 2741 559 2822 gaudio
573 2741 662 2804 nulla
677 2758 818 2822 unquam
835 2739 1192 2802 misceturtristitia.1)e
1246 2738 1308 2799 rari
1337 2745 1441 2820 potest
1468 2757 1506 2801 cx
1536 2739 1645 2801 multis
1672 2759 1678 2804 :
1705 2740 1820 2814 Primo,
1845 2748 1878 2802 ct
1901 2741 1992 2804 valde

295 2859 427 2914 ramnes.
442 2839 558 2920 gaudio
580 2839 758 2922 semipleno
777 2838 822 2901 ait
843 2839 876 2900 iu
895 2838 1039 2901 lllattbaao
1056 2855 1063 2899 τ
1079 2838 1191 2901 Venite
1246 2836 1403 2918 profunde
1418 2857 1454 2900 ac
1470 2839 1672 2914 excellenter,
1685 2858 1724 2901 ex
1739 2840 1799 2902 boc
1814 2840 1900 2921 quod
1915 2840 1992 2903 dum

442 2938 481 3000 ad
497 2957 556 3012 me,
564 2956 676 3000 omnes
691 2937 744 3019 qui
760 2935 909 2999 laboratis
925 2944 957 2997 et
970 2936 1090 2998 onerati
1104 2936 1189 3010 estis,
1245 2951 1345 3014 genus
1365 2935 1540 2998 humanum
1563 2944 1692 3018 propter
1711 2937 1866 3018 originale
1883 2956 1994 3021 pecca-

443 3044 548 3117 elego
563 3035 707 3098 reficiam
723 3052 789 3097 vos.
807 3033 915 3096 Sedet
932 3033 1009 3095 alibi
1027 3052 1127 3115 quum
1145 3033 1190 3095 di·
1245 3038 1313 3094 tum
1344 3033 1504 3115 privatum
1528 3033 1641 3096 fuisset
1669 3035 1728 3097 boc
1752 3036 1878 3116 gaudio,
1904 3036 1993 3097 nulla

293 3155 384 3209 111111,
395 3159 426 3208 11,
442 3134 641 3208 xissetBeati
657 3133 733 3196 estis
747 3151 845 3214 quum
862 3132 1086 3194 maledixerint
1099 3130 1190 3194 vobis
1245 3149 1325 3212 pura
1344 3138 1487 3194 creatura
1506 3132 1600 3212 digna
1619 3132 1681 3195 fuit
1699 3133 1884 3196 bominibus
1902 3153 1992 3196 recu·

296 3222 329 3263 ¹²·
441 3233 598 3308 homines,
610 3231 1033 3312 degaudioistosubjecit:
1051 3229 1190 3294 Gaudete
1245 3248 1405 3311 perareao
1422 3231 1844 3313 promereribocgaudium,
1851 3231 1993 3294 seufcli-

441 3337 472 3391 et
491 3329 673 3392 exsultate
665 3349 697 3390 111
718 3328 773 3390 illa
792 3328 879 3402 bora,
896 3328 1048 3410 quoniam
1067 3346 1190 3390 merces
1245 3328 1372 3391 citatem
1395 3331 1579 3410 gaudiosam
1603 3330 1790 3393 ooelestem:
1808 3331 1880 3395 ideo
1904 3332 2086 3394 misitrruu

441 3435 546 3491 vestra
564 3426 694 3508 copiosa
713 3426 788 3488 est
781 3445 814 3487 rn
834 3427 933 3489 ooelis.
1244 3427 1327 3488 fleus
1350 3427 1438 3489 Pater
1457 3427 1661 3509 Unigenitum
1682 3448 1777 3492 suurn
1797 3431 1916 3493 mundo
1932 3431 1993 3492 sal·
2005 3415 2036 3456 ¹⁴
2090 3362 2114 3480 l

482 3525 536 3588 Est
560 3525 657 3587 etiam
681 3524 743 3586 alia
767 3525 847 3586 ratio
872 3543 929 3585 cur
953 3523 1096 3586 Christus
1120 3523 1187 3586 suis
1244 3532 1395 3587 vaterem.
1412 3526 1515 3598 Quum
1536 3527 1623 3588 enim
1643 3526 1805 3591 beatitudo
1824 3527 1879 3590 illa
1900 3529 1993 3592 coele-

443 3623 599 3686 ministris
614 3623 766 3704 gaudium
783 3623 844 3685 boc
859 3621 1187 3704 promisitvidelicet:
1243 3623 1301 3684 stis
1320 3623 1362 3685 sit
1381 3625 1500 3686 summi
1520 3631 1552 3686 et
1571 3625 1766 3688 invariabilis
1784 3626 1888 3689 boni'
1880 3646 1993 3690 imme-

441 3722 594 3804 quoniam
610 3721 755 3784 naturale
770 3728 819 3783 est
832 3720 954 3784 bomini
968 3720 1104 3801 gaudere
1118 3740 1190 3802 gau·
1243 3722 1327 3784 diata
1350 3722 1470 3798 fruitio,
1496 3732 1544 3786 est
1568 3718 1805 3806 quodammodo
1827 3726 1991 3807 dignitatis

441 3821 596 3902 diumque
611 3827 772 3902 appetere.
789 3819 834 3882 Ne
849 3836 924 3900 ergo
937 3819 1089 3900 gaudium
1103 3839 1188 3883 aoce-
1205 3821 1227 3884 C
1244 3821 1409 3884 immense
1441 3840 1447 3884 :
1479 3823 1549 3885 ideo
1580 3823 1716 3886 infinita
1745 3824 1909 3905 dignitatis
1938 3843 1990 3887 re·

441 3926 544 4001 ptaret
564 3917 701 3992 carnale,
722 3917 870 4000 promisit
888 3917 1039 3998 gaudium
1061 3919 1189 4000 spiritu·
1244 3920 1390 4002 demptor
1403 3922 1601 3984 necessarius
1622 3920 1690 3983 fuit.
1709 3923 1796 3984 Unde
1811 3923 1990 3985 secundum

441 4016 500 4079 ale.
524 4017 562 4078 Et
582 4017 615 4078 in
634 4016 783 4098 prasenti
806 4015 945 4091 miseria,
966 4017 1188 4079 devotissimos
1243 4019 1407 4101 antiquam
1435 4020 1674 4084 translationem
1699 4021 1820 4083 dictum
1845 4021 1907 4084 fuit
1931 4041 1991 4105 per

442 4133 516 4178 suos
532 4114 696 4176 ministros
712 4114 850 4176 carnalia
864 4114 1096 4177 oblectamenta
1110 4133 1190 4178 amo
1243 4117 1355 4179 lsaiam
1382 4135 1389 4179 ε
1415 4119 1484 4181 Non
1512 4118 1653 4200 angelus
1681 4137 1745 4182 non
1775 4120 1906 4201 legatus,
1933 4122 1989 4184 sed
2024 4145 2114 4226 111111

443 4235 476 4277 re
492 4214 547 4277 Dei
568 4221 765 4296 spernentes,
783 4213 990 4295 spiritualiter
1008 4214 1190 4277 consolatur
1245 4216 1379 4296 ipsemet
1400 4216 1517 4289 veniet,
1535 4225 1565 4278 et
1587 4217 1690 4280 salvos
1711 4235 1769 4280 nos
1790 4217 1895 4280 faciet.
2003 4215 2036 4255 ²³·

442 4313 590 4395 gratiose,
604 4310 788 4394 frequenter
802 4319 834 4373 et
849 4311 1071 4394 multipliciter
1085 4313 1187 4386 valde,
1284 4313 1440 4387 Secundo,
1458 4314 1542 4376 idem
1567 4323 1670 4396 potest
1691 4316 1846 4398 perpendi
1868 4335 1908 4378 ex
1929 4317 1989 4379 hoc

393 4449 428 4488 ,1,
443 4413 527 4475 siout
550 4409 668 4472 fatetur
689 4409 869 4492 Apostolus,
895 4409 1004 4471 dicens
1027 4428 1033 4471 :
1056 4411 1189 4472 Benedi-
1244 4413 1329 4493 quod
1352 4413 1419 4494 ipse
1443 4412 1625 4493 unigenitus
1647 4413 1744 4475 Filius
1767 4414 1834 4489 Dei,
1851 4433 1909 4496 pro
1930 4415 1990 4477 bac

342 4531 348 4543 ·
444 4519 513 4574 otus
528 4511 612 4572 Deus
632 4515 663 4570 θῖ
682 4508 771 4571 Pater
786 4508 1088 4583 misericordiarum,
1105 4509 1188 4571 Deus
1245 4510 1440 4573 beatitudine
1455 4510 1640 4574 hominibus
1660 4513 1887 4595 recuperanda,
1902 4521 1992 4575 tanta

443 4609 540 4671 totius
560 4607 796 4681 consolationis,
812 4607 867 4689 qui
886 4607 1067 4692 consolatur
1081 4625 1139 4670 nos
1156 4608 1188 4668 in
1243 4610 1426 4691 assumpsit,
1445 4608 1521 4671 fecit
1539 4629 1574 4671 ao
1595 4611 1734 4692 pertulit.
1752 4611 1917 4692 Siquidem
1937 4613 1991 4674 bo

441 4707 529 4769 omni
549 4705 755 4768 tribulatione
777 4713 893 4768 nostra.
1245 4725 1296 4770 mo
1311 4708 1413 4769 faetus
1432 4715 1490 4782 est,
1508 4715 1539 4768 et
1558 4709 1640 4769 inter
1660 4708 1805 4771 homines
1824 4727 1991 4774 conversa-

480 4805 599 4886 ltaque,
615 4804 705 4885 juxta
725 4803 842 4866 Christi
861 4804 1049 4878 doctrinam,
1066 4804 1105 4865 ad
1128 4805 1188 4866 boc
1243 4813 1305 4880 tus,
1323 4805 1477 4868 laboravit
1496 4823 1532 4867 ac
1548 4805 1680 4868 lassatus
1700 4813 1757 4881 est,
1778 4815 1810 4870 et
1828 4811 1990 4872 amarissi-

439 4903 547 4967 omnia
579 4921 676 4985 opera
709 4910 816 4964 nostra
848 4902 940 4976 bona,
975 4919 1085 4964 omnes
1119 4920 1189 4966 ora·
1244 4923 1328 4966 mam
1344 4905 1470 4966 tandem
1487 4921 1544 4986 pro
1559 4904 1618 4965 bac
1633 4923 1666 4966 re
1682 4907 1814 4986 pertulit
1829 4915 1987 4972 mortem:
2113 4979 2114 4992 ἶ

440 5004 540 5067 ῖ1ο11θε
567 5011 663 5084 atque
686 5002 826 5064 sinceras
850 5000 1037 5064 affectiones
1064 5009 1187 5064 nostras
1202 5005 1227 5066 ll
1243 5002 1352 5084 sicque
1377 5021 1445 5064 eam
1472 5002 1700 5084 pretiosissime
1724 5005 1813 5079 emit,
1837 5005 1990 5069 videlicet
2113 5021 2114 5090 l

438 5102 584 5165 ordinare
609 5099 775 5173 debemus,
797 5107 832 5160 ut
860 5099 992 5180 plenum
1021 5100 1184 5181 gaudium,
1242 5101 1372 5182 proprio
1387 5101 1540 5181 sanguine
1556 5118 1624 5175 suo,
1642 5101 1706 5163 imo
1720 5121 1754 5164 se
1770 5103 1849 5184 ipso,
1861 5105 1938 5186 quia
1953 5115 1990 5168 ut
2113 5091 2114 5098 ¹

437 5208 588 5265 aeternam
605 5196 1009 5271 beatitudinembeatifieae
1024 5198 1185 5263 fruitionis
1241 5201 1336 5262 lsaias
1352 5199 1508 5281 predixit,
1518 5217 1576 5280 pro
1591 5199 1649 5261 bac
1664 5219 1698 5262 re
1713 5201 1843 5263 tradidit
1857 5202 1889 5264 in
1907 5222 1990 5267 mor·
2017 5229 2105 5273 111111,

435 5296 671 5383 jucunditatem
686 5294 909 5377 adipiscamur.
927 5295 1015 5370 Quod
1033 5298 1186 5379 gaudium
1240 5307 1305 5362 tem
1328 5297 1468 5360 animam
1487 5315 1596 5378 suam;
1613 5306 1644 5360 et
1663 5298 1799 5381 ipsemet
1820 5299 1962 5384 loquitur
1979 5321 1987 5366 :
2004 5297 2035 5339 ¹²·
2113 5323 2114 5346 ¹
