4192 6258
345 473 492 523 noaruroa
514 475 578 522 xvn
599 475 672 523 rosr
692 475 886 524 rnmrrarna.
906 493 946 507 -
965 477 1008 524 an
1028 478 1223 543 ararorosos3
1244 479 1342 528 snauo
1362 479 1475 528 snxrus
1628 459 1685 526 501

133 642 188 705 ille
211 643 267 727 qui
289 652 422 728 praest3
443 651 475 707 et
497 664 662 728 nunquam
685 645 813 710 decides
836 646 885 709 rel
901 648 925 712 A
941 649 1082 712 avaritiae
1101 650 1301 732 reputabitur
1319 651 1458 734 culpam,
1475 652 1517 714 ita
1535 652 1621 734 quod
1643 651 1688 715 in·

133 742 265 806 errabis.
286 744 417 818 Quando
437 744 633 807 incessanter
652 745 839 828 redargutus
855 754 886 808 et
941 747 1085 809 ordinata
1108 749 1277 831 cupiditas,
1303 757 1334 812 et
1357 750 1564 813 immoderata
1587 751 1625 812 ad
1651 769 1688 812 ea

133 849 439 924 correptusapatre
454 843 625 924 spirituali,
641 843 830 926 ampliorem
845 844 885 906 ad
940 864 1011 927 quae
1042 847 1183 928 corporis
1213 854 1288 910 sunt
1314 846 1455 922 allectio,
1486 849 1528 910 sit
1555 847 1688 911 avaritia

134 938 242 1020 ipsum
259 941 396 1002 assumis
411 939 510 1003 lidem
526 949 558 1004 et
573 942 884 1025 caritatem,Spiritus
940 942 1097 1024 religioso.
1122 946 1226 1020 Porro,
1250 965 1345 1028 quarn
1369 945 1547 1010 inordinata
1571 947 1612 1008 sit
1633 964 1687 1008 no·

6 1053 117 1105 uanas.
133 1037 269 1099 Sanctus
284 1038 457 1101 visibiliter
471 1039 593 1101 habitat
608 1040 641 1102 in
657 1041 764 1103 anima
779 1047 885 1115 tua,et
940 1048 1004 1103 stra
1026 1043 1153 1124 cupido,
1170 1043 1309 1108 declarat
1331 1063 1439 1107 rerum
1464 1044 1595 1108 amissio
1618 1045 1687 1108 sive

131 1135 236 1198 virtus
251 1137 406 1200 Altissimi
422 1137 626 1200 obumbravit
640 1139 708 1200 tibi.
722 1140 884 1202 Verumta·
939 1140 1110 1204 abstractio
1128 1150 1183 1204 aut
1201 1143 1413 1218 deterioratio,
1431 1163 1470 1206 ex
1490 1143 1607 1226 quibus
1627 1143 1687 1206 lre-

132 1253 208 1296 men
224 1253 265 1298 ne
279 1235 425 1317 glorieris
447 1255 505 1299 nec
526 1237 662 1319 gaudeas
679 1256 769 1312 vane,
787 1236 883 1300 sulla·
939 1247 1074 1321 quanter
1102 1240 1141 1302 ad
1166 1241 1397 1315 contentiones,
1422 1241 1567 1304 tristitias
1590 1249 1685 1323 atque

131 1352 208 1395 rens
227 1333 385 1415 patienter
400 1334 610 1398 contumelias
626 1342 657 1398 et
673 1335 881 1416 ignominias;
939 1337 1205 1419 pradominantes
1220 1339 1427 1402 accendimur
1441 1339 1614 1423 passiones.
1622 1339 1686 1402 Nec

131 1432 188 1494 sed
206 1433 306 1513 magis
326 1430 415 1514 plora
430 1440 462 1496 et
477 1433 561 1514 luge,
579 1433 655 1516 quia
672 1433 791 1516 aliquid
808 1451 882 1496 con·
938 1441 1042 1516 potest
1057 1435 1094 1497 ad
1115 1436 1215 1498 divini
1236 1437 1353 1500 amoris
1374 1437 1544 1519 puritatem
1564 1455 1601 1499 ac
1616 1455 1685 1518 per-

131 1531 276 1593 tumeliis
311 1531 443 1613 dignum
480 1532 585 1613 egisti,
621 1538 652 1594 et
685 1532 880 1595 conturbasti
937 1531 1107 1595 lectionem
1125 1534 1477 1617 pertingere,quamdiu
1494 1535 1526 1596 in
1542 1553 1576 1597 se
1592 1535 1686 1597 habet

130 1630 273 1712 aliquem
299 1638 409 1694 contra
431 1638 472 1694 te.
495 1631 564 1694 Noli
589 1632 738 1694 admirari
764 1640 794 1696 et
817 1640 881 1695 stu·
937 1628 1058 1712 aliquid
1077 1631 1261 1712 hujusmodi
1279 1633 1464 1716 cupiditatis
1478 1640 1532 1696 aut
1547 1633 1686 1696 avaritia

128 1747 209 1811 pere
225 1748 322 1812 super
346 1729 379 1792 id
404 1730 488 1812 quod
509 1730 652 1792 dicturus
671 1749 740 1792 sum
765 1731 882 1811 (habeo
936 1727 1114 1809 religiosus.

130 1828 219 1889 enim
236 1827 361 1910 hloysen
379 1847 506 1891 mecum
522 1829 607 1892 idem
623 1829 813 1911 dicentem):
824 1830 881 1892 Er·
900 1827 923 1889 B
977 1828 1081 1890 Tertia
1096 1829 1262 1912 hydropici
1280 1830 1454 1912 proprietas
1469 1837 1518 1893 est
1530 1848 1687 1913 compres-

129 1926 222 2008 pedit
242 1927 353 2007 magis,
369 1927 402 1989 id
424 1935 482 2001 est,
501 1927 607 1989 minus
631 1927 749 1990 malum
773 1936 831 2001 cst,
848 1928 879 1990 in
937 1924 1187 2008 siospirituum.
1206 1927 1244 1989 Et
1265 1927 1307 1990 ita
1326 1947 1383 2011 per
1403 1929 1614 2012 hydropicum
1634 1930 1685 1992 de·

129 2025 233 2086 Deum
258 2043 354 2106 quarn
380 2027 412 2088 in
437 2025 636 2108 spiritualem
661 2034 783 2108 patrem
808 2045 881 2108 pec·
936 2031 1062 2086 nomtur
1078 2042 1264 2088 rancorosus
1280 2033 1311 2088 et
1326 2027 1533 2109 invidos‚qui
1549 2027 1684 2090 aliorum

129 2141 214 2184 cara.
235 2124 299 2186 Deo
323 2124 409 2187 enim
430 2125 468 2186 ad
490 2124 687 2186 iracundiam
712 2124 880 2198 concitato,
937 2122 1020 2184 bona
1041 2122 1220 2204 deprimere
1240 2124 1354 2186 nititur
1373 2133 1405 2187 et
1424 2124 1527 2187 colare
1548 2144 1584 2187 ac
1603 2125 1684 2186 vitn-

128 2221 308 2303 spiritualis
329 2228 419 2304 pater
438 2230 545 2284 noster
559 2228 663 2304 potest
678 2241 752 2284 eum
774 2241 882 2286 recon-
936 2239 1059 2302 pecare,
1076 2230 1108 2284 et
1130 2239 1167 2284 eo
1189 2221 1258 2305 ipso
1281 2241 1344 2305 quo
1366 2222 1437 2286 talis
1462 2231 1519 2296 est,
1537 2242 1683 2306 parvum,

127 2321 258 2398 ciliare;
270 2328 358 2403 patre
372 2328 478 2382 autem
495 2320 653 2402 spirituali
669 2339 687 2382 a
701 2321 795 2383 nobis
810 2338 881 2384 con·
935 2320 1045 2394 vilem,
1062 2321 1249 2402 depressum
1265 2329 1297 2383 et
1312 2320 1495 2385 inferiorem
1514 2339 1552 2384 eo
1568 2322 1619 2384 cui
1640 2322 1685 2384 in-

126 2419 269 2492 turbato,
274 2407 338 2501 jam
352 2435 416 2480 non
433 2417 587 2481 babemus
603 2418 742 2501 aliquem
757 2437 814 2501 pro
826 2437 882 2482 no-
935 2417 1033 2492 videt,
1052 2437 1085 2480 se
1107 2437 1176 2481 esse
1195 2418 1401 2493 demonstrat,
1421 2419 1513 2500 juxta
1534 2420 1619 2501 quod
1641 2420 1686 2482 ait

127 2517 179 2580 bis
196 2517 298 2580 Deum
314 2523 497 2580 exorantem
515 2535 551 2580 ao
572 2517 781 2598 mitigantem.
799 2517 880 2579 Ecce
936 2514 1100 2596 Scriptura
1116 2533 1124 2577 ε
1140 2517 1310 2579 Parvulum
1330 2517 1449 2580 occidit
1465 2517 1594 2579 invidia.
1612 2517 1685 2590 Quae
1712 2537 1813 2592 rotas.

128 2635 168 2678 ex
184 2615 294 2678 verbis
313 2615 363 2677 his
383 2613 514 2677 Climaci
533 2615 705 2677 innotescit
724 2622 878 2697 quantum
935 2612 1099 2675 hominem
1122 2614 1154 2676 in
1180 2615 1327 2696 praesenti
1349 2622 1380 2676 et
1402 2613 1510 2678 luturo
1531 2615 1684 2678 miserum

127 2713 334 2776 honorandus
350 2712 392 2775 sit
406 2713 590 2795 praesidens,
607 2731 702 2794 quam
723 2714 881 2795 patienter
935 2709 1039 2772 elficit
1059 2718 1091 2772 et
1109 2710 1289 2792 alllictum;
1305 2720 1456 2794 tantoque
1475 2711 1614 2794 amplius
1634 2713 1686 2774 de-

126 2813 170 2874 sit
195 2811 266 2892 ejus
296 2811 454 2893 correptio
482 2819 578 2892 atque
608 2812 762 2874 correctio
786 2812 879 2874 susti·
935 2809 1078 2870 testanda
1098 2817 1146 2870 est
1166 2810 1334 2891 religiosis,
1351 2817 1470 2892 quanto
1491 2810 1563 2893 plus
1584 2811 1616 2873 in
1636 2829 1685 2874 ca·

127 2910 246 2982 nenda,
263 2927 358 2991 quam
381 2927 506 2971 summe
527 2909 655 2971 vitanda
679 2910 720 2972 sit
741 2910 811 2990 ejus
835 2909 879 2972 ol·
935 2906 1026 2968 ritate
1047 2907 1215 2989 prolicere,
1232 2915 1327 2988 atque
1348 2908 1387 2970 ad
1407 2926 1477 2971 eam
1497 2908 1605 2972 omnia
1627 2927 1684 2972 sua

128 3008 231 3080 lensa,
248 3025 343 3089 quam
360 3007 519 3090 optimum
539 3007 667 3088 signum
688 3008 729 3070 sit
744 3026 781 3069 ex
802 3008 878 3070 assi·
897 3005 918 3068 C
934 3004 1081 3067 ordinare
1101 3012 1260 3068 tenentur.

125 3106 190 3167 dua
206 3103 404 3186 praesidentis
420 3106 620 3188 correptione
635 3113 667 3167 et
678 3105 879 3186 castigatione
974 3105 1088 3176 Quarta
1104 3102 1350 3186 hydropicorum
1367 3105 1543 3188 proprietas
1560 3112 1608 3168 est
1621 3113 1682 3167 tar·

124 3202 316 3284 ampliorem
340 3203 378 3264 ad
402 3202 505 3285 ipsum
525 3203 687 3265 caritatem
711 3201 878 3266 fiduciam·
933 3201 1014 3263 ditas
1041 3202 1158 3283 pedum
1183 3202 1222 3264 ad
1247 3202 1467 3283 gradiendum.
1494 3203 1533 3265 Et
1556 3203 1599 3265 ita
1625 3222 1682 3286 per

123 3321 190 3384 que
214 3319 386 3364 assumere.
411 3300 475 3363 lloc
500 3301 581 3363 enim
606 3319 715 3363 revera
740 3302 878 3364 certissi-
932 3299 1143 3381 hydropicum
1159 3300 1343 3381 designatur
1361 3300 1537 3376 acediosus,
1555 3302 1606 3364 cui
1623 3302 1681 3364 im-

125 3418 219 3462 mum
242 3399 371 3480 signum
393 3405 441 3462 est
466 3417 587 3480 magnae
609 3399 810 3470 humilitatis,
829 3419 876 3462 sa·
932 3406 1152 3480 properatura
1168 3397 1292 3460 Christo
1307 3399 1392 3480 quod
1409 3399 1571 3462 caritatem
1589 3419 1678 3463 suam
1695 3421 1826 3478 amarat.

123 3497 255 3582 pientia
269 3497 414 3560 salutaris
428 3503 459 3559 et
475 3497 727 3558 mortificationis
741 3496 876 3561 salubris
932 3496 1069 3578 primam
1095 3497 1233 3578 reliquit.
1260 3497 1321 3558 lsta
1345 3497 1454 3559 acedia
1478 3517 1604 3561 summe
1629 3498 1678 3561 lu-

123 3616 184 3659 seu
210 3595 448 3677 exstirpationis
467 3595 579 3676 privati
600 3594 717 3657 amoris
740 3613 875 3677 :quem-
929 3595 1045 3676 glande
1066 3602 1115 3656 est
1133 3594 1301 3676 religiosis,
1318 3595 1373 3677 qui
1395 3595 1433 3657 ad
1455 3596 1676 3677 quotidianum

122 3693 300 3756 admodum
316 3712 355 3756 ex
371 3692 571 3774 correptione
586 3692 689 3754 eidem
705 3692 874 3773 indignari,
931 3700 1080 3754 tenentur
1102 3691 1289 3774 protectum.
1308 3693 1346 3754 Et
1364 3691 1460 3754 inlert
1479 3694 1589 3755 acedia
1607 3695 1678 3756 reli-

122 3793 257 3874 signum
280 3799 328 3854 est
351 3791 548 3874 pravissima
572 3791 729 3864 elationis,
754 3810 874 3873 magnae
929 3790 1027 3871 glosis
1050 3790 1238 3871 gravissima
1258 3791 1384 3862 damna,
1400 3791 1475 3873 quia
1494 3799 1526 3853 et
1546 3791 1577 3854 in
1600 3811 1677 3875 praa-

123 3889 284 3953 latuitatis
305 3897 337 3951 et
358 3889 524 3951 inveterati
548 3888 662 3971 privati
685 3890 811 3966 amoris.
930 3890 1010 3951 senti
1033 3889 1136 3970 privat
1151 3907 1204 3952 eos
1220 3889 1435 3952 consolatione
1450 3889 1569 3964 divina,
1585 3890 1678 3953 devo

170 3989 317 4051 Secunda
345 3987 592 4070 hydropicorum
622 3988 798 4070 proprietas
827 3997 875 4051 est
929 3987 1015 4050 tione
1033 3987 1186 4067 jucunda,
1203 3995 1234 4049 et
1250 3995 1400 4069 tanquam
1422 3988 1546 4069 pondus
1566 3989 1677 4070 ingens

120 4089 221 4153 ardor
240 4087 319 4149 sitis.
338 4087 453 4169 Sicque
474 4105 530 4168 per
549 4085 759 4168 hydropicum
778 4087 874 4168 signi·
929 4087 1081 4168 deprimit
1105 4103 1169 4148 eos.
1195 4086 1362 4167 Quumque
1391 4103 1427 4147 ea
1457 4105 1527 4166 quaa
1552 4085 1676 4149 Ordinis

120 4189 136 4250 l
138 4189 267 4250 icantur
280 4185 439 4267 avari‚qui
456 4193 574 4267 quanto
589 4184 680 4267 plura
695 4187 872 4268 acquirunt,
891 4193 915 4256 D
930 4194 1004 4247 sunt
1019 4203 1092 4246 cum
1108 4184 1220 4264 grandi
1240 4190 1473 4266 prosequantur
1488 4182 1606 4258 labore,
1624 4205 1677 4266 pa-

121 4293 215 4350 tanto
232 4285 271 4348 ad
292 4285 384 4367 plura
401 4283 574 4347 obtinenda
588 4284 809 4347 vehementius
831 4286 875 4347 ln·
930 4303 1000 4345 rum
1023 4290 1129 4344 tamen
1151 4289 1205 4343 aut
1227 4281 1307 4343 nihil
1330 4288 1503 4355 merentur,
1524 4284 1675 4364 quoniam

120 4387 305 4450 ardescunt.
314 4384 374 4446 Sed
389 4382 470 4446 forte
486 4382 526 4444 ab
539 4383 679 4445 avaritia
694 4383 772 4446 vitio
788 4403 876 4466 repu-
930 4383 998 4444 sine
1014 4381 1153 4442 caritatis
1173 4379 1291 4440 allecta
1312 4387 1343 4441 et
1358 4379 1516 4461 spirituali
1536 4379 1677 4443 alacrita-

119 4494 232 4546 tamus
248 4501 305 4544 nos
319 4499 388 4543 esse
404 4481 729 4563 immunes,quoniam
747 4483 874 4564 propria
931 4487 960 4540 te
977 4479 1098 4541 iaciunt
1113 4497 1160 4550 ea,
1174 4485 1206 4538 et
1221 4495 1295 4538 cum
1311 4477 1403 4540 taedio
1418 4495 1455 4538 ac
1470 4477 1609 4541 horrore.
1622 4479 1676 4540 lsti

120 4599 191 4644 non
212 4578 378 4652 habemus,
395 4597 453 4640 nec
469 4578 585 4641 habere
600 4580 793 4660 appetimus,
811 4581 875 4642 imo
930 4585 1003 4638 sunt
1020 4595 1099 4657 quos
1115 4595 1173 4637 nec
1192 4574 1316 4637 bonitas
1332 4575 1387 4637 Dei
1407 4574 1533 4637 infinita
1550 4575 1676 4639 inllam-

120 4679 257 4763 penitus
292 4677 511 4739 abhorremus.
548 4677 773 4738 Verumtamen
811 4695 874 4739 non
931 4683 1005 4748 mat,
1023 4693 1082 4736 nee
1105 4674 1221 4736 divinae
1245 4673 1419 4754 majestatis
1445 4674 1601 4738 immensa
1623 4677 1677 4740 ho·

120 4775 331 4840 blandiamur
345 4776 391 4837 sic
408 4773 511 4848 nobis,
528 4793 633 4855 neque
649 4772 797 4836 lallamns
817 4792 875 4836 nos
930 4773 1116 4836 norabilitas
1139 4778 1299 4854 provocat,
1317 4791 1376 4834 nee
1398 4780 1523 4837 aeternae
1545 4774 1677 4838 beatitu-

120 4879 226 4959 ipsoS,
253 4873 404 4956 quoniam
429 4872 585 4954 quidquid
610 4873 774 4954 superflue
798 4873 874 4936 alle·
930 4873 1014 4935 dinis
1034 4870 1352 4952 supercopiosissima
1371 4871 1538 4936 retributio
1555 4874 1675 4948 incitat,

120 4970 876 5055 ctamus,quidquidcurioseappctimus,quid-
931 4979 966 5033 ut
995 4989 1032 5032 ea
1060 4989 1131 5050 quaa
1160 4969 1215 5030 Dei
1246 4975 1277 5030 et
1306 4969 1432 5032 Ordinis
1457 4978 1532 5033 sunt
1556 4971 1678 5034 lervide

119 5072 205 5156 qnid
229 5070 396 5133 intensiori
420 5067 539 5130 aflectu
561 5088 656 5150 quam
681 5077 803 5132 rectum
829 5078 878 5132 est
931 5076 1156 5150 exsequantur,
1173 5074 1267 5148 atque
1283 5086 1356 5128 cum
1372 5069 1487 5148 gaudio
1501 5069 1678 5150 obsequan-

120 5189 235 5235 coram
259 5169 323 5230 Deo
342 5167 490 5248 cupimus
514 5174 570 5228 aut
593 5175 749 5240 tenemus,
767 5186 876 5249 quam·
931 5178 983 5229 tur
998 5166 1169 5229 altissimo.
1187 5165 1383 5246 abjiciamus
1399 5184 1474 5247 ergo
1490 5166 1676 5230 infernalem

120 5271 176 5332 vis
203 5284 242 5331 eo
267 5267 476 5348 indigeamus,
502 5265 562 5327 hoc
591 5273 692 5328 totum
711 5266 815 5334 ,nobis
845 5267 876 5328 in
933 5265 1025 5328 illum
1040 5272 1212 5346 torporem,
1229 5271 1260 5326 et
1276 5283 1372 5345 opera
1391 5264 1475 5327 bona
1494 5272 1622 5326 strenua
1641 5283 1677 5326 aa
