4164 6258
461 420 523 486 ato
677 443 826 492 neutrum
847 445 879 492 uv
899 446 973 492 rosr
993 445 1187 493 muniremur.
1208 465 1248 476 -
1268 448 1311 493 an
1331 447 1527 513 nnuuerosos3
1550 448 1649 496 smine
1668 447 1796 505 onmros

463 621 570 694 sporta
589 615 657 680 ltaec
678 636 775 698 parva
794 624 842 680 est
862 617 956 699 culpa
975 617 1111 700 proximi
1133 619 1208 693 mei,
1223 619 1249 682 Α
1264 619 1424 695 custoditi,
1441 621 1533 702 proni
1558 620 1791 703 reprehendere
1810 619 1884 683 alios
1903 620 1979 684 etiam

463 719 495 773 et
510 715 603 795 posui
623 714 711 778 illam
732 734 838 780 coram
860 735 921 792 me,
939 725 1033 799 atque
1054 717 1087 779 in
1107 737 1143 780 ea
1158 737 1210 780 ex·
1263 718 1297 780 in
1323 719 1477 793 minimis,
1505 719 1560 801 qui
1584 719 1610 781 si
1634 717 1675 782 ab
1703 717 1766 780 alio
1792 717 1979 800 increpentur,

462 829 583 887 erceor,
606 821 638 875 et
661 815 792 897 propria
815 822 944 898 peecata
968 833 1031 878 non
1057 816 1206 897 pondero.
1264 834 1337 880 mox
1364 817 1597 899 indignantur:
1619 817 1691 882 ideo
1715 816 1906 880 obtenebrati
1924 827 1981 880 suut

462 908 583 982 Quibus
598 912 727 987 auditis,
744 913 928 996 compuncti
944 920 1018 977 sunt
1033 914 1166 989 Fratres,
1179 921 1210 976 et
1264 924 1381 978 mente.
1398 917 1538 989 Quorum
1558 934 1709 990 errorem,
1727 915 1980 998 praesumptionem

461 1008 593 1072 dimissa
608 1016 656 1072 est
671 1012 770 1074 Fratri
791 1011 838 1074 illi
859 1012 1012 1094 culpabili
1030 1013 1124 1094 eulpa
1139 1032 1207 1075 suc.
1263 1021 1359 1096 atque
1383 1015 1568 1096 superbiam
1592 1033 1720 1097 semper
1743 1015 1888 1087 vitemus,
1902 1021 1928 1076 et
1948 1015 1981 1076 in-

460 1106 523 1169 Nos
537 1125 612 1189 ergo
631 1115 695 1170 tam
710 1110 812 1172 sancti
826 1109 950 1173 abbatis
970 1129 1143 1192 sequamur
1157 1111 1210 1173 do·
1264 1111 1462 1194 crepatioues
1482 1131 1555 1174 cum
1574 1113 1747 1194 gratiarum
1768 1110 1888 1175 actione
1904 1112 1981 1174 susci-

461 1203 607 1269 ctrinam.
624 1205 685 1271 Sed
702 1207 795 1271 multi
811 1216 887 1271 sunt
901 1209 985 1282 vani,
1001 1209 1147 1284 audaces,
1164 1209 1209 1272 in·
1263 1210 1399 1292 piamus.

904 1563 1018 1644 AD
1066 1562 1566 1686 RELIGIOSOS

1019 1990 1193 2076 SERMO
1229 1989 1454 2092 QUINTUS

723 2228 762 2273 DE
783 2227 1021 2274 {occuparemur
1043 2231 1317 2287 tumsrruutttttoua
1339 2231 1515 2278 ELEGTORUH
1535 2232 1746 2278 nutriremus.

532 2490 595 2552 ΟΝ
619 2499 696 2549 scot
724 2491 894 2566 condigno
914 2491 1080 2566 passiones
1109 2491 1325 2568 luatjuthur,
1342 2512 1398 2555 seu
1414 2492 1575 2574 objectum
1591 2495 1748 2559 etforma.
1767 2495 1883 2578 Sicque
1899 2515 1988 2578 quem·

545 2589 699 2676 temperis
723 2591 767 2648 ad
786 2589 940 2664 fetarum
958 2591 1113 2666 gloriam,
1136 2609 1209 2668 quse
1263 2590 1434 2654 admodum
1458 2592 1540 2655 Deus
1559 2611 1593 2656 se
1613 2612 1669 2675 per
1692 2612 1783 2655 suam
1803 2593 1941 2656 intuetur
1954 2614 1989 2656 es·

462 2687 664 2746 revelabitur
679 2687 715 2744 io
734 2687 835 2746 nobie.
853 2686 941 2749 Rom.
959 2705 1026 2760 Vllt,
1044 2686 1091 2750 tc.
1264 2688 1409 2762 sentiam,
1428 2687 1471 2750 ita
1491 2689 1577 2751 Beati
1597 2689 1703 2770 ipsum
1724 2709 1782 2772 per
1798 2709 1888 2753 suam
1904 2709 1990 2753 essen·

503 2783 576 2846 Haec
605 2790 653 2846 est
682 2783 872 2864 evangelice
902 2785 981 2866 legis
1010 2785 1154 2849 doctrina
1178 2795 1209 2848 et
1263 2785 1339 2847 tiam
1366 2785 1514 2849 beatifico
1544 2788 1811 2869 contemplantur.
1839 2787 1911 2862 Quis
1931 2806 1990 2868 crgo

462 2879 644 2944 christianae
659 2881 823 2962 sapientire
838 2881 1022 2963 lides,quod
1038 2883 1070 2944 in
1087 2883 1209 2947 visione
1263 2903 1349 2946 nuno
1371 2903 1484 2966 capere
1506 2892 1611 2968 queat,
1628 2895 1745 2967 quanta
1765 2887 1808 2948 sit
1827 2886 1887 2949 iste
1903 2887 1991 2948 Beato

462 2979 579 3042 divinae
608 2979 754 3042 essentiae
778 2979 862 3041 clara
886 2987 918 3041 et
941 2981 1125 3044 immediata
1153 3001 1210 3063 per
1264 3000 1335 3044 rum
1356 2981 1503 3057 felicitas,
1519 2991 1637 3065 quanta
1655 2984 1766 3065 gloria,
1784 2992 1905 3067 quanta
1919 2984 1990 3046 nohi-

463 3076 616 3159 speciem‚
642 3077 827 3158 angelorum
852 3097 889 3140 ac
913 3079 1080 3141 hominum
1108 3081 1209 3142 consi·
1264 3079 1346 3154 litas,
1365 3088 1482 3162 quauta
1501 3081 1700 3156 excellentia,
1717 3084 1783 3145 imo
1802 3091 1836 3145 et
1851 3081 1991 3145 deificatio

463 3182 524 3238 stat
544 3174 688 3238 felicitas.
706 3176 836 3258 Propter
851 3177 935 3257 quod
954 3177 1056 3238 orauit
1075 3178 1210 3259 Prophe·
1263 3198 1359 3260 quam
1385 3179 1545 3254 sublimis,
1565 3180 1673 3242 taliter
1695 3181 1760 3244 Deo
1785 3183 1882 3256 uniri,
1902 3182 1943 3244 sic
1963 3198 1991 3242 eo

333 3291 447 3345 remu,
462 3281 510 3336 ta:
521 3274 604 3336 Deus
620 3274 942 3347 virtutum,couverte
956 3293 1024 3349 uoS,
1034 3283 1065 3336 et
1079 3277 1209 3338 ostende
1265 3277 1393 3358 repleri,
1410 3285 1504 3359 atque
1519 3279 1557 3340 ad
1574 3278 1702 3341 libitum
1718 3297 1755 3343 eo
1771 3280 1914 3362 plenarie
1927 3278 1991 3354 frui;

317 3357 335 3406 ⁴¹
345 3357 365 3404 ⁸‘
375 3358 408 3398 ²⁰·
462 3373 578 3435 faciem
597 3381 697 3446 tuam,
714 3380 745 3436 et
764 3374 843 3436 salvi
863 3375 993 3436 erimus.
1010 3375 1049 3437 Et
1068 3375 1210 3438 Christus
1264 3382 1328 3437 tam
1354 3375 1437 3438 clare
1457 3383 1489 3437 et
1514 3376 1697 3440 immediate
1721 3377 1886 3439 infinitam
1909 3376 1990 3446 illam,

318 3487 449 3544 somnae,
463 3472 625 3534 obedienti
655 3473 802 3554 promisit
830 3490 837 3534 :
865 3473 1071 3536 llanilestabo
1101 3475 1129 3536 ei
1159 3493 1209 3536 me
1264 3474 1448 3549 increatam,
1474 3475 1868 3557 supersplendidissimam
1895 3495 1929 3538 ac
1953 3495 1992 3537 su-

315 3554 450 3664 }ss-mssg,
465 3570 580 3652 ipsum.
599 3570 637 3632 Et
651 3588 761 3632 rursus
776 3571 814 3632 ad
835 3571 957 3634 Patrem
974 3588 981 3634 :
998 3571 1069 3634 llaec
1088 3579 1136 3634 est
1150 3571 1211 3653 (in·
1265 3573 1572 3654 perpulcherrimam
1596 3574 1701 3636 lucem
1723 3575 1928 3656 conspiceret

463 3669 547 3751 quit)
561 3669 626 3731 vita
645 3675 772 3740 aeterna,
790 3675 825 3729 ut
843 3677 1034 3750 cognoscant
1051 3677 1081 3732 te
1098 3689 1208 3732 verum
1226 3670 1247 3733 C
1301 3671 1443 3752 [lenique
1460 3672 1566 3734 Sancti
1582 3672 1723 3735 divinam
1739 3673 1911 3736 essentiam
1926 3673 1993 3734 clarc

463 3768 574 3830 Deum.
587 3766 674 3828 lianc
689 3773 793 3828 autem
810 3766 1003 3841 beatificam,
1021 3769 1210 3850 praestantis-
1264 3787 1321 3850 per
1342 3769 1482 3850 speciem
1503 3769 1734 3849 cognoscendo,
1751 3769 1837 3832 clare
1857 3778 1889 3832 et
1903 3770 1994 3831 imme·

463 3866 577 3928 simam
601 3883 638 3926 ac
666 3864 942 3927 deliciosissimum
972 3867 1026 3928 Dei
1050 3867 1207 3931 visionem
1263 3864 1347 3927 diate
1363 3884 1398 3927 cc
1418 3857 1574 3928 lacialiter
1594 3865 1713 3940 vident,
1731 3875 1880 3938 noscunt,
1897 3861 1995 3926 intelli-

462 3970 656 4048 putaverunt
675 3963 793 4026 summi
815 3963 996 4046 philosophi
1019 3982 1081 4027 non
1104 3967 1208 4030 solum
1262 3971 1342 4044 gunt
1357 3964 1513 4046 quidquid
1534 3963 1566 4026 in
1587 3965 1651 4027 Deo
1669 3971 1718 4027 est
1737 3973 1769 4028 et
1788 3963 1941 4047 quidquid
1958 3967 1995 4021 est

461 4062 658 4137 hominibus,
676 4063 730 4126 sed
745 4062 865 4144 angelis
881 4081 1009 4144 quoque
1027 4064 1208 4146 impossibi-
1264 4063 1355 4124 Deus.
1376 4063 1450 4125 ldeo
1471 4063 1648 4144 splendide,
1671 4063 1857 4126 immediate
1879 4071 1910 4126 et
1928 4060 1995 4123 dele

462 4163 525 4224 lem
551 4179 631 4235 esse,
655 4178 693 4224 eo
718 4161 802 4243 quod
827 4160 910 4223 Deus
934 4181 991 4224 sua
1015 4163 1207 4238 actualitate,
1263 4160 1471 4223 ctabilissime
1487 4161 1860 4243 contemplanturtotam
1876 4157 1995 4242 superal-

462 4260 603 4324 claritatc
625 4268 656 4322 et
678 4259 875 4343 perfectione
899 4259 1066 4335 immonsa,
1084 4263 1209 4324 univer·
1263 4261 1420 4322 tissimam
1436 4260 1670 4335 Trinitatemet
1685 4279 1815 4324 omnem
1833 4261 1931 4343 ipsius
1945 4277 1995 4319 mu

461 4378 568 4423 sorum
598 4359 770 4442 spirituum
801 4366 977 4420 creatorum
1003 4367 1147 4422 naturam
1178 4369 1209 4423 et
1263 4367 1350 4422 tuam
1374 4360 1578 4422 intuitionem
1600 4367 1631 4421 et
1655 4359 1993 4442 superardentissimam

461 4459 647 4540 dignitatem
677 4457 709 4518 in
740 4457 904 4519 inlinitum
934 4460 1146 4533 transcendat,
1172 4481 1207 4522 ac
1263 4459 1479 4534 dilectionem,
1506 4466 1650 4522 mutuam
1679 4458 1942 4540 complacentiam
1966 4473 1994 4515 ac

462 4575 592 4639 prorsus
617 4557 781 4618 immensae
810 4555 1017 4638 perfectiouis
1045 4558 1205 4620 consistat.
1263 4557 1460 4632 fruitionem,
1477 4558 1712 4620 emanationem
1733 4574 1864 4639 quoque
1880 4564 1910 4618 et
1926 4571 1995 4616 com-

460 4658 590 4738 Propter
614 4655 699 4737 quod
723 4673 779 4736 per
799 4655 939 4735 speciem
963 4663 1099 4718 creatam
1125 4657 1208 4719 clare
1264 4656 1514 4719 municationem
1536 4657 1574 4718 ad
1597 4656 1698 4735 intra3
1714 4656 1919 4738 conspiciunt
1936 4671 1996 4734 qua-

463 4755 495 4817 in
511 4775 545 4818 se
562 4754 632 4837 ipso
647 4771 711 4816 non
726 4753 810 4815 valet
825 4754 936 4816 videri.
954 4753 1086 4828 idcirco,
1099 4774 1209 4818 secun·
1264 4756 1336 4818 liter
1356 4755 1454 4816 Filius
1476 4762 1645 4836 generetur
1666 4774 1684 4816 a
1705 4754 1806 4829 Patre,
1823 4763 1856 4817 et
1878 4751 1995 4836 Spiritus

461 4855 539 4916 dum
564 4852 753 4935 approbatos
778 4851 951 4932 theologos,
977 4871 1040 4915 non
1066 4853 1127 4915 nisi
1153 4874 1209 4935 per
1224 4853 1248 4914 D
1264 4855 1398 4916 Sanctus
1414 4853 1553 4935 profluat
1567 4853 1607 4915 ab
1628 4862 1774 4934 utroque,
1792 4853 1929 4934 qualiter
1942 4852 1996 4930 ipse

463 4952 635 5015 increatam
665 4951 806 5033 speciem
834 4970 853 5012 a
876 4951 979 5014 Baetis
1002 4953 1208 5034 conspicitur,
1265 4953 1401 5035 Spiritus
1417 4953 1551 5015 Sanctus
1566 4951 1607 5014 sit
1621 4951 1720 5014 Patris
1735 4958 1767 5013 et
1781 4951 1856 5014 Filii
1871 4947 1997 5013 dulcissi-

462 5052 507 5114 itc
520 5050 606 5134 quod
622 5051 691 5132 ipsa
704 5049 813 5112 divina
827 5050 964 5112 essentia
980 5051 1049 5113 loco
1064 5051 1212 5133 intelligi·
1267 5071 1337 5114 mus
1353 5071 1464 5126 nexus,
1472 5048 1745 5131 jucundissimum
1759 5049 1997 5120 osculumaeter-

462 5152 538 5217 bilis
554 5148 671 5232 speciei
686 5148 796 5211 unitur
810 5148 1211 5223 mentibusBeatorumsic
1267 5171 1328 5214 nus
1353 5150 1548 5233 complexus.
1570 5150 1714 5230 Insuper,
1734 5149 1884 5229 quamvis
1907 5147 1997 5208 lutura

463 5251 548 5336 quod
572 5249 641 5332 ipsa
662 5255 710 5311 est
731 5248 815 5331 quod
837 5248 976 5323 uidetur,
992 5256 1024 5311 et
1042 5266 1106 5332 quo
1126 5249 1212 5314 uide·
1265 5249 1367 5332 gloria
1387 5248 1623 5331 illaqueatum
1646 5248 1685 5310 ad
1708 5246 1889 5329 principale
1908 5261 1997 5308 esseu-
