4164 6258
419 459 479 524 loe
764 476 912 525 nommm
934 478 967 524 111
989 477 1062 524 rosr
1082 475 1276 524 mmrrarnrr.
1297 496 1337 507 -
1357 476 1456 524 sunno
1477 475 1631 525 sncmnus

420 649 550 732 quidam
568 667 608 712 ex
629 649 828 725 infirmitate,
845 649 899 712 alii
915 669 954 713 ex
971 650 1081 713 babitu
1100 651 1207 733 pra-A
1223 669 1309 724 cum,
1326 650 1365 712 de
1385 650 1452 713 suis
1470 649 1558 712 vitiis
1578 647 1759 712 cordialiter
1774 647 1956 730 poenitendo,

420 766 471 822 vo,
489 767 528 812 ex
544 749 707 830 proposito
723 767 779 812 seu
796 749 909 812 studio.
928 749 967 810 Et
982 767 1114 830 peccare
1129 767 1168 811 ex
1223 749 1380 830 condigne
1396 749 1543 823 dolendo,
1556 748 1677 830 integre
1693 746 1886 820 confitendo,
1896 746 1957 810 cffi-

421 847 598 929 ignorantia
614 854 662 909 est
677 847 784 910 minus
805 846 975 929 culpabile,
993 847 1168 928 presertim
1224 848 1341 911 caciter
1370 847 1604 910 satisfaciendo.
1630 846 1800 908 Assuescat
1828 862 1863 906 se
1887 845 1958 908 fran-

421 945 580 1027 lequende
601 945 640 1008 de
657 945 835 1026 ignorantia
854 944 940 1020 facti,
957 944 1100 1007 adbibita
1117 945 1168 1007 de·
1223 964 1297 1026 gere
1312 953 1344 1008 et
1359 953 1468 1009 contra
1488 945 1621 1027 impiam
1639 943 1902 1007 consuetudinem
1920 945 1958 1006 di-

421 1043 488 1106 bita
502 1043 684 1125 diligentia;
693 1063 806 1106 verum
821 1044 998 1124 ignorantia
1011 1044 1093 1124 juris
1109 1062 1169 1107 non
1225 1044 1351 1118 micare,
1358 1052 1453 1126 atque
1466 1043 1499 1104 in
1513 1043 1605 1105 bonis
1618 1061 1652 1105 se
1665 1041 1808 1123 quotidie
1820 1041 1958 1104 exercitet

421 1150 561 1217 excusat,
583 1142 658 1224 quia
682 1161 794 1206 omnes
819 1150 969 1206 tenentur
992 1143 1074 1206 scire
1099 1162 1169 1225 quaa
1224 1141 1356 1218 actibus,
1365 1143 1470 1204 sciens
1485 1142 1569 1224 quod
1586 1159 1719 1222 regnum
1735 1140 1888 1202 coelorum
1902 1140 1958 1202 rim
1974 1159 2054 1210 rursu,

418 1240 501 1322 juris
519 1249 603 1315 sunt,
622 1249 776 1322 quantum
796 1241 835 1304 ad
855 1241 1054 1322 singulorum
1076 1241 1170 1322 perti·
1224 1242 1353 1324 patitur,
1371 1250 1402 1303 et
1420 1241 1552 1304 violenti
1573 1239 1703 1322 rapiunt
1723 1238 1802 1302 illud
1826 1255 1833 1300 :
1856 1225 1996 1301 intelli-'²

421 1346 476 1402 net
491 1345 619 1401 statum.
629 1339 750 1402 Deinde
765 1338 958 1421 culpabilius
975 1347 1022 1401 cst
1037 1358 1170 1420 peccare
1224 1339 1326 1420 gendo
1342 1358 1398 1421 per
1414 1339 1580 1412 violentos
1596 1355 1650 1400 ees
1666 1337 1722 1419 qui
1736 1337 1888 1418 frangunt
1901 1355 1960 1419 pre

422 1455 461 1499 ex
486 1436 686 1512 infirmitate,
704 1437 735 1499 id
760 1445 809 1500 est
832 1456 870 1500 ex
896 1437 1052 1519 passienis
1075 1437 1169 1499 vebe·
1225 1437 1328 1521 priam
1351 1438 1547 1501 voluntatem
1569 1437 1633 1499 Deo
1657 1434 1823 1510 rebellem,
1845 1443 1877 1498 et
1895 1435 1961 1497 irra-

423 1533 543 1598 mentia
557 1552 613 1596 seu
630 1534 785 1616 impulsu3
796 1543 828 1598 et
843 1535 919 1597 dum
935 1535 1007 1617 quis
1022 1535 1171 1617 proponit
1224 1535 1394 1598 tinnabiles
1424 1543 1530 1599 motus
1559 1534 1704 1609 vincunt,
1732 1552 1851 1616 corpus
1878 1553 1960 1595 suum
1973 1549 2054 1596 trena

422 1632 530 1694 vivere
553 1633 753 1695 continenter
770 1639 802 1695 et
822 1633 989 1714 patienter,
1012 1640 1044 1695 et
1062 1641 1169 1694 tamen
1225 1634 1380 1715 castigant
1394 1642 1425 1696 et
1441 1633 1474 1695 in
1490 1633 1677 1695 servitutem
1692 1633 1808 1696 animae
1826 1631 1962 1712 redigunt

423 1729 682 1812 coucupiscentia
701 1737 756 1793 aut
771 1731 970 1812 impatientia
990 1739 1168 1812 superatur,
1226 1732 1317 1806 illud,
1334 1731 1610 1814 concupiscentias
1632 1731 1703 1812 ejus
1725 1731 1886 1793 calcando.

423 1827 455 1889 id
470 1827 669 1890 infirmitatis
684 1836 743 1904 cst,
756 1828 786 1890 id
803 1836 851 1891 est
865 1829 1046 1910 fragilitatis
1060 1829 1207 1891 huma-B
1266 1829 1417 1893 Preterea
1436 1830 1565 1912 quidam
1588 1837 1721 1911 peccant
1741 1828 1848 1892 solum
1868 1829 1961 1902 corde,

424 1946 484 2000 ιιι,
505 1926 589 2008 quod
616 1926 695 1988 ratio
719 1935 888 2009 superatur
912 1947 930 1990 a
954 1927 1168 2001 sensualitate,
1226 1928 1454 1991 consentiendo
1484 1927 1623 2006 illicitis;
1648 1927 1702 1989 alii
1733 1926 1911 2008 procedunt
1936 1926 1962 1987 in

424 2023 525 2086 virtus
545 2025 667 2099 aritio,
686 2026 885 2107 propesitum
904 2025 1024 2088 benum
1042 2045 1060 2087 a
1075 2034 1172 2088 tenta·
1225 2044 1324 2108 opus;
1341 2025 1488 2089 nonnulli
1504 2026 1542 2088 ιιι
1558 2023 1825 2088 consuetudinem
1845 2043 1962 2106 pravam

425 2122 512 2185 tione
529 2123 648 2204 iniqua.
665 2123 738 2185 ldco
756 2123 904 2205 princeps
919 2123 1142 2204 Apostolorum
1162 2143 1169 2187 :
1227 2125 1387 2197 labuntur,
1405 2124 1443 2186 Et
1459 2124 1512 2186 isti
1528 2122 1714 2204 longissime
1730 2123 1854 2185 distant
1866 2142 1885 2184 ι
1898 2123 1962 2194 Deo,

426 2219 565 2283 Obsecro
587 2221 659 2302 (ait)
683 2238 739 2283 vos
764 2221 924 2284 abstinere
948 2240 966 2283 a
990 2221 1170 2283 carnalibus
1226 2223 1302 2304 quia
1317 2229 1352 2283 ut
1366 2221 1479 2283 asserit
1493 2221 1701 2302 Augustinus,
1718 2229 1853 2303 peccata
1868 2240 1964 2302 quarn-

306 2320 311 2331 '
425 2319 683 2400 desideriisque
700 2319 838 2381 militant
853 2320 1003 2382 adversus
1018 2320 1168 2382 animam.
1225 2322 1274 2384 vis
1297 2339 1410 2402 magna
1429 2328 1461 2382 et
1480 2320 1647 2395 horrenda,
1669 2339 1770 2401 quum
1791 2320 1826 2382 in
1848 2338 1965 2382 consua-

425 2417 560 2480 llaxime
584 2425 691 2479 autem
721 2418 880 2499 culpabile
904 2427 952 2481 est
976 2438 1108 2501 peccare
1132 2438 1171 2481 err
1226 2419 1370 2482 tudinem
1386 2419 1605 2492 venerint,aut
1621 2436 1718 2501 parva
1732 2426 1787 2480 aut
1801 2417 1893 2481 nulla
1905 2436 1965 2480 csse

426 2514 536 2577 babitu
553 2533 661 2597 prave,
678 2516 738 2578 bec
753 2524 801 2579 est
816 2536 854 2579 ex
869 2517 1034 2591 electione,
1051 2537 1090 2580 ex
1105 2536 1171 2579 cer·
1227 2519 1410 2591 creduntur,
1427 2517 1505 2579 adeo
1525 2524 1560 2578 ut
1577 2533 1641 2578 non
1662 2515 1766 2578 selum
1787 2534 1855 2579 non
1873 2515 1966 2578 occul-

425 2621 457 2675 ta
481 2613 611 2702 malitia,
628 2632 667 2676 ex
687 2614 925 2690 deliberatione,
944 2635 982 2678 err
1002 2615 1108 2677 studio
1128 2623 1171 2677 at·
1226 2617 1331 2690 tanda,
1349 2614 1571 2677 verumetiam
1589 2615 1791 2696 predicanda
1805 2613 1966 2676 diffaman-

276 2729 410 2778 rauna.
427 2731 489 2794 que
504 2713 678 2794 proposito,
686 2713 778 2793 juxta
792 2715 871 2776 illud
888 2714 920 2776 in
936 2715 1171 2777 Psalmozbixit
1226 2715 1329 2796 daque
1344 2714 1521 2775 videantur.
1539 2712 1612 2775 ldeo
1629 2713 1757 2775 vincere
1773 2712 1966 2775 consuetudi·

426 2811 565 2891 injustus
586 2819 620 2873 ut
635 2811 800 2893 delinquat
817 2813 851 2874 in
871 2813 1052 2894 semetipse.
1072 2813 1169 2887 Unde,
1226 2832 1311 2886 nem,
1331 2811 1410 2874 dura
1428 2820 1477 2874 est
1497 2829 1620 2893 pugna;
1636 2818 1743 2874 tamen
1765 2812 1965 2893 pergratiam

425 2910 602 2972 secundum
613 2911 890 2993 Aristotelem,qui
906 2911 1010 2972 taliter
1026 2920 1169 2993 peccant,
1226 2911 1282 2974 Dei
1308 2909 1402 2972 facile
1427 2909 1499 2972 fieri
1525 2916 1638 2991 potest,
1664 2909 1765 2971 Aliter
1789 2909 1868 2972 satis
1891 2908 1967 2971 diffi-

426 3006 619 3070 incurabiles
635 3016 721 3082 sunt,
738 3009 812 3090 quia
825 3009 917 3071 valde
932 3008 1109 3071 difficulter
1124 3010 1208 3073 ιιι-(ι
1227 3010 1287 3072 cile
1312 3015 1371 3082 est,
1393 3007 1545 3089 quoniam
1569 3007 1639 3089 ipsa
1660 3008 1710 3069 vis
1733 3007 1967 3070 consuetudinis

428 3124 526 3188 reque
548 3107 704 3188 poenitent
724 3125 760 3168 ac
784 3114 962 3186 resurgunt.
982 3107 1107 3170 Coelesti
1129 3115 1171 3169 ta·
1226 3108 1366 3170 animam
1390 3105 1517 3186 premit,
1539 3111 1570 3167 et
1592 3105 1682 3187 quasi
1704 3105 1879 3187 quamdam
1904 3123 1967 3187 pec·

427 3223 501 3267 men
517 3204 652 3282 medico,
668 3204 880 3287 omnipotenti
897 3203 1029 3286 Spiritui
1046 3205 1170 3279 Sancte,
1227 3205 1319 3268 candi
1334 3204 1555 3266 necessitatem
1572 3202 1750 3277 inducit,nd
1765 3223 1866 3285 quam
1882 3205 1968 3266 miser

371 3373 374 3380 g
427 3301 508 3363 nibil
533 3309 581 3364 est
603 3302 803 3384 impossibile
826 3321 930 3384 neque
952 3301 1099 3376 difficile,
1117 3303 1172 3364 sed
1227 3309 1374 3385 peccator
1396 3308 1569 3382 spontanee
1588 3301 1685 3362 venit.
1702 3300 1782 3363 Nam
1806 3301 1842 3363 in
1864 3300 1968 3384 primis

428 3399 483 3461 ubi
503 3399 572 3462 vult
591 3399 699 3481 spirat,
717 3408 748 3462 et
768 3400 1016 3463 misericorditer
1034 3419 1088 3463 cor
1109 3408 1173 3462 tan·
1228 3407 1339 3483 peccat
1357 3399 1454 3462 bomo
1473 3417 1512 3461 ex
1535 3398 1712 3479 ignorantia
1730 3399 1782 3461 vel
1806 3397 1967 3461 infirmita·

426 3497 542 3577 gendo,
563 3506 693 3579 repente
717 3498 797 3560 illud
824 3499 980 3572 immutat,
1004 3500 1170 3572 convertit,
1227 3506 1275 3577 te;
1292 3497 1407 3560 deinde
1423 3504 1590 3578 peccatum
1612 3495 1726 3578 incipit
1740 3495 1803 3558 sibi
1822 3496 1923 3578 magis
1937 3513 1968 3558 ac

427 3595 586 3670 emendat,
610 3595 693 3658 sicut
717 3604 749 3658 et
773 3596 921 3659 Salomon
947 3603 1138 3677 protestatur
1164 3617 1170 3661 :
1228 3595 1328 3677 magis
1345 3595 1471 3677 placere
1485 3601 1581 3676 atque
1596 3594 1790 3668 dulcescere,
1808 3603 1842 3657 et
1856 3595 1903 3657 sic
1917 3595 1968 3655 fre·

315 3724 413 3762 roam.
428 3693 488 3756 Gor
502 3691 639 3755 bominis
656 3693 689 3755 in
707 3712 803 3755 manu
819 3694 874 3756 Dei
891 3701 953 3773 cst;
970 3712 1173 3777 quocumque
1228 3701 1363 3776 quenter
1383 3693 1476 3755 iterat
1491 3693 1582 3767 illud,
1599 3712 1635 3755 ac
1652 3711 1709 3775 per
1728 3693 1789 3755 bec
1807 3701 1969 3756 consuetu-

429 3791 577 3866 voluerit,
595 3799 696 3854 vertet
718 3792 806 3854 illud.
1228 3792 1316 3855 dein
1333 3809 1369 3854 ec
1385 3791 1524 3873 pessima
1543 3799 1723 3872 generatur,
1739 3810 1804 3873 qua
1824 3799 1968 3872 tanquam

468 3890 576 3971 ltaque
601 3891 656 3972 qui
680 3898 791 3973 peccat
815 3897 846 3952 et
869 3890 1006 3953 distata
1030 3892 1092 3954 lieo
1117 3912 1174 3974 per
1229 3892 1352 3973 impetu
1377 3889 1514 3972 quodam
1544 3889 1666 3970 rapitur
1694 3889 1733 3951 ad
1763 3890 1968 3970 peccandum,

429 3988 650 4069 ignorantiam,
671 3988 906 4072 appropinquet
927 3989 966 4052 ad
988 4009 1073 4065 eum,
1094 3995 1173 4053 reci·
1228 3991 1353 4052 dicente
1370 3989 1669 4070 Gregoriozvitiosa
1683 3989 1885 4051 consuetudo
1899 3988 1968 4051 obli-

428 4086 545 4169 piendc
562 4087 820 4150 informationem
840 4087 880 4149 ab
898 4087 1038 4162 bomine,
1055 4089 1173 4151 illumi·
1228 4095 1279 4170 gat
1302 4095 1454 4162 mentem,
1473 4095 1508 4149 ut
1526 4087 1580 4150 vix
1600 4105 1729 4167 surgere
1749 4088 1853 4169 possit
1872 4088 1911 4150 ιιι
1928 4106 1969 4148 ιι·

428 4185 588 4247 nationem
610 4185 650 4247 ab
672 4185 794 4265 angele,
813 4186 995 4248 unctionem
1016 4206 1034 4248 ι
1053 4187 1172 4269 Spiritu
1187 4187 1212 4250 D
1229 4186 1436 4264 ctitudinem3
1462 4194 1594 4248 conatur
1618 4193 1650 4248 et
1671 4185 1800 4261 labitur,
1821 4187 1899 4268 quia
1920 4184 1969 4247 ubi

427 4284 648 4365 Sanct0‚juxta
665 4283 744 4346 illud
758 4285 886 4347 loannis
901 4286 1172 4368 apostoli:Unctio
1228 4293 1341 4368 sponte
1363 4285 1417 4347 diu
1442 4283 1589 4366 perstitit,
1613 4283 1658 4346 ibi
1678 4284 1775 4346 etiam
1797 4304 1901 4367 quum
1921 4301 1969 4345 no-

306 4396 312 4407 ·
427 4383 497 4463 ejus
518 4383 610 4446 decet
629 4401 685 4446 vos
705 4383 744 4445 de
764 4383 925 4447 omnibus.
942 4385 1030 4447 Unde
1049 4394 1081 4448 ct
1098 4386 1173 4448 Pau·
1229 4383 1334 4457 luerit,
1351 4389 1459 4446 coacta
1480 4381 1573 4444 cadit.

427 4482 476 4543 lus
492 4488 625 4544 testatur
642 4499 649 4542 :
667 4481 759 4543 Dabit
774 4481 832 4543 tibi
849 4483 1003 4545 Dominus
1018 4483 1057 4546 de
1072 4483 1173 4546 omni·
1268 4482 1494 4544 Verumtamen
1510 4499 1607 4562 prava
1622 4481 1856 4544 consuetudine
1873 4481 1968 4563 inqui-

428 4579 488 4640 bus
510 4579 717 4640 intellectum.
735 4579 793 4652 oui
814 4597 890 4641 vero
910 4589 1021 4661 peccat
1040 4589 1135 4664 atque
1154 4601 1172 4644 a
1229 4589 1332 4655 natus,
1357 4597 1560 4661 nequaquam
1585 4580 1747 4660 desperet;
1773 4581 1830 4642 sed
1856 4581 1890 4643 in
1913 4581 1970 4642 beo

428 4678 493 4740 lico
507 4677 603 4738 distat
618 4695 675 4758 per
691 4675 923 4752 infirmitatem,
936 4681 1172 4762 appropinquet
1229 4678 1406 4752 confidem,
1418 4679 1487 4758 ejus
1504 4677 1756 4740 misericordiam
1772 4698 1808 4740 ac
1823 4679 1969 4760 juvamen

428 4776 503 4848 Deo,
522 4774 722 4856 implorando
741 4774 935 4854 adjutorium
955 4778 1063 4858 gratiae
1088 4779 1170 4859 ejus,
1229 4777 1446 4839 indesinenter
1470 4776 1629 4858 imploret,
1654 4777 1769 4840 Christi
1795 4779 1968 4859 passionem

428 4881 523 4954 atque
543 4873 582 4934 ad
602 4871 699 4934 robur
718 4880 750 4934 et
769 4872 948 4954 profectum
964 4875 1117 4938 virtutum
1138 4897 1171 4939 se
1226 4877 1345 4958 jugiter
1360 4877 1542 4949 meditetur,
1560 4876 1735 4939 novissima
1750 4896 1808 4939 sua
1822 4878 1971 4958 sagaciter

430 4970 544 5044 dando,
569 4977 601 5031 et
626 4967 756 5030 rationis
779 4969 937 5049 judicium
962 4975 1169 5053 assequendo.
1228 4974 1596 5055 contempletur,m0rtis
1611 4973 1788 5050 horrorem,
1803 4973 1971 5055 judiciidi·

430 5069 524 5131 Porro
539 5068 594 5149 qui
611 5074 722 5148 peccat
736 5075 768 5129 et
786 5087 804 5128 a
820 5070 884 5130 Deo
899 5069 994 5131 distat
1013 5089 1069 5152 per
1086 5072 1173 5134 babi—
1227 5072 1294 5134 vini
1325 5073 1473 5153 rigorem,
1500 5079 1658 5135 tormenta
1687 5072 1817 5148 inferni,
1842 5073 1969 5154 gloriam

432 5175 482 5228 tus
505 5165 647 5240 vitiosos,
664 5183 722 5247 per
743 5167 1005 5230 consuetudinem
1030 5187 1171 5250 pravam,
1228 5169 1311 5234 coeli.
1335 5171 1396 5232 lsta
1420 5169 1567 5233 habendo
1592 5190 1656 5252 pre
1680 5170 1794 5246 oculis,
1815 5176 1970 5234 assuescat

429 5283 486 5347 per
516 5273 635 5328 certam
667 5263 833 5339 malitiam,
864 5266 1101 5349 appropinquet
1133 5269 1171 5332 ad
1229 5268 1971 5351 seinactibusbenis,utaconsuetudiuepra·
