4214 6254
533 511 680 560 noamrca
701 513 711 558 1
732 512 806 559 noar
826 509 1021 560 τιιιιιιτιτιιι.
1041 527 1081 542 -
1102 511 1201 558 saeuo
1223 513 1333 560 rnruus
1649 495 1709 561 129

155 677 272 742 ceteris
295 679 420 742 cunctis
441 678 614 744 virtutibus
636 679 809 763 perfectius
833 679 949 744 con-A
1003 681 1119 755 Quarto
1140 681 1253 744 caritas
1279 680 1529 754 commendatur,
1545 680 1622 762 quia
1645 699 1710 762 pra)

154 774 265 858 jungit
288 795 345 840 nos
369 777 444 852 Deo,
468 777 512 840 ita
535 779 619 861 quod
644 779 721 842 facit
742 778 906 842 hominem
963 779 1077 841 ceteris
1091 777 1265 840 virtutibus
1286 777 1350 840 heo
1367 776 1541 859 perfectius
1560 794 1618 840 nos
1635 795 1708 840 con-

156 873 302 937 habitare
318 876 351 939 in
366 877 431 939 fleo
445 883 477 938 ct
490 876 592 939 heum
609 876 640 940 in
661 877 802 951 bomine,
817 877 908 957 juxta
963 875 1087 939 format.
1103 876 1182 939 Nam
1203 883 1238 938 ut
1257 875 1385 938 divinus
1401 875 1569 958 Dionysius
1584 874 1706 952 scribit,
1739 899 1770 946 n,
1784 899 1855 948 aa„

95 1003 140 1040 ,ιι
156 972 296 1035 verbum
318 974 447 1038 Joannis
471 974 607 1037 dicentis
629 992 636 1036 :
657 976 715 1049 Oui
742 983 850 1038 manet
873 974 905 1038 in
962 974 1009 1038 sol
1026 976 1086 1037 iste
1100 974 1274 1058 corporalis
1289 973 1427 1036 visibilis
1442 979 1491 1036 cst
1505 973 1636 1036 evidens
1651 974 1707 1037 Dei
1721 971 1845 1008 ²⁰”·⁸·¹l·

158 1072 302 1146 caritate,
315 1073 348 1135 in
363 1073 428 1135 Deo
443 1079 561 1148 manet,
573 1080 606 1134 et
619 1073 702 1135 Deus
717 1072 750 1135 in
765 1091 812 1136 eo.
825 1073 906 1135 Ecce
963 1072 1068 1153 imago
1093 1089 1100 1135 :
1126 1073 1278 1155 quoniam
1309 1071 1393 1134 sicut
1421 1072 1468 1134 sol
1499 1071 1558 1134 iste
1587 1070 1709 1154 absque

156 1177 278 1253 quanta
298 1178 346 1234 est
366 1171 504 1251 dignitas
528 1171 679 1245 caritatis,
695 1178 728 1234 et
751 1179 906 1253 quantum
963 1170 1081 1253 previa
1102 1171 1342 1234 ratiocinatione
1362 1178 1394 1232 et
1414 1169 1654 1245 deliberatione,
1670 1189 1709 1233 ex

157 1267 274 1330 caritas
289 1267 358 1352 ipsa
373 1267 540 1350 dignificat
560 1269 723 1333 hominem
744 1288 840 1351 quem
860 1270 907 1331 in·
964 1267 1163 1350 plenitudine
1185 1287 1250 1332 sua
1273 1267 1354 1330 lucis
1375 1267 1535 1330 universis
1555 1286 1620 1330 suae
1639 1267 1711 1330 illu·

156 1365 296 1446 format3
312 1384 409 1449 quam
429 1366 605 1430 ineffabilis
626 1367 763 1449 dignitas
783 1375 831 1430 est
852 1369 907 1432 ho
965 1366 1149 1430 minationis
1164 1365 1335 1449 capacibus
1355 1365 1459 1429 radios
1479 1385 1544 1430 suaa
1559 1364 1712 1428 claritatis

158 1464 257 1528 minis
285 1464 428 1528 habitare
452 1465 485 1528 in
510 1466 585 1540 Deo,
610 1475 642 1528 et
666 1466 766 1529 Deum
790 1465 908 1530 habere
965 1465 1116 1540 infundit,
1133 1473 1165 1527 et
1179 1465 1432 1550 unumquodque
1445 1464 1536 1546 juxta
1551 1483 1641 1526 suam
1662 1482 1712 1527 ea·

157 1563 357 1627 habitantem
374 1564 466 1627 inse.
483 1563 563 1627 ilinc
579 1564 657 1627 dicit
672 1565 701 1628 S.
719 1565 854 1628 'lbomas
875 1566 908 1629 in
965 1563 1133 1644 pacitatem
1151 1563 1298 1638 illustrat,
1314 1562 1416 1645 replet
1429 1570 1461 1625 et
1479 1569 1588 1642 ornat3
1604 1561 1650 1624 sic
1665 1561 1713 1624 sol

157 1663 300 1726 secunda
319 1665 467 1728 secunde
484 1681 491 1726 :
508 1663 627 1727 Caritas
648 1673 787 1727 mentem
807 1665 909 1748 perfe
965 1661 1150 1736 invisibilis,
1164 1663 1247 1726 Deus
1262 1663 1475 1744 omnipotens,
1488 1679 1527 1724 ex
1543 1679 1607 1724 suae
1622 1660 1712 1723 boni·

158 1761 303 1824 ctissime
323 1761 388 1825 Deo
408 1762 584 1844 conjungit,
601 1770 633 1826 et
654 1763 766 1836 Deum,
787 1763 841 1845 qui
860 1771 909 1826 est
965 1762 1039 1822 tatis
1064 1761 1278 1823 immensitate
1300 1761 1388 1822 omni
1413 1768 1565 1822 creaturae
1591 1759 1713 1823 bonita-

157 1867 289 1923 actuum
325 1861 539 1924 humanorum
572 1879 698 1924 summa
731 1861 840 1942 regula
871 1863 1030 1926 athem
1047 1879 1137 1922 suam
1156 1859 1246 1940 juxta
1265 1859 1352 1921 illius
1372 1859 1579 1941 capacitatem
1594 1877 1649 1921 seu
1665 1858 1712 1920 di·

159 1977 322 2033 mensura,
347 1959 468 2022 directe
497 1960 674 2022 secundum
698 1961 782 2042 quod
814 1960 846 2022 in
875 1979 908 2022 se
964 1961 1118 2040 gnitatem
1141 1958 1367 2032 communicat,
1384 1965 1416 2020 et
1435 1957 1535 2020 multa
1554 1956 1713 2020 beneficia

159 2063 220 2128 est,
238 2055 422 2120 immediate
436 2057 571 2138 attingit.
585 2057 705 2120 ldcirco
720 2066 769 2120 est
783 2077 910 2120 summa
967 2057 1090 2121 cunctis
1116 2057 1283 2138 impendit,
1304 2064 1368 2119 tam
1392 2055 1533 2136 ingratis,
1554 2055 1713 2138 perversis

158 2155 321 2219 virtustid
335 2156 422 2218 enim
439 2157 523 2238 quod
538 2163 587 2218 est
600 2175 657 2240 per
672 2163 771 2230 se,est
782 2156 910 2237 dignius
967 2175 1003 2218 ιο
1018 2155 1174 2238 reprobis,
1191 2156 1255 2218 imo
1271 2162 1303 2218 et
1323 2154 1520 2227 infidelibus,
1537 2173 1631 2236 quam
1647 2173 1715 2236 gra·

159 2253 219 2317 illo
244 2254 329 2337 quod
354 2263 403 2317 est
426 2273 483 2338 per
507 2253 604 2317 aliud.
631 2255 722 2318 Fides
747 2262 852 2317 autem
879 2262 911 2318 et
967 2255 1019 2328 tis,
1036 2254 1129 2316 bonis
1151 2273 1187 2316 ac
1207 2253 1327 2316 clectis.
1345 2253 1431 2316 Hanc
1451 2253 1507 2315 Dei
1526 2251 1713 2329 bonitatem,

159 2369 236 2434 spes
252 2370 309 2414 nos
325 2369 388 2414 non
405 2353 521 2414 uniunt
535 2352 610 2426 Deo,
622 2369 682 2416 nec
699 2352 803 2435 ipsum
820 2353 912 2415 attin·
969 2353 1191 2416 liberalitatem
1214 2359 1246 2415 et
1268 2352 1418 2434 pietatem
1439 2350 1516 2414 facit
1537 2351 1650 2414 caritas
1670 2351 1716 2413 in-

159 2458 253 2532 gunt,
270 2450 332 2513 nisi
352 2451 528 2514 secundum
548 2452 633 2533 quod
653 2450 693 2513 ab
713 2451 782 2534 ipso
802 2468 912 2536 prove
968 2451 1040 2514 fusa
1055 2450 1195 2534 perfecta
1210 2449 1357 2512 homines
1373 2449 1475 2530 sequi,
1493 2449 1536 2510 ita
1550 2449 1634 2531 quod
1649 2465 1717 2512 om-

160 2549 211 2610 nit
226 2547 319 2611 nobis
337 2547 458 2630 aliquid
476 2549 508 2611 in
524 2549 583 2610 hec
604 2549 679 2621 vita,
697 2549 847 2612 videlicet
862 2567 912 2612 eo·
970 2569 1026 2612 nes
1049 2550 1178 2612 caritate
1201 2549 1260 2610 ista
1284 2547 1441 2621 succensi,
1458 2546 1608 2609 omnibus
1631 2547 1715 2630 quod

159 2646 264 2728 gnitio
278 2647 345 2710 veri
366 2656 397 2710 et
416 2647 543 2729 adeptio
561 2646 648 2711 boni.
666 2647 728 2711 Sed
746 2647 797 2711 his
812 2648 911 2730 objici
969 2647 1088 2710 bahent
1109 2654 1141 2709 et
1162 2653 1237 2708 sunt
1256 2646 1494 2710 communicare
1514 2645 1615 2728 parati
1636 2645 1718 2708 exsi-

161 2753 279 2828 potest,
296 2745 372 2828 quia
385 2745 482 2808 etiam
498 2746 619 2808 ratione
639 2746 717 2808 fidei
733 2753 764 2808 et
783 2747 852 2828 spei
868 2747 913 2808 di·
969 2753 1067 2818 stunt,
1084 2746 1228 2808 omnium
1251 2743 1482 2807 cordialissime
1504 2750 1615 2826 optant
1637 2743 1717 2806 salu·

161 2845 248 2906 citur
261 2841 345 2907 Deus
360 2843 503 2907 habitare
520 2845 551 2906 in
571 2844 675 2917 nobis,
691 2845 817 2906 dicente
831 2843 913 2926 Apo·
970 2851 1046 2918 tem,
1068 2851 1099 2906 et
1122 2851 1213 2906 orant
1236 2859 1294 2924 pro
1317 2841 1488 2915 universis,
1506 2841 1716 2923 omniumque

162 2944 271 3008 stolo:
290 2943 373 3005 Deus
397 2943 451 3006 det
472 2941 562 3006 vobis
586 2943 762 3006 secuudum
787 2943 914 3007 divitias
970 2942 1136 3024 deplorant
1151 2949 1289 3024 peccata,
1305 2941 1344 3003 ad
1360 2940 1509 3003 inimicos
1524 2947 1556 3002 et
1570 2957 1717 3022 persecu-

68 3059 76 3070 ·
161 3042 273 3125 gloriae
293 3061 369 3116 sue,
385 3041 529 3105 habitare
549 3041 709 3105 Christum
736 3059 793 3124 per
815 3041 914 3104 fidem
933 3041 1054 3105 Gtores
1069 3059 1105 3102 ae
1121 3039 1266 3101 irrisores
1281 3055 1436 3112 amorosa,
1446 3036 1583 3118 benigne
1598 3055 1635 3099 ac
1650 3036 1718 3099 dul-

0 3169 30 3206 ι.
72 3174 143 3210 ιιι..
161 3141 197 3204 in
218 3138 368 3203 cordibus
386 3140 519 3218 vestris;
536 3147 567 3202 et
585 3139 762 3214 Psalmista,
782 3139 914 3203 Domine
970 3141 1049 3203 citer
1071 3137 1281 3216 afficiuntur;
1301 3143 1333 3198 et
1356 3143 1474 3218 quanto
1499 3135 1652 3217 majorem
1677 3134 1717 3198 ab

160 3240 332 3312 virtutum,
349 3237 460 3302 beatus
482 3238 579 3301 homo
601 3238 656 3320 qui
681 3245 788 3320 sperat
813 3237 846 3300 in
871 3245 911 3300 tc.
970 3238 1034 3301 illis
1050 3237 1215 3320 patiuntur
1230 3235 1392 3316 injuriam,
1409 3241 1496 3297 tanto
1511 3234 1584 3317 plus
1602 3234 1717 3296 condo·

161 3339 224 3402 Sed
241 3337 349 3400 nullus
370 3335 481 3400 beatus
496 3343 555 3410 est,
571 3336 632 3398 nisi
653 3354 750 3418 quern
769 3337 853 3398 Deus
869 3337 914 3399 in·
970 3336 1036 3399 lent
1059 3335 1117 3410 cis,
1138 3339 1170 3395 et
1194 3332 1386 3394 miserantur
1409 3349 1520 3395 eorum
1546 3330 1715 3406 insaniam,

160 3436 296 3500 habitat.
314 3435 352 3498 m
367 3435 636 3518 respondendum,
654 3435 737 3516 quod
759 3453 817 3497 nec
836 3434 913 3498 fidei
968 3441 1064 3516 atquc
1079 3450 1137 3516 pro
1156 3431 1202 3494 eis
1222 3437 1401 3513 precantur.
1420 3431 1465 3492 lta
1484 3429 1597 3492 caritas
1615 3427 1718 3512 perfe-

160 3553 224 3599 nec
239 3534 308 3616 spei
324 3533 477 3616 competit
492 3533 576 3595 istud
591 3533 651 3595 nisi
669 3551 726 3615 per
741 3533 913 3608 caritatem,
969 3539 1019 3594 cta
1039 3529 1242 3593 transformat
1263 3545 1317 3591 cor
1337 3529 1370 3590 in
1392 3526 1543 3590 bonitatis
1562 3526 1716 3591 affectum

161 3642 196 3696 et
211 3651 273 3695 uon
290 3651 347 3715 per
367 3651 401 3694 se
419 3649 425 3693 :
443 3631 514 3694 ideo
533 3630 736 3695 auctoritates
757 3639 914 3714 praetactas
969 3636 1001 3692 et
1022 3629 1056 3690 in
1077 3627 1200 3690 viscera
1221 3625 1348 3709 pietatis
1369 3643 1405 3687 aa
1427 3625 1600 3688 suavitatis.

159 3740 260 3813 atque
281 3729 475 3804 consimiles,
493 3728 707 3810 intelligendae
726 3737 802 3793 sunt
821 3731 860 3793 de
876 3729 913 3792 fi·
1008 3727 1124 3802 Ouinto
1139 3725 1252 3788 caritas
1268 3724 1509 3787 commendatur
1524 3743 1562 3786 ex
1582 3724 1717 3789 delecta·

159 3831 204 3892 de
225 3829 360 3892 formata
379 3837 410 3890 et
430 3847 486 3911 spe
509 3826 656 3902 formata,
673 3846 736 3891 non
759 3829 798 3890 de
819 3828 914 3892 infor·
968 3825 1054 3888 tione
1069 3823 1228 3907 spirituali
1242 3821 1303 3884 sibi
1320 3822 1352 3884 in
1368 3820 1493 3885 actibus
1507 3823 1573 3884 suis
1587 3841 1715 3886 annexa

162 3927 274 3992 nribus
296 3926 361 3989 fide
383 3935 414 3989 et
436 3946 500 4009 spc.
968 3923 1061 3986 Nulla
1094 3921 1212 3984 etenim
1246 3921 1358 3996 virtus,
1390 3919 1478 3982 nulla
1508 3919 1621 3996 forma,
1652 3929 1716 3984 tam

205 4026 311 4089 Tertio
332 4025 446 4088 caritas
466 4025 740 4088 commendatura
759 4043 816 4089 suo
835 4024 914 4088 effe·
969 4028 1116 4104 prompte
1136 4038 1173 4081 ιο
1193 4017 1425 4082 delectabiliter
1445 4027 1595 4101 operatur
1615 4028 1650 4082 ut
1669 4039 1718 4082 ca·

160 4134 230 4200 ctu,
255 4124 406 4206 quoniam
430 4122 534 4186 aufert
555 4123 718 4186 horrorem
743 4123 842 4186 futuri
863 4123 914 4204 ju·
969 4121 1045 4183 ritas
1072 4137 1079 4182 :
1106 4119 1176 4182 ideo
1205 4119 1353 4181 servilem
1383 4118 1531 4180 timorem
1564 4119 1713 4182 excludit.

159 4224 253 4298 dicii,
270 4231 302 4287 et
325 4222 402 4285 facit
424 4242 497 4285 cum
520 4222 688 4285 securitate
710 4229 743 4284 et
763 4221 913 4284 familiari
929 4223 955 4286 ll
969 4220 1047 4283 Nam
1064 4219 1159 4280 timor
1173 4216 1227 4278 ille
1244 4235 1371 4299 poenam
1386 4216 1481 4278 babet
1495 4216 1592 4279 etiam
1607 4217 1641 4280 in
1656 4218 1715 4281 hac

160 4324 284 4388 fiducia
300 4321 472 4406 prestolari
487 4321 572 4384 diem
588 4329 651 4382 tam
668 4320 868 4404 particularis
883 4329 915 4383 et
969 4318 1034 4380 vita
1058 4335 1225 4390 annexam,
1250 4316 1325 4397 quia
1349 4333 1423 4377 cum
1448 4314 1555 4378 labore
1579 4324 1611 4378 et
1633 4316 1716 4380 aflli-

160 4421 288 4508 proprii
306 4439 400 4503 quam
421 4419 612 4482 universalis
632 4427 664 4482 et
682 4419 816 4482 extremi
831 4419 914 4501 judi·
970 4417 1074 4479 ctione
1089 4433 1126 4477 ac
1141 4415 1234 4478 taedio
1253 4413 1391 4476 abstinet
1404 4431 1441 4475 ιο
1460 4413 1625 4476 retrahite
1644 4433 1715 4497 pec-

161 4523 218 4596 cii,
236 4521 302 4583 imo
316 4528 348 4583 et
366 4538 441 4582 cum
460 4517 619 4581 desiderio
637 4519 799 4602 adspirare
818 4520 857 4581 ad
877 4518 913 4581 il-
969 4516 1059 4590 catis,
1076 4531 1114 4576 eo
1133 4513 1217 4596 quod
1238 4511 1341 4576 solum
1362 4511 1520 4575 serviliter
1534 4513 1651 4576 timens
1669 4514 1715 4576 di·

23 4670 104 4706 m,
117 4655 144 4696 3,
162 4621 233 4694 lud,
254 4619 525 4704 quemadmodum
543 4617 697 4700 scriptum
719 4625 767 4679 est
783 4634 790 4678 :
808 4617 913 4680 Sitivit
969 4616 1045 4697 ligat
1059 4613 1147 4688 vitia,
1164 4632 1182 4675 a
1197 4611 1314 4694 quibus
1329 4611 1397 4675 solo
1413 4630 1579 4693 poenarum
1596 4620 1715 4676 terrore

161 4720 273 4784 anima
289 4737 359 4780 mea
373 4717 412 4779 ad
428 4717 528 4780 Deum
544 4714 913 4799 fortem‚vivum;quan-
969 4735 1002 4778 se
1026 4713 1189 4777 abstrahit.
1219 4712 1313 4774 Porro
1339 4712 1452 4774 caritas
1476 4729 1584 4774 amore
1607 4712 1715 4776 dilecti

162 4822 207 4883 do
227 4817 354 4882 veniam
375 4823 407 4878 et
425 4813 585 4898 apparebo
604 4821 677 4876 ante
699 4814 813 4878 faciem
834 4817 912 4880 lleit
969 4815 1101 4878 inclinat
1120 4819 1152 4875 et
1170 4811 1265 4874 trabit
1284 4811 1324 4874 ad
1343 4810 1425 4874 bene
1444 4812 1613 4892 agendum,
1631 4812 1716 4875 dete-

1 4945 144 5004 taum
161 4919 255 4983 Unde
278 4915 459 4998 Apostolus,
477 4913 577 4996 Cupio
598 4912 731 4995 (inquit)
753 4914 909 4977 dissolvi:
968 4919 1132 4994 staturque
1156 4911 1233 4972 vitia
1257 4918 1288 4972 et
1310 4911 1377 4974 odit
1401 4917 1541 4993 peccata,
1557 4918 1652 4992 atque
1675 4911 1714 4974 ad

157 5017 251 5102 quod
273 5013 382 5076 nullus
403 5009 633 5074 rationabiliter
658 5010 757 5092 cupit,
773 5011 828 5092 qui
851 5019 912 5074 tre·
968 5027 1062 5072 omne
1077 5010 1196 5072 bonum
1211 5008 1376 5071 honestum
1394 5007 1601 5072 inducitldeo
1615 5027 1715 5092 prom

157 5115 254 5201 pidet
267 5112 413 5196 judicari.
431 5109 509 5172 ilinc
524 5118 652 5172 sauctus
667 5109 748 5172 dixit
762 5109 912 5174 Martinus
968 5117 1021 5193 ptc
1035 5128 1072 5172 ac
1087 5107 1223 5171 dulciter
1237 5115 1396 5190 operatur,
1414 5116 1446 5171 et
1462 5107 1576 5190 jugum
1597 5107 1654 5170 llei
1670 5107 1714 5169 fa·
1733 5135 1859 5191 amm,

157 5212 295 5280 diabolo
311 5229 318 5274 :
334 5209 419 5274 Nihil
443 5208 476 5271 in
499 5227 561 5282 me,
585 5206 722 5282 funeste,
746 5207 911 5290 iuvenies3
968 5210 1011 5272 cit
1027 5225 1134 5281 suave,
1151 5224 1296 5288 onusque
1317 5207 1404 5286 levc;
1421 5207 1485 5270 imo
1505 5215 1536 5270 et
1557 5206 1589 5270 ιιι
1605 5206 1714 5269 adver·
1728 5201 1760 5242 ²⁰·

156 5311 300 5382 Abrahae
321 5328 373 5372 me
393 5309 483 5372 sinus
505 5306 667 5390 suscipiet.
968 5307 1012 5370 sis
1027 5305 1104 5368 facit
1116 5305 1253 5386 gaudere
1269 5311 1300 5366 et
1314 5304 1430 5385 gratias
1449 5323 1553 5386 agere,
1569 5323 1606 5368 ιο
1619 5303 1713 5368 fateri

291 5447 324 5504 'l'-
342 5447 382 5498 30·
1570 5440 1586 5491 9
