4140 6258
449 513 599 566 noumroa
620 515 640 562 x
661 515 736 562 rosr
755 513 950 562 murram.
971 531 1010 546 -·
1031 515 1131 564 smne
1150 514 1276 564 rmrrus
1576 493 1636 562 atr

36 714 97 762 ιιιιι.
109 688 272 762 Psalmistae,
294 686 418 750 Divitia
442 686 469 749 si
492 685 638 762 ailluant,
661 686 760 750 nolite
782 704 837 749 cor
851 685 877 750 A
889 685 1003 768 judieii
1018 687 1089 767 ejus
1105 693 1169 750 tarn
1185 686 1387 798 particularis
1402 703 1498 768 quam
1514 684 1639 750 univer·

25 811 85 856 cer
70 802 266 872 ιιιρροιοιο;
277 792 309 849 et
324 785 409 868 quod
424 785 469 847 ait
483 785 664 868 Apostolus,
672 785 731 860 Oui
746 793 839 848 utun·
891 785 977 860 salis,
993 804 1063 849 eam
1085 785 1272 867 gravissime
1294 784 1481 848 accusando.

107 897 153 952 tur
172 887 225 948 hoc
248 883 380 958 mundo,
402 883 466 947 sint
488 891 639 966 tanquam
662 901 725 948 nou
747 891 837 946 uten-
931 883 1126 968 linquaque
1155 903 1226 967 quaa
1250 883 1289 946 de
1315 891 1441 947 terrena
1462 882 1637 947 Jerusalem

108 997 162 1050 tes:
171 993 199 1047 et
212 983 254 1044 ita
269 983 333 1046 lleo
348 989 470 1046 rectore
485 1000 521 1046 ac
537 983 630 1056 duce,
637 983 683 1045 sic
698 989 838 1046 transeat
891 982 1035 1046 Christus
1049 982 1207 1065 praedixit,
1214 981 1355 1046 Ecclesia
1369 981 1531 1044 militans
1523 1001 1555 1044 ru
1569 973 1640 1063 par·

107 1084 244 1168 perbona
258 1081 458 1163 temporalia,
475 1089 510 1142 ut
528 1098 592 1144 uon
611 1081 736 1145 amittat
750 1089 838 1145 aeter-
891 1080 978 1143 tibus
998 1080 1065 1142 suis
1085 1079 1271 1162 frequenter
1291 1099 1441 1162 perpessa
1460 1086 1508 1142 est
1526 1078 1566 1142 ab
1584 1080 1637 1142 ad-

107 1203 148 1246 ua.
175 1181 218 1244 Ad
244 1179 329 1263 quod
358 1178 575 1242 necessarium
604 1187 706 1242 exstat
735 1186 770 1242 ut
797 1180 836 1243 ad
892 1179 1040 1242 versariis
1068 1178 1146 1242 iidei
1176 1177 1367 1252 christiane,
1393 1177 1573 1242 Sarracenis
1601 1196 1638 1240 aa

105 1277 275 1362 temporalia
298 1284 330 1340 et
354 1276 493 1340 earnalia
516 1294 580 1341 non
604 1277 766 1340 alliciatur
791 1277 837 1340 in·
891 1277 962 1340 aliis
980 1294 987 1338 :
1004 1295 1023 1339 a
1042 1277 1160 1360 quihus
1183 1275 1215 1339 in
1236 1275 1346 1339 multis
1368 1273 1552 1358 regionibus
1574 1274 1640 1338 lon·

105 1378 242 1451 ordinate,
254 1376 309 1439 sed
324 1375 363 1439 ad
378 1373 523 1439 debitum
539 1375 641 1439 finem
657 1374 773 1439 relerat
787 1393 835 1450 ea,
891 1393 930 1457 ge
949 1393 986 1438 ac
1006 1375 1068 1438 late
1088 1374 1248 1439 destructa
1264 1381 1323 1448 est,
1339 1374 1492 1456 quoniam
1511 1379 1639 1455 tempus

103 1496 135 1540 ac
154 1474 251 1538 sobrie
272 1481 381 1538 utatur
400 1473 532 1538 eisdem.
891 1493 956 1538 suae
981 1473 1183 1549 visitationis,
1205 1473 1236 1536 id
1261 1479 1310 1535 est
1330 1471 1489 1535 beneficia
1510 1470 1637 1546 Christi,

138 1573 274 1640 Secundo
295 1573 386 1638 docet
409 1573 442 1636 in
464 1573 630 1656 evaugelio
651 1573 712 1636 isto
731 1573 836 1636 Salva·
891 1589 955 1636 non
985 1572 1144 1654 cognovit,
1171 1589 1235 1636 non
1264 1571 1410 1646 attendit,
1438 1588 1502 1634 non
1532 1577 1639 1634 mente

104 1683 155 1748 tor,
175 1679 298 1755 quauta
321 1671 544 1735 tribulationes
567 1679 663 1754 atque
684 1671 837 1754 angustia
891 1679 979 1753 grata
1001 1687 1038 1733 ac
1064 1669 1232 1734 obediente
1257 1669 1478 1734 consideravit.
1500 1669 1639 1750 Tempus

104 1773 159 1836 siut
178 1770 294 1854 iniquis
316 1778 565 1853 superventurae.
582 1770 672 1844 Quod
691 1770 778 1834 enirn
798 1770 837 1833 ad
892 1771 979 1832 enim
995 1768 1186 1852 evangelicae
1208 1769 1297 1850 legis,
1313 1776 1441 1850 tempus
1461 1767 1569 1850 gratiae
1586 1785 1640 1849 ap·

104 1871 227 1932 littemm
251 1869 291 1932 de
316 1868 371 1931 illa
394 1875 521 1931 terrena
542 1867 716 1932 Jerusalem
746 1867 836 1942 dixit,
855 1867 878 1932 B
894 1867 1030 1950 pellatur
1056 1887 1062 1930 :
1089 1867 1161 1930 ideo
1188 1867 1314 1948 gravior
1337 1866 1432 1948 culpa
1460 1873 1509 1930 est
1533 1865 1637 1940 modo,

21 1967 226 2036 ..ral'euient
252 1967 322 2030 dies
352 1965 385 2028 in
414 1974 456 2041 te,
482 1974 513 2029 et
537 1966 783 2030 circumdabunt
807 1973 837 2028 te
893 1966 1008 2030 Christi
1031 1965 1258 2039 visitationem,
1283 1965 1545 2038 incarnationem,
1571 1983 1640 2047 pas·

43 2081 46 2090 ’
105 2065 214 2129 inimici
235 2065 284 2128 tui
306 2065 399 2138 vallo,
416 2073 448 2127 et
469 2065 723 2147 coangustabunt
746 2065 838 2127 undi·
892 2065 1026 2138 sionem,
1044 2063 1306 2127 sacramentalem
1321 2063 1576 2145 presentiamet
1591 2081 1640 2125 ce·

104 2182 174 2246 que3
188 2171 217 2226 et
231 2163 271 2226 ad
286 2172 403 2226 terram
423 2171 682 2246 prosternentte,
699 2164 838 2246 eoquod
893 2170 959 2226 tera
984 2161 1143 2225 beneficia
1171 2168 1266 2244 atque
1292 2162 1443 2245 mysteria
1466 2161 1547 2243 ejus,
1573 2179 1638 2224 non

103 2278 158 2325 uon
178 2261 362 2342 cognoveris
387 2269 514 2343 tempus
535 2261 727 2325 visitationis
749 2269 836 2327 tuae:
892 2260 1000 2324 dehita
1019 2260 1212 2342 gratitudine
1234 2260 1361 2323 intueri.

101 2367 192 2422 totum
219 2360 281 2422 boc
310 2359 520 2442 spiritualiter
548 2359 651 2442 accipi
681 2359 775 2423 debet
799 2361 837 2424 de
932 2359 1037 2423 Tertio
1060 2358 1215 2434 Christus,
1237 2377 1292 2440 per
1311 2359 1371 2422 hoc
1394 2357 1479 2442 quod
1499 2358 1638 2422 venden-

102 2475 281 2539 unoquoque
312 2457 449 2539 reprobo
477 2464 509 2520 et
538 2456 660 2539 iniquo,
686 2458 837 2540 quoniam
892 2466 950 2532 tes,
968 2464 1110 2520 ementes
1125 2464 1157 2520 et
1171 2457 1404 2520 nummularios
1424 2475 1480 2520 seu
1496 2473 1639 2539 campso-

102 2554 267 2618 invisibiles
292 2555 411 2630 hostes,
437 2562 514 2638 puta
537 2555 668 2631 diaboli,
693 2555 748 2638 qui
771 2555 837 2635 iarn
892 2575 942 2619 res
968 2557 1007 2619 de
1037 2555 1159 2638 templo
1188 2555 1294 2638 ejecit,
1320 2557 1412 2619 docet
1439 2573 1497 2618 nos
1526 2556 1636 2618 multa.

100 2653 229 2735 quotidie
251 2671 311 2736 per
332 2653 436 2716 varias
460 2654 678 2735 suggestiones
699 2662 732 2715 et
751 2653 839 2716 blan·
892 2655 1007 2729 Primo,
1024 2655 1108 2736 quod
1128 2653 1232 2717 zelum
1251 2654 1429 2718 ferventem
1450 2653 1566 2718 babere
1586 2655 1639 2717 de-

100 2752 148 2814 das
166 2752 399 2834 persuasiones,
416 2771 452 2814 ac
467 2752 539 2815 aliis
558 2752 661 2816 modis
682 2752 839 2814 inducunt
892 2753 1005 2816 bemus
1022 2771 1079 2835 pro
1094 2753 1150 2815 Dei
1165 2753 1295 2826 honore,
1311 2753 1450 2835 optando
1466 2758 1500 2814 ut
1515 2753 1583 2835 ipse
1597 2752 1638 2815 ah

98 2849 250 2912 hominem
273 2850 313 2912 ad
337 2856 478 2932 peccata,
494 2857 638 2932 ternpore
660 2851 771 2914 mortis
794 2851 839 2914 in·
891 2851 1042 2915 omnibus
1064 2851 1171 2913 debite
1193 2857 1373 2924 veneretur,
1390 2857 1484 2931 atque
1507 2851 1545 2912 de
1567 2849 1637 2932 ejus

98 2955 156 3010 star
176 2967 270 3030 apum
297 2948 499 3012 circumdant
521 2949 671 3012 eumdem
694 2957 726 3012 et
748 2967 839 3014 coan-
892 2949 1133 3013 inhonoratione
1149 2949 1312 3021 tristando,
1330 2947 1395 3012 imo
1412 2956 1443 3011 et
1460 2948 1530 3028 ojus
1550 2949 1638 3011 inbo-

96 3054 224 3126 gustant,
241 3047 395 3110 tentando
413 3046 579 3122 acerrime,
602 3053 636 3110 ut
656 3047 705 3110 vel
726 3049 765 3110 ad
785 3049 837 3110 de·
853 3045 875 3110 C
892 3049 1050 3112 uorationi
1066 3049 1241 3112 resistendo
1256 3065 1315 3130 pro
1329 3054 1472 3129 passast
1486 3065 1556 3111 eam
1572 3047 1639 3110 vin-

96 3146 313 3227 sperationem,
336 3145 386 3208 vel
416 3146 455 3208 ad
479 3165 594 3210 vanam
623 3147 836 3224 securitatem,
893 3147 1028 3210 dicando
1047 3154 1201 3229 quantum
1222 3152 1344 3228 spectat
1363 3146 1401 3209 ad
1421 3164 1490 3220 uos,
1507 3145 1583 3228 quia
1604 3154 1639 3208 ut

95 3245 195 3306 autad
211 3244 477 3307 inadverteutiam
495 3244 725 3326 pertinentium
740 3247 779 3308 ad
794 3265 839 3309 sa·
892 3245 936 3308 ait
955 3245 1209 3328 chrysostomus,
1224 3244 1374 3319 Quamvis
1396 3245 1437 3308 sit
1456 3244 1546 3327 pium
1569 3263 1639 3326 pro

96 3342 188 3406 lutern
209 3344 318 3427 ipsum
339 3343 500 3406 inducant.
519 3344 681 3406 Interdum
699 3363 837 3427 namque
892 3344 994 3426 priam
1019 3342 1221 3406 dissimulare
1245 3343 1408 3423 iniuriam,
1431 3343 1569 3425 impium
1593 3350 1638 3406 ta·

94 3440 204 3504 diaboli
225 3441 429 3505 abscondunt
448 3441 625 3522 agonizanti
647 3461 705 3505 sua
725 3461 837 3525 pecca·
892 3461 966 3505 men
990 3450 1039 3504 est
1062 3441 1263 3504 dissimulare
1288 3441 1439 3521 injuriam
1464 3440 1529 3503 Dei.
1554 3441 1638 3504 Talis

94 3545 130 3612 ta,
146 3558 183 3602 ne
198 3540 248 3603 vel
271 3540 307 3602 iu
327 3538 394 3603 line
410 3540 572 3622 poeniteat,
590 3541 645 3602 sed
662 3541 837 3604 damnabili
891 3550 998 3604 autern
1018 3539 1098 3603 ultio
1116 3539 1202 3621 justa
1216 3546 1248 3601 et
1262 3539 1425 3602 caritativa
1445 3539 1584 3620 pertinet
1597 3541 1637 3602 ad

92 3638 255 3701 securitate
279 3638 393 3720 perdat
416 3657 449 3700 se
472 3637 588 3721 ipsum.
606 3639 769 3703 interdum
792 3659 838 3702 re·
891 3639 1037 3721 praelatos
1059 3657 1096 3702 ac
1119 3637 1334 3721 presidentes.
1352 3637 1497 3701 Secundo
1520 3637 1552 3699 iu
1577 3638 1638 3701 hoc

91 3734 205 3798 ducunt
228 3737 259 3800 ei
284 3735 326 3799 ad
352 3737 540 3800 memoriam
566 3755 624 3800 sua
644 3745 784 3820 peccata,
805 3746 837 3801 et
892 3737 975 3801 iacto
991 3737 1134 3801 Christus
1149 3736 1287 3810 edocuit,
1305 3737 1389 3818 quod
1404 3735 1568 3800 secularia
1584 3755 1637 3799 ne-

91 3835 369 3898 vebementissime
385 3853 422 3898 ea
437 3843 740 3919 exaggerant,quam
757 3838 836 3899 mul·
890 3835 975 3917 gotia
1000 3853 1063 3899 uon
1089 3843 1163 3898 suut
1187 3835 1220 3898 in
1245 3834 1381 3898 ecclesia
1404 3836 1636 3917 pertractanda,

89 3939 116 3993 ta
129 3939 159 3995 et
174 3952 291 4016 magna
312 3933 376 3996 siut
397 3933 612 4008 manifestant,
632 3941 666 3997 ut
682 3935 835 3998 miserum
890 3953 950 3997 nec
971 3933 1098 4016 placita,
1122 3953 1181 3996 uec
1203 3934 1300 3997 verba
1325 3933 1369 3996 ibi
1394 3933 1540 3997 habenda
1563 3943 1638 3996 suut

87 4031 123 4092 ad
141 4032 377 4115 desperationis
398 4032 581 4114 pertrahant
597 4033 721 4096 vitium.
737 4035 835 4096 luter·
889 4034 928 4095 ad
944 4033 1000 4095 [lei
1019 4032 1211 4114 obsequium
1232 4051 1295 4096 non
1316 4031 1516 4115 pertinentia.
1534 4033 1638 4096 Tertio

86 4130 158 4192 dum
174 4148 251 4194 vero
271 4131 320 4193 sic
341 4137 499 4212 occupant
512 4130 731 4212 agonizantem
752 4132 836 4195 circa
890 4151 948 4214 per
962 4132 1022 4195 hoc
1037 4131 1157 4205 docuit,
1173 4132 1258 4212 quod
1280 4130 1399 4213 ubique
1419 4131 1523 4213 primo
1543 4130 1637 4193 dehe-

86 4230 238 4293 exteriora
254 4229 467 4311 disponenda,
483 4237 538 4293 aut
557 4229 642 4293 circa
661 4231 835 4294 incommo·
850 4235 875 4298 l)
891 4250 962 4294 mus
993 4250 1134 4313 querere
1164 4250 1297 4312 regnum
1330 4232 1386 4294 Dei
1417 4238 1449 4293 et
1477 4230 1635 4311 justitiam
1658 4250 1783 4303 narciso,

85 4329 122 4390 da
142 4330 287 4412 propria,
305 4327 357 4392 vel
380 4329 464 4390 cirea
485 4329 735 4412 impertinentia,
751 4332 835 4412 quod
889 4331 969 4412 ejus.
988 4331 1177 4393 Studeamus
1198 4349 1273 4412 ergo
1297 4349 1354 4414 pro
1377 4349 1469 4413 posse
1491 4331 1637 4395 exclude·
1651 4317 1683 4354 ³³·

84 4428 213 4510 negligit
237 4428 463 4511 semetipsum,
488 4436 520 4490 et
543 4447 581 4490 ea
604 4448 674 4511 qum
700 4429 834 4492 salutem
890 4447 923 4490 re
939 4447 976 4491 ea
991 4448 1062 4510 quae
1077 4429 1310 4491 contrariantur
1325 4429 1441 4492 divinae
1462 4430 1635 4511 majestatis

82 4535 283 4591 concernunt
299 4544 364 4590 non
384 4526 535 4590 intuetur.
553 4527 669 4610 Sicque
689 4537 836 4611 peccator
890 4528 1086 4591 venerationi
1108 4546 1144 4589 ac
1167 4528 1386 4610 proximorum
1408 4529 1514 4604 saluti,
1537 4529 1580 4591 ita
1601 4539 1636 4593 ut

82 4626 118 4687 ad
138 4633 258 4690 terram
281 4625 504 4708 prosternitur,
520 4625 596 4707 quia
618 4625 649 4688 in
673 4626 834 4690 internum
891 4625 1056 4708 inprimis
1078 4626 1286 4689 emendemus
1308 4643 1365 4690 nos
1386 4627 1482 4710 ipsos,
1499 4636 1531 4691 et
1549 4628 1636 4692 zelus

81 4725 292 4807 demergitur,
310 4730 342 4788 et
364 4723 397 4786 iu
418 4723 485 4786 suis
508 4723 643 4787 terrenis
664 4724 835 4789 aflectibus
890 4731 997 4787 noster
1017 4723 1174 4786 discretus
1195 4724 1244 4786 sit.

20 4839 67 4888 ιιι,
82 4822 225 4887 moritur.
249 4822 342 4886 Unde
368 4822 400 4884 in
426 4820 509 4884 libro
531 4822 589 4885 lob
614 4822 749 4886 habetur
771 4844 777 4889 :
800 4825 835 4887 ln
929 4823 1045 4896 erarto
1066 4823 1159 4884 docet
1177 4823 1329 4898 Salvator,
1346 4825 1423 4906 quid
1445 4825 1479 4889 in
1500 4825 1636 4889 ecclesia

79 4923 162 4986 diem
193 4921 390 5006 perditionis
419 4928 564 4984 servatur
593 4922 706 4996 malus,
737 4925 835 4986 etad
890 4920 1045 4984 malcriali
1070 4921 1229 5002 agendum
1249 4921 1300 4996 sit,
1322 4921 1432 4986 dicens
1454 4943 1461 4986 ε
1484 4924 1693 4988 ιιῦοιιιιιειιι
1695 4959 1745 4996 ιιιιι
1748 4949 1781 4990 aa.

79 5021 162 5084 diem
187 5019 313 5084 luroris
338 5017 491 5099 ducetur;
517 5020 609 5083 etde
632 5019 739 5083 lurore
763 5020 834 5084 Om-
889 5038 960 5082 mea
975 5018 1089 5082 domus
1105 5018 1256 5082 orationis
1271 5020 1572 5085 vocabitur».llacta
1587 5030 1636 5086 est

78 5120 255 5202 nipotentis
282 5117 382 5180 bibet.
404 5117 539 5200 iusuper
562 5119 703 5182 animam
724 5138 836 5201 pecca·
888 5137 963 5200 ergo
984 5118 1119 5181 ecclesia
1137 5118 1200 5181 ileo
1219 5119 1322 5182 dicata
1345 5139 1401 5184 seu
1427 5130 1632 5185 consecratu:

77 5217 189 5282 tricem
214 5215 422 5280 circumdant
445 5223 477 5278 et
497 5223 705 5298 coangustant
727 5217 835 5281 invisi·
881 5219 1004 5293 Primo,
1032 5226 1066 5280 ut
1094 5217 1126 5280 in
1156 5237 1193 5280 ea
1222 5218 1335 5281 iideles
1361 5219 1462 5282 ileum
1491 5229 1632 5294 exorent,

76 5315 156 5381 biles
176 5317 293 5382 hostes
308 5331 415 5379 eoram
429 5313 540 5379 Judice
555 5332 691 5391 summo,
709 5316 742 5379 iu
756 5316 835 5381 hora
889 5316 1066 5399 presertim
1082 5322 1117 5378 ut
1133 5315 1177 5378 ibi
1197 5316 1375 5380 sacerdotes
1391 5325 1422 5381 et
1436 5317 1557 5400 praelati
1577 5336 1635 5401 pro
