4288 6264
447 546 596 593 norumcs
617 546 691 592 rosr
711 544 922 592 ascnusromur
943 545 1061 591 norim.
1082 563 1122 574 -
1143 545 1241 592 sunno
1261 545 1386 593 rnarrns
1658 525 1698 588 oo

20 715 225 789 r1.v1.‚rr;llcce
247 717 337 799 virgo
362 718 521 801 concipiet
546 725 578 780 et
599 717 700 799 pariet
722 716 842 790 filium,
863 718 933 780 eth
949 716 1016 779 rius
1038 715 1250 799 prophetavit,
1268 715 1413 779 Gabriele
1432 714 1544 796 angelo
1563 713 1601 776 ad
1622 731 1697 775 eum

20 799 86 842 latth.
102 813 108 840 1

20 865 33 904 ι
111 830 116 849 ·
144 815 311 878 vocabitur
335 835 452 880 nornen
481 815 552 898 ejus
581 815 768 878 Emmanuel
793 814 892 895 (quod
949 813 1098 896 loquente
1116 832 1123 876 :
1140 814 1345 896 Septuaginta
1360 812 1574 876 hebdomades
1589 809 1697 874 abbre·
1712 831 1843 882 naaman,

144 913 371 996 interpretatur
386 914 550 979 nobiscum
564 913 793 994 Deus).lterum
808 912 892 995 apud
949 912 1041 976 vietae
1058 921 1132 975 sunt
1147 932 1243 995 super
1263 913 1416 994 populum
1434 920 1538 982 tuum,
1555 917 1587 972 et
1602 928 1698 992 super
1712 895 1789 944 Μ·

25 1036 54 1078 n.
68 1039 128 1085 aaa.
143 1012 256 1074 lsaiam
282 1015 430 1096 praedixit
450 1015 533 1076 Deus
555 1030 562 1074 :
583 1014 713 1094 Propter
734 1012 794 1074 hoc
815 1010 894 1073 sciet
949 1010 1059 1072 urbem
1074 1017 1158 1073 tuam
1172 1019 1363 1084 sanctam,ut
1377 1016 1609 1074 consummetur
1623 1026 1699 1091 prae-

144 1111 283 1192 populus
308 1131 399 1175 meus
424 1131 541 1175 nomen
566 1129 673 1174 meum
700 1111 731 1172 in
754 1110 805 1172 die
827 1109 892 1182 illa,
949 1109 1111 1183 varicatio‚
1132 1117 1164 1172 ct
1185 1109 1286 1172 finem
1307 1109 1444 1191 accipiat
1465 1113 1643 1190 peccatum,
1666 1113 1698 1168 et

144 1209 219 1290 quia
240 1227 298 1292 ego
321 1210 389 1293 ipse
411 1211 466 1292 qui
488 1209 652 1292 loquebar,
673 1227 747 1272 ecce
768 1209 891 1270 adsum.
949 1207 1092 1270 deleatur
1120 1207 1283 1290 iniquitas,
1310 1215 1341 1269 et
1369 1207 1545 1269 adducatur
1572 1204 1697 1286 justitia

20 1325 128 1376 'nna
144 1307 181 1370 Et
204 1309 310 1372 denuo
334 1308 446 1371 asserit
469 1308 565 1370 isaias
586 1327 594 1371 :
615 1307 715 1369 Erunt
739 1306 823 1369 oculi
845 1305 892 1367 tui
949 1307 1154 1388 sempiterna,
1172 1314 1203 1369 et
1224 1305 1394 1388 impleatur
1409 1306 1491 1368 visio
1510 1313 1542 1367 ct
1561 1304 1696 1387 prophe-

26 1419 32 1458 ῖ
49 1481 53 1490 ¹
145 1407 289 1469 videntes
310 1414 537 1490 preceptorem
558 1413 669 1483 tuum;
685 1405 773 1479 itom,
790 1403 894 1467 Domi·
950 1406 1003 1479 tia,
1015 1413 1048 1468 θῖ
1062 1412 1200 1486 ungatur
1214 1405 1347 1468 Sanctus
1363 1404 1549 1466 Sanctorum
1560 1421 1568 1482 ;
1580 1410 1611 1464 et
1627 1409 1699 1484 post

26 1543 31 1553 -
144 1524 205 1566 nus
220 1503 319 1585 judex
340 1513 458 1578 noster,
474 1503 627 1567 Dominus
648 1503 760 1584 legifer
774 1509 891 1576 noster,
949 1503 1161 1566 hebdomadas
1177 1503 1336 1584 sexaginta
1349 1504 1426 1565 duas
1442 1503 1602 1565 occidetur
1615 1500 1698 1564 Chri-

143 1603 299 1665 Dominus
315 1621 369 1666 rex
386 1603 576 1684 noster,ipse
592 1601 700 1664 veniat
714 1607 745 1662 et
759 1599 893 1662 salvabit
949 1610 1027 1676 stus,
1048 1611 1080 1666 et
1104 1621 1168 1664 non
1193 1601 1253 1664 erit
1278 1601 1348 1683 ejus
1372 1601 1522 1683 populus,
1543 1600 1598 1682 qui
1623 1618 1697 1662 cum

143 1718 212 1763 nos.
229 1701 334 1775 Porro,
351 1701 389 1763 dc
405 1699 521 1764 Christi
535 1698 739 1781 generatione
755 1699 894 1760 humana
949 1709 1120 1781 negaturus
1136 1707 1199 1780 cst3
1212 1707 1243 1762 et
1258 1700 1419 1762 civitatem
1436 1706 1469 1762 et
1483 1697 1698 1760 sanctuarium

144 1818 183 1861 cx
199 1799 339 1880 Virgine,
356 1806 388 1861 et
406 1798 445 1860 de
464 1797 668 1880 generatione
687 1797 757 1878 ejus
777 1803 894 1859 aterna
949 1798 1117 1881 dissipabit
1142 1798 1279 1881 populus
1302 1817 1375 1860 cum
1400 1798 1481 1860 duce
1501 1804 1646 1870 venturo,
1667 1804 1698 1857 et

144 1917 183 1960 ex
197 1896 449 1971 Patra,llichaaas
465 1896 619 1978 propheta
635 1896 717 1958 clare
730 1894 891 1976 praedixit:
911 1895 934 1958 B
950 1897 1026 1959 finis
1041 1897 1111 1978 ejus
1128 1898 1268 1969 vastitas
1286 1905 1318 1958 ct
1333 1915 1434 1978 usque
1453 1897 1485 1957 in
1505 1894 1606 1958 finem
1627 1913 1697 1977 per-

20 2007 65 2049 'aa
79 2009 129 2057 aa,
145 1996 184 2058 Et
204 2004 250 2068 tu,
267 1995 463 2068 Bethlehem,
486 2015 524 2058 ex
546 2004 575 2058 te
595 1995 776 2075 egredictur
794 1993 893 2056 domi·
949 1996 1107 2058 severabit
1129 1995 1290 2057 desolatio.
1308 1994 1403 2056 llulta
1426 2001 1555 2074 possent
1580 1992 1698 2054 similia

145 2100 237 2155 nator
252 2094 284 2156 in
300 2093 406 2166 lsrael,
423 2101 455 2156 et
474 2112 620 2174 egressus
640 2092 710 2173 ejus
729 2090 769 2153 ab
790 2091 892 2165 initio,
950 2093 1107 2156 introduci
1137 2093 1176 2154 de
1203 2092 1328 2155 Christo
1353 2091 1533 2153 testimonia
1561 2110 1599 2153 ex
1624 2091 1697 2153 Pro-

144 2210 163 2254 a
183 2191 297 2253 dicbus
319 2191 522 2269 aternitati33
539 2199 571 2253 et
587 2188 845 2270 magnificabitur
861 2189 892 2250 in
949 2191 1064 2273 phalis.

146 2289 253 2352 medio
271 2289 426 2352 universae
447 2297 547 2352 terra.
567 2289 609 2350 lle
629 2287 745 2351 Christi
766 2304 893 2369 quoque
990 2290 1133 2371 lnsuper,
1150 2288 1281 2350 tertium
1304 2288 1483 2351 christianas
1504 2287 1582 2348 fidei
1607 2305 1697 2367 argu·

145 2387 310 2470 nativitate
331 2387 521 2450 miraculosa
541 2406 579 2449 cx
599 2386 728 2466 Virgine
742 2385 894 2447 Jcremias
950 2395 1105 2462 mentum,
1132 2394 1180 2449 est
1208 2387 1357 2448 sanctitas
1382 2386 1455 2449 vitae
1484 2403 1580 2467 quam
1607 2403 1699 2446 evan-

32 2537 36 2544 ,
100 2535 103 2542 .
144 2485 270 2548 locutus
285 2485 496 2549 est:Novum
514 2485 610 2547 faciet
624 2484 778 2546 Dominus
798 2503 894 2566 super
949 2485 1050 2565 gclica
1071 2484 1187 2547 Christi
1210 2484 1302 2547 docet
1321 2484 1475 2557 doctrina,
1493 2491 1525 2546 θῖ
1543 2483 1581 2544 ad
1602 2501 1698 2564 quam

23 2596 28 2606 '
144 2593 261 2646 terram
279 2601 287 2645 :
306 2583 423 2646 mulier
443 2581 654 2646 circumdabit
677 2583 791 2645 virum.
950 2583 1097 2665 perducit
1117 2583 1167 2645 lex
1183 2582 1299 2645 Christi
1321 2601 1374 2644 cos
1395 2582 1450 2664 qui
1470 2600 1539 2643 cam
1558 2581 1699 2664 perfecte

183 2683 317 2764 lnsupcr
336 2683 375 2744 de
396 2680 511 2744 Christi
534 2680 681 2762 passione
703 2680 804 2742 sancti
825 2682 895 2744 Pro
949 2681 1127 2744 observant.
1140 2682 1220 2744 Hinc
1235 2681 1492 2744 observatoribus
1509 2679 1587 2761 legis
1603 2677 1699 2758 hujus

143 2780 247 2862 phetas
272 2780 474 2862 apertissime
498 2780 722 2862 predixerunt.
747 2779 814 2841 lmo
839 2797 895 2860 per
949 2780 1110 2862 perlectis,
1132 2779 1310 2842 certissime
1332 2787 1364 2842 et
1384 2779 1474 2860 quasi
1499 2778 1699 2860 experimen-

143 2879 268 2952 lsaiam,
286 2878 391 2961 passio
406 2877 522 2940 Christi
543 2885 606 2938 tarn
628 2876 746 2940 diffuse
763 2885 794 2940 et
810 2877 894 2939 clare
948 2879 1054 2940 taliter
1074 2877 1244 2940 innotescit
1259 2878 1375 2941 veritas
1395 2876 1471 2938 fidei
1492 2895 1529 2938 ac
1548 2876 1699 2938 sauctitas

144 2975 207 3038 fuit
223 2975 443 3056 prenuntiata,
457 2974 682 3056 inveniturque
698 2973 892 3056 prescripta,
949 2976 1139 3057 evangelicas
1164 2975 1250 3056 legis.
1273 2974 1418 3048 Quotidie
1443 2992 1580 3055 namque
1605 2993 1698 3055 expe-

146 3080 181 3135 ut
198 3073 303 3156 potius
317 3073 462 3135 videatur
481 3073 623 3146 historia,
641 3071 673 3134 id
693 3079 740 3134 est
756 3073 893 3134 narratio
909 3078 931 3141 C
950 3075 1076 3136 riuntur
1091 3074 1197 3155 qualia
1216 3074 1354 3154 desuper
1371 3071 1572 3145 flammeis,
1589 3071 1699 3153 quales

145 3173 192 3235 rei
215 3179 322 3253 gestae,
343 3190 439 3253 quam
465 3171 642 3252 prophetia,
665 3171 724 3234 hoc
745 3179 794 3233 θεῖ
815 3191 893 3252 praa·
951 3171 1146 3234 visitationes
1170 3171 1327 3251 gratiosa,
1349 3168 1581 3233 consolationes
1604 3169 1699 3230 inter-

146 3270 304 3332 nuntiatio
326 3269 372 3330 rei
393 3269 518 3331 fiendae.
537 3269 587 3330 Sic
607 3268 756 3350 equidem
779 3269 895 3350 legitur
950 3289 1009 3343 na,
1037 3269 1286 3331 illuminationes
1311 3268 1438 3343 divinas,
1465 3275 1497 3329 et
1520 3266 1699 3329 inflamma-

21 3391 128 3439 mus,
146 3368 191 3430 ibi
215 3387 221 3430 :
243 3367 311 3430 Non
336 3375 383 3429 est
407 3367 436 3430 ei
461 3367 584 3448 species
609 3385 713 3449 neque
736 3369 841 3442 decor,
863 3376 895 3430 ct
950 3369 1051 3430 tiones
1067 3366 1206 3444 deificae;
1224 3367 1432 3448 experiuntur
1447 3384 1542 3448 quam
1558 3364 1698 3445 fragiles,

37 3485 44 3495 ·
145 3466 286 3528 vidimus
306 3484 391 3539 eum,
408 3473 440 3527 et
454 3482 519 3528 non
538 3473 605 3527 erat
619 3466 803 3548 adspectus-3
821 3485 894 3529 vere
951 3465 1173 3550 pigri,infirmi
1190 3473 1221 3527 θῖ
1236 3463 1410 3527 defectuosi
1427 3463 1491 3525 sint
1506 3482 1545 3525 ex
1560 3482 1594 3526 sc
1610 3463 1697 3545 ipsis,

147 3565 315 3644 languores
330 3571 453 3627 nostros
469 3563 537 3645 ipse
552 3563 636 3636 tulit,
653 3571 685 3625 et
700 3563 823 3627 dolores
839 3582 893 3626 no·
950 3583 1046 3647 quam
1064 3563 1222 3626 ferventes
1238 3570 1355 3636 autem,
1369 3561 1465 3624 fortes
1481 3569 1512 3624 θῖ
1526 3561 1646 3646 alacres
1661 3580 1699 3622 ex

145 3671 227 3726 stros
248 3663 316 3745 ipse
334 3661 485 3744 portavit3
502 3661 570 3742 ipse
588 3669 694 3724 autem
711 3662 894 3724 vulneratus
949 3660 1109 3740 adjutorio
1130 3660 1295 3723 Creatoris.
1319 3658 1429 3721 Sciunt
1448 3677 1482 3720 se
1503 3675 1632 3719 omnem
1654 3676 1701 3718 ar-

145 3769 194 3824 θεῖ
208 3767 339 3843 propter
355 3759 537 3842 iniquitates
556 3767 690 3834 nostras,
706 3759 831 3821 attritus
847 3768 896 3821 est
950 3765 1014 3820 tem
1046 3758 1200 3838 magicam
1231 3756 1399 3836 detestari3
1426 3756 1532 3818 sciunt
1555 3774 1588 3817 se
1613 3755 1700 3817 aliud

143 3868 274 3941 propter
299 3857 419 3920 scelera
443 3865 559 3920 nostra.
582 3858 741 3939 Multaque
762 3859 824 3920 alia
850 3857 894 3919 ibi
951 3856 1031 3918 nihil
1053 3875 1148 3938 quarn
1170 3855 1225 3917 Dei
1247 3856 1400 3918 honorem
1420 3862 1452 3917 et
1468 3854 1601 3934 gloriam
1623 3853 1701 3915 fina-

145 3957 185 4019 de
209 3957 268 4020 hoc
293 3955 473 4038 conscripta
496 3963 580 4017 sunt.
606 3958 640 4018 ln
667 3957 775 4019 multis
799 3956 893 4019 etiam
952 3953 1024 4014 liter
1039 3952 1200 4025 affectare,
1218 3971 1315 4034 saque
1332 3951 1486 4014 divinitus
1502 3951 1701 4024 exaudiri,et

146 4055 279 4136 psalmis
300 4054 414 4135 passio,
433 4055 633 4129 resurrectio,
650 4055 794 4116 ascensio
810 4054 896 4117 Chri·
951 4069 1046 4114 omne
1061 4050 1165 4114 foedus
1181 4071 1253 4113 curn
1271 4052 1469 4114 demonibus
1486 4053 1518 4114 in
1536 4050 1700 4113 inlinitum

146 4153 186 4215 sti
217 4152 417 4215 describitur.
444 4153 563 4214 Verum
592 4152 623 4213 in
655 4152 777 4233 psalmo
803 4152 896 4232 cujus
951 4149 1138 4213 abominari.
1157 4149 1278 4212 ldcirco
1294 4151 1464 4212 certissimi
1486 4151 1606 4212 suntin
1624 4149 1697 4212 fide.

147 4251 312 4314 exordium
338 4257 395 4324 est,
422 4251 515 4322 Deus,
540 4251 623 4312 Deus
649 4269 748 4322 meus,
773 4251 895 4332 respice
911 4253 936 4314 D
953 4249 989 4310 Et
1010 4249 1069 4310 hoc
1089 4249 1239 4329 estquod
1260 4248 1373 4310 asserit
1392 4249 1558 4312 Christus:
1577 4249 1607 4313 Si
1628 4249 1700 4331 quis
1722 4269 1847 4321 iocantur

148 4351 180 4411 in
207 4368 268 4423 me,
289 4349 393 4411 taliter
417 4348 522 4430 passio
543 4348 659 4411 Christi
685 4348 801 4430 legitur
827 4367 897 4430 pro
951 4347 1088 4409 voluerit
1108 4347 1303 4408 voluntatem
1324 4347 1380 4408 Dei
1402 4347 1515 4420 facere,
1532 4355 1700 4428 cognoscet
1718 4337 1748 4382 '⁷¹
1761 4336 1791 4375 ¹⁸·

20 4484 38 4511 a.
54 4471 129 4518 mr,
147 4448 287 4530 phetata,
304 4445 441 4528 qualiter
457 4445 656 4528 praeallegato
671 4447 758 4509 lsaiae
776 4448 896 4528 capitu-
951 4449 990 4510 dc
1013 4447 1156 4510 doctrina
1181 4465 1220 4508 an
1243 4465 1281 4508 ex
1301 4447 1365 4508 uec
1386 4446 1435 4508 sit.
1454 4446 1573 4521 Quibus
1593 4447 1700 4511 verbis

148 4545 178 4608 lo
192 4565 198 4608 :
213 4545 287 4626 Ego,
300 4544 414 4626 inquit,
426 4563 498 4606 sum
514 4545 643 4618 vermis
660 4553 690 4607 et
706 4563 769 4606 non
787 4545 893 4620 homo,
953 4566 1025 4609 mox
1049 4547 1171 4609 addidit
1195 4565 1201 4610 :
1225 4545 1282 4619 Oui
1308 4567 1326 4606 a
1351 4547 1523 4628 semetipso
1548 4547 1697 4629 loquitur,

146 4642 355 4727 opprobrium
377 4643 544 4706 hominum
565 4651 596 4705 et
618 4642 755 4724 abjectio
775 4643 894 4725 plebis3
950 4646 1084 4727 gloriam
1102 4645 1262 4726 propriam
1279 4645 1408 4727 quaerit;
1425 4646 1480 4727 qui
1496 4655 1601 4709 autem
1618 4666 1700 4729 qum-

146 4761 259 4806 omnes
276 4742 419 4805 videntes
436 4742 686 4814 me,deriserunt
701 4759 760 4804 me.
772 4743 810 4804 Et
825 4742 895 4804 reli·
952 4747 993 4808 rit
1013 4745 1146 4826 gloriam
1170 4744 1237 4819 Dei,
1255 4745 1307 4807 hic
1329 4764 1424 4808 verax
1445 4753 1502 4807 cst.

146 4859 211 4922 qua
232 4859 302 4922 qua
325 4839 369 4902 ibi
391 4839 588 4901 lucidissime
610 4840 858 4921 subsequuntur.
999 4843 1152 4924 Denique,
1183 4843 1266 4904 sicut
1295 4843 1478 4906 Aristotcles
1507 4843 1561 4914 ait,
1592 4844 1699 4905 l'irtus

185 4938 344 5022 Amplius,
360 4945 488 5020 tempus
510 4939 606 5020 primi
628 4938 783 5001 adventus
808 4939 895 5002 Chri·
951 4941 1206 5021 uniuscujusque
1229 4948 1379 5022 pensatur
1402 4961 1498 5022 penes
1524 4943 1698 5004 maximum

145 5039 198 5112 sti,
209 5036 454 5120 passionemque
470 5036 590 5117 ejus,et
603 5037 783 5100 ludaeorum
801 5045 897 5100 trans·
952 5040 983 5102 in
1000 5040 1085 5122 quod
1102 5046 1214 5121 potest.
1229 5039 1260 5100 Si
1277 5057 1351 5119 ergo
1365 5039 1514 5103 volumus
1530 5041 1612 5103 scire
1627 5061 1700 5123 qua-

144 5135 342 5217 gressionem
359 5135 391 5197 in
408 5135 626 5218 ipsum‚atquc
642 5134 771 5198 finalem
788 5155 895 5198 eorum
951 5139 990 5201 lis
1010 5147 1042 5201 et
1063 5146 1199 5220 quantus
1221 5138 1261 5199 sit
1278 5137 1366 5218 vigor
1386 5145 1418 5200 et
1432 5138 1529 5212 valor,
1547 5140 1648 5202 virtus
1669 5149 1699 5204 et

145 5232 415 5316 reprobationem,
441 5234 692 5307 derelictionem,
715 5235 894 5299 vastitatem
951 5237 1100 5299 sanctitas
1120 5236 1311 5316 evangelicae
1335 5235 1411 5318 legis
1433 5257 1469 5299 ac
1490 5237 1578 5312 fidei,
1596 5240 1698 5301 consi-

145 5341 177 5397 et
192 5333 565 5408 excaecationemllanicl
581 5334 736 5417 propheta
752 5333 822 5397 luce
838 5336 896 5398 cla·
950 5337 1098 5398 daremus
1128 5335 1302 5397 maximum
1329 5335 1361 5397 in
1386 5337 1471 5417 quod
1499 5344 1613 5419 potest,
1639 5338 1698 5401 hoc
