4206 6258
376 487 524 536 nonnum
546 487 611 534 xxrr
631 487 705 535 rosr
724 486 918 535 rnrurrsrmr.
938 504 978 514 —
998 485 1040 532 sn
1059 485 1235 533 secretosos
1246 485 1255 549 ;
1277 485 1375 532 sanxo
1395 483 1507 533 saurus
1660 466 1720 532 603

165 657 329 722 laudabile
355 666 414 732 est,
439 657 496 720 Dei
525 663 632 720 autern
662 656 797 738 injurias
826 655 917 718 dissi·
931 655 957 720 Α
973 653 1171 718 delectabilis
1197 671 1310 723 sensus
1335 655 1367 717 in
1391 654 1614 720 amaritudinis
1639 655 1721 718 dele

165 757 289 820 mulare
311 757 449 840 impium
469 764 527 820 est.
545 756 584 818 lit
604 756 709 819 denuo
726 773 733 818 :
750 755 916 818 Discamns

163 855 299 938 (inquit)
313 855 461 937 exemplo
476 854 604 930 Christi,
621 854 767 937 proprias
782 853 916 934 injurias

165 954 414 1034 magnanimiter
433 953 580 1028 tolerare,
597 952 654 1016 Dei
676 959 785 1016 autem
804 950 916 1031 injuri-

165 1070 201 1114 as
220 1071 281 1115 nec
301 1071 403 1134 usque
426 1053 465 1114 ad
489 1052 636 1114 auditum
655 1050 802 1114 sullerre.
819 1050 916 1113 ldcir-

7 1165 150 1222 truncam,
166 1168 206 1214 co
224 1151 458 1214 sacratissimus
478 1149 558 1213 dixit
577 1149 685 1212 Elias:
704 1149 776 1212 Zelo
797 1149 916 1212 zelatus

7 1233 38 1280 to.
51 1235 86 1275 lb.

165 1267 240 1311 sum
270 1267 328 1331 pro
352 1249 487 1312 Domino
516 1249 726 1311 exercituum.
752 1248 914 1310 Verumta-

166 1365 241 1410 men
257 1347 340 1410 istud
355 1347 394 1410 ad
410 1346 615 1430 praesidentes
630 1346 834 1429 potissimum
849 1364 916 1427 per·

164 1445 255 1518 tinet,
264 1463 400 1528 quorum
415 1452 464 1507 est
478 1463 518 1507 ex
531 1444 718 1508 auctoritate
732 1443 917 1526 delinquen-

163 1550 213 1606 tes
229 1544 398 1624 corrigere.
415 1542 522 1606 Nihilo
542 1543 649 1606 minus
670 1543 703 1605 in
722 1559 915 1625 unoquoque

164 1649 311 1704 nostrum
332 1642 373 1704 sit
389 1641 589 1704 rectitudinis
607 1658 707 1714 amor,
723 1641 854 1722 justitiae
868 1658 916 1703 ze

164 1739 227 1812 lus,
244 1739 350 1802 lervor
365 1740 537 1819 discretus;
549 1739 652 1822 quoad
667 1739 793 1802 Ordinis
808 1739 914 1802 obser·

972 753 1109 818 statione
1129 762 1263 830 amatus,
1281 754 1313 817 id
1333 761 1464 817 estnon
1482 754 1625 835 jucunda
1643 753 1721 816 inte-

971 853 1037 914 rior
1051 853 1201 928 sensatio,
1218 872 1289 935 quae
1304 860 1410 916 tamen
1428 853 1519 936 quasi
1538 852 1623 916 bona
1636 870 1720 915 ama-

970 958 1023 1013 tur
1048 951 1081 1012 in
1106 951 1315 1014 delectatione
1333 951 1379 1032 (id
1404 958 1453 1014 θεῖ
1476 949 1720 1033 complacentia)

970 1049 1193 1113 amaritudinis
1208 1049 1263 1112 tali
1280 1049 1442 1113 memoriae
1458 1049 1650 1130 injuriarum
1663 1069 1718 1112 an-

971 1165 1067 1227 nexa3
1083 1147 1267 1210 indesinens
1283 1155 1461 1230 peccatum,
1478 1166 1541 1212 nou
1557 1147 1718 1211 dormiens

971 1245 1135 1328 iniquitas,
1166 1246 1374 1328 transgressio
1403 1246 1588 1329 quotidiana
1616 1244 1717 1309 conti-

971 1363 1099 1426 nuaque
1116 1344 1248 1419 malitia,
1264 1344 1468 1408 tenebrosum
1486 1362 1522 1406 ac
1541 1344 1630 1406 triste
1648 1361 1719 1426 pec

972 1451 1088 1506 catum.
1119 1443 1179 1516 Oui
1209 1443 1289 1506 iram
1318 1462 1337 1505 a
1369 1443 1463 1505 corde
1494 1459 1552 1506 suo
1580 1443 1717 1525 repellit,

972 1542 1160 1606 memoriam
1185 1543 1260 1604 mali
1292 1542 1370 1605 illati
1400 1541 1526 1605 occidit.
1552 1541 1718 1606 Possidens

971 1641 1146 1715 caritatem,
1163 1640 1295 1722 expellit
1309 1640 1481 1718 ultionem3
1499 1640 1553 1722 qui
1569 1657 1645 1703 vere
1660 1639 1718 1702 ini-

970 1739 1119 1812 micatur,
1135 1739 1335 1821 importunos
1357 1737 1481 1801 labores
1501 1737 1563 1800 sibi
1586 1737 1648 1819 ipsi
1666 1755 1716 1799 ac-

163 1837 303 1901 vantiarn
318 1838 538 1912 accendamur,
546 1845 655 1900 contra
669 1836 952 1918 transgressoresB
972 1836 1122 1899 cumulat.
1145 1837 1190 1898 Tu
1215 1837 1270 1918 qui
1296 1853 1419 1899 mernor
1439 1855 1473 1898 es
1497 1835 1635 1910 malitie,
1657 1836 1717 1899 dae·

164 1935 340 2010 caritative,
357 1935 567 2018 compassive,
582 1936 667 2016 juste
689 1943 721 1998 et
744 1935 915 2018 sapientia-

165 2032 238 2096 liter
258 2050 479 2115 provocemur,
497 2035 705 2096 atmoderate
722 2053 759 2097 ae
775 2033 914 2096 fraterne

153 2131 376 2214 ‘corripiamus
396 2132 536 2206 eosdem,
554 2132 779 2214 propriamque
800 2133 831 2194 in
852 2133 914 2214 pri-

165 2231 226 2292 mis
247 2230 475 2312 negligentiam
490 2231 691 2293 vindicemus
709 2231 741 2292 in
762 2231 866 2304 nobis,
882 2237 914 2293 et

163 2328 235 2392 aliis
251 2327 459 2392 exhibeamus
479 2347 537 2392 nos
554 2329 763 2412 exemplares.
781 2329 913 2411 lmplea-

7 2449 146 2498 baruca.
164 2447 237 2490 mus
252 2427 337 2511 quod
353 2440 412 2511 per
425 2429 552 2511 Moysen
567 2429 651 2491 Deus
666 2429 828 2512 precepit,
845 2428 913 2492 Non

163 2545 286 2608 quaeras
309 2527 476 2602 ultionem,
492 2545 551 2589 nec
574 2545 698 2590 memor
719 2528 763 2589 sis
789 2527 914 2608 injuriae

163 2625 285 2688 civium
307 2633 434 2688 tuorum
458 2627 664 2708 :praesertim
687 2645 787 2708 quum
809 2633 841 2688 et
864 2627 915 2689 Se-

163 2742 242 2786 neca
266 2724 402 2786 naturali
430 2723 551 2786 ratione
576 2723 736 2798 inductus,
754 2723 911 2806 loquatur,

163 2823 267 2905 Turpe
283 2830 341 2898 est,
359 2823 498 2885 maxime
514 2822 637 2884 homini
653 2823 805 2897 virtuoso,
823 2821 913 2886 refri-

163 2939 234 2983 care
259 2920 404 3001 injurias,
422 2928 453 2983 et
474 2921 622 2985 odiorum
645 2921 764 3003 sopitos
789 2921 912 2985 cineres

972 1952 1102 1997 monum
1119 1933 1248 1998 malitiae
1265 1952 1460 2013 memorare3
1476 1934 1577 2016 etqui
1593 1934 1716 1996 bomini

969 2033 1155 2096 inimicitias
1180 2052 1297 2106 servas,
1323 2033 1489 2094 inimicare
1514 2033 1638 2115 corpori
1661 2039 1717 2094 tuo

969 2149 1106 2214 semper.
1134 2131 1298 2213 Siquidem
1329 2130 1528 2213 imprudens,
1555 2130 1717 2192 irrationa-

969 2230 1043 2292 bilis
1067 2237 1098 2292 et
1121 2229 1248 2292 dolosus
1270 2228 1391 2291 amicus
1417 2236 1466 2290 est
1488 2244 1571 2302 caro,
1598 2235 1630 2290 et
1652 2226 1717 2290 lota

968 2348 1024 2391 seu
1041 2328 1174 2391 delicate
1194 2327 1313 2389 nutrita
1332 2327 1470 2389 maxime
1490 2326 1586 2390 laedit.
1603 2327 1717 2390 hlemo

968 2427 1046 2490 riam
1071 2426 1200 2490 malitiae
1219 2425 1394 2489 contundat
1414 2425 1514 2489 oratio
1533 2426 1606 2488 Jesu
1629 2425 1715 2488 Chri-

968 2527 1019 2600 sti,
1036 2524 1186 2588 videlicet
1205 2524 1310 2588 Oratio
1331 2525 1502 2598 dominica,
1525 2524 1559 2585 in
1583 2542 1646 2606 qua
1670 2524 1715 2586 di-

968 2624 1074 2688 citur:
1092 2625 1221 2686 Dimitte
1244 2624 1337 2687 nobis
1361 2624 1468 2686 debita
1492 2632 1609 2697 nostra,
1631 2624 1714 2687 sicut
1733 2640 1860 2694 narrum,
1945 2710 1951 2722 .

967 2730 998 2784 et
1017 2740 1075 2786 nos
1094 2722 1285 2784 dimittimus
1307 2721 1505 2784 debitoribus
1525 2722 1651 2785 nostris.
1670 2721 1713 2784 lle
1729 2707 1761 2746 ¹²·

966 2840 1030 2904 quo
1054 2821 1134 2884 dixit
1159 2820 1191 2882 in
1217 2839 1310 2883 eruce
1335 2841 1342 2884 :
1366 2821 1466 2895 Pater,
1488 2821 1614 2901 ignosce
1637 2820 1710 2883 illis.
1737 2837 1859 2890 suanm,

966 2919 1267 2994 (memorationem,
1285 2919 1441 2981 malorum
1458 2937 1626 2994 memores,
1639 2938 1712 2982 cum
1727 2903 1761 2945 ⁸⁴·

161 3019 268 3082 denuo
283 3018 446 3080 suscitare.
464 3017 585 3100 Nempe
601 3019 657 3101 qui
672 3018 768 3082 alicui
784 3019 913 3100 injuria·
928 3023 949 3086 C
967 3018 1036 3101 ipso
1061 3019 1167 3081 dicere
1189 3036 1253 3082 non
1275 3017 1429 3080 valemus.
1450 3017 1580 3091 Quando
1604 3026 1714 3080 contra

161 3124 224 3190 tur,
237 3115 298 3178 sibi
315 3115 376 3198 ipsi
393 3116 498 3197 potius
513 3123 617 3190 nocet,
635 3116 810 3179 secundum
826 3119 911 3199 quod

161 3215 278 3276 iterum
297 3213 410 3276 asserit
429 3213 572 3277 Seneca:
592 3214 711 3294 lnjuria
733 3214 850 3295 injuste
871 3217 911 3278 ir-

160 3321 279 3394 rogata,
296 3313 366 3394 ejus
387 3311 519 3374 infamia
541 3319 588 3375 θεῖ
614 3313 669 3395 qui
691 3312 776 3375 lecit.
793 3315 910 3378 Verum

159 3419 236 3474 sunt
250 3411 350 3493 aliqui
365 3410 422 3494 qui
444 3410 594 3474 beneficii
615 3412 677 3474 sibi
694 3413 830 3494 impensi
847 3414 911 3479 cito

159 3507 406 3583 obliviscuntur,
418 3507 545 3590 injuriae
558 3509 678 3590 jugiter
692 3509 908 3586 recordantur,

160 3607 193 3668 in
213 3606 332 3688 quibus
351 3607 479 3672 Senecae
498 3607 578 3670 illud
602 3607 777 3690 impletur:
795 3608 909 3672 Memo-

158 3704 207 3767 ria
230 3704 463 3768 beneficiorum
491 3705 624 3786 fragilis,
650 3705 841 3786 injuriarum
865 3715 909 3770 te-

158 3823 231 3866 nax.
262 3803 325 3867 Nos
357 3811 465 3866 autem
498 3804 671 3866 humanam
705 3804 909 3886 fragilitatem

159 3909 341 3984 pensantes,
359 3902 492 3983 injurias
514 3902 606 3965 nobis
630 3903 733 3966 illatas
753 3913 908 3985 quantum

158 4019 329 4084 possumus
352 4020 552 4076 excusemus,
573 4001 806 4065 beneficiorum
829 4022 909 4066 scm-

158 4119 217 4182 per
236 4118 394 4164 memores
414 4101 526 4174 simus,
544 4118 602 4161 nec
625 4109 755 4182 propter
776 4120 909 4183 sequen-

967 3116 1148 3198 passionem
1165 3122 1197 3178 et
1211 3114 1444 3198 impatientiam
1465 3116 1626 3199 propriam
1646 3134 1712 3179 ccr-

966 3222 1047 3287 tans,
1073 3231 1136 3276 non
1166 3221 1256 3295 potes
1280 3232 1351 3276 eam
1375 3213 1515 3296 perlecte
1539 3213 1712 3276 dissolvere

966 3319 998 3375 et
1019 3311 1170 3393 abjicere,
1187 3313 1300 3374 saltem
1321 3330 1375 3375 ore
1398 3313 1617 3394 poenitentiam
1642 3330 1710 3392 ege,

965 3411 1146 3474 adversario
1165 3418 1221 3473 tuo
1239 3412 1367 3474 veniam
1386 3413 1586 3495 postulando,
1607 3418 1662 3474 aut
1680 3419 1711 3473 te

966 3510 996 3573 ei
1015 3510 1107 3572 aliter
1128 3509 1375 3585 reconciliando,
1396 3517 1431 3572 ut
1449 3529 1546 3592 super
1564 3510 1710 3593 hypocri-

965 3609 992 3670 si
1018 3616 1071 3670 tua
1095 3624 1201 3670 coram
1224 3608 1279 3671 illo
1297 3616 1423 3672 ostensa
1443 3608 1579 3670 multum
1600 3607 1711 3671 erube-

965 3726 1068 3782 scens,
1091 3707 1196 3788 ipsum
1217 3708 1345 3771 tandem
1370 3707 1510 3790 perlecta
1529 3708 1642 3790 diligas
1665 3715 1709 3770 at-

965 3825 1027 3888 que
1051 3806 1218 3888 suscipias,
1246 3806 1337 3888 quasi
1366 3806 1406 3869 ab
1431 3806 1503 3888 igne
1528 3806 1571 3868 ita
1594 3825 1612 3869 a
1636 3824 1709 3870 con-

965 3905 1099 3967 scientia
1117 3913 1171 3967 tua
1190 3911 1329 3988 punctus
1349 3913 1381 3967 et
1400 3905 1513 3968 victus.
1534 3907 1709 3987 Cognosces

964 4011 1042 4065 tunc
1059 4010 1090 4065 te
1110 4002 1149 4064 ab
1169 4004 1229 4065 hac
1249 4004 1419 4086 putredine
1437 4005 1471 4067 in
1493 4005 1608 4068 melius
1626 4024 1709 4069 com-

965 4106 1134 4175 mutatum,
1152 4119 1215 4164 non
1237 4103 1365 4184 quando
1384 4120 1442 4185 pro
1457 4105 1664 4167 contristante
1678 4112 1710 4167 et

158 4205 206 4260 tes
223 4198 357 4279 injurias
377 4198 483 4280 priora
503 4197 661 4260 beneficia
678 4199 815 4280 alicujus
831 4200 909 4263 obli·
923 4201 948 4264 D
963 4206 1175 4282 persequente
1201 4208 1231 4262 te
1258 4218 1340 4274 oras,
1367 4220 1425 4263 nec
1451 4204 1577 4284 quando
1601 4203 1706 4286 ipsum

157 4296 247 4360 vioni
268 4297 440 4358 tradamus.

198 4395 343 4477 Insuper,
374 4414 471 4478 quam
503 4395 688 4459 detestanda
715 4416 752 4460 ac
781 4399 906 4474 vitiosa,

156 4511 254 4575 quarn
275 4492 466 4555 damnabilis
488 4500 520 4554 et
541 4494 654 4557 nociva
679 4495 720 4557 sit
743 4495 837 4559 illatae
863 4496 908 4559 ol-

156 4590 313 4654 lensionis
328 4609 384 4653 seu
402 4591 594 4672 injuriarum
614 4593 779 4667 memoria,
797 4596 907 4676 pandit

156 4688 330 4764 elimaeos,
356 4690 465 4752 dicens
491 4709 498 4753 :
524 4691 676 4753 Memoria
705 4691 844 4766 malitiae,
875 4693 906 4756 id

154 4795 205 4850 est
225 4787 301 4849 mali
324 4787 451 4868 irrogati
475 4789 542 4851 sive
564 4789 702 4870 injuriae,
722 4799 769 4852 est
790 4790 906 4855 luroris

153 4886 400 4959 consummatio,
420 4887 572 4950 vitiorum
599 4888 753 4962 custodia,
774 4889 906 4970 justitiae

153 4981 276 5054 odium,
289 4981 445 5045 virtutum
459 4983 606 5065 perditio,
618 4985 731 5065 sagitta
747 4993 778 5047 et
793 4985 906 5068 rubigo

152 5098 382 5161 venenumque
404 5081 529 5156 animae,
545 5083 665 5146 vermis
688 5083 816 5157 mentis,
837 5103 905 5146 ora-

152 5177 252 5240 tionis
268 5176 425 5251 cenlusio,
442 5179 669 5242 obsecrationis
685 5179 815 5255 decisio,
832 5182 906 5244 alie-

151 5275 241 5339 natio
266 5273 417 5351 caritatis,
441 5277 550 5341 clavus
575 5279 661 5341 cordi
686 5278 817 5353 infixus,
841 5298 904 5344 non

963 4298 1054 4360 donis
1080 4316 1277 4374 remuneras,
1304 4319 1408 4381 neque
1434 4301 1510 4363 dum
1537 4301 1645 4384 ipsum
1668 4304 1707 4365 ad

965 4416 1107 4459 mensam
1123 4397 1281 4479 suscipis3
1300 4399 1355 4461 sed
1371 4401 1498 4481 quando
1513 4400 1620 4484 ipsum
1641 4419 1707 4466 cor-

962 4495 1062 4576 porali
1083 4502 1137 4556 aut
1162 4496 1321 4577 spirituali
1340 4497 1546 4562 tribulatione
1567 4503 1707 4584 percipis

962 4594 1130 4668 corruisse,
1140 4601 1172 4657 et
1187 4613 1283 4676 super
1298 4594 1368 4676 ipso
1383 4597 1467 4660 sicut
1482 4619 1578 4681 super
1593 4609 1622 4664 te
1638 4603 1708 4684 ipso

962 4692 1101 4755 dolueris
1124 4700 1219 4775 atque
1242 4693 1428 4776 ploraveris,
1450 4705 1528 4761 tunc
1551 4719 1625 4763 vere
1651 4701 1708 4764 im-

962 4807 1085 4853 memor
1114 4792 1243 4856 malitiae
1275 4794 1349 4856 eris.
1381 4795 1547 4860 Solitarius
1577 4799 1707 4863 malitie

962 4908 1095 4964 memor,
1122 4899 1170 4953 est
1199 4893 1291 4974 quasi
1320 4895 1406 4976 aspis
1436 4897 1618 4974 nidificans,
1644 4901 1706 4962 cir-

961 4987 1143 5051 cumferens
1169 4989 1201 5051 in
1226 5009 1260 5052 se
1285 4990 1355 5073 ipsa
1380 5013 1540 5057 venenum
1565 4998 1705 5061 mertile-

960 5104 1042 5147 rum.
1064 5086 1228 5168 Abjiciens
1250 5090 1379 5154 malitiae
1401 5093 1600 5170 memoriam,
1621 5097 1706 5159 inve-

960 5184 1027 5246 niet
1046 5185 1293 5267 indulgentiam3
1314 5189 1477 5253 adhaerens
1501 5199 1606 5256 autem
1630 5196 1706 5260 huic

961 5285 1133 5357 memoriae,
1158 5285 1303 5367 privatur
1331 5287 1621 5370 propitiationibus.
1647 5295 1706 5359 llo
