4192 6258
451 547 598 595 nourrvrca
619 548 695 594 xvru
715 549 789 594 rosr
808 549 1002 595 rnmrrarnu.
1022 568 1062 578 -
1083 552 1182 598 sanato
1202 553 1354 599 sacnnnus
1617 535 1677 599 509

124 733 161 778 ro
181 715 342 780 diceretur
361 717 449 780 filius
463 718 543 799 ejus.
561 720 673 798 Neque
687 739 786 780 ausus
806 719 915 796 fuitrl
932 720 1089 802 passionis
1110 720 1316 804 interrogavit
1335 741 1409 785 eum
1429 721 1546 797 Annas,
1562 721 1676 784 deinde
1689 738 1827 794 vennasca,

123 816 300 894 quisquam
315 836 357 875 ec
377 819 437 876 itta
451 819 593 878 diaeum
612 819 755 894 amplius
775 819 876 879 iuter·
932 825 964 881 et
987 817 1132 901 Caiphas,
1155 819 1311 904 multique
1334 820 1401 895 alii,
1422 839 1463 882 an
1484 827 1568 883 esset
1591 819 1678 883 Chri·
1691 805 1764 855 ”¹¹⁹¹

125 933 256 990 roqare,
281 915 358 996 quia
380 914 537 978 timebant
561 915 647 978 vinci
677 923 772 998 atque
802 933 876 979 con·
932 924 1008 978 stus.
1026 915 1098 979 Haec
1120 937 1258 1001 namque
1280 919 1475 983 consuetudo
1497 925 1545 981 cst
1566 917 1678 1000 impio

122 1011 228 1075 fundi.
251 1014 477 1076 Verumtamen
502 1021 573 1097 post
595 1031 712 1098 paucos
734 1013 812 1089 dies,
829 1015 875 1076 vi·
931 1033 1014 1089 rum,
1042 1021 1077 1076 ut
1101 1017 1228 1096 quando
1257 1018 1429 1100 praevalere
1453 1034 1516 1080 non
1542 1024 1677 1099 possunt

122 1111 242 1174 delicet
256 1119 321 1175 tres
337 1120 391 1175 aut
405 1120 552 1195 quatuor,
568 1113 637 1176 ausi
653 1111 785 1175 fuerunt
800 1130 873 1175 eum
931 1131 988 1197 per
1012 1113 1168 1178 rationem
1191 1123 1287 1198 atque
1309 1115 1480 1197 justitiam,
1505 1115 1676 1197 praevalere

121 1209 287 1292 captivare
305 1231 342 1276 ac
362 1209 562 1292 crucifigere.
580 1213 667 1276 Unde
683 1219 715 1274 et
729 1219 873 1294 ternpore
928 1220 1084 1276 conantur
1102 1231 1158 1295 per
1172 1215 1413 1297 oppressionem
1428 1231 1464 1276 ac
1479 1213 1673 1277 violentiam.

637 1636 828 1724 SERMO
867 1635 1166 1725 SECUNDUS

172 1907 213 1951 ott
234 1905 339 1951 alona
361 1904 531 1952 srrttrrttstr
552 1904 715 1962 resarcto,
736 1904 786 1960 QUl
808 1903 947 1950 VOCATUR
967 1904 1053 1951 Alton
1073 1904 1264 1966 bessarione,
1284 1909 1321 1956 ur
1342 1910 1381 1958 DE
1402 1913 1500 1960 staltis
1521 1915 1626 1961 IPSIUS·

191 2189 351 2250 ULCITIf
369 2207 419 2248 mc
436 2187 586 2263 floribus,
603 2186 720 2260 stipate
738 2203 789 2243 me
806 2183 915 2245 ma-rt
969 2184 1123 2268 Denique,
1149 2207 1248 2270 quum
1274 2191 1356 2253 Deus
1385 2192 1552 2274 gloriosus,
1576 2194 1677 2256 omni·

196 2288 250 2355 lis,
266 2287 345 2365 quia
360 2303 469 2345 amore
485 2288 633 2361 lanqueo.
651 2282 737 2345 Cant.
757 2299 788 2356 ιι,
802 2281 831 2344 d.
929 2290 1042 2365 potens
1062 2292 1094 2346 et
1114 2287 1286 2368 perfectus,
1305 2289 1346 2352 sit
1367 2290 1455 2352 omni
1480 2300 1624 2355 creatura
1643 2293 1676 2356 in

165 2383 427 2467 Sapientissimus
442 2382 602 2456 Salomon,
620 2381 674 2463 qui
694 2381 790 2444 ctiam
811 2380 874 2462 spi·
930 2380 1095 2445 infinitum
1109 2384 1288 2461 amabilior,
1301 2387 1475 2469 pulchrior,
1487 2391 1675 2454 convenien·

123 2485 225 2546 ritum
240 2482 352 2546 habuit
366 2480 553 2565 prophetias,
570 2487 633 2543 tres
649 2479 748 2542 edidit
763 2478 872 2552 libros,
929 2479 992 2542 tior
1011 2488 1105 2564 atque
1128 2483 1267 2559 suavior,
1285 2485 1362 2568 quid
1387 2487 1506 2551 mirum
1532 2488 1558 2551 si
1581 2488 1677 2554 bomo

124 2599 265 2665 quorum
289 2599 373 2644 unns
396 2587 527 2644 vocatur
550 2579 715 2643 Canticum
740 2577 875 2641 cantico
929 2579 1104 2661 spiritualis
1127 2583 1317 2666 quandoque
1342 2585 1388 2648 sic
1412 2585 1582 2650 incalescat
1606 2607 1676 2652 san·
1757 2647 1759 2652 .

125 2699 212 2754 rum,
239 2679 271 2740 in
297 2695 361 2760 qno
384 2679 424 2740 de
447 2675 607 2759 spirituali
632 2681 743 2738 tractat
766 2692 874 2738 amore
929 2683 1102 2740 ctoamore
1118 2679 1230 2762 ipsius,
1249 2689 1283 2744 ut
1297 2681 1505 2766 spiritualiter
1520 2686 1674 2768 langueat,

125 2778 183 2860 qui
204 2783 253 2840 est
267 2776 350 2838 inter
369 2793 523 2857 sponsum
543 2773 716 2848 scelestam,
734 2773 876 2854 unigeni·
929 2793 1029 2856 quum
1044 2793 1133 2838 amor
1146 2778 1282 2842 carnalis
1296 2780 1481 2862 quandoque
1495 2781 1543 2845 sic
1557 2792 1677 2848 crescat

125 2883 194 2938 turn
207 2875 264 2938 Dei
277 2874 393 2936 Filium
404 2873 510 2936 lesum
524 2872 727 2946 Christumet
740 2872 874 2935 animam
930 2881 964 2935 ut
985 2873 1080 2936 borno
1104 2875 1242 2940 carnalis
1267 2897 1331 2960 prae
1356 2879 1513 2945 desiderio
1538 2882 1676 2945 sensuali

123 2989 323 3051 amorosam3
340 2979 372 3034 ct
385 2970 570 3054 frequenter
588 2970 649 3033 sub
664 2969 874 3034 similitudine
929 2971 1059 3034 alterius
1082 2972 1223 3037 bominis
1248 2977 1455 3059 corporaliter
1480 2977 1674 3057 infirmetur,

122 3073 264 3155 quadam
294 3069 430 3134 carnalis
456 3069 574 3133 amoris
600 3087 637 3130 ac
661 3069 873 3151 corporalium
929 3071 1205 3144 arescattabeseat
1219 3075 1384 3138 autetiam
1400 3075 1676 3161 moriatur,qucm-

122 3190 246 3246 rcrum,
263 3170 405 3253 loquitur
423 3169 480 3232 illo
500 3168 532 3230 in
554 3167 637 3232 libro
657 3168 695 3230 de
715 3167 874 3251 spirituali
929 3168 1100 3232 admodum
1116 3172 1257 3236 secundo
1271 3173 1391 3255 Regum
1410 3174 1448 3237 de
1465 3175 1591 3240 Amnon
1607 3196 1676 3240 nar·
1689 3195 1707 3241 ιι
1715 3197 1771 3253 aeq.
1780 3209 1822 3251 aa,

120 3287 244 3343 amore,
258 3269 344 3331 etde
358 3265 611 3330 vehementiaac
626 3265 874 3348 proprietatibus
930 3271 1045 3330 raturl
1078 3267 1353 3341 Quemadmodum
1387 3272 1474 3336 enim
1509 3293 1598 3338 amor
1627 3263 1737 3338 est¹‘²·

120 3367 289 3449 ejus,quia
303 3383 362 3428 nec
378 3364 483 3448 aptius
499 3371 599 3447 potest
615 3361 772 3427 notificari
787 3380 875 3426 amor
892 3361 914 3426 (l
929 3384 1024 3429 causa
1047 3366 1278 3444 delectationis,
1304 3371 1379 3433 dum
1409 3391 1519 3436 amans
1544 3375 1676 3456 conjun-

121 3467 179 3529 ille
210 3463 385 3547 spiritualis
415 3481 489 3526 cum
518 3460 767 3546 proprietatibus
795 3461 873 3535 suis,
928 3465 1014 3547 gitur
1033 3483 1092 3528 suo
1105 3473 1229 3546 amato;
1250 3468 1296 3531 sic
1311 3487 1400 3532 arnor
1415 3478 1464 3534 est
1478 3490 1573 3536 causa
1592 3472 1676 3536 affli-

121 3583 223 3647 quam
243 3582 301 3646 per
319 3562 478 3626 carnalem
498 3579 639 3625 amorem
654 3567 686 3624 et
701 3559 874 3643 proprieta-
930 3563 1055 3638 etionis,
1073 3565 1218 3627 moeroris
1241 3583 1277 3628 ac
1296 3565 1495 3644 defectionis,
1512 3571 1639 3652 quando
1659 3591 1678 3634 a

122 3673 174 3727 tes
196 3663 309 3746 ipsius.
930 3663 979 3724 sui
994 3662 1091 3724 amati
1106 3664 1284 3745 praesentia,
1296 3665 1533 3746 conjunctione,
1545 3688 1605 3732 usu
1621 3689 1678 3734 seu

167 3763 333 3836 Praeterea,
348 3760 432 3822 sicut
451 3775 541 3822 arnor
560 3758 694 3820 carnalis
714 3758 875 3820 interdurn
930 3759 1082 3824 fruitione
1097 3760 1257 3837 differtur,
1269 3763 1455 3846 impeditur,
1465 3765 1676 3832 abstrahitur:

125 3871 194 3924 tarn
221 3878 366 3942 magnus,
391 3857 518 3921 fervens
543 3857 779 3939 vehemensque
803 3854 875 3918 effi·
930 3859 1014 3940 quod
1040 3866 1105 3921 tam
1134 3859 1167 3921 in
1193 3860 1312 3923 carnali
1337 3881 1433 3944 quarn
1461 3863 1494 3925 in
1519 3865 1679 3947 spirituali

125 3961 225 4034 citur,
250 3958 334 4041 qnod
358 3955 436 4019 facit
459 3963 618 4018 amantem
647 3955 805 4018 desiderio
830 3953 876 4017 rei
930 3975 1037 4020 amore
1058 3957 1139 4020 solet
1160 3958 1355 4041 contingere.
1373 3960 1482 4043 ltaque
1503 3981 1605 4044 quum
1627 3964 1678 4045 ju-

124 4065 242 4122 amatae
271 4057 432 4138 languere,
463 4054 732 4137 quemadmodum
763 4052 876 4116 scribit
931 4055 1063 4117 beamur
1083 4055 1183 4119 Deum
1206 4057 1425 4138 superbonum
1445 4067 1477 4122 et
1496 4081 1678 4144 superama-

123 4155 317 4221 Ambrosius
341 4155 380 4217 de
404 4153 474 4216 filio
499 4152 704 4235 Sympbronii
733 4151 875 4234 praefecti
929 4153 1029 4216 bilem
1044 4160 1076 4214 et
1090 4155 1411 4235 superdulcissimum
1426 4165 1491 4220 tota
1505 4159 1675 4237 voluntate,

125 4256 221 4318 urbis
235 4255 351 4328 Roma,
369 4251 454 4335 quod
474 4250 507 4313 in
528 4258 650 4314 tantum
670 4251 788 4313 amavit
805 4249 876 4312 bea·
930 4259 995 4315 toto
1020 4251 1185 4315 intellectu
1215 4253 1353 4334 totisque
1378 4254 1501 4319 viribus
1530 4257 1677 4323 adamare

125 4364 194 4418 tam
208 4355 374 4435 Agnetem,
391 4349 475 4433 quod
491 4349 561 4430 ejus
576 4349 733 4412 desiderio
748 4349 876 4430 langue
930 4359 1081 4433 tanquam
1097 4349 1274 4425 inlinitum,
1290 4370 1453 4415 summurn
1467 4362 1500 4417 et
1514 4355 1676 4439 incompa-

122 4473 198 4517 rem
215 4451 328 4516 incidit
340 4450 493 4532 grandem
508 4454 541 4510 et
555 4447 636 4511 lecto
651 4447 802 4510 decubuit
808 4466 817 4527 3
828 4449 875 4512 sic
931 4449 1030 4512 rabile
1046 4448 1179 4524 bonum,
1195 4456 1227 4512 et
1242 4456 1393 4532 tanquam
1414 4453 1559 4517 omnium
1579 4455 1676 4519 bono-

122 4569 220 4616 amor
243 4548 418 4634 spiritualis
439 4546 567 4610 divinus
592 4545 624 4608 in
647 4546 797 4610 virtuosis
821 4546 874 4611 bo·
891 4552 915 4614 b
931 4567 1003 4610 rum
1026 4549 1180 4621 datorem,
1204 4555 1313 4630 utpote
1339 4558 1523 4626 creatorem,
1546 4552 1679 4620 salvato·

122 4650 274 4716 minibus
304 4648 496 4731 quandoque
527 4646 560 4707 in
593 4653 716 4707 tanturn
749 4645 874 4721 crescit,
931 4665 999 4708 rem
1021 4663 1057 4708 ac
1081 4644 1341 4725 glorificatorem,
1368 4647 1401 4709 in
1429 4667 1494 4731 quo
1522 4651 1590 4714 solo
1613 4660 1679 4717 tota

123 4749 299 4834 perficitur
318 4754 413 4829 atque
432 4744 626 4818 accenditur,
642 4744 727 4824 quod
747 4744 876 4826 spiritu·
932 4751 1038 4807 nostra
1057 4743 1203 4807 consistit
1225 4742 1379 4826 felicitas3
1400 4747 1477 4810 binc
1500 4749 1591 4814 decet
1611 4769 1678 4815 om·

122 4850 213 4913 alem
235 4835 420 4927 languorem
441 4843 518 4907 facit
538 4844 570 4906 in
592 4843 786 4917 ammaoni
812 4844 879 4906 lan·
933 4863 1008 4907 nom
1030 4842 1279 4908 christifidelcm
1299 4845 1441 4927 quotidie
1463 4848 1502 4910 ad
1525 4848 1585 4912 boc
1607 4851 1677 4928 niti,

123 4969 210 5036 guor
224 4948 288 5011 dici
309 4953 412 5029 potest
427 4942 571 5008 defectus
592 4942 708 5006 mentis
726 4963 878 5013 amorosae
933 4950 968 5005 ut
992 4943 1024 5004 in
1055 4942 1272 5005 sincerissimo
1301 4943 1356 5005 Dei
1381 4961 1488 5008 amore
1518 4948 1677 5028 proficiat,

124 5059 160 5114 et
184 5055 312 5119 sancta,
337 5061 401 5127 quo
430 5061 495 5126 praa
523 5058 631 5103 amore
655 5060 692 5104 ae
721 5043 878 5111 desiderio
933 5048 1090 5124 quatenus
1109 5041 1239 5104 undem
1262 5041 1302 5103 ad
1327 5041 1506 5124 perlectum
1528 5046 1585 5108 llei
1609 5067 1679 5128 pcr-

123 5147 247 5234 Sponsi
272 5143 421 5217 coelestis,
446 5159 542 5223 quem
572 5159 669 5222 super
694 5142 802 5205 omnia
830 5163 877 5206 ar·
931 5141 1033 5222 tingat
1057 5156 1209 5214 amorem,
1234 5140 1289 5221 qui
1311 5148 1443 5203 vocatur
1465 5161 1555 5206 amor
1579 5153 1678 5208 ecsta-

123 5245 319 5313 dentissime
348 5238 705 5323 incomparabilitcrque
734 5241 875 5317 affectat,
931 5239 1025 5314 tiens,
1047 5239 1079 5302 id
1102 5246 1160 5313 est,
1182 5245 1322 5301 mentem
1346 5241 1482 5303 amantis
1505 5261 1524 5304 a
1548 5262 1583 5306 se
1608 5243 1677 5326 ipsa

123 5347 253 5423 deficit,
268 5343 418 5427 dejicitur
436 5347 468 5404 et
488 5339 621 5404 tabescit
639 5339 673 5402 in
693 5341 874 5426 semetipsa.
931 5339 1069 5404 totaliter
1083 5337 1338 5420 alienans,atque
1354 5338 1386 5401 in
1403 5338 1553 5406 dilectum
1567 5341 1675 5427 ipsum
