4154 6258
334 499 483 548 nourrius
504 499 549 546 ιιι
568 497 642 548 rosr
663 497 857 546 rnrurrarau.
879 517 919 530 -·
940 497 983 548 un
1003 499 1178 548 nmrcrosos
1189 501 1198 565 3
1220 501 1319 549 sanato
1339 501 1467 559 cururus
1615 483 1672 550 391

173 670 328 736 Praeterea
359 673 441 736 banc
473 673 587 739 anima
617 673 872 748 obdurationem,
888 673 914 738 Α
928 673 1096 748 horrenda,
1113 691 1213 756 quum
1239 674 1272 736 in
1296 673 1560 738 consuetudinem
1581 693 1675 738 vene-

123 769 314 834 surditatem
343 780 376 836 61
399 773 579 836 mutitatem
609 771 686 836 facit
713 773 874 856 precipue
929 771 1003 846 rint,
1024 778 1079 834 aut
1102 791 1199 854 parva
1222 780 1277 836 aut
1295 772 1384 836 nulla
1402 791 1471 836 esse
1491 774 1673 837 creduntur.

124 871 324 936 consuetudo
343 891 451 954 prava,
468 891 538 955 quaa
555 879 707 954 tanquam
726 871 874 952 gravissi·
969 871 1125 945 Secundo,
1142 869 1306 954 praefatam
1322 873 1509 936 surditatem
1527 890 1564 934 ac
1580 871 1675 935 muti·

125 987 217 1032 mum
237 989 350 1033 saxum
370 971 524 1053 opprimit
542 971 697 1046 animum,
713 989 754 1032 ne
772 989 875 1032 assur·
929 977 1026 1032 tatem
1041 979 1073 1032 et
1093 970 1327 1034 indurationem
1348 969 1381 1034 in
1400 971 1506 1034 anima
1520 970 1604 1053 parit
1623 990 1675 1033 su-

46 1075 179 1149 .ms,gat
203 1069 243 1132 ad
268 1069 379 1132 Deum.
405 1070 527 1151 Impius
550 1087 689 1151 namque
716 1087 815 1151 quum
841 1068 873 1130 in
930 1067 1050 1151 perbia.
1076 1069 1134 1143 Qui
1159 1069 1246 1132 enirn
1270 1069 1430 1151 sapientes
1453 1076 1486 1132 61
1509 1069 1615 1151 magni
1640 1069 1674 1131 in
1703 1086 1812 1138 rasas.

125 1167 324 1248 profundum
347 1169 472 1232 venerit
495 1175 710 1250 pcccatorum,
734 1174 873 1231 contem·
930 1167 997 1230 suis
1012 1175 1087 1230 sunt
1099 1167 1213 1242 oculis,
1229 1169 1364 1231 audaces
1378 1175 1411 1231 et
1423 1167 1486 1231 sibi
1501 1169 1674 1251 placentes,

126 1265 183 1328 nit.
201 1266 276 1330 ldoo
298 1267 402 1330 omnis
424 1266 592 1347 religiosus
615 1265 711 1330 debet
732 1265 873 1348 quotidie
930 1266 1023 1347 proni
1039 1267 1166 1330 suntad
1186 1267 1480 1341 contradictionem,
1496 1266 1535 1329 ad
1554 1267 1675 1350 proprii

125 1381 217 1426 suam
233 1365 462 1428 conscientiam
478 1383 631 1437 serenare
641 1383 700 1427 nec
715 1363 874 1446 spirituali
930 1383 1044 1427 sensus
1058 1363 1290 1440 defensionem,
1306 1365 1345 1428 ad
1360 1365 1587 1448 disputandum
1603 1382 1677 1428 con-

126 1461 210 1544 patri
230 1463 406 1546 quidquam
423 1463 630 1538 abscondere,
645 1461 821 1545 praesertim
841 1462 873 1523 in
931 1469 978 1524 tra
998 1463 1209 1545 superiorem,
1226 1463 1265 1526 ad
1286 1463 1536 1544 indignandum3
1552 1480 1612 1526 nec
1633 1464 1678 1526 fa-

126 1561 340 1638 confessionc,
356 1581 398 1624 ne
420 1563 452 1625 in
476 1561 660 1625 barathrum
683 1559 775 1642 impii
799 1580 875 1623 usus
931 1559 1035 1623 ciliter
1057 1561 1276 1643 acquiescunt,
1293 1561 1355 1624 nisi
1380 1561 1427 1624 eis
1450 1560 1598 1624 dicantur
1622 1581 1679 1624 seu

23 1688 39 1716 ι.
49 1687 113 1724 nvn,
126 1660 323 1736 trabatur,ne
338 1679 410 1724 eum
424 1661 584 1742 demergat
599 1665 763 1742 tempestas
777 1677 873 1741 aquai,
931 1659 1139 1741 injungantur
1152 1659 1192 1721 ad
1207 1679 1278 1742 quta
1293 1659 1421 1723 aliunde
1436 1668 1509 1722 sunt
1524 1660 1677 1734 inclinati,

19 1767 24 1778 '
127 1777 234 1841 neque
248 1758 416 1822 absorbeat
430 1777 504 1821 eum
521 1755 728 1840 profundum,
745 1774 804 1819 nec
824 1775 874 1818 ur·
930 1765 963 1820 et
981 1776 1020 1820 ex
1040 1757 1203 1820 voluntate
1223 1757 1352 1840 propria
1372 1757 1513 1821 affectati
1531 1775 1538 1820 :
1555 1758 1587 1820 in
1609 1759 1678 1841 qui-

125 1865 199 1938 gcat
228 1875 325 1939 super
354 1876 429 1920 curn
453 1865 568 1938 puteus
592 1873 627 1919 os
656 1874 760 1918 suum.
789 1855 875 1918 Unde
894 1853 991 1919 Bbus
1007 1857 1097 1939 quasi
1113 1856 1291 1919 obediendo
1306 1873 1370 1919 non
1386 1874 1459 1920 vere
1475 1857 1636 1932 obediunt,
1647 1866 1679 1920 et

126 1963 249 2039 quanto
270 1963 437 2038 peccatum
457 1955 556 2017 fuerit
575 1954 690 2036 majus,
707 1961 794 2016 tanto
813 1955 874 2015 cla·
931 1973 1043 2037 parum
1068 1962 1124 2017 aut
1144 1954 1226 2016 nibil
1250 1963 1423 2029 merentur,
1440 1955 1591 2036 quoniam
1613 1973 1677 2018 non

125 2055 193 2118 rius
209 2063 242 2117 et
256 2054 357 2136 magis
378 2052 691 2116 circumstantionale
709 2060 756 2114 cst
776 2050 875 2114 confi·
930 2073 968 2116 ex
992 2054 1122 2117 caritate
1144 2061 1176 2116 et
1200 2054 1317 2116 virtute
1341 2053 1541 2128 obedientias,
1559 2055 1614 2118 sed
1638 2072 1678 2116 ex

126 2153 272 2228 tendum,
294 2172 335 2216 ne
357 2171 488 2235 serpens
512 2153 544 2213 in
567 2152 661 2214 corde
684 2169 816 2214 manens
839 2170 875 2213 ac
932 2153 1060 2235 propria
1092 2153 1198 2234 potius
1227 2152 1389 2215 voluntate
1419 2171 1475 2214 seu
1506 2151 1678 2215 affcctione

125 2250 240 2322 latens,
266 2268 389 2312 venena
417 2269 475 2312 sua
502 2247 663 2311 diffundat
692 2250 724 2310 in
754 2248 876 2310 viscera
932 2257 1110 2313 moventur.
1134 2251 1214 2312 ilinc
1237 2249 1405 2312 Cassianus
1429 2249 1604 2313 disseruit:
1622 2248 1678 2312 Su-

126 2349 257 2422 mentis,
280 2349 335 2410 sed
359 2348 503 2410 funditus
525 2347 678 2410 educatur
701 2364 738 2408 ac
763 2345 875 2409 obrua-
932 2348 1043 2434 perbia
1058 2367 1158 2432 quum
1174 2349 1207 2411 in
1228 2347 1375 2410 monachi
1392 2354 1498 2410 mento
1513 2346 1677 2420 resederit,

126 2456 187 2509 tur.
206 2446 286 2509 llinc
305 2463 433 2529 quoque
452 2444 580 2507 vitanda
597 2453 646 2506 est
665 2443 757 2506 nobis
772 2444 876 2507 omnis
932 2449 1037 2531 primo
1057 2446 1293 2510 inobedientem
1313 2463 1388 2508 eum
1411 2445 1569 2508 redditae
1589 2463 1679 2528 aspe-

126 2545 326 2608 consuctudo
354 2543 447 2617 mala,
474 2543 569 2605 ctiam
589 2543 622 2604 in
646 2543 785 2624 peccatis
805 2561 876 2624 quae
932 2565 1015 2620 rum,
1032 2545 1148 2607 deinde
1167 2563 1241 2607 eum
1265 2545 1375 2608 mitem
1396 2551 1491 2626 atque
1513 2542 1678 2606 affabilem

125 2662 225 2726 parva
238 2643 398 2715 videntur,
416 2649 451 2704 ut
466 2641 499 2704 in
514 2641 697 2722 evagatione
713 2639 876 2703 oculorum
932 2662 1002 2706 esse
1026 2661 1089 2706 non
1114 2643 1244 2725 patitur,
1268 2660 1327 2705 nec
1351 2642 1507 2724 aequalem
1538 2658 1679 2704 commu·

125 2750 271 2824 tempore
287 2740 481 2814 divinorum,
496 2739 529 2801 in
545 2739 611 2801 risu
626 2746 658 2800 et
673 2737 810 2800 levitatis
825 2756 877 2799 cu·
933 2760 1070 2824 nemque
1096 2739 1257 2803 Fratribus
1281 2758 1352 2803 esse
1372 2739 1459 2814 sinit,
1485 2739 1547 2801 nisi
1571 2739 1677 2802 forsan

124 2841 321 2923 juscumque
346 2837 485 2912 indiciis,
503 2845 534 2899 et
558 2836 735 2918 presertim
761 2836 792 2898 in
817 2836 876 2899 fra·
930 2839 1018 2913 ficte,
1034 2840 1111 2903 dum
1131 2858 1171 2901 ex
1188 2839 1362 2901 ambitione
1382 2856 1416 2900 se
1437 2836 1578 2919 applicat
1599 2837 1679 2899 desi-

125 2939 233 3002 ctionc
248 2936 384 3017 silentii3
396 2935 429 2998 in
445 2935 647 3017 negligentiis
663 2953 790 3016 quoque
805 2953 876 3017 quae
931 2939 1019 3001 derio
1039 2938 1160 3020 proprii
1180 2937 1339 3000 commodi
1354 2955 1391 2998 ac
1410 2935 1547 2998 honoris.
1565 2935 1679 3016 Super-

126 3039 159 3100 111
176 3036 308 3109 0111111111»
324 3032 914 3117 9311111110,1111111111111111111111111·(1
932 3038 985 3101 bia
1004 3055 1068 3100 non
1087 3037 1244 3119 permittit
1264 3035 1454 3100 monachum
1476 3035 1676 3117 superiorum

125 3137 177 3209 do,
195 3133 390 3206 confitendo,
407 3132 510 3196 solent
524 3131 660 3206 admitti,
678 3131 720 3193 ita
737 3132 821 3213 quod
838 3131 877 3194 si·
932 3155 1062 3200 suorum
1078 3135 1202 3198 institui
1223 3134 1403 3218 disciplina,
1423 3134 1487 3196 imo
1502 3133 1677 3215 spiritualis

125 3253 165 3298 ne
190 3233 338 3314 diligenti
359 3231 465 3294 11011111
490 3230 644 3304 custodia,
668 3230 736 3292 sine
760 3229 876 3292 actuali
931 3234 1021 3298 verbi
1043 3233 1245 3297 collationem
1265 3231 1327 3295 sibi
1347 3232 1380 3293 in
1399 3249 1549 3294 nauseam
1569 3231 1676 3305 vertit,

124 3332 314 3404 silentione,
330 3330 450 3412 absque
472 3329 714 3392 distractionum
737 3327 875 3390 refrena·
932 3335 964 3396 in
986 3341 1109 3396 tantum
1130 3341 1165 3394 ut
1184 3331 1449 3394 sermocinatione
1470 3330 1601 3393 salutari
1622 3331 1678 3392 du-

124 3432 214 3494 tione
234 3438 267 3492 et
285 3427 406 3510 absque
421 3427 528 3490 debita
547 3446 682 3491 summae
700 3426 875 3508 majestatis
931 3439 1031 3505 rante,
1050 3431 1138 3494 visus
1163 3430 1234 3510 ejus
1258 3429 1332 3491 binc
1358 3429 1432 3491 inde
1456 3427 1623 3502 discurrat,
1646 3435 1677 3490 et

125 3529 307 3594 reverentia
330 3536 418 3590 actus
443 3526 521 3588 tales
545 3525 706 3588 multoties
728 3525 812 3588 fiunt
836 3544 874 3586 ex
932 3549 990 3613 pro
1005 3529 1127 3592 devotis
1143 3527 1290 3610 suspiriis
1306 3534 1399 3609 sputu
1417 3528 1457 3588 de
1473 3526 1558 3589 sicco
1575 3533 1679 3606 guttu-

125 3628 267 3710 quodam
291 3625 379 3688 arido
404 3643 475 3697 usu,
496 3623 590 3685 corde
610 3623 772 3704 insipido:
790 3624 874 3704 quod
931 3649 965 3692 re
986 3629 1201 3700 traducantur,
1222 3633 1254 3688 et
1273 3625 1506 3688 exscreationes
1526 3624 1596 3687 sinc
1617 3643 1680 3686 ces-

124 3727 336 3788 iehemenler
349 3741 385 3784 111
402 3740 527 3784 1111111116
543 3722 719 3784 cavendum
735 3728 877 3802 1111111111
931 3728 1052 3790 satione
1082 3724 1272 3808 phlegmatis
1303 3730 1540 3806 provocentur;
1570 3723 1680 3805 sicque

124 3825 223 3906 cipue
244 3841 284 3884 ne
307 3821 490 3904 frequenter
512 3821 558 3882 sic
580 3820 761 3892 oscidates
782 3837 822 3881 ne
843 3819 875 3881 in
932 3824 1076 3888 membra
1091 3824 1166 3886 uino
1183 3823 1256 3886 inde
1277 3828 1456 3894 moventur,
1473 3828 1508 3882 ut
1526 3821 1679 3903 quamdiu

123 3941 222 3984 usum
240 3919 384 3992 ducatur,
394 3919 450 3981 sed
466 3917 492 3979 si
507 3917 697 4000 quandoque
713 3935 751 3978 ex
766 3916 876 3978 burna·
931 3922 1107 4005 spiritualis
1123 3921 1250 3983 collatio
1265 3920 1379 4002 agitur,
1396 3926 1498 3982 totum
1513 3937 1547 3981 se
1563 3926 1681 3982 scaten-

122 4039 163 4082 na
179 4018 353 4099 fragilitate
369 4016 548 4096 contigerit,
565 4033 639 4078 mox
658 4015 754 4078 homo
770 4015 876 4077 redeat
930 4021 1017 4083 tibus
1037 4019 1201 4082 vermibus
1220 4019 1271 4081 vat
1291 4018 1486 4081 acutissimis
1506 4017 1680 4080 61666111-

121 4119 161 4181 ad
188 4136 226 4180 sc
252 4118 369 4199 ipsum,
390 4133 488 4197 seque
512 4115 580 4176 dire
605 4114 764 4197 corripiat,
783 4114 874 4176 valde
931 4119 1026 4182 dibus
1046 4118 1196 4192 insidere,
1213 4125 1245 4179 ct
1263 4116 1420 4199 quidquid
1435 4115 1474 4178 ad
1494 4115 1677 4180 aedificatio-

122 4216 291 4300 poeniteat,
317 4215 461 4278 doloroso
485 4213 685 4286 confiteatur,
709 4214 802 4295 digne
827 4233 875 4276 ca·
890 4219 916 4282 ii
931 4237 1005 4281 nem
1035 4217 1206 4299 profertur,
1233 4214 1272 4279 ob
1302 4233 1391 4277 suam
1421 4214 1677 4296 suggillationem

121 4317 232 4398 stiget,
259 4315 492 4396 diligenterque
516 4314 605 4386 vitet,
628 4319 722 4396 atque
754 4313 784 4376 in
809 4320 874 4376 tam
931 4337 987 4379 seu
1018 4314 1328 4397 repraesentationem
1359 4320 1449 4396 putat
1477 4331 1546 4375 esse
1575 4313 1678 4395 proia-

121 4421 238 4478 sancto
254 4431 354 4495 agone
370 4413 411 4475 sit
430 4412 615 4495 quotidiana
634 4412 801 4493 occupatio
822 4430 875 4474 no·
930 4424 1008 4477 tum.
1026 4414 1141 4495 Sicque
1162 4411 1336 4493 spiritualis
1357 4411 1482 4474 collatio
1501 4411 1531 4474 ei
1551 4429 1613 4474 non
1629 4429 1677 4474 so-

120 4523 199 4578 stra.
217 4514 519 4594 Quantumcumque
534 4511 651 4574 etenim
668 4513 762 4593 culpa
778 4511 875 4574 modi·
932 4513 998 4575 lum
1020 4529 1084 4574 non
1104 4510 1243 4592 prodest,
1260 4509 1325 4572 imo
1348 4509 1478 4590 majoris
1498 4510 1620 4592 peccati
1640 4510 1679 4571 fit

121 4633 159 4677 ca
179 4613 341 4686 videatur,
358 4610 513 4673 tamenin
534 4609 797 4672 consuetudinem
818 4609 874 4671 du·
931 4609 1064 4675 occasio.
1083 4608 1202 4671 Deinde
1219 4615 1290 4690 post
1306 4607 1384 4682 baec,
1396 4607 1458 4670 alta
1473 4625 1544 4682 vox,
1558 4607 1678 4690 rigidus

120 4721 182 4786 cta,
191 4709 287 4774 valde
301 4717 457 4790 gravatur,
465 4727 523 4770 nec
539 4715 644 4770 tamen
660 4715 735 4769 tunc
749 4707 875 4787 gravior
932 4725 1047 4781 sermo,
1064 4725 1171 4769 amara
1186 4713 1217 4768 61
1235 4705 1419 4768 turbulenta
1439 4707 1614 4788 responsio,
1631 4707 1678 4769 in-

119 4810 266 4880 videtur,
283 4807 315 4868 in
332 4813 454 4869 tantum
470 4806 665 4868 consuetudo
681 4823 777 4886 prava
793 4803 876 4867 oble·
932 4825 1040 4869 cessus
1055 4810 1190 4878 erectus,
1208 4803 1317 4885 lingua
1333 4804 1459 4886 loquax,
1474 4823 1534 4866 nec
1549 4805 1677 4866 tacitur-

120 4909 241 4972 nebrat
258 4913 408 4968 urentem.
426 4905 505 4967 ilinc
524 4903 637 4968 asserit
654 4903 874 4984 Augustinus:
932 4905 1039 4968 nitatis
1068 4903 1182 4976 amica,
1207 4903 1269 4964 nisi
1300 4903 1376 4964 dum
1404 4910 1513 4966 contra
1537 4903 1676 4966 Fratrem

119 5007 223 5070 lloles
241 5003 391 5086 impositu
405 5003 563 5086 sepulcro,
581 5003 648 5085 ipsa
668 5009 715 5064 est
734 5003 813 5064 dura
828 5003 876 5064 vis
931 5004 1071 5086 aliquem
1092 5019 1256 5064 rancorem
1278 5009 1384 5064 mente
1403 5002 1585 5083 conceperit
1602 5019 1609 5064 :
1625 5001 1677 5065 fit-

119 5101 370 5169 consuetudinis
399 5121 462 5184 qua
491 5101 649 5184 premitur
675 5101 792 5174 anima,
819 5121 876 5164 nec
932 5121 994 5185 que
1025 5099 1188 5162 silentium
1218 5100 1299 5180 ejus,
1331 5117 1392 5163 non
1423 5099 1678 5181 compunctionis

119 5221 295 5284 resurgere
311 5220 370 5264 nec
386 5201 541 5283 respirare
557 5201 760 5282 permittitur.
771 5202 806 5263 Et
823 5201 878 5263 ite·
932 5207 987 5262 aut
1008 5197 1209 5270 bumilitatiS,
1227 5198 1281 5259 sed
1303 5196 1461 5279 superbie
1483 5205 1514 5259 et
1539 5196 1679 5277 indigna-

121 5322 198 5367 rum
220 5319 227 5363 :
247 5301 377 5364 Peccata
394 5300 528 5382 (inquit)
546 5299 692 5382 quamvis
712 5319 825 5380 magno
847 5307 878 5362 et
932 5298 1029 5362 tionis
1050 5296 1216 5358 indicium.
