4164 6258
345 490 493 538 nomurca
514 491 533 537 r
553 492 627 538 rosr
647 491 842 538 rarurrrrau.
863 493 965 538 -an
986 491 1179 558 asarotosos3
1202 493 1301 543 snauo
1321 495 1458 553 ouranos
1617 473 1676 537 ill

122 664 245 731 serunt,
271 665 436 740 sperantes
464 657 495 722 in
521 659 578 723 Dei
606 657 742 740 aurilio;
768 667 800 722 et
824 679 875 724 me
890 663 914 725 Α
930 661 1095 726 venientes
1118 670 1154 725 ut
1175 664 1321 726 sederent
1341 682 1438 746 super
1458 662 1551 725 illum
1571 661 1677 743 junio-

122 754 169 816 eis
185 754 324 818 formem
343 763 547 830 monstrante,
557 757 799 822 aedificaverunt
813 757 875 821 sibi
930 777 1008 822 rem.
1032 759 1103 823 Vidi
1129 761 1226 824 etiam
1251 761 1400 843 angelum
1425 760 1481 824 Dei
1506 758 1675 822 habentem

122 852 286 916 cellulam.
304 854 425 928 Quibus
447 855 513 918 dixi
536 873 544 917 :
565 855 670 918 Facite
692 865 827 939 sportas,
843 863 875 919 et
930 857 962 919 in
980 877 1075 920 manu
1093 859 1220 940 igneum
1236 859 1390 941 gladium,
1406 865 1438 920 et
1452 859 1612 922 demones
1627 873 1678 917 ex·

122 949 196 1014 date
221 970 274 1014 eas
299 953 486 1016 custodibus
509 953 664 1029 ecclcsiae,
687 961 722 1016 ut
745 973 803 1037 pro
827 955 874 1018 eis
930 955 1102 1037 pellentem
1125 956 1165 1019 ab
1188 958 1244 1020 illo
1263 957 1397 1038 juniori,
1414 957 1469 1019 sed
1493 955 1540 1018 illi
1563 951 1677 1036 majori

122 1048 262 1113 alienant
283 1050 374 1114 vobis
394 1070 502 1134 panes.
520 1053 591 1116 Post
610 1053 677 1116 hec
697 1054 814 1116 recessi
833 1052 874 1115 ab
930 1070 992 1115 non
1009 1060 1155 1136 poterant
1168 1055 1329 1118 daemones
1343 1053 1607 1138 appropinquare.
1615 1051 1678 1115 Cir·

122 1149 179 1211 eis.
210 1148 274 1230 lpsi
299 1167 376 1212 vero
405 1150 554 1212 vixerunt
583 1151 759 1213 secundum
788 1151 874 1234 quod
929 1169 965 1213 ca
982 1171 1075 1215 mane
1090 1171 1166 1215 vero
1181 1153 1418 1216 reclinaverunt
1433 1159 1526 1231 se;et
1541 1169 1599 1232 ego
1614 1149 1675 1212 leci

121 1246 218 1308 docui
243 1263 309 1320 eos,
335 1254 367 1310 et
391 1263 454 1310 non
480 1255 639 1311 venerunt
666 1248 704 1312 ad
735 1269 787 1312 me
817 1267 874 1334 per
931 1267 981 1312 me
1003 1251 1094 1332 quasi
1116 1251 1315 1333 evigilatum,
1332 1258 1363 1314 et
1385 1250 1445 1334 ipsi
1469 1249 1614 1314 lecerunt
1637 1248 1677 1311 si·

121 1351 187 1407 tres
212 1362 321 1407 annos.
347 1345 516 1428 Propterea
539 1346 731 1422 admirabar,
754 1347 874 1428 rogavi·
930 1348 1059 1411 militer.
1086 1349 1124 1412 Et
1148 1349 1208 1430 legi
1233 1349 1403 1413 duodecim
1433 1349 1572 1432 psalmos
1601 1365 1675 1410 cum
1726 1349 1735 1366 '

121 1459 185 1524 que
209 1442 321 1516 Deum,
337 1443 487 1525 jejunans
509 1463 566 1526 per
586 1463 682 1507 unam
702 1445 873 1510 hebdoma—
930 1445 1012 1525 illis3
1037 1454 1069 1509 et
1098 1467 1155 1529 per
1184 1465 1447 1531 unumquemque
1477 1465 1606 1509 versum
1635 1445 1675 1508 de

121 1541 209 1615 dem,
231 1548 266 1604 ut
289 1542 470 1606 ostenderet
494 1542 572 1605 mibi
599 1543 872 1608 conversationem
928 1562 982 1607 ore
1004 1544 1091 1608 illius
1114 1546 1243 1627 majoris
1263 1545 1363 1608 exivit
1381 1546 1513 1608 llamma
1535 1545 1627 1627 ignis,
1643 1552 1675 1606 et

121 1657 245 1702 eorum.
264 1639 336 1704 Post
349 1640 409 1704 boc
426 1641 468 1704 ivi
484 1641 523 1704 ad
540 1659 603 1705 eos.
620 1642 787 1725 Quumque
804 1644 873 1725 pul·
927 1644 1119 1707 ascendebat
1144 1645 1176 1707 in
1203 1645 1339 1723 coelum3
1365 1645 1522 1718 similiter,
1549 1644 1605 1706 illo
1626 1643 1675 1724 ju·

121 1755 256 1812 sassem,
273 1738 492 1801 salutaverunt
511 1757 562 1802 me
582 1759 656 1802 cum
677 1740 821 1820 silentio;
842 1749 874 1804 et
928 1741 1017 1804 niore
1036 1761 1071 1804 os
1091 1743 1265 1824 aperiente,
1282 1744 1372 1824 quasi
1388 1741 1717 1826 luniculusligne-⁸
1813 1775 1822 1786 ·

121 1835 207 1898 lacta
229 1837 384 1910 oratione,
404 1837 485 1912 sedi,
506 1845 539 1900 et
560 1838 669 1900 nullus
693 1855 803 1901 eorum
830 1837 910 1902 loll
929 1859 966 1902 us
996 1840 1219 1921 egrediebatur
1247 1842 1286 1903 de
1315 1859 1369 1903 ore
1399 1841 1510 1923 ipsine,
1541 1848 1573 1902 et
1602 1857 1675 1922 per·
1690 1827 1719 1856 ¹¹²¹
1755 1829 1769 1858 ¹¹

122 1933 282 2017 quebatur
305 1935 399 2015 mibi3
417 1943 527 2019 postea
548 1937 810 1999 manducavimus
832 1938 873 2000 si·
928 1939 1071 2020 tingebat
1094 1939 1126 2001 in
1149 1940 1276 2003 coelum.
1302 1939 1472 2001 Discedens
1496 1939 1611 2001 deinde
1634 1937 1675 2001 ab

122 2033 201 2095 mul.
225 2033 263 2096 Et
284 2034 369 2096 lacto
390 2052 535 2116 vespere,
557 2034 706 2097 dixerunt
730 2035 767 2098 ad
792 2055 842 2098 me
864 2055 871 2102 :
928 2037 985 2110 eia,
1007 2037 1072 2099 dixi
1096 2054 1103 2098 τ
1124 2038 1217 2101 Orate
1239 2055 1378 2119 prome.
1400 2037 1462 2119 lpsi
1485 2055 1560 2100 vero
1584 2035 1675 2098 satis-

122 2132 220 2194 l'adis
240 2131 341 2194 bincl
360 2133 519 2215 Respondi
538 2150 545 2194 ε
562 2131 641 2208 Non,
658 2135 713 2196 sed
733 2134 785 2196 hic
805 2135 875 2196 dor·
928 2132 1076 2197 lecerunt
1099 2135 1178 2197 mibi
1201 2143 1351 2198 tacentes.
1375 2135 1414 2197 Et
1435 2135 1567 2216 cognovi
1590 2133 1675 2216 quod

123 2231 234 2294 miam.
262 2231 439 2294 Posuerunt
467 2249 543 2314 ergo
571 2231 649 2294 mibi
680 2239 810 2295 mattam
841 2233 874 2295 in
930 2232 983 2294 ille
1005 2233 1107 2314 major
1127 2233 1289 2315 perfectus
1306 2239 1405 2308 esset3
1423 2233 1579 2296 minorem
1599 2249 1676 2294 vero

121 2329 242 2410 angulo
262 2347 337 2404 uno,
355 2337 384 2392 et
405 2329 468 2392 sibi
490 2330 522 2392 in
543 2330 617 2404 alio,
634 2339 874 2413 posueruntque
929 2330 1033 2393 adbuc
1053 2332 1213 2394 demones
1235 2331 1473 2413 impugnabant.
1489 2330 1584 2394 Porro
1605 2336 1677 2412 post

121 2447 156 2491 se
170 2429 213 2490 ad
228 2427 537 2510 dormiendum.Ego
551 2437 657 2492 eutem
672 2429 759 2492 oravi
775 2430 875 2493 Deum
931 2445 1049 2511 paucos
1068 2428 1137 2491 dies
1159 2428 1311 2490 dormivit
1331 2429 1363 2490 in
1380 2427 1516 2491 Domino
1535 2427 1589 2489 ille
1611 2445 1676 2488 ma·

122 2537 157 2591 ut
183 2528 366 2592 ostenderet
394 2527 473 2590 mibi
502 2528 718 2611 operationem
750 2546 872 2604 eorum,
928 2526 980 2607 jor
994 2534 1025 2588 et
1041 2526 1148 2590 senior
1167 2526 1273 2600 irater,
1291 2534 1322 2589 et
1338 2534 1410 2610 post
1423 2545 1497 2590 eum
1511 2525 1675 2588 tertiodie

120 2627 298 2708 statimque
321 2633 467 2709 apertum
493 2633 542 2689 est
565 2633 684 2690 tectum
710 2626 799 2691 cellae
823 2645 874 2690 eo·
931 2625 985 2687 ille
1002 2624 1111 2706 junior
1131 2625 1237 2688 irater.
1254 2660 1295 2671 -
1314 2624 1395 2688 Ecce
1417 2643 1514 2706 quam
1537 2641 1611 2686 vere
1631 2623 1675 2685 ait

120 2744 208 2798 rum,
234 2731 266 2788 et
289 2724 373 2788 lacta
401 2731 450 2786 est
473 2723 527 2787 lux
558 2725 590 2787 iu
619 2743 656 2788 ea
685 2725 775 2807 quasi
805 2725 873 2788 dies
930 2723 1072 2786 Salvator
1094 2743 1101 2786 :
1125 2723 1260 2806 Spiritus
1285 2723 1340 2786 ubi
1365 2722 1444 2796 vult,
1463 2723 1572 2805 spirat.
1599 2721 1823 2795 Quisrmems.

118 2822 258 2901 luisset3
283 2823 339 2886 sed
363 2822 424 2905 ipsi
452 2822 556 2885 lucem
586 2823 674 2885 illam
699 2841 762 2886 non
786 2824 873 2886 vide·
929 2822 1015 2884 enim
1041 2822 1311 2903 comprehendere
1333 2828 1438 2903 queat,
1460 2839 1556 2902 quam
1582 2820 1674 2881 mira-

120 2928 209 2983 runt.
227 2920 396 3002 Quumque
417 2937 467 2982 me
484 2919 624 2982 dormire
643 2926 801 3002 putarent,
819 2920 873 2983 ille
929 2920 1037 2982 culosa
1052 2919 1154 2982 luerat
1171 2927 1234 2981 tcta
1249 2919 1446 2981 conversatio
1461 2918 1589 2980 illorum
1604 2917 1677 2980 duo·

121 3018 229 3102 maj0r
250 3019 354 3100 tetigit
379 3019 535 3082 minorem
558 3019 591 3080 in
616 3018 709 3094 latus,
731 3023 910 3086 surrexe-C
930 3037 1001 3081 rum
1016 3016 1152 3080 fratrum
1168 3017 1199 3079 in
1216 3035 1334 3090 eremo,
1352 3035 1431 3099 quos
1449 3016 1556 3078 nullus
1573 3015 1675 3081 bomi-

118 3127 265 3202 runtque
284 3117 397 3197 simul3
418 3117 635 3200 expandentes
658 3136 786 3200 quoque
809 3137 873 3180 ma·
930 3135 1008 3179 num
1029 3115 1148 3190 docuit,
1165 3125 1197 3178 et
1217 3124 1321 3178 tamen
1344 3117 1376 3178 in
1399 3123 1463 3178 tam
1486 3114 1676 3178 brevissimo

119 3237 185 3280 nus
219 3216 252 3279 in
283 3213 411 3288 coelum,
442 3222 599 3278 steterunt
628 3234 701 3279 cum
732 3215 869 3280 silentio.
929 3222 1073 3298 tempore
1092 3215 1131 3277 ad
1153 3221 1218 3276 tam
1241 3213 1417 3296 angelicam
1440 3232 1477 3276 ac
1500 3213 1675 3296 perlectam

118 3315 279 3380 Videbam
310 3321 417 3378 autem
442 3313 602 3378 demones
626 3314 716 3397 quasi
746 3333 873 3377 muscas
929 3313 1027 3376 vitam
1050 3315 1234 3376 veneruntt

571 3679 685 3788 Ar>
727 3675 1228 3760 numerosos

800 3883 999 3898 *—

668 4101 841 4188 SERMO
876 4099 1119 4203 QUARTUS

410 4342 450 4390 b!
470 4339 693 4398 batumum,
714 4338 792 4387 PAGE
812 4339 850 4386 11
870 4337 1034 4386 mnam
1055 4337 1088 4386 nt
1108 4337 1188 4386 BONO
1207 4336 1388 4386 dotcoaota.

191 4607 324 4674 MNES
343 4606 516 4669 unanimes
537 4605 575 4666 ἐπ
594 4605 741 4666 oratione
762 4611 869 4666 estote.
883 4603 909 4665 D
924 4600 1064 4686 pacilici,
1077 4599 1229 4684 quoniam
1244 4599 1306 4664 tilii
1322 4597 1378 4665 Dei
1393 4595 1602 4666 vocabuntur.
1619 4599 1673 4666 lli·

207 4706 325 4770 lPetr.
343 4723 388 4780 ur,
403 4703 432 4768 8.
925 4701 987 4764 seri
1015 4718 1090 4784 ergo
1120 4709 1195 4764 sunt
1222 4700 1384 4764 discordes
1412 4706 1444 4764 et
1472 4701 1671 4777 contentiosi,

152 4804 372 4870 beatissimus
392 4801 559 4886 apostolici
579 4799 701 4865 ordinis
722 4801 871 4883 princeps
926 4819 1027 4884 quum
1045 4804 1234 4882 reputentur
1253 4800 1336 4862 servi
1353 4798 1480 4882 filiique
1494 4799 1624 4876 diaboli,
1641 4808 1673 4862 et

106 4909 143 4970 in
158 4903 480 4987 compendiosissima
492 4901 642 4964 hodierne
652 4899 785 4982 epistola
797 4899 874 4961 mul·
925 4898 967 4960 ab
982 4898 1123 4962 Ecclesia
1137 4897 1246 4973 alieni,
1259 4898 1383 4962 dicente
1399 4898 1541 4982 apostolo
1556 4899 1670 4962 Paulo:

107 5003 281 5089 tipliciter
294 5019 331 5063 ac
346 4999 555 5064 saluberrime
570 5017 628 5063 nos
644 4997 803 5062 informat.
812 4999 874 5060 Pri·
928 4997 960 5060 Si
979 4997 1052 5079 qtris
1072 4997 1199 5060 videtur
1218 4997 1434 5060 contentiosus
1455 5015 1536 5072 esse,
1553 5016 1611 5061 uos
1630 5007 1673 5060 ta·
1687 5021 1822 5074 rotense.

109 5123 184 5178 mo,
204 5108 245 5164 ut
264 5099 432 5162 unanimes
451 5099 563 5172 simus,
580 5097 664 5160 sicut
683 5103 714 5160 et
731 5096 873 5160 Christus
929 5095 992 5158 lem
1015 5095 1279 5158 consuetudinem
1301 5113 1364 5158 non
1386 5093 1551 5170 babemus,
1568 5114 1673 5178 neque

8 5211 92 5248 Μ·
109 5205 147 5267 in
178 5198 360 5280 Evangelio
381 5196 484 5279 jubet,
502 5195 637 5260 dicendo
658 5213 665 5260 :
687 5195 799 5258 Pacem
823 5195 876 5258 ha·
930 5194 1071 5257 Ecclesia
1090 5195 1157 5257 Dei.
1176 5194 1215 5256 Et
1235 5213 1345 5256 rursus
1362 5213 1370 5257 :
1386 5193 1454 5256 Non
1476 5193 1674 5278 est(inquit)
1707 5226 1821 5281 Mn„

8 5326 91 5380 uss.
108 5303 196 5367 bete
227 5299 310 5364 inter
333 5315 399 5361 vos.
421 5295 460 5360 Et
482 5313 593 5358 rursus
614 5313 622 5357 :
643 5293 729 5358 beati
743 5293 878 5378 (inquit)
930 5293 1013 5357 lleus
1036 5291 1255 5366 dissensionis,
1273 5292 1328 5354 sed
1349 5291 1446 5374 pacis.
1688 5294 1723 5334 ³³·

258 5431 291 5486 Ta
309 5431 347 5484 ³⁰.
1520 5427 1550 5476 16
