<?xml version="1.0" encoding="UTF-8"?>
<!DOCTYPE html PUBLIC "-//W3C//DTD XHTML 1.0 Transitional//EN"
    "http://www.w3.org/TR/xhtml1/DTD/xhtml1-transitional.dtd">
<html xmlns="http://www.w3.org/1999/xhtml" xml:lang="en" lang="en">
 <head>
  <title>
</title>
<meta http-equiv="Content-Type" content="text/html;charset=utf-8" />
  <meta name='ocr-system' content='tesseract 3.04.00' />
  <meta name='ocr-capabilities' content='ocr_page ocr_carea ocr_par ocr_line ocrx_word'/>
</head>
<body>
  <div class='ocr_page' id='page_1' title='image "./doctorisecstati01unkngoog/doctorisecstati01unkngoog_0081.png"; bbox 0 0 4288 6264; ppageno 0'>
   <div class='ocr_carea' id='block_1_1' title="bbox 472 471 1851 560">
    <p class='ocr_par' dir='ltr' id='par_1_1' title="bbox 472 471 1851 560">
     <span class='ocr_line' id='line_1_1' title="bbox 472 471 1851 560; baseline 0.004 -22"><span class='ocrx_word' id='word_1_1' title='bbox 472 471 513 538; x_wconf 80' lang='grc'><strong>66</strong></span> <span class='ocrx_word' id='word_1_2' title='bbox 547 497 552 508; x_wconf 75' lang='grc'><em>“</em></span> <span class='ocrx_word' id='word_1_3' title='bbox 641 495 790 542; x_wconf 78' lang='lat' dir='ltr'><strong>DOlsslllCA</strong></span> <span class='ocrx_word' id='word_1_4' title='bbox 812 495 885 542; x_wconf 76' lang='lat' dir='ltr'>POST</span> <span class='ocrx_word' id='word_1_5' title='bbox 906 495 1118 542; x_wconf 69' lang='lat' dir='ltr'><strong>ascensione!</strong></span> <span class='ocrx_word' id='word_1_6' title='bbox 1138 495 1255 542; x_wconf 81' lang='lat' dir='ltr'><strong>holtttrl.</strong></span> <span class='ocrx_word' id='word_1_7' title='bbox 1276 514 1316 524; x_wconf 94' lang='lat'>-</span> <span class='ocrx_word' id='word_1_8' title='bbox 1334 496 1377 542; x_wconf 78' lang='lat' dir='ltr'><strong>AD</strong></span> <span class='ocrx_word' id='word_1_9' title='bbox 1397 496 1593 560; x_wconf 77' lang='lat' dir='ltr'><strong>urttu1080s3</strong></span> <span class='ocrx_word' id='word_1_10' title='bbox 1615 497 1714 544; x_wconf 69' lang='lat' dir='ltr'><strong>SllllHO</strong></span> <span class='ocrx_word' id='word_1_11' title='bbox 1736 496 1851 544; x_wconf 73' lang='lat' dir='ltr'>SEXTUS</span> 
     </span>
    </p>
   </div>
   <div class='ocr_carea' id='block_1_2' title="bbox 467 664 2102 3205">
    <p class='ocr_par' dir='ltr' id='par_1_2' title="bbox 467 664 2102 3205">
     <span class='ocr_line' id='line_1_2' title="bbox 471 664 2009 748; baseline 0.001 -22"><span class='ocrx_word' id='word_1_12' title='bbox 471 664 518 726; x_wconf 90' lang='lat' dir='ltr'><strong>sic</strong></span> <span class='ocrx_word' id='word_1_13' title='bbox 539 681 595 727; x_wconf 91' lang='lat' dir='ltr'><strong>cor</strong></span> <span class='ocrx_word' id='word_1_14' title='bbox 609 673 701 728; x_wconf 92' lang='lat' dir='ltr'><strong>tuum</strong></span> <span class='ocrx_word' id='word_1_15' title='bbox 721 666 856 729; x_wconf 86' lang='lat' dir='ltr'><strong>terrenis</strong></span> <span class='ocrx_word' id='word_1_16' title='bbox 876 674 908 729; x_wconf 91' lang='lat' dir='ltr'><strong>et</strong></span> <span class='ocrx_word' id='word_1_17' title='bbox 924 665 1104 728; x_wconf 89' lang='lat' dir='ltr'><strong>carnalibus</strong></span> <span class='ocrx_word' id='word_1_18' title='bbox 1124 666 1220 729; x_wconf 89' lang='lat' dir='ltr'><strong>rebus</strong></span> <span class='ocrx_word' id='word_1_19' title='bbox 1235 667 1261 731; x_wconf 84' lang='grc' dir='ltr'><strong>Α</strong></span> <span class='ocrx_word' id='word_1_20' title='bbox 1275 666 1406 748; x_wconf 90' lang='lat' dir='ltr'><strong>quidem</strong></span> <span class='ocrx_word' id='word_1_21' title='bbox 1425 674 1510 730; x_wconf 92' lang='lat' dir='ltr'><strong>retro</strong></span> <span class='ocrx_word' id='word_1_22' title='bbox 1525 675 1598 729; x_wconf 90' lang='lat' dir='ltr'><strong>suut</strong></span> <span class='ocrx_word' id='word_1_23' title='bbox 1613 667 1818 742; x_wconf 88' lang='lat' dir='ltr'><strong>obliviscens,</strong></span> <span class='ocrx_word' id='word_1_24' title='bbox 1835 665 1869 728; x_wconf 86' lang='lat' dir='ltr'><strong>ia</strong></span> <span class='ocrx_word' id='word_1_25' title='bbox 1886 666 2009 728; x_wconf 92' lang='lat' dir='ltr'><strong>anterio·</strong></span> 
     </span>
     <span class='ocr_line' id='line_1_3' title="bbox 470 763 1678 848; baseline 0.001 -23"><span class='ocrx_word' id='word_1_26' title='bbox 470 763 653 845; x_wconf 90' lang='lat' dir='ltr'><strong>(cogitando</strong></span> <span class='ocrx_word' id='word_1_27' title='bbox 672 773 704 828; x_wconf 93' lang='lat' dir='ltr'><strong>et</strong></span> <span class='ocrx_word' id='word_1_28' title='bbox 720 765 913 848; x_wconf 90' lang='lat' dir='ltr'><strong>appetendo)</strong></span> <span class='ocrx_word' id='word_1_29' title='bbox 928 765 1086 828; x_wconf 82' lang='lat' dir='ltr'><strong>iuhaerens</strong></span> <span class='ocrx_word' id='word_1_30' title='bbox 1105 784 1142 827; x_wconf 89' lang='lat' dir='ltr'><strong>ac</strong></span> <span class='ocrx_word' id='word_1_31' title='bbox 1163 766 1220 827; x_wconf 91' lang='lat' dir='ltr'><strong>im·</strong></span> <span class='ocrx_word' id='word_1_32' title='bbox 1276 783 1310 826; x_wconf 94' lang='lat' dir='ltr'><strong>ra</strong></span> <span class='ocrx_word' id='word_1_33' title='bbox 1331 766 1467 828; x_wconf 84' lang='lat' dir='ltr'><strong>extendo</strong></span> <span class='ocrx_word' id='word_1_34' title='bbox 1489 784 1540 828; x_wconf 92' lang='lat' dir='ltr'><strong>me</strong></span> <span class='ocrx_word' id='word_1_35' title='bbox 1562 765 1678 847; x_wconf 91' lang='lat' dir='ltr'><strong>ipsum.</strong></span> 
     </span>
     <span class='ocr_line' id='line_1_4' title="bbox 471 862 2013 947; baseline -0.001 -23"><span class='ocrx_word' id='word_1_36' title='bbox 471 879 687 934; x_wconf 81' lang='lat' dir='ltr'><strong>moransmox</strong></span> <span class='ocrx_word' id='word_1_37' title='bbox 703 865 1143 947; x_wconf 80' lang='lat' dir='ltr'><strong>putrescitspiritualiterque</strong></span> <span class='ocrx_word' id='word_1_38' title='bbox 1158 882 1222 927; x_wconf 89' lang='lat' dir='ltr'><strong>cor·</strong></span> <span class='ocrx_word' id='word_1_39' title='bbox 1316 863 1396 926; x_wconf 87' lang='lat' dir='ltr'><strong>Hinc</strong></span> <span class='ocrx_word' id='word_1_40' title='bbox 1417 863 1517 926; x_wconf 92' lang='lat' dir='ltr'><strong>oratio</strong></span> <span class='ocrx_word' id='word_1_41' title='bbox 1541 863 1579 926; x_wconf 93' lang='lat' dir='ltr'><strong>ad</strong></span> <span class='ocrx_word' id='word_1_42' title='bbox 1604 864 1907 946; x_wconf 90' lang='lat' dir='ltr'><strong>contemplationem</strong></span> <span class='ocrx_word' id='word_1_43' title='bbox 1931 862 2013 946; x_wconf 89' lang='lat' dir='ltr'><strong>perti·</strong></span> 
     </span>
     <span class='ocr_line' id='line_1_5' title="bbox 473 961 2013 1045; baseline 0.001 -24"><span class='ocrx_word' id='word_1_44' title='bbox 473 961 634 1042; x_wconf 90' lang='lat' dir='ltr'><strong>rumpitur</strong></span> <span class='ocrx_word' id='word_1_45' title='bbox 641 979 650 1042; x_wconf 89' lang='lat'>;</span> <span class='ocrx_word' id='word_1_46' title='bbox 666 963 721 1024; x_wconf 92' lang='lat' dir='ltr'><strong>sed</strong></span> <span class='ocrx_word' id='word_1_47' title='bbox 737 963 770 1024; x_wconf 92' lang='lat' dir='ltr'><strong>in</strong></span> <span class='ocrx_word' id='word_1_48' title='bbox 787 962 875 1025; x_wconf 89' lang='lat' dir='ltr'><strong>coelis</strong></span> <span class='ocrx_word' id='word_1_49' title='bbox 892 961 1006 1036; x_wconf 82' lang='lat' dir='ltr'><strong>fixum,</strong></span> <span class='ocrx_word' id='word_1_50' title='bbox 1022 963 1060 1024; x_wconf 90' lang='lat' dir='ltr'><strong>ad</strong></span> <span class='ocrx_word' id='word_1_51' title='bbox 1075 963 1220 1045; x_wconf 86' lang='lat' dir='ltr'><strong>spiritua·</strong></span> <span class='ocrx_word' id='word_1_52' title='bbox 1277 981 1367 1036; x_wconf 88' lang='lat' dir='ltr'><strong>neus,</strong></span> <span class='ocrx_word' id='word_1_53' title='bbox 1390 981 1409 1024; x_wconf 99' lang='lat' dir='ltr'><strong>a</strong></span> <span class='ocrx_word' id='word_1_54' title='bbox 1433 962 1653 1025; x_wconf 91' lang='lat' dir='ltr'><strong>communium</strong></span> <span class='ocrx_word' id='word_1_55' title='bbox 1677 961 1818 1026; x_wconf 86' lang='lat' dir='ltr'><strong>oratioue</strong></span> <span class='ocrx_word' id='word_1_56' title='bbox 1844 962 1878 1024; x_wconf 90' lang='lat' dir='ltr'><strong>in</strong></span> <span class='ocrx_word' id='word_1_57' title='bbox 1902 961 2013 1024; x_wconf 89' lang='lat' dir='ltr'><strong>duobus</strong></span> 
     </span>
     <span class='ocr_line' id='line_1_6' title="bbox 473 1057 2014 1142; baseline 0.001 -23"><span class='ocrx_word' id='word_1_58' title='bbox 473 1057 515 1120; x_wconf 94' lang='lat' dir='ltr'><strong>lia</strong></span> <span class='ocrx_word' id='word_1_59' title='bbox 536 1059 707 1134; x_wconf 89' lang='lat' dir='ltr'><strong>elevatum,</strong></span> <span class='ocrx_word' id='word_1_60' title='bbox 727 1061 766 1122; x_wconf 91' lang='lat' dir='ltr'><strong>ad</strong></span> <span class='ocrx_word' id='word_1_61' title='bbox 788 1061 889 1123; x_wconf 87' lang='lat' dir='ltr'><strong>Deum</strong></span> <span class='ocrx_word' id='word_1_62' title='bbox 913 1068 1067 1134; x_wconf 90' lang='lat' dir='ltr'><strong>erectum,</strong></span> <span class='ocrx_word' id='word_1_63' title='bbox 1084 1060 1170 1142; x_wconf 89' lang='lat' dir='ltr'><strong>viget</strong></span> <span class='ocrx_word' id='word_1_64' title='bbox 1190 1068 1223 1123; x_wconf 90' lang='lat' dir='ltr'><strong>et</strong></span> <span class='ocrx_word' id='word_1_65' title='bbox 1278 1059 1410 1122; x_wconf 90' lang='lat' dir='ltr'><strong>differre</strong></span> <span class='ocrx_word' id='word_1_66' title='bbox 1424 1060 1560 1123; x_wconf 91' lang='lat' dir='ltr'><strong>videtur.</strong></span> <span class='ocrx_word' id='word_1_67' title='bbox 1577 1061 1693 1135; x_wconf 87' lang='lat' dir='ltr'><strong>Primo,</strong></span> <span class='ocrx_word' id='word_1_68' title='bbox 1712 1061 1864 1142; x_wconf 88' lang='lat' dir='ltr'><strong>quoniam</strong></span> <span class='ocrx_word' id='word_1_69' title='bbox 1888 1067 2014 1122; x_wconf 90' lang='lat' dir='ltr'><strong>contem·</strong></span> 
     </span>
     <span class='ocr_line' id='line_1_7' title="bbox 473 1157 2015 1241; baseline -0.001 -22"><span class='ocrx_word' id='word_1_70' title='bbox 473 1164 687 1220; x_wconf 88' lang='lat' dir='ltr'><strong>conservatur.</strong></span> <span class='ocrx_word' id='word_1_71' title='bbox 714 1159 794 1221; x_wconf 91' lang='lat' dir='ltr'><strong>lliuc</strong></span> <span class='ocrx_word' id='word_1_72' title='bbox 823 1159 964 1241; x_wconf 90' lang='lat' dir='ltr'><strong>loquitur</strong></span> <span class='ocrx_word' id='word_1_73' title='bbox 988 1159 1184 1240; x_wconf 79' lang='lat' dir='ltr'><strong>Augustinus</strong></span> <span class='ocrx_word' id='word_1_74' title='bbox 1212 1179 1219 1223; x_wconf 94' lang='lat'><strong>:</strong></span> <span class='ocrx_word' id='word_1_75' title='bbox 1278 1157 1389 1238; x_wconf 87' lang='lat' dir='ltr'><strong>plativi</strong></span> <span class='ocrx_word' id='word_1_76' title='bbox 1421 1158 1634 1240; x_wconf 88' lang='lat' dir='ltr'><strong>tranquilliori</strong></span> <span class='ocrx_word' id='word_1_77' title='bbox 1667 1158 1888 1240; x_wconf 87' lang='lat' dir='ltr'><strong>stabiliorique</strong></span> <span class='ocrx_word' id='word_1_78' title='bbox 1922 1165 2015 1220; x_wconf 87' lang='lat' dir='ltr'><strong>mento</strong></span> 
     </span>
     <span class='ocr_line' id='line_1_8' title="bbox 472 1254 2014 1339; baseline -0.001 -22"><span class='ocrx_word' id='word_1_79' title='bbox 472 1254 541 1317; x_wconf 91' lang='lat' dir='ltr'><strong>Non</strong></span> <span class='ocrx_word' id='word_1_80' title='bbox 573 1256 729 1338; x_wconf 77' lang='lat' dir='ltr'><strong>putrescit</strong></span> <span class='ocrx_word' id='word_1_81' title='bbox 760 1275 814 1319; x_wconf 91' lang='lat' dir='ltr'><strong>cor</strong></span> <span class='ocrx_word' id='word_1_82' title='bbox 846 1265 936 1318; x_wconf 90' lang='lat' dir='ltr'><strong>tuum</strong></span> <span class='ocrx_word' id='word_1_83' title='bbox 969 1257 995 1318; x_wconf 91' lang='lat' dir='ltr'><strong>si</strong></span> <span class='ocrx_word' id='word_1_84' title='bbox 1028 1257 1151 1319; x_wconf 89' lang='lat' dir='ltr'><strong>levetur</strong></span> <span class='ocrx_word' id='word_1_85' title='bbox 1181 1257 1220 1318; x_wconf 96' lang='lat' dir='ltr'><strong>ad</strong></span> <span class='ocrx_word' id='word_1_86' title='bbox 1278 1263 1378 1330; x_wconf 88' lang='lat' dir='ltr'><strong>orant,</strong></span> <span class='ocrx_word' id='word_1_87' title='bbox 1396 1256 1440 1317; x_wconf 84' lang='lat' dir='ltr'><strong>ita</strong></span> <span class='ocrx_word' id='word_1_88' title='bbox 1461 1257 1546 1338; x_wconf 95' lang='lat' dir='ltr'><strong>quod</strong></span> <span class='ocrx_word' id='word_1_89' title='bbox 1566 1257 1737 1330; x_wconf 86' lang='lat' dir='ltr'><strong>exorando,</strong></span> <span class='ocrx_word' id='word_1_90' title='bbox 1753 1257 1845 1339; x_wconf 90' lang='lat' dir='ltr'><strong>qnasi</strong></span> <span class='ocrx_word' id='word_1_91' title='bbox 1866 1257 1900 1318; x_wconf 93' lang='lat' dir='ltr'><strong>in</strong></span> <span class='ocrx_word' id='word_1_92' title='bbox 1923 1256 2014 1318; x_wconf 91' lang='lat' dir='ltr'><strong>latitu-</strong></span> 
     </span>
     <span class='ocr_line' id='line_1_9' title="bbox 472 1352 2015 1430; baseline 0 -16"><span class='ocrx_word' id='word_1_93' title='bbox 472 1352 583 1416; x_wconf 90' lang='lat' dir='ltr'><strong>Dcum.</strong></span> <span class='ocrx_word' id='word_1_94' title='bbox 605 1355 813 1418; x_wconf 81' lang='lat' dir='ltr'><strong>Frumentum</strong></span> <span class='ocrx_word' id='word_1_95' title='bbox 838 1363 931 1417; x_wconf 93' lang='lat' dir='ltr'><strong>tuum</strong></span> <span class='ocrx_word' id='word_1_96' title='bbox 955 1354 982 1417; x_wconf 93' lang='lat' dir='ltr'><strong>si</strong></span> <span class='ocrx_word' id='word_1_97' title='bbox 1008 1355 1041 1416; x_wconf 90' lang='lat' dir='ltr'><strong>in</strong></span> <span class='ocrx_word' id='word_1_98' title='bbox 1065 1355 1221 1418; x_wconf 89' lang='lat' dir='ltr'><strong>inferiori·</strong></span> <span class='ocrx_word' id='word_1_99' title='bbox 1278 1353 1352 1416; x_wconf 91' lang='lat' dir='ltr'><strong>dine</strong></span> <span class='ocrx_word' id='word_1_100' title='bbox 1372 1355 1476 1417; x_wconf 91' lang='lat' dir='ltr'><strong>cordis</strong></span> <span class='ocrx_word' id='word_1_101' title='bbox 1496 1373 1570 1417; x_wconf 92' lang='lat' dir='ltr'><strong>cum</strong></span> <span class='ocrx_word' id='word_1_102' title='bbox 1585 1355 1649 1418; x_wconf 84' lang='lat' dir='ltr'><strong>lleo</strong></span> <span class='ocrx_word' id='word_1_103' title='bbox 1667 1355 1884 1430; x_wconf 83' lang='lat' dir='ltr'><strong>deambulant,</strong></span> <span class='ocrx_word' id='word_1_104' title='bbox 1901 1363 1933 1416; x_wconf 89' lang='lat' dir='ltr'><strong>et</strong></span> <span class='ocrx_word' id='word_1_105' title='bbox 1950 1353 2015 1416; x_wconf 88' lang='lat' dir='ltr'><strong>ami-</strong></span> 
     </span>
     <span class='ocr_line' id='line_1_10' title="bbox 473 1450 2013 1535; baseline 0 -23"><span class='ocrx_word' id='word_1_106' title='bbox 473 1450 532 1513; x_wconf 95' lang='lat' dir='ltr'><strong>hus</strong></span> <span class='ocrx_word' id='word_1_107' title='bbox 557 1451 746 1516; x_wconf 87' lang='lat' dir='ltr'><strong>collocatum</strong></span> <span class='ocrx_word' id='word_1_108' title='bbox 776 1453 920 1526; x_wconf 90' lang='lat' dir='ltr'><strong>haberes,</strong></span> <span class='ocrx_word' id='word_1_109' title='bbox 947 1453 1026 1515; x_wconf 93' lang='lat' dir='ltr'><strong>illud</strong></span> <span class='ocrx_word' id='word_1_110' title='bbox 1051 1473 1091 1515; x_wconf 90' lang='lat' dir='ltr'><strong>ue</strong></span> <span class='ocrx_word' id='word_1_111' title='bbox 1116 1461 1221 1535; x_wconf 89' lang='lat' dir='ltr'><strong>putre·</strong></span> <span class='ocrx_word' id='word_1_112' title='bbox 1278 1451 1424 1514; x_wconf 90' lang='lat' dir='ltr'><strong>cabiliter</strong></span> <span class='ocrx_word' id='word_1_113' title='bbox 1452 1451 1716 1534; x_wconf 79' lang='lat' dir='ltr'><strong>familiariterque</strong></span> <span class='ocrx_word' id='word_1_114' title='bbox 1747 1453 1923 1534; x_wconf 90' lang='lat' dir='ltr'><strong>loquuntur</strong></span> <span class='ocrx_word' id='word_1_115' title='bbox 1951 1470 2013 1514; x_wconf 91' lang='lat' dir='ltr'><strong>cum</strong></span> 
     </span>
     <span class='ocr_line' id='line_1_11' title="bbox 473 1549 2013 1633; baseline -0.001 -22"><span class='ocrx_word' id='word_1_116' title='bbox 473 1556 576 1612; x_wconf 88' lang='lat' dir='ltr'><strong>sceret</strong></span> <span class='ocrx_word' id='word_1_117' title='bbox 589 1550 628 1612; x_wconf 91' lang='lat' dir='ltr'><strong>ad</strong></span> <span class='ocrx_word' id='word_1_118' title='bbox 646 1551 811 1633; x_wconf 86' lang='lat' dir='ltr'><strong>superiora</strong></span> <span class='ocrx_word' id='word_1_119' title='bbox 831 1550 962 1613; x_wconf 83' lang='lat' dir='ltr'><strong>levares.</strong></span> <span class='ocrx_word' id='word_1_120' title='bbox 981 1552 1151 1612; x_wconf 85' lang='lat' dir='ltr'><strong>Frumento</strong></span> <span class='ocrx_word' id='word_1_121' title='bbox 1166 1558 1221 1612; x_wconf 93' lang='lat' dir='ltr'><strong>tuo</strong></span> <span class='ocrx_word' id='word_1_122' title='bbox 1278 1549 1358 1630; x_wconf 92' lang='lat' dir='ltr'><strong>ipso,</strong></span> <span class='ocrx_word' id='word_1_123' title='bbox 1388 1557 1483 1632; x_wconf 88' lang='lat' dir='ltr'><strong>atque</strong></span> <span class='ocrx_word' id='word_1_124' title='bbox 1515 1550 1615 1632; x_wconf 92' lang='lat' dir='ltr'><strong>ipsius</strong></span> <span class='ocrx_word' id='word_1_125' title='bbox 1644 1550 1830 1624; x_wconf 90' lang='lat' dir='ltr'><strong>bonitatem,</strong></span> <span class='ocrx_word' id='word_1_126' title='bbox 1861 1551 2013 1633; x_wconf 88' lang='lat' dir='ltr'><strong>pietatem,</strong></span> 
     </span>
     <span class='ocr_line' id='line_1_12' title="bbox 472 1647 2015 1731; baseline 0 -23"><span class='ocrx_word' id='word_1_127' title='bbox 472 1654 583 1728; x_wconf 90' lang='lat' dir='ltr'><strong>aptum</strong></span> <span class='ocrx_word' id='word_1_128' title='bbox 599 1648 716 1729; x_wconf 77' lang='lat' dir='ltr'><strong>queris</strong></span> <span class='ocrx_word' id='word_1_129' title='bbox 732 1648 849 1722; x_wconf 89' lang='lat' dir='ltr'><strong>locum,</strong></span> <span class='ocrx_word' id='word_1_130' title='bbox 866 1656 898 1709; x_wconf 91' lang='lat' dir='ltr'><strong>et</strong></span> <span class='ocrx_word' id='word_1_131' title='bbox 913 1649 946 1710; x_wconf 91' lang='lat' dir='ltr'><strong>iu</strong></span> <span class='ocrx_word' id='word_1_132' title='bbox 962 1656 1045 1710; x_wconf 90' lang='lat' dir='ltr'><strong>terra</strong></span> <span class='ocrx_word' id='word_1_133' title='bbox 1060 1656 1221 1731; x_wconf 91' lang='lat' dir='ltr'><strong>putresce—</strong></span> <span class='ocrx_word' id='word_1_134' title='bbox 1277 1647 1498 1710; x_wconf 90' lang='lat' dir='ltr'><strong>excellentiam</strong></span> <span class='ocrx_word' id='word_1_135' title='bbox 1523 1648 1729 1731; x_wconf 82' lang='lat' dir='ltr'><strong>speculantur</strong></span> <span class='ocrx_word' id='word_1_136' title='bbox 1752 1667 1759 1711; x_wconf 93' lang='lat'><strong>:</strong></span> <span class='ocrx_word' id='word_1_137' title='bbox 1783 1649 1868 1730; x_wconf 93' lang='lat' dir='ltr'><strong>quod</strong></span> <span class='ocrx_word' id='word_1_138' title='bbox 1896 1655 2015 1710; x_wconf 89' lang='lat' dir='ltr'><strong>vocatur</strong></span> 
     </span>
     <span class='ocr_line' id='line_1_13' title="bbox 472 1746 2015 1829; baseline -0.001 -23"><span class='ocrx_word' id='word_1_139' title='bbox 472 1763 506 1806; x_wconf 94' lang='lat' dir='ltr'><strong>re</strong></span> <span class='ocrx_word' id='word_1_140' title='bbox 525 1746 685 1828; x_wconf 88' lang='lat' dir='ltr'><strong>permittis</strong></span> <span class='ocrx_word' id='word_1_141' title='bbox 705 1764 760 1809; x_wconf 92' lang='lat' dir='ltr'><strong>cor</strong></span> <span class='ocrx_word' id='word_1_142' title='bbox 775 1749 889 1809; x_wconf 87' lang='lat' dir='ltr'><strong>tuumf</strong></span> <span class='ocrx_word' id='word_1_143' title='bbox 905 1748 1111 1808; x_wconf 85' lang='lat' dir='ltr'><strong>Frumentum</strong></span> <span class='ocrx_word' id='word_1_144' title='bbox 1129 1754 1221 1809; x_wconf 90' lang='lat' dir='ltr'><strong>tuum</strong></span> <span class='ocrx_word' id='word_1_145' title='bbox 1277 1746 1523 1828; x_wconf 87' lang='lat' dir='ltr'><strong>contemplative</strong></span> <span class='ocrx_word' id='word_1_146' title='bbox 1547 1764 1646 1809; x_wconf 91' lang='lat' dir='ltr'><strong>orare.</strong></span> <span class='ocrx_word' id='word_1_147' title='bbox 1671 1748 1718 1809; x_wconf 78' lang='lat' dir='ltr'><strong>Ad</strong></span> <span class='ocrx_word' id='word_1_148' title='bbox 1741 1747 1827 1829; x_wconf 95' lang='lat' dir='ltr'><strong>quod</strong></span> <span class='ocrx_word' id='word_1_149' title='bbox 1852 1746 2015 1828; x_wconf 89' lang='lat' dir='ltr'><strong>requiritur</strong></span> 
     </span>
     <span class='ocr_line' id='line_1_14' title="bbox 473 1842 2015 1927; baseline 0.001 -24"><span class='ocrx_word' id='word_1_150' title='bbox 473 1842 558 1906; x_wconf 89' lang='lat' dir='ltr'><strong>levas</strong></span> <span class='ocrx_word' id='word_1_151' title='bbox 578 1845 617 1907; x_wconf 89' lang='lat' dir='ltr'><strong>ad</strong></span> <span class='ocrx_word' id='word_1_152' title='bbox 637 1844 812 1927; x_wconf 88' lang='lat' dir='ltr'><strong>superiora,</strong></span> <span class='ocrx_word' id='word_1_153' title='bbox 829 1853 861 1906; x_wconf 94' lang='lat' dir='ltr'><strong>et</strong></span> <span class='ocrx_word' id='word_1_154' title='bbox 881 1853 1021 1908; x_wconf 89' lang='lat' dir='ltr'><strong>mentem</strong></span> <span class='ocrx_word' id='word_1_155' title='bbox 1041 1852 1130 1906; x_wconf 90' lang='lat' dir='ltr'><strong>tuam</strong></span> <span class='ocrx_word' id='word_1_156' title='bbox 1152 1845 1221 1908; x_wconf 91' lang='lat' dir='ltr'><strong>leva</strong></span> <span class='ocrx_word' id='word_1_157' title='bbox 1240 1844 1489 1926; x_wconf 87' lang='lat' dir='ltr'><strong>Btrauquillitas</strong></span> <span class='ocrx_word' id='word_1_158' title='bbox 1512 1845 1636 1906; x_wconf 92' lang='lat' dir='ltr'><strong>mentis.</strong></span> <span class='ocrx_word' id='word_1_159' title='bbox 1655 1845 1742 1907; x_wconf 88' lang='lat' dir='ltr'><strong>Unde</strong></span> <span class='ocrx_word' id='word_1_160' title='bbox 1762 1844 1893 1926; x_wconf 89' lang='lat' dir='ltr'><strong>quidam</strong></span> <span class='ocrx_word' id='word_1_161' title='bbox 1913 1861 2015 1906; x_wconf 90' lang='lat' dir='ltr'><strong>senum</strong></span> 
     </span>
     <span class='ocr_line' id='line_1_15' title="bbox 470 1941 2015 2025; baseline -0.001 -23"><span class='ocrx_word' id='word_1_162' title='bbox 470 1941 510 2002; x_wconf 94' lang='lat' dir='ltr'><strong>ad</strong></span> <span class='ocrx_word' id='word_1_163' title='bbox 525 1942 667 2004; x_wconf 89' lang='lat' dir='ltr'><strong>coelestia</strong></span> <span class='ocrx_word' id='word_1_164' title='bbox 680 1961 717 2004; x_wconf 91' lang='lat' dir='ltr'><strong>ac</strong></span> <span class='ocrx_word' id='word_1_165' title='bbox 732 1944 850 2006; x_wconf 91' lang='lat' dir='ltr'><strong>divina.</strong></span> <span class='ocrx_word' id='word_1_166' title='bbox 868 1943 906 2004; x_wconf 81' lang='lat' dir='ltr'><strong>Et</strong></span> <span class='ocrx_word' id='word_1_167' title='bbox 921 1943 1090 2025; x_wconf 89' lang='lat' dir='ltr'><strong>quomodo,</strong></span> <span class='ocrx_word' id='word_1_168' title='bbox 1102 1943 1219 2025; x_wconf 90' lang='lat' dir='ltr'><strong>inquis,</strong></span> <span class='ocrx_word' id='word_1_169' title='bbox 1276 1942 1449 2005; x_wconf 85' lang='lat' dir='ltr'><strong>dixerunt:</strong></span> <span class='ocrx_word' id='word_1_170' title='bbox 1467 1942 1555 2004; x_wconf 87' lang='lat' dir='ltr'><strong>Sicut</strong></span> <span class='ocrx_word' id='word_1_171' title='bbox 1577 1942 1776 2024; x_wconf 89' lang='lat' dir='ltr'><strong>impossibile</strong></span> <span class='ocrx_word' id='word_1_172' title='bbox 1796 1950 1845 2004; x_wconf 90' lang='lat' dir='ltr'><strong>est</strong></span> <span class='ocrx_word' id='word_1_173' title='bbox 1866 1950 1903 2004; x_wconf 90' lang='lat' dir='ltr'><strong>ut</strong></span> <span class='ocrx_word' id='word_1_174' title='bbox 1922 1942 2015 2003; x_wconf 85' lang='lat' dir='ltr'><strong>videat</strong></span> 
     </span>
     <span class='ocr_line' id='line_1_16' title="bbox 471 2040 2016 2123; baseline -0.001 -21"><span class='ocrx_word' id='word_1_175' title='bbox 471 2044 624 2121; x_wconf 85' lang='lat' dir='ltr'><strong>possumf</strong></span> <span class='ocrx_word' id='word_1_176' title='bbox 640 2042 714 2115; x_wconf 79' lang='lat' dir='ltr'><strong>Quae</strong></span> <span class='ocrx_word' id='word_1_177' title='bbox 729 2041 834 2116; x_wconf 92' lang='lat' dir='ltr'><strong>funes,</strong></span> <span class='ocrx_word' id='word_1_178' title='bbox 852 2061 923 2123; x_wconf 81' lang='lat' dir='ltr'><strong>quae</strong></span> <span class='ocrx_word' id='word_1_179' title='bbox 944 2041 1047 2115; x_wconf 86' lang='lat' dir='ltr'><strong>scalae,</strong></span> <span class='ocrx_word' id='word_1_180' title='bbox 1063 2062 1134 2123; x_wconf 71' lang='lat' dir='ltr'><strong>quae</strong></span> <span class='ocrx_word' id='word_1_181' title='bbox 1155 2061 1220 2104; x_wconf 92' lang='lat' dir='ltr'><strong>ma·</strong></span> <span class='ocrx_word' id='word_1_182' title='bbox 1275 2041 1348 2122; x_wconf 94' lang='lat' dir='ltr'><strong>quis</strong></span> <span class='ocrx_word' id='word_1_183' title='bbox 1371 2041 1403 2103; x_wconf 91' lang='lat' dir='ltr'><strong>iu</strong></span> <span class='ocrx_word' id='word_1_184' title='bbox 1422 2059 1505 2123; x_wconf 90' lang='lat' dir='ltr'><strong>aqua</strong></span> <span class='ocrx_word' id='word_1_185' title='bbox 1524 2041 1651 2104; x_wconf 90' lang='lat' dir='ltr'><strong>turbida</strong></span> <span class='ocrx_word' id='word_1_186' title='bbox 1671 2040 1787 2104; x_wconf 92' lang='lat' dir='ltr'><strong>faciem</strong></span> <span class='ocrx_word' id='word_1_187' title='bbox 1808 2059 1912 2116; x_wconf 91' lang='lat' dir='ltr'><strong>suam,</strong></span> <span class='ocrx_word' id='word_1_188' title='bbox 1929 2041 1973 2102; x_wconf 90' lang='lat' dir='ltr'><strong>sic</strong></span> <span class='ocrx_word' id='word_1_189' title='bbox 1991 2047 2016 2101; x_wconf 87' lang='lat' dir='ltr'><strong>et</strong></span> 
     </span>
     <span class='ocr_line' id='line_1_17' title="bbox 471 2137 2015 2221; baseline 0 -22"><span class='ocrx_word' id='word_1_190' title='bbox 471 2137 573 2202; x_wconf 83' lang='lat' dir='ltr'><strong>chinae</strong></span> <span class='ocrx_word' id='word_1_191' title='bbox 593 2139 823 2220; x_wconf 86' lang='lat' dir='ltr'><strong>requirunturf</strong></span> <span class='ocrx_word' id='word_1_192' title='bbox 838 2138 981 2202; x_wconf 81' lang='lat' dir='ltr'><strong>Allectus</strong></span> <span class='ocrx_word' id='word_1_193' title='bbox 1003 2148 1088 2214; x_wconf 87' lang='lat' dir='ltr'><strong>tuus,</strong></span> <span class='ocrx_word' id='word_1_194' title='bbox 1104 2139 1221 2219; x_wconf 90' lang='lat' dir='ltr'><strong>gradus</strong></span> <span class='ocrx_word' id='word_1_195' title='bbox 1275 2138 1392 2212; x_wconf 89' lang='lat' dir='ltr'><strong>anima,</strong></span> <span class='ocrx_word' id='word_1_196' title='bbox 1410 2139 1471 2200; x_wconf 91' lang='lat' dir='ltr'><strong>nisi</strong></span> <span class='ocrx_word' id='word_1_197' title='bbox 1487 2145 1620 2221; x_wconf 88' lang='lat' dir='ltr'><strong>purgata</strong></span> <span class='ocrx_word' id='word_1_198' title='bbox 1636 2137 1732 2201; x_wconf 90' lang='lat' dir='ltr'><strong>fuerit</strong></span> <span class='ocrx_word' id='word_1_199' title='bbox 1746 2159 1765 2201; x_wconf 98' lang='lat' dir='ltr'><strong>a</strong></span> <span class='ocrx_word' id='word_1_200' title='bbox 1779 2137 2015 2220; x_wconf 84' lang='lat' dir='ltr'><strong>cogitationibus</strong></span> 
     </span>
     <span class='ocr_line' id='line_1_18' title="bbox 470 2235 2016 2318; baseline 0 -21"><span class='ocrx_word' id='word_1_201' title='bbox 470 2243 536 2315; x_wconf 91' lang='lat' dir='ltr'><strong>est;</strong></span> <span class='ocrx_word' id='word_1_202' title='bbox 553 2236 613 2298; x_wconf 90' lang='lat' dir='ltr'><strong>iter</strong></span> <span class='ocrx_word' id='word_1_203' title='bbox 627 2244 730 2310; x_wconf 92' lang='lat' dir='ltr'><strong>tuum,</strong></span> <span class='ocrx_word' id='word_1_204' title='bbox 748 2237 830 2300; x_wconf 88' lang='lat' dir='ltr'><strong>hona</strong></span> <span class='ocrx_word' id='word_1_205' title='bbox 845 2237 992 2300; x_wconf 90' lang='lat' dir='ltr'><strong>voluutas</strong></span> <span class='ocrx_word' id='word_1_206' title='bbox 1007 2245 1064 2299; x_wconf 88' lang='lat' dir='ltr'><strong>est.</strong></span> <span class='ocrx_word' id='word_1_207' title='bbox 1077 2236 1220 2299; x_wconf 84' lang='lat' dir='ltr'><strong>Amando</strong></span> <span class='ocrx_word' id='word_1_208' title='bbox 1275 2235 1398 2310; x_wconf 89' lang='lat' dir='ltr'><strong>alienis,</strong></span> <span class='ocrx_word' id='word_1_209' title='bbox 1409 2236 1655 2318; x_wconf 89' lang='lat' dir='ltr'><strong>contemplative</strong></span> <span class='ocrx_word' id='word_1_210' title='bbox 1670 2237 1770 2299; x_wconf 86' lang='lat' dir='ltr'><strong>Deum</strong></span> <span class='ocrx_word' id='word_1_211' title='bbox 1786 2254 1876 2299; x_wconf 91' lang='lat' dir='ltr'><strong>orare</strong></span> <span class='ocrx_word' id='word_1_212' title='bbox 1892 2253 1955 2298; x_wconf 93' lang='lat' dir='ltr'><strong>non</strong></span> <span class='ocrx_word' id='word_1_213' title='bbox 1970 2251 2016 2317; x_wconf 93' lang='lat' dir='ltr'><strong>po-</strong></span> 
     </span>
     <span class='ocr_line' id='line_1_19' title="bbox 470 2331 2015 2416; baseline -0.003 -20"><span class='ocrx_word' id='word_1_214' title='bbox 470 2335 627 2408; x_wconf 90' lang='lat' dir='ltr'><strong>ascendis,</strong></span> <span class='ocrx_word' id='word_1_215' title='bbox 653 2334 844 2416; x_wconf 89' lang='lat' dir='ltr'><strong>negligendo</strong></span> <span class='ocrx_word' id='word_1_216' title='bbox 867 2335 1050 2414; x_wconf 91' lang='lat' dir='ltr'><strong>descendis;</strong></span> <span class='ocrx_word' id='word_1_217' title='bbox 1075 2342 1161 2396; x_wconf 91' lang='lat' dir='ltr'><strong>stans</strong></span> <span class='ocrx_word' id='word_1_218' title='bbox 1187 2335 1219 2396; x_wconf 93' lang='lat' dir='ltr'><strong>in</strong></span> <span class='ocrx_word' id='word_1_219' title='bbox 1276 2342 1345 2396; x_wconf 91' lang='lat' dir='ltr'><strong>test.</strong></span> <span class='ocrx_word' id='word_1_220' title='bbox 1369 2335 1416 2397; x_wconf 83' lang='lat' dir='ltr'><strong>Ad</strong></span> <span class='ocrx_word' id='word_1_221' title='bbox 1441 2334 1521 2396; x_wconf 87' lang='lat' dir='ltr'><strong>hanc</strong></span> <span class='ocrx_word' id='word_1_222' title='bbox 1546 2352 1621 2416; x_wconf 92' lang='lat' dir='ltr'><strong>ergo</strong></span> <span class='ocrx_word' id='word_1_223' title='bbox 1645 2334 1820 2397; x_wconf 88' lang='lat' dir='ltr'><strong>orationem</strong></span> <span class='ocrx_word' id='word_1_224' title='bbox 1844 2331 2015 2396; x_wconf 89' lang='lat' dir='ltr'><strong>necessaria</strong></span> 
     </span>
     <span class='ocr_line' id='line_1_20' title="bbox 470 2432 2016 2516; baseline -0.001 -22"><span class='ocrx_word' id='word_1_225' title='bbox 470 2441 565 2508; x_wconf 87' lang='lat' dir='ltr'><strong>terra,</strong></span> <span class='ocrx_word' id='word_1_226' title='bbox 583 2433 615 2494; x_wconf 93' lang='lat' dir='ltr'><strong>in</strong></span> <span class='ocrx_word' id='word_1_227' title='bbox 638 2432 719 2495; x_wconf 85' lang='lat' dir='ltr'><strong>coelo</strong></span> <span class='ocrx_word' id='word_1_228' title='bbox 740 2451 785 2507; x_wconf 90' lang='lat' dir='ltr'><strong>es,</strong></span> <span class='ocrx_word' id='word_1_229' title='bbox 808 2433 835 2496; x_wconf 92' lang='lat' dir='ltr'><strong>si</strong></span> <span class='ocrx_word' id='word_1_230' title='bbox 857 2433 963 2516; x_wconf 85' lang='lat' dir='ltr'><strong>diligis</strong></span> <span class='ocrx_word' id='word_1_231' title='bbox 984 2434 1095 2496; x_wconf 85' lang='lat' dir='ltr'><strong>Deum.</strong></span> <span class='ocrx_word' id='word_1_232' title='bbox 1274 2440 1323 2494; x_wconf 92' lang='lat' dir='ltr'><strong>est</strong></span> <span class='ocrx_word' id='word_1_233' title='bbox 1338 2432 1518 2495; x_wconf 85' lang='lat' dir='ltr'><strong>recollectio</strong></span> <span class='ocrx_word' id='word_1_234' title='bbox 1535 2433 1659 2496; x_wconf 90' lang='lat' dir='ltr'><strong>mentis.</strong></span> <span class='ocrx_word' id='word_1_235' title='bbox 1670 2433 1827 2506; x_wconf 90' lang='lat' dir='ltr'><strong>Secundo,</strong></span> <span class='ocrx_word' id='word_1_236' title='bbox 1837 2433 1939 2495; x_wconf 88' lang='lat' dir='ltr'><strong>oratio</strong></span> <span class='ocrx_word' id='word_1_237' title='bbox 1954 2449 2016 2494; x_wconf 89' lang='lat' dir='ltr'><strong>con·</strong></span> 
     </span>
     <span class='ocr_line' id='line_1_21' title="bbox 511 2530 2102 2614; baseline -0.001 -22"><span class='ocrx_word' id='word_1_238' title='bbox 511 2531 591 2593; x_wconf 85' lang='lat' dir='ltr'><strong>Ecce</strong></span> <span class='ocrx_word' id='word_1_239' title='bbox 606 2550 645 2594; x_wconf 88' lang='lat' dir='ltr'><strong>ex</strong></span> <span class='ocrx_word' id='word_1_240' title='bbox 660 2531 710 2593; x_wconf 93' lang='lat' dir='ltr'><strong>his</strong></span> <span class='ocrx_word' id='word_1_241' title='bbox 726 2531 876 2612; x_wconf 89' lang='lat' dir='ltr'><strong>colligere</strong></span> <span class='ocrx_word' id='word_1_242' title='bbox 891 2551 1062 2614; x_wconf 90' lang='lat' dir='ltr'><strong>possumus</strong></span> <span class='ocrx_word' id='word_1_243' title='bbox 1082 2533 1146 2595; x_wconf 89' lang='lat' dir='ltr'><strong>alas</strong></span> <span class='ocrx_word' id='word_1_244' title='bbox 1163 2551 1217 2594; x_wconf 82' lang='lat' dir='ltr'><strong>sex</strong></span> <span class='ocrx_word' id='word_1_245' title='bbox 1273 2531 1534 2612; x_wconf 86' lang='lat' dir='ltr'><strong>templativorum</strong></span> <span class='ocrx_word' id='word_1_246' title='bbox 1555 2530 1595 2592; x_wconf 87' lang='lat' dir='ltr'><strong>ab</strong></span> <span class='ocrx_word' id='word_1_247' title='bbox 1617 2530 1752 2594; x_wconf 89' lang='lat' dir='ltr'><strong>aliorum</strong></span> <span class='ocrx_word' id='word_1_248' title='bbox 1778 2530 1888 2592; x_wconf 88' lang='lat' dir='ltr'><strong>differt</strong></span> <span class='ocrx_word' id='word_1_249' title='bbox 1910 2530 2015 2593; x_wconf 89' lang='lat' dir='ltr'><strong>oratio·</strong></span> <span class='ocrx_word' id='word_1_250' title='bbox 2101 2583 2102 2598; x_wconf 43' lang='lat'><em>2</em></span> 
     </span>
     <span class='ocr_line' id='line_1_22' title="bbox 468 2609 2102 2712; baseline -0.002 -21"><span class='ocrx_word' id='word_1_251' title='bbox 468 2629 587 2712; x_wconf 93' lang='lat' dir='ltr'><strong>quibus</strong></span> <span class='ocrx_word' id='word_1_252' title='bbox 606 2630 644 2692; x_wconf 92' lang='lat' dir='ltr'><strong>ad</strong></span> <span class='ocrx_word' id='word_1_253' title='bbox 665 2649 827 2692; x_wconf 90' lang='lat' dir='ltr'><strong>summum</strong></span> <span class='ocrx_word' id='word_1_254' title='bbox 848 2632 1070 2693; x_wconf 90' lang='lat' dir='ltr'><strong>universorum</strong></span> <span class='ocrx_word' id='word_1_255' title='bbox 1085 2630 1216 2703; x_wconf 89' lang='lat' dir='ltr'><strong>volatur,</strong></span> <span class='ocrx_word' id='word_1_256' title='bbox 1274 2629 1492 2711; x_wconf 73' lang='lat' dir='ltr'><strong>aequoniam</strong></span> <span class='ocrx_word' id='word_1_257' title='bbox 1515 2630 1754 2711; x_wconf 86' lang='lat' dir='ltr'><strong>contemplativi</strong></span> <span class='ocrx_word' id='word_1_258' title='bbox 1779 2627 1970 2711; x_wconf 78' lang='lat' dir='ltr'><strong>perfectiora</strong></span> <span class='ocrx_word' id='word_1_259' title='bbox 1988 2635 2014 2689; x_wconf 85' lang='lat' dir='ltr'><strong>et</strong></span> <span class='ocrx_word' id='word_1_260' title='bbox 2101 2609 2102 2656; x_wconf 62' lang='lat'><em>³</em></span> 
     </span>
     <span class='ocr_line' id='line_1_23' title="bbox 469 2727 2012 2809; baseline -0.002 -19"><span class='ocrx_word' id='word_1_261' title='bbox 469 2729 569 2790; x_wconf 81' lang='lat' dir='ltr'><strong>heum</strong></span> <span class='ocrx_word' id='word_1_262' title='bbox 590 2727 773 2791; x_wconf 90' lang='lat' dir='ltr'><strong>sublimem.</strong></span> <span class='ocrx_word' id='word_1_263' title='bbox 790 2727 894 2790; x_wconf 90' lang='lat' dir='ltr'><strong>Prima</strong></span> <span class='ocrx_word' id='word_1_264' title='bbox 910 2737 957 2791; x_wconf 92' lang='lat' dir='ltr'><strong>est</strong></span> <span class='ocrx_word' id='word_1_265' title='bbox 973 2729 1090 2808; x_wconf 88' lang='lat' dir='ltr'><strong>oratio;</strong></span> <span class='ocrx_word' id='word_1_266' title='bbox 1107 2748 1218 2791; x_wconf 91' lang='lat' dir='ltr'><strong>secun·</strong></span> <span class='ocrx_word' id='word_1_267' title='bbox 1272 2728 1442 2790; x_wconf 87' lang='lat' dir='ltr'><strong>secretiora</strong></span> <span class='ocrx_word' id='word_1_268' title='bbox 1471 2728 1643 2808; x_wconf 88' lang='lat' dir='ltr'><strong>gratiarum</strong></span> <span class='ocrx_word' id='word_1_269' title='bbox 1675 2728 1865 2790; x_wconf 86' lang='lat' dir='ltr'><strong>charismata</strong></span> <span class='ocrx_word' id='word_1_270' title='bbox 1896 2734 2012 2809; x_wconf 87' lang='lat' dir='ltr'><strong>petunt,</strong></span> 
     </span>
     <span class='ocr_line' id='line_1_24' title="bbox 468 2825 2013 2909; baseline -0.002 -21"><span class='ocrx_word' id='word_1_271' title='bbox 468 2827 518 2900; x_wconf 89' lang='lat' dir='ltr'><strong>da,</strong></span> <span class='ocrx_word' id='word_1_272' title='bbox 531 2825 675 2906; x_wconf 90' lang='lat' dir='ltr'><strong>devotio;</strong></span> <span class='ocrx_word' id='word_1_273' title='bbox 692 2827 796 2900; x_wconf 87' lang='lat' dir='ltr'><strong>tertia,</strong></span> <span class='ocrx_word' id='word_1_274' title='bbox 814 2827 995 2906; x_wconf 86' lang='lat' dir='ltr'><strong>meditatio;</strong></span> <span class='ocrx_word' id='word_1_275' title='bbox 1012 2835 1133 2909; x_wconf 86' lang='lat' dir='ltr'><strong>quarta,</strong></span> <span class='ocrx_word' id='word_1_276' title='bbox 1151 2828 1216 2889; x_wconf 90' lang='lat' dir='ltr'><strong>lau·</strong></span> <span class='ocrx_word' id='word_1_277' title='bbox 1272 2825 1372 2888; x_wconf 89' lang='lat' dir='ltr'><strong>Deum</strong></span> <span class='ocrx_word' id='word_1_278' title='bbox 1395 2827 1513 2888; x_wconf 90' lang='lat' dir='ltr'><strong>orando</strong></span> <span class='ocrx_word' id='word_1_279' title='bbox 1535 2834 1571 2888; x_wconf 89' lang='lat' dir='ltr'><strong>ut</strong></span> <span class='ocrx_word' id='word_1_280' title='bbox 1593 2834 1715 2888; x_wconf 89' lang='lat' dir='ltr'><strong>mentes</strong></span> <span class='ocrx_word' id='word_1_281' title='bbox 1737 2844 1847 2889; x_wconf 89' lang='lat' dir='ltr'><strong>eorum</strong></span> <span class='ocrx_word' id='word_1_282' title='bbox 1870 2826 1911 2889; x_wconf 84' lang='lat' dir='ltr'><strong>ab</strong></span> <span class='ocrx_word' id='word_1_283' title='bbox 1932 2825 2013 2888; x_wconf 92' lang='lat' dir='ltr'><strong>omni</strong></span> 
     </span>
     <span class='ocr_line' id='line_1_25' title="bbox 467 2924 2011 3007; baseline -0.001 -21"><span class='ocrx_word' id='word_1_284' title='bbox 467 2925 570 3005; x_wconf 89' lang='lat' dir='ltr'><strong>datio;</strong></span> <span class='ocrx_word' id='word_1_285' title='bbox 595 2926 718 3007; x_wconf 89' lang='lat' dir='ltr'><strong>quinta,</strong></span> <span class='ocrx_word' id='word_1_286' title='bbox 744 2925 989 3006; x_wconf 85' lang='lat' dir='ltr'><strong>contemplatio;</strong></span> <span class='ocrx_word' id='word_1_287' title='bbox 1014 2933 1112 3001; x_wconf 87' lang='lat' dir='ltr'><strong>sexta,</strong></span> <span class='ocrx_word' id='word_1_288' title='bbox 1139 2926 1217 2989; x_wconf 92' lang='lat' dir='ltr'><strong>dile·</strong></span> <span class='ocrx_word' id='word_1_289' title='bbox 1271 2924 1367 2986; x_wconf 89' lang='lat' dir='ltr'><strong>etiam</strong></span> <span class='ocrx_word' id='word_1_290' title='bbox 1383 2925 1498 2987; x_wconf 91' lang='lat' dir='ltr'><strong>veniali</strong></span> <span class='ocrx_word' id='word_1_291' title='bbox 1514 2925 1608 3006; x_wconf 90' lang='lat' dir='ltr'><strong>culpa</strong></span> <span class='ocrx_word' id='word_1_292' title='bbox 1622 2932 1777 3007; x_wconf 85' lang='lat' dir='ltr'><strong>expurget</strong></span> <span class='ocrx_word' id='word_1_293' title='bbox 1791 2932 1822 2986; x_wconf 92' lang='lat' dir='ltr'><strong>et</strong></span> <span class='ocrx_word' id='word_1_294' title='bbox 1838 2931 2011 3006; x_wconf 81' lang='lat' dir='ltr'><strong>praeservet,</strong></span> 
     </span>
     <span class='ocr_line' id='line_1_26' title="bbox 467 3021 2013 3106; baseline -0.002 -21"><span class='ocrx_word' id='word_1_295' title='bbox 467 3023 540 3086; x_wconf 90' lang='lat' dir='ltr'><strong>ctio.</strong></span> <span class='ocrx_word' id='word_1_296' title='bbox 554 3025 596 3087; x_wconf 84' lang='lat' dir='ltr'><strong>lle</strong></span> <span class='ocrx_word' id='word_1_297' title='bbox 612 3023 729 3106; x_wconf 91' lang='lat' dir='ltr'><strong>quibus</strong></span> <span class='ocrx_word' id='word_1_298' title='bbox 745 3023 880 3105; x_wconf 87' lang='lat' dir='ltr'><strong>intelligi</strong></span> <span class='ocrx_word' id='word_1_299' title='bbox 897 3025 1105 3106; x_wconf 90' lang='lat' dir='ltr'><strong>potest,quod</strong></span> <span class='ocrx_word' id='word_1_300' title='bbox 1122 3025 1215 3087; x_wconf 87' lang='lat' dir='ltr'><strong>lsaias</strong></span> <span class='ocrx_word' id='word_1_301' title='bbox 1232 3032 1253 3094; x_wconf 82' lang='lat' dir='ltr'>G</span> <span class='ocrx_word' id='word_1_302' title='bbox 1271 3022 1403 3103; x_wconf 91' lang='lat' dir='ltr'><strong>iusuper</strong></span> <span class='ocrx_word' id='word_1_303' title='bbox 1422 3042 1475 3085; x_wconf 87' lang='lat' dir='ltr'><strong>eas</strong></span> <span class='ocrx_word' id='word_1_304' title='bbox 1496 3023 1623 3085; x_wconf 89' lang='lat' dir='ltr'><strong>assidue</strong></span> <span class='ocrx_word' id='word_1_305' title='bbox 1645 3023 1745 3102; x_wconf 91' lang='lat' dir='ltr'><strong>magis</strong></span> <span class='ocrx_word' id='word_1_306' title='bbox 1766 3041 1803 3084; x_wconf 88' lang='lat' dir='ltr'><strong>ac</strong></span> <span class='ocrx_word' id='word_1_307' title='bbox 1824 3023 1926 3104; x_wconf 90' lang='lat' dir='ltr'><strong>magis</strong></span> <span class='ocrx_word' id='word_1_308' title='bbox 1949 3021 2013 3084; x_wconf 94' lang='lat' dir='ltr'><strong>illu·</strong></span> 
     </span>
     <span class='ocr_line' id='line_1_27' title="bbox 467 3120 2013 3205; baseline -0.002 -21"><span class='ocrx_word' id='word_1_309' title='bbox 467 3142 522 3185; x_wconf 81' lang='lat' dir='ltr'><strong>sex</strong></span> <span class='ocrx_word' id='word_1_310' title='bbox 545 3123 610 3186; x_wconf 90' lang='lat' dir='ltr'><strong>alas</strong></span> <span class='ocrx_word' id='word_1_311' title='bbox 633 3143 667 3186; x_wconf 89' lang='lat' dir='ltr'><strong>se</strong></span> <span class='ocrx_word' id='word_1_312' title='bbox 682 3122 723 3185; x_wconf 80' lang='lat' dir='ltr'><strong>in</strong></span> <span class='ocrx_word' id='word_1_313' title='bbox 745 3123 912 3205; x_wconf 90' lang='lat' dir='ltr'><strong>Seraphim</strong></span> <span class='ocrx_word' id='word_1_314' title='bbox 931 3123 1050 3185; x_wconf 90' lang='lat' dir='ltr'><strong>vidisse</strong></span> <span class='ocrx_word' id='word_1_315' title='bbox 1071 3123 1214 3186; x_wconf 89' lang='lat' dir='ltr'><strong>fatetur:</strong></span> <span class='ocrx_word' id='word_1_316' title='bbox 1272 3121 1372 3182; x_wconf 89' lang='lat' dir='ltr'><strong>minet</strong></span> <span class='ocrx_word' id='word_1_317' title='bbox 1387 3128 1418 3183; x_wconf 92' lang='lat' dir='ltr'><strong>et</strong></span> <span class='ocrx_word' id='word_1_318' title='bbox 1432 3120 1593 3195; x_wconf 89' lang='lat' dir='ltr'><strong>accendat,</strong></span> <span class='ocrx_word' id='word_1_319' title='bbox 1610 3121 1753 3202; x_wconf 92' lang='lat' dir='ltr'><strong>impleat,</strong></span> <span class='ocrx_word' id='word_1_320' title='bbox 1771 3121 1909 3195; x_wconf 90' lang='lat' dir='ltr'><strong>roboret,</strong></span> <span class='ocrx_word' id='word_1_321' title='bbox 1922 3128 1954 3183; x_wconf 86' lang='lat' dir='ltr'><strong>et</strong></span> <span class='ocrx_word' id='word_1_322' title='bbox 1967 3138 2013 3182; x_wconf 89' lang='lat' dir='ltr'><strong>eas</strong></span> 
     </span>
    </p>
   </div>
   <div class='ocr_carea' id='block_1_3' title="bbox 348 3219 2014 3304">
    <p class='ocr_par' dir='ltr' id='par_1_3' title="bbox 348 3219 2014 3304">
     <span class='ocr_line' id='line_1_28' title="bbox 348 3219 2014 3304; baseline -0.005 -18"><span class='ocrx_word' id='word_1_323' title='bbox 348 3258 405 3296; x_wconf 59' lang='lat' dir='ltr'><strong>aa,</strong></span> <span class='ocrx_word' id='word_1_324' title='bbox 432 3277 437 3288; x_wconf 93' lang='lat'>.</span> <span class='ocrx_word' id='word_1_325' title='bbox 467 3221 632 3304; x_wconf 89' lang='lat' dir='ltr'><strong>Seraphim</strong></span> <span class='ocrx_word' id='word_1_326' title='bbox 652 3221 830 3304; x_wconf 90' lang='lat' dir='ltr'><strong>(iuquiens)</strong></span> <span class='ocrx_word' id='word_1_327' title='bbox 849 3221 974 3283; x_wconf 90' lang='lat' dir='ltr'><strong>stabant</strong></span> <span class='ocrx_word' id='word_1_328' title='bbox 996 3240 1092 3303; x_wconf 89' lang='lat' dir='ltr'><strong>super</strong></span> <span class='ocrx_word' id='word_1_329' title='bbox 1117 3221 1195 3282; x_wconf 92' lang='lat' dir='ltr'><strong>illud</strong></span> <span class='ocrx_word' id='word_1_330' title='bbox 1206 3240 1215 3301; x_wconf 82' lang='lat'>3</span> <span class='ocrx_word' id='word_1_331' title='bbox 1272 3219 1415 3281; x_wconf 91' lang='lat' dir='ltr'><strong>intimius</strong></span> <span class='ocrx_word' id='word_1_332' title='bbox 1431 3219 1493 3280; x_wconf 93' lang='lat' dir='ltr'><strong>sihi</strong></span> <span class='ocrx_word' id='word_1_333' title='bbox 1508 3219 1691 3299; x_wconf 88' lang='lat' dir='ltr'><strong>adstringat,</strong></span> <span class='ocrx_word' id='word_1_334' title='bbox 1703 3228 1806 3300; x_wconf 83' lang='lat' dir='ltr'><strong>gratas</strong></span> <span class='ocrx_word' id='word_1_335' title='bbox 1822 3219 2014 3301; x_wconf 77' lang='lat' dir='ltr'><strong>placitusque</strong></span> 
     </span>
    </p>
   </div>
   <div class='ocr_carea' id='block_1_4' title="bbox 323 3729 451 3785">
    <p class='ocr_par' dir='ltr' id='par_1_4' title="bbox 323 3729 451 3785">
     <span class='ocr_line' id='line_1_29' title="bbox 323 3729 451 3785; baseline -0.008 -12"><span class='ocrx_word' id='word_1_336' title='bbox 323 3743 344 3785; x_wconf 90' lang='lat' dir='ltr'><strong>p.</strong></span> <span class='ocrx_word' id='word_1_337' title='bbox 352 3729 451 3774; x_wconf 79' lang='lat' dir='ltr'><strong>thcts.</strong></span> 
     </span>
    </p>
   </div>
   <div class='ocr_carea' id='block_1_5' title="bbox 313 5218 448 5326">
    <p class='ocr_par' dir='ltr' id='par_1_5' title="bbox 313 5218 448 5326">
     <span class='ocr_line' id='line_1_30' title="bbox 313 5218 448 5326; baseline -0.015 -62"><span class='ocrx_word' id='word_1_338' title='bbox 313 5218 448 5326; x_wconf 53' lang='lat' dir='ltr'><strong>falcilfppau,</strong></span> 
     </span>
    </p>
   </div>
   <div class='ocr_carea' id='block_1_6' title="bbox 462 3315 2101 5373">
    <p class='ocr_par' dir='ltr' id='par_1_6' title="bbox 466 3315 2101 4287">
     <span class='ocr_line' id='line_1_31' title="bbox 467 3315 2015 3399; baseline -0.004 -17"><span class='ocrx_word' id='word_1_339' title='bbox 467 3339 522 3382; x_wconf 84' lang='lat' dir='ltr'><strong>sex</strong></span> <span class='ocrx_word' id='word_1_340' title='bbox 537 3321 594 3383; x_wconf 82' lang='lat' dir='ltr'><strong>alae</strong></span> <span class='ocrx_word' id='word_1_341' title='bbox 610 3321 677 3394; x_wconf 90' lang='lat' dir='ltr'><strong>uui,</strong></span> <span class='ocrx_word' id='word_1_342' title='bbox 694 3327 726 3382; x_wconf 94' lang='lat' dir='ltr'><strong>et</strong></span> <span class='ocrx_word' id='word_1_343' title='bbox 741 3339 795 3382; x_wconf 87' lang='lat' dir='ltr'><strong>sex</strong></span> <span class='ocrx_word' id='word_1_344' title='bbox 812 3319 869 3382; x_wconf 73' lang='lat' dir='ltr'><strong>alas</strong></span> <span class='ocrx_word' id='word_1_345' title='bbox 884 3320 985 3382; x_wconf 89' lang='lat' dir='ltr'><strong>alteri.</strong></span> <span class='ocrx_word' id='word_1_346' title='bbox 1003 3321 1094 3383; x_wconf 90' lang='lat' dir='ltr'><strong>Nunc</strong></span> <span class='ocrx_word' id='word_1_347' title='bbox 1108 3327 1215 3382; x_wconf 88' lang='lat' dir='ltr'><strong>autem</strong></span> <span class='ocrx_word' id='word_1_348' title='bbox 1271 3315 1403 3391; x_wconf 89' lang='lat' dir='ltr'><strong>efficiat,</strong></span> <span class='ocrx_word' id='word_1_349' title='bbox 1420 3325 1451 3379; x_wconf 91' lang='lat' dir='ltr'><strong>et</strong></span> <span class='ocrx_word' id='word_1_350' title='bbox 1472 3317 1514 3378; x_wconf 91' lang='lat' dir='ltr'><strong>ita</strong></span> <span class='ocrx_word' id='word_1_351' title='bbox 1535 3336 1568 3379; x_wconf 89' lang='lat' dir='ltr'><strong>se</strong></span> <span class='ocrx_word' id='word_1_352' title='bbox 1591 3317 1697 3399; x_wconf 89' lang='lat' dir='ltr'><strong>ipsum</strong></span> <span class='ocrx_word' id='word_1_353' title='bbox 1719 3317 1765 3380; x_wconf 89' lang='lat' dir='ltr'><strong>eis</strong></span> <span class='ocrx_word' id='word_1_354' title='bbox 1790 3317 2015 3399; x_wconf 85' lang='lat' dir='ltr'><strong>benignissime</strong></span> 
     </span>
     <span class='ocr_line' id='line_1_32' title="bbox 467 3415 2014 3497; baseline -0.003 -17"><span class='ocrx_word' id='word_1_355' title='bbox 467 3419 506 3480; x_wconf 91' lang='lat' dir='ltr'><strong>de</strong></span> <span class='ocrx_word' id='word_1_356' title='bbox 521 3418 644 3480; x_wconf 91' lang='lat' dir='ltr'><strong>duabus</strong></span> <span class='ocrx_word' id='word_1_357' title='bbox 660 3419 773 3480; x_wconf 91' lang='lat' dir='ltr'><strong>harum</strong></span> <span class='ocrx_word' id='word_1_358' title='bbox 789 3418 922 3491; x_wconf 87' lang='lat' dir='ltr'><strong>alarum,</strong></span> <span class='ocrx_word' id='word_1_359' title='bbox 939 3418 1089 3481; x_wconf 90' lang='lat' dir='ltr'><strong>videlicet</strong></span> <span class='ocrx_word' id='word_1_360' title='bbox 1103 3420 1216 3482; x_wconf 85' lang='lat' dir='ltr'><strong>oratio</strong></span> <span class='ocrx_word' id='word_1_361' title='bbox 1270 3415 1420 3496; x_wconf 90' lang='lat' dir='ltr'><strong>applicet,</strong></span> <span class='ocrx_word' id='word_1_362' title='bbox 1441 3433 1585 3478; x_wconf 89' lang='lat' dir='ltr'><strong>amorose</strong></span> <span class='ocrx_word' id='word_1_363' title='bbox 1606 3415 1790 3497; x_wconf 90' lang='lat' dir='ltr'><strong>conjungat,</strong></span> <span class='ocrx_word' id='word_1_364' title='bbox 1810 3417 1948 3497; x_wconf 88' lang='lat' dir='ltr'><strong>gratiose</strong></span> <span class='ocrx_word' id='word_1_365' title='bbox 1972 3416 2014 3476; x_wconf 92' lang='lat' dir='ltr'><strong>in-</strong></span> 
     </span>
     <span class='ocr_line' id='line_1_33' title="bbox 467 3513 2101 3599; baseline -0.004 -20"><span class='ocrx_word' id='word_1_366' title='bbox 467 3535 507 3579; x_wconf 91' lang='lat' dir='ltr'><strong>ne</strong></span> <span class='ocrx_word' id='word_1_367' title='bbox 526 3525 558 3578; x_wconf 90' lang='lat' dir='ltr'><strong>et</strong></span> <span class='ocrx_word' id='word_1_368' title='bbox 572 3517 750 3589; x_wconf 90' lang='lat' dir='ltr'><strong>devotione,</strong></span> <span class='ocrx_word' id='word_1_369' title='bbox 768 3522 860 3598; x_wconf 91' lang='lat' dir='ltr'><strong>prout</strong></span> <span class='ocrx_word' id='word_1_370' title='bbox 876 3517 915 3578; x_wconf 91' lang='lat' dir='ltr'><strong>ad</strong></span> <span class='ocrx_word' id='word_1_371' title='bbox 936 3517 1214 3599; x_wconf 85' lang='lat' dir='ltr'><strong>contemplativam</strong></span> <span class='ocrx_word' id='word_1_372' title='bbox 1271 3513 1393 3586; x_wconf 90' lang='lat' dir='ltr'><strong>fundat,</strong></span> <span class='ocrx_word' id='word_1_373' title='bbox 1410 3521 1566 3594; x_wconf 87' lang='lat' dir='ltr'><strong>quatenus</strong></span> <span class='ocrx_word' id='word_1_374' title='bbox 1582 3513 1644 3595; x_wconf 92' lang='lat' dir='ltr'><strong>ipsi</strong></span> <span class='ocrx_word' id='word_1_375' title='bbox 1659 3514 1785 3576; x_wconf 89' lang='lat' dir='ltr'><strong>valeant</strong></span> <span class='ocrx_word' id='word_1_376' title='bbox 1799 3513 1861 3576; x_wconf 92' lang='lat' dir='ltr'><strong>sibi</strong></span> <span class='ocrx_word' id='word_1_377' title='bbox 1877 3513 2014 3596; x_wconf 91' lang='lat' dir='ltr'><strong>quotidie</strong></span> <span class='ocrx_word' id='word_1_378' title='bbox 2100 3559 2101 3598; x_wconf 20' lang='grc'><strong>1</strong></span> 
     </span>
     <span class='ocr_line' id='line_1_34' title="bbox 466 3603 2101 3696; baseline -0.002 -20"><span class='ocrx_word' id='word_1_379' title='bbox 466 3613 607 3676; x_wconf 90' lang='lat' dir='ltr'><strong>animam</strong></span> <span class='ocrx_word' id='word_1_380' title='bbox 622 3632 659 3676; x_wconf 99' lang='lat' dir='ltr'><strong>ac</strong></span> <span class='ocrx_word' id='word_1_381' title='bbox 676 3614 841 3696; x_wconf 79' lang='lat' dir='ltr'><strong>mysticam</strong></span> <span class='ocrx_word' id='word_1_382' title='bbox 858 3621 1002 3695; x_wconf 89' lang='lat' dir='ltr'><strong>spectant</strong></span> <span class='ocrx_word' id='word_1_383' title='bbox 1016 3615 1214 3695; x_wconf 90' lang='lat' dir='ltr'><strong>theologiam,</strong></span> <span class='ocrx_word' id='word_1_384' title='bbox 1271 3611 1511 3673; x_wconf 90' lang='lat' dir='ltr'><strong>reverentialius</strong></span> <span class='ocrx_word' id='word_1_385' title='bbox 1527 3630 1564 3673; x_wconf 89' lang='lat' dir='ltr'><strong>ac</strong></span> <span class='ocrx_word' id='word_1_386' title='bbox 1581 3611 1754 3693; x_wconf 90' lang='lat' dir='ltr'><strong>perfectius</strong></span> <span class='ocrx_word' id='word_1_387' title='bbox 1772 3612 1943 3686; x_wconf 90' lang='lat' dir='ltr'><strong>deservire,</strong></span> <span class='ocrx_word' id='word_1_388' title='bbox 1958 3631 2016 3674; x_wconf 86' lang='lat' dir='ltr'><strong>orn·</strong></span> <span class='ocrx_word' id='word_1_389' title='bbox 2100 3603 2101 3612; x_wconf 66' lang='grc'>’</span> 
     </span>
     <span class='ocr_line' id='line_1_35' title="bbox 467 3708 2014 3793; baseline -0.004 -19"><span class='ocrx_word' id='word_1_390' title='bbox 467 3713 639 3775; x_wconf 91' lang='lat' dir='ltr'><strong>dicendum</strong></span> <span class='ocrx_word' id='word_1_391' title='bbox 654 3711 870 3793; x_wconf 87' lang='lat' dir='ltr'><strong>estSuperius</strong></span> <span class='ocrx_word' id='word_1_392' title='bbox 885 3712 1004 3774; x_wconf 88' lang='lat' dir='ltr'><strong>etenim</strong></span> <span class='ocrx_word' id='word_1_393' title='bbox 1020 3713 1140 3774; x_wconf 90' lang='lat' dir='ltr'><strong>dictum</strong></span> <span class='ocrx_word' id='word_1_394' title='bbox 1158 3722 1214 3788; x_wconf 91' lang='lat' dir='ltr'><strong>est,</strong></span> <span class='ocrx_word' id='word_1_395' title='bbox 1271 3728 1311 3770; x_wconf 90' lang='lat' dir='ltr'><strong>ne</strong></span> <span class='ocrx_word' id='word_1_396' title='bbox 1326 3726 1406 3790; x_wconf 91' lang='lat' dir='ltr'><strong>opus</strong></span> <span class='ocrx_word' id='word_1_397' title='bbox 1421 3708 1476 3771; x_wconf 90' lang='lat' dir='ltr'><strong>Dei</strong></span> <span class='ocrx_word' id='word_1_398' title='bbox 1492 3708 1675 3789; x_wconf 89' lang='lat' dir='ltr'><strong>diligentius</strong></span> <span class='ocrx_word' id='word_1_399' title='bbox 1692 3708 1880 3790; x_wconf 87' lang='lat' dir='ltr'><strong>adimplere,</strong></span> <span class='ocrx_word' id='word_1_400' title='bbox 1895 3709 1925 3770; x_wconf 88' lang='lat' dir='ltr'><strong>ei</strong></span> <span class='ocrx_word' id='word_1_401' title='bbox 1942 3708 2014 3772; x_wconf 89' lang='lat' dir='ltr'><strong>assi-</strong></span> 
     </span>
     <span class='ocr_line' id='line_1_36' title="bbox 467 3807 2014 3893; baseline -0.002 -20"><span class='ocrx_word' id='word_1_402' title='bbox 467 3811 737 3893; x_wconf 91' lang='lat' dir='ltr'><strong>quemadmodum</strong></span> <span class='ocrx_word' id='word_1_403' title='bbox 754 3811 846 3890; x_wconf 83' lang='lat' dir='ltr'><strong>juxta</strong></span> <span class='ocrx_word' id='word_1_404' title='bbox 862 3810 1038 3892; x_wconf 91' lang='lat' dir='ltr'><strong>spiritualis</strong></span> <span class='ocrx_word' id='word_1_405' title='bbox 1055 3811 1216 3893; x_wconf 91' lang='lat' dir='ltr'><strong>profectus</strong></span> <span class='ocrx_word' id='word_1_406' title='bbox 1271 3808 1332 3868; x_wconf 92' lang='lat' dir='ltr'><strong>due</strong></span> <span class='ocrx_word' id='word_1_407' title='bbox 1357 3807 1484 3889; x_wconf 91' lang='lat' dir='ltr'><strong>plenius</strong></span> <span class='ocrx_word' id='word_1_408' title='bbox 1508 3807 1717 3888; x_wconf 89' lang='lat' dir='ltr'><strong>complacere,</strong></span> <span class='ocrx_word' id='word_1_409' title='bbox 1744 3807 1890 3870; x_wconf 91' lang='lat' dir='ltr'><strong>stabilius</strong></span> <span class='ocrx_word' id='word_1_410' title='bbox 1915 3809 2014 3871; x_wconf 80' lang='lat' dir='ltr'><strong>adhae-</strong></span> 
     </span>
     <span class='ocr_line' id='line_1_37' title="bbox 468 3903 2014 3991; baseline -0.001 -20"><span class='ocrx_word' id='word_1_411' title='bbox 468 3927 650 3973; x_wconf 89' lang='lat' dir='ltr'><strong>mensuram</strong></span> <span class='ocrx_word' id='word_1_412' title='bbox 673 3909 825 3990; x_wconf 92' lang='lat' dir='ltr'><strong>competit</strong></span> <span class='ocrx_word' id='word_1_413' title='bbox 850 3909 994 3991; x_wconf 89' lang='lat' dir='ltr'><strong>personis</strong></span> <span class='ocrx_word' id='word_1_414' title='bbox 1018 3909 1141 3972; x_wconf 92' lang='lat' dir='ltr'><strong>devotis</strong></span> <span class='ocrx_word' id='word_1_415' title='bbox 1164 3930 1215 3972; x_wconf 90' lang='lat' dir='ltr'><strong>su·</strong></span> <span class='ocrx_word' id='word_1_416' title='bbox 1271 3923 1351 3978; x_wconf 80' lang='lat' dir='ltr'><strong>rere,</strong></span> <span class='ocrx_word' id='word_1_417' title='bbox 1368 3903 1579 3985; x_wconf 83' lang='lat' dir='ltr'><strong>propinquius</strong></span> <span class='ocrx_word' id='word_1_418' title='bbox 1595 3903 1728 3966; x_wconf 84' lang='lat' dir='ltr'><strong>couniri.</strong></span> <span class='ocrx_word' id='word_1_419' title='bbox 1745 3904 1792 3966; x_wconf 80' lang='lat' dir='ltr'><strong>hd</strong></span> <span class='ocrx_word' id='word_1_420' title='bbox 1812 3905 1894 3966; x_wconf 92' lang='lat' dir='ltr'><strong>hauc</strong></span> <span class='ocrx_word' id='word_1_421' title='bbox 1911 3905 2014 3988; x_wconf 92' lang='lat' dir='ltr'><strong>itaque</strong></span> 
     </span>
     <span class='ocr_line' id='line_1_38' title="bbox 467 3999 2016 4090; baseline 0.004 -20"><span class='ocrx_word' id='word_1_422' title='bbox 467 4008 600 4071; x_wconf 91' lang='lat' dir='ltr'><strong>blimius</strong></span> <span class='ocrx_word' id='word_1_423' title='bbox 619 4007 794 4090; x_wconf 88' lang='lat' dir='ltr'><strong>puriusque</strong></span> <span class='ocrx_word' id='word_1_424' title='bbox 809 4025 909 4069; x_wconf 90' lang='lat' dir='ltr'><strong>orare.</strong></span> <span class='ocrx_word' id='word_1_425' title='bbox 928 4007 1031 4071; x_wconf 88' lang='lat' dir='ltr'><strong>Oratio</strong></span> <span class='ocrx_word' id='word_1_426' title='bbox 1046 4017 1153 4071; x_wconf 86' lang='lat' dir='ltr'><strong>autem</strong></span> <span class='ocrx_word' id='word_1_427' title='bbox 1168 4016 1216 4071; x_wconf 90' lang='lat' dir='ltr'><strong>est</strong></span> <span class='ocrx_word' id='word_1_428' title='bbox 1271 3999 1549 4081; x_wconf 65' lang='lat' dir='ltr'><strong>contemplativam</strong></span> <span class='ocrx_word' id='word_1_429' title='bbox 1565 4000 1740 4062; x_wconf 66' lang='lat' dir='ltr'><strong>oraliffllssffl</strong></span> <span class='ocrx_word' id='word_1_430' title='bbox 1755 4002 1938 4076; x_wconf 63' lang='lat' dir='ltr'><strong>ascendere,</strong></span> <span class='ocrx_word' id='word_1_431' title='bbox 1951 4021 2016 4084; x_wconf 66' lang='lat' dir='ltr'><strong>pet·</strong></span> 
     </span>
     <span class='ocr_line' id='line_1_39' title="bbox 467 4097 2015 4189; baseline 0.004 -32"><span class='ocrx_word' id='word_1_432' title='bbox 467 4107 579 4188; x_wconf 64' lang='lat' dir='ltr'><strong>petitio</strong></span> <span class='ocrx_word' id='word_1_433' title='bbox 596 4106 779 4169; x_wconf 70' lang='lat' dir='ltr'><strong>decentium</strong></span> <span class='ocrx_word' id='word_1_434' title='bbox 795 4124 813 4167; x_wconf 67' lang='lat' dir='ltr'><strong>a</strong></span> <span class='ocrx_word' id='word_1_435' title='bbox 828 4106 900 4168; x_wconf 50' lang='lat'>000.</span> <span class='ocrx_word' id='word_1_436' title='bbox 919 4106 1143 4189; x_wconf 60' lang='lat' dir='ltr'><strong>Unusquisque</strong></span> <span class='ocrx_word' id='word_1_437' title='bbox 1160 4127 1214 4171; x_wconf 60' lang='lat' dir='ltr'><strong>gu.</strong></span> <span class='ocrx_word' id='word_1_438' title='bbox 1270 4099 1391 4172; x_wconf 88' lang='lat' dir='ltr'><strong>venire,</strong></span> <span class='ocrx_word' id='word_1_439' title='bbox 1409 4105 1440 4158; x_wconf 91' lang='lat' dir='ltr'><strong>et</strong></span> <span class='ocrx_word' id='word_1_440' title='bbox 1461 4099 1493 4159; x_wconf 91' lang='lat' dir='ltr'><strong>in</strong></span> <span class='ocrx_word' id='word_1_441' title='bbox 1516 4116 1552 4159; x_wconf 90' lang='lat' dir='ltr'><strong>ea</strong></span> <span class='ocrx_word' id='word_1_442' title='bbox 1577 4097 1734 4180; x_wconf 92' lang='lat' dir='ltr'><strong>proficere</strong></span> <span class='ocrx_word' id='word_1_443' title='bbox 1758 4117 1795 4160; x_wconf 91' lang='lat' dir='ltr'><strong>ac</strong></span> <span class='ocrx_word' id='word_1_444' title='bbox 1819 4098 1944 4162; x_wconf 91' lang='lat' dir='ltr'><strong>firmari</strong></span> <span class='ocrx_word' id='word_1_445' title='bbox 1968 4119 2015 4163; x_wconf 91' lang='lat' dir='ltr'><strong>co·</strong></span> 
     </span>
     <span class='ocr_line' id='line_1_40' title="bbox 466 4203 1393 4287; baseline 0.003 -20"><span class='ocrx_word' id='word_1_446' title='bbox 466 4213 530 4267; x_wconf 93' lang='lat' dir='ltr'><strong>tem</strong></span> <span class='ocrx_word' id='word_1_447' title='bbox 545 4223 564 4266; x_wconf 93' lang='lat' dir='ltr'><strong>a</strong></span> <span class='ocrx_word' id='word_1_448' title='bbox 579 4205 643 4266; x_wconf 86' lang='lat' dir='ltr'><strong>Deo</strong></span> <span class='ocrx_word' id='word_1_449' title='bbox 658 4211 765 4285; x_wconf 90' lang='lat' dir='ltr'><strong>petere</strong></span> <span class='ocrx_word' id='word_1_450' title='bbox 781 4203 875 4266; x_wconf 92' lang='lat' dir='ltr'><strong>debet</strong></span> <span class='ocrx_word' id='word_1_451' title='bbox 890 4222 927 4265; x_wconf 91' lang='lat' dir='ltr'><strong>ca</strong></span> <span class='ocrx_word' id='word_1_452' title='bbox 941 4204 1059 4286; x_wconf 91' lang='lat' dir='ltr'><strong>quibus</strong></span> <span class='ocrx_word' id='word_1_453' title='bbox 1076 4205 1214 4287; x_wconf 92' lang='lat' dir='ltr'><strong>amplius</strong></span> <span class='ocrx_word' id='word_1_454' title='bbox 1230 4211 1255 4272; x_wconf 88' lang='lat' dir='ltr'>D</span> <span class='ocrx_word' id='word_1_455' title='bbox 1271 4215 1393 4258; x_wconf 67' lang='lat' dir='ltr'><strong>remur·</strong></span> 
     </span>
    </p>

    <p class='ocr_par' dir='ltr' id='par_1_7' title="bbox 462 4295 2100 5373">
     <span class='ocr_line' id='line_1_41' title="bbox 465 4295 2017 4385; baseline 0 -25"><span class='ocrx_word' id='word_1_456' title='bbox 465 4303 587 4385; x_wconf 81' lang='lat' dir='ltr'><strong>indiget</strong></span> <span class='ocrx_word' id='word_1_457' title='bbox 611 4310 644 4365; x_wconf 88' lang='lat' dir='ltr'><strong>et</strong></span> <span class='ocrx_word' id='word_1_458' title='bbox 668 4320 805 4384; x_wconf 88' lang='lat' dir='ltr'><strong>quorum</strong></span> <span class='ocrx_word' id='word_1_459' title='bbox 835 4301 981 4384; x_wconf 84' lang='lat' dir='ltr'><strong>capacior</strong></span> <span class='ocrx_word' id='word_1_460' title='bbox 1004 4311 1062 4376; x_wconf 83' lang='lat' dir='ltr'><strong>est,</strong></span> <span class='ocrx_word' id='word_1_461' title='bbox 1088 4311 1120 4366; x_wconf 82' lang='lat' dir='ltr'><strong>et</strong></span> <span class='ocrx_word' id='word_1_462' title='bbox 1143 4323 1214 4385; x_wconf 76' lang='lat' dir='ltr'><strong>quae</strong></span> <span class='ocrx_word' id='word_1_463' title='bbox 1311 4295 1463 4357; x_wconf 74' lang='lat' dir='ltr'><strong>Praeterea</strong></span> <span class='ocrx_word' id='word_1_464' title='bbox 1477 4295 1604 4357; x_wconf 85' lang='lat' dir='ltr'><strong>devotio</strong></span> <span class='ocrx_word' id='word_1_465' title='bbox 1619 4295 1789 4376; x_wconf 87' lang='lat' dir='ltr'><strong>tripliciter</strong></span> <span class='ocrx_word' id='word_1_466' title='bbox 1803 4296 2017 4362; x_wconf 60' lang='lat' dir='ltr'><strong>definitur&amp;-</strong></span> 
     </span>
     <span class='ocr_line' id='line_1_42' title="bbox 466 4392 2100 4484; baseline -0.001 -22"><span class='ocrx_word' id='word_1_467' title='bbox 466 4401 549 4464; x_wconf 86' lang='lat' dir='ltr'><strong>Deus</strong></span> <span class='ocrx_word' id='word_1_468' title='bbox 563 4401 603 4463; x_wconf 94' lang='lat' dir='ltr'><strong>ah</strong></span> <span class='ocrx_word' id='word_1_469' title='bbox 620 4401 690 4482; x_wconf 93' lang='lat' dir='ltr'><strong>ipso</strong></span> <span class='ocrx_word' id='word_1_470' title='bbox 705 4400 806 4482; x_wconf 88' lang='lat' dir='ltr'><strong>magis</strong></span> <span class='ocrx_word' id='word_1_471' title='bbox 822 4400 967 4482; x_wconf 89' lang='lat' dir='ltr'><strong>requirit,</strong></span> <span class='ocrx_word' id='word_1_472' title='bbox 978 4408 1074 4482; x_wconf 88' lang='lat' dir='ltr'><strong>atque</strong></span> <span class='ocrx_word' id='word_1_473' title='bbox 1088 4403 1128 4464; x_wconf 92' lang='lat' dir='ltr'><strong>ad</strong></span> <span class='ocrx_word' id='word_1_474' title='bbox 1143 4421 1214 4484; x_wconf 83' lang='lat' dir='ltr'><strong>quae</strong></span> <span class='ocrx_word' id='word_1_475' title='bbox 1270 4393 1400 4475; x_wconf 91' lang='lat' dir='ltr'><strong>quidem</strong></span> <span class='ocrx_word' id='word_1_476' title='bbox 1420 4393 1451 4456; x_wconf 90' lang='lat' dir='ltr'><strong>S.</strong></span> <span class='ocrx_word' id='word_1_477' title='bbox 1469 4393 1603 4455; x_wconf 85' lang='lat' dir='ltr'><strong>Thomas</strong></span> <span class='ocrx_word' id='word_1_478' title='bbox 1622 4392 1774 4468; x_wconf 84' lang='lat' dir='ltr'><strong>affirmat,</strong></span> <span class='ocrx_word' id='word_1_479' title='bbox 1791 4396 1877 4477; x_wconf 92' lang='lat' dir='ltr'><strong>quod</strong></span> <span class='ocrx_word' id='word_1_480' title='bbox 1891 4397 2017 4460; x_wconf 88' lang='lat' dir='ltr'><strong>devotio</strong></span> <span class='ocrx_word' id='word_1_481' title='bbox 2099 4433 2100 4476; x_wconf 41' lang='lat'>4</span> 
     </span>
     <span class='ocr_line' id='line_1_43' title="bbox 466 4492 2100 4582; baseline -0.004 -20"><span class='ocrx_word' id='word_1_482' title='bbox 466 4519 523 4582; x_wconf 89' lang='lat' dir='ltr'><strong>per</strong></span> <span class='ocrx_word' id='word_1_483' title='bbox 541 4500 683 4562; x_wconf 91' lang='lat' dir='ltr'><strong>studium</strong></span> <span class='ocrx_word' id='word_1_484' title='bbox 703 4499 869 4581; x_wconf 89' lang='lat' dir='ltr'><strong>spirituale</strong></span> <span class='ocrx_word' id='word_1_485' title='bbox 884 4508 916 4561; x_wconf 91' lang='lat' dir='ltr'><strong>et</strong></span> <span class='ocrx_word' id='word_1_486' title='bbox 930 4500 1081 4562; x_wconf 84' lang='lat' dir='ltr'><strong>exercitia</strong></span> <span class='ocrx_word' id='word_1_487' title='bbox 1095 4501 1214 4562; x_wconf 90' lang='lat' dir='ltr'><strong>virtuo-</strong></span> <span class='ocrx_word' id='word_1_488' title='bbox 1270 4493 1312 4554; x_wconf 92' lang='lat' dir='ltr'><strong>sit</strong></span> <span class='ocrx_word' id='word_1_489' title='bbox 1330 4492 1547 4573; x_wconf 91' lang='lat' dir='ltr'><strong>promptitudo</strong></span> <span class='ocrx_word' id='word_1_490' title='bbox 1564 4492 1736 4554; x_wconf 88' lang='lat' dir='ltr'><strong>voluntatis</strong></span> <span class='ocrx_word' id='word_1_491' title='bbox 1756 4494 1795 4554; x_wconf 89' lang='lat' dir='ltr'><strong>ad</strong></span> <span class='ocrx_word' id='word_1_492' title='bbox 1814 4513 1852 4556; x_wconf 91' lang='lat' dir='ltr'><strong>ea</strong></span> <span class='ocrx_word' id='word_1_493' title='bbox 1871 4514 1942 4576; x_wconf 79' lang='lat' dir='ltr'><strong>quaa</strong></span> <span class='ocrx_word' id='word_1_494' title='bbox 1962 4495 2015 4558; x_wconf 90' lang='lat' dir='ltr'><strong>Dei</strong></span> <span class='ocrx_word' id='word_1_495' title='bbox 2099 4501 2100 4546; x_wconf 81' lang='grc'><strong>1</strong></span> 
     </span>
     <span class='ocr_line' id='line_1_44' title="bbox 465 4591 2017 4679; baseline -0.003 -19"><span class='ocrx_word' id='word_1_496' title='bbox 465 4617 500 4660; x_wconf 93' lang='lat' dir='ltr'><strong>sa</strong></span> <span class='ocrx_word' id='word_1_497' title='bbox 528 4597 628 4678; x_wconf 90' lang='lat' dir='ltr'><strong>magis</strong></span> <span class='ocrx_word' id='word_1_498' title='bbox 657 4597 815 4678; x_wconf 90' lang='lat' dir='ltr'><strong>disposuit</strong></span> <span class='ocrx_word' id='word_1_499' title='bbox 842 4599 1060 4679; x_wconf 88' lang='lat' dir='ltr'><strong>semetipsum.</strong></span> <span class='ocrx_word' id='word_1_500' title='bbox 1088 4598 1215 4661; x_wconf 79' lang='lat' dir='ltr'><strong>Constat</strong></span> <span class='ocrx_word' id='word_1_501' title='bbox 1270 4596 1343 4651; x_wconf 91' lang='lat' dir='ltr'><strong>sunt</strong></span> <span class='ocrx_word' id='word_1_502' title='bbox 1368 4591 1579 4672; x_wconf 86' lang='lat' dir='ltr'><strong>exsequenda,</strong></span> <span class='ocrx_word' id='word_1_503' title='bbox 1601 4591 1660 4652; x_wconf 89' lang='lat' dir='ltr'><strong>hoc</strong></span> <span class='ocrx_word' id='word_1_504' title='bbox 1681 4598 1730 4652; x_wconf 91' lang='lat' dir='ltr'><strong>est</strong></span> <span class='ocrx_word' id='word_1_505' title='bbox 1752 4591 1898 4654; x_wconf 91' lang='lat' dir='ltr'><strong>alacritas</strong></span> <span class='ocrx_word' id='word_1_506' title='bbox 1920 4595 2017 4657; x_wconf 91' lang='lat' dir='ltr'><strong>adim-</strong></span> 
     </span>
     <span class='ocr_line' id='line_1_45' title="bbox 464 4687 2015 4777; baseline -0.003 -19"><span class='ocrx_word' id='word_1_507' title='bbox 464 4703 571 4758; x_wconf 91' lang='lat' dir='ltr'><strong>autem</strong></span> <span class='ocrx_word' id='word_1_508' title='bbox 586 4693 671 4777; x_wconf 95' lang='lat' dir='ltr'><strong>quod</strong></span> <span class='ocrx_word' id='word_1_509' title='bbox 691 4693 830 4775; x_wconf 91' lang='lat' dir='ltr'><strong>religiosi</strong></span> <span class='ocrx_word' id='word_1_510' title='bbox 848 4694 887 4756; x_wconf 89' lang='lat' dir='ltr'><strong>ad</strong></span> <span class='ocrx_word' id='word_1_511' title='bbox 905 4695 1134 4775; x_wconf 90' lang='lat' dir='ltr'><strong>perfectionem</strong></span> <span class='ocrx_word' id='word_1_512' title='bbox 1150 4704 1215 4758; x_wconf 89' lang='lat' dir='ltr'><strong>ten·</strong></span> <span class='ocrx_word' id='word_1_513' title='bbox 1271 4688 1379 4769; x_wconf 77' lang='lat' dir='ltr'><strong>piendi</strong></span> <span class='ocrx_word' id='word_1_514' title='bbox 1399 4707 1436 4749; x_wconf 78' lang='lat' dir='ltr'><strong>ea</strong></span> <span class='ocrx_word' id='word_1_515' title='bbox 1454 4707 1525 4769; x_wconf 78' lang='lat' dir='ltr'><strong>quae</strong></span> <span class='ocrx_word' id='word_1_516' title='bbox 1544 4688 1583 4749; x_wconf 79' lang='lat' dir='ltr'><strong>ad</strong></span> <span class='ocrx_word' id='word_1_517' title='bbox 1602 4687 1748 4750; x_wconf 85' lang='lat' dir='ltr'><strong>divinum</strong></span> <span class='ocrx_word' id='word_1_518' title='bbox 1770 4690 1933 4771; x_wconf 86' lang='lat' dir='ltr'><strong>portinent</strong></span> <span class='ocrx_word' id='word_1_519' title='bbox 1952 4692 2015 4754; x_wconf 91' lang='lat' dir='ltr'><strong>cul-</strong></span> 
     </span>
     <span class='ocr_line' id='line_1_46' title="bbox 465 4787 2015 4876; baseline 0.004 -20"><span class='ocrx_word' id='word_1_520' title='bbox 465 4795 540 4856; x_wconf 89' lang='lat' dir='ltr'><strong>derc</strong></span> <span class='ocrx_word' id='word_1_521' title='bbox 561 4792 761 4873; x_wconf 83' lang='lat' dir='ltr'><strong>obligentur3</strong></span> <span class='ocrx_word' id='word_1_522' title='bbox 778 4800 810 4854; x_wconf 92' lang='lat' dir='ltr'><strong>et</strong></span> <span class='ocrx_word' id='word_1_523' title='bbox 829 4793 884 4875; x_wconf 93' lang='lat' dir='ltr'><strong>qui</strong></span> <span class='ocrx_word' id='word_1_524' title='bbox 903 4793 968 4873; x_wconf 89' lang='lat' dir='ltr'><strong>jam</strong></span> <span class='ocrx_word' id='word_1_525' title='bbox 990 4793 1126 4856; x_wconf 91' lang='lat' dir='ltr'><strong>viriliter</strong></span> <span class='ocrx_word' id='word_1_526' title='bbox 1145 4813 1215 4876; x_wconf 92' lang='lat' dir='ltr'><strong>pro·</strong></span> <span class='ocrx_word' id='word_1_527' title='bbox 1271 4794 1348 4849; x_wconf 75' lang='lat' dir='ltr'><strong>fum-</strong></span> <span class='ocrx_word' id='word_1_528' title='bbox 1370 4787 1458 4867; x_wconf 73' lang='lat' dir='ltr'><strong>Hugo</strong></span> <span class='ocrx_word' id='word_1_529' title='bbox 1481 4794 1588 4849; x_wconf 67' lang='lat' dir='ltr'><strong>aufem</strong></span> <span class='ocrx_word' id='word_1_530' title='bbox 1614 4787 1752 4862; x_wconf 66' lang='lat' dir='ltr'><strong>disserit,</strong></span> <span class='ocrx_word' id='word_1_531' title='bbox 1778 4791 1863 4870; x_wconf 93' lang='lat' dir='ltr'><strong>quod</strong></span> <span class='ocrx_word' id='word_1_532' title='bbox 1889 4791 2015 4854; x_wconf 69' lang='lat' dir='ltr'><strong>d0v⁰1i0</strong></span> 
     </span>
     <span class='ocr_line' id='line_1_47' title="bbox 464 4885 2015 4972; baseline 0.002 -18"><span class='ocrx_word' id='word_1_533' title='bbox 464 4893 621 4965; x_wconf 89' lang='lat' dir='ltr'><strong>fecerunt,</strong></span> <span class='ocrx_word' id='word_1_534' title='bbox 648 4891 949 4972; x_wconf 89' lang='lat' dir='ltr'><strong>contemplandique</strong></span> <span class='ocrx_word' id='word_1_535' title='bbox 977 4892 1112 4972; x_wconf 89' lang='lat' dir='ltr'><strong>gratiam</strong></span> <span class='ocrx_word' id='word_1_536' title='bbox 1140 4901 1215 4955; x_wconf 91' lang='lat' dir='ltr'><strong>suut</strong></span> <span class='ocrx_word' id='word_1_537' title='bbox 1270 4886 1311 4948; x_wconf 90' lang='lat' dir='ltr'><strong>sit</strong></span> <span class='ocrx_word' id='word_1_538' title='bbox 1340 4885 1445 4948; x_wconf 93' lang='lat' dir='ltr'><strong>fervor</strong></span> <span class='ocrx_word' id='word_1_539' title='bbox 1474 4885 1564 4949; x_wconf 73' lang='lat' dir='ltr'><strong>bonas</strong></span> <span class='ocrx_word' id='word_1_540' title='bbox 1589 4887 1772 4962; x_wconf 84' lang='lat' dir='ltr'><strong>voluntatis,</strong></span> <span class='ocrx_word' id='word_1_541' title='bbox 1797 4907 1895 4969; x_wconf 91' lang='lat' dir='ltr'><strong>quem</strong></span> <span class='ocrx_word' id='word_1_542' title='bbox 1926 4909 2015 4953; x_wconf 80' lang='lat' dir='ltr'><strong>mens</strong></span> 
     </span>
     <span class='ocr_line' id='line_1_48' title="bbox 463 4984 2016 5073; baseline 0.003 -19"><span class='ocrx_word' id='word_1_543' title='bbox 463 4991 578 5064; x_wconf 80' lang='lat' dir='ltr'><strong>sortiti,</strong></span> <span class='ocrx_word' id='word_1_544' title='bbox 604 4989 745 5073; x_wconf 81' lang='lat' dir='ltr'><strong>quotidie</strong></span> <span class='ocrx_word' id='word_1_545' title='bbox 770 4989 872 5052; x_wconf 84' lang='lat' dir='ltr'><strong>nihilo</strong></span> <span class='ocrx_word' id='word_1_546' title='bbox 901 4990 1006 5052; x_wconf 85' lang='lat' dir='ltr'><strong>minus</strong></span> <span class='ocrx_word' id='word_1_547' title='bbox 1035 4991 1075 5052; x_wconf 83' lang='lat' dir='ltr'><strong>ad</strong></span> <span class='ocrx_word' id='word_1_548' title='bbox 1103 4991 1214 5054; x_wconf 79' lang='lat' dir='ltr'><strong>altiora</strong></span> <span class='ocrx_word' id='word_1_549' title='bbox 1269 4984 1418 5047; x_wconf 79' lang='lat' dir='ltr'><strong>cohibere</strong></span> <span class='ocrx_word' id='word_1_550' title='bbox 1439 5003 1502 5046; x_wconf 87' lang='lat' dir='ltr'><strong>non</strong></span> <span class='ocrx_word' id='word_1_551' title='bbox 1517 4984 1637 5059; x_wconf 76' lang='lat' dir='ltr'><strong>valens,</strong></span> <span class='ocrx_word' id='word_1_552' title='bbox 1654 4987 1749 5048; x_wconf 80' lang='lat' dir='ltr'><strong>certis</strong></span> <span class='ocrx_word' id='word_1_553' title='bbox 1769 4987 1952 5050; x_wconf 78' lang='lat' dir='ltr'><strong>manifestat</strong></span> <span class='ocrx_word' id='word_1_554' title='bbox 1973 4989 2016 5050; x_wconf 88' lang='lat' dir='ltr'><strong>in·</strong></span> 
     </span>
     <span class='ocr_line' id='line_1_49' title="bbox 464 5083 2016 5173; baseline 0.005 -20"><span class='ocrx_word' id='word_1_555' title='bbox 464 5090 628 5173; x_wconf 90' lang='lat' dir='ltr'><strong>proficisci</strong></span> <span class='ocrx_word' id='word_1_556' title='bbox 650 5087 768 5151; x_wconf 87' lang='lat' dir='ltr'><strong>dehent</strong></span> <span class='ocrx_word' id='word_1_557' title='bbox 789 5088 988 5164; x_wconf 84' lang='lat' dir='ltr'><strong>charismata,</strong></span> <span class='ocrx_word' id='word_1_558' title='bbox 1010 5090 1157 5171; x_wconf 80' lang='lat' dir='ltr'><strong>exemplo</strong></span> <span class='ocrx_word' id='word_1_559' title='bbox 1179 5091 1214 5152; x_wconf 94' lang='lat' dir='ltr'><strong>il·</strong></span> <span class='ocrx_word' id='word_1_560' title='bbox 1269 5083 1371 5146; x_wconf 91' lang='lat' dir='ltr'><strong>diciis.</strong></span> <span class='ocrx_word' id='word_1_561' title='bbox 1395 5083 1457 5146; x_wconf 84' lang='lat' dir='ltr'><strong>Alii</strong></span> <span class='ocrx_word' id='word_1_562' title='bbox 1481 5101 1557 5146; x_wconf 89' lang='lat' dir='ltr'><strong>vero</strong></span> <span class='ocrx_word' id='word_1_563' title='bbox 1581 5103 1588 5148; x_wconf 90' lang='lat'>:</span> <span class='ocrx_word' id='word_1_564' title='bbox 1613 5085 1755 5160; x_wconf 89' lang='lat' dir='ltr'><strong>Devotio,</strong></span> <span class='ocrx_word' id='word_1_565' title='bbox 1781 5086 1943 5168; x_wconf 75' lang='lat' dir='ltr'><strong>inquiunt,</strong></span> <span class='ocrx_word' id='word_1_566' title='bbox 1970 5095 2016 5149; x_wconf 69' lang='lat'><strong>081</strong></span> 
     </span>
     <span class='ocr_line' id='line_1_50' title="bbox 464 5184 2099 5270; baseline -0.002 -18"><span class='ocrx_word' id='word_1_567' title='bbox 464 5189 526 5252; x_wconf 90' lang='lat' dir='ltr'><strong>lius</strong></span> <span class='ocrx_word' id='word_1_568' title='bbox 548 5189 653 5270; x_wconf 89' lang='lat' dir='ltr'><strong>magni</strong></span> <span class='ocrx_word' id='word_1_569' title='bbox 673 5188 729 5270; x_wconf 93' lang='lat' dir='ltr'><strong>qni</strong></span> <span class='ocrx_word' id='word_1_570' title='bbox 751 5194 942 5270; x_wconf 88' lang='lat' dir='ltr'><strong>protestatur</strong></span> <span class='ocrx_word' id='word_1_571' title='bbox 963 5207 970 5251; x_wconf 92' lang='lat'><strong>:</strong></span> <span class='ocrx_word' id='word_1_572' title='bbox 992 5187 1056 5270; x_wconf 85' lang='lat' dir='ltr'><strong>Ego</strong></span> <span class='ocrx_word' id='word_1_573' title='bbox 1075 5208 1128 5252; x_wconf 88' lang='lat' dir='ltr'><strong>me</strong></span> <span class='ocrx_word' id='word_1_574' title='bbox 1149 5208 1212 5254; x_wconf 83' lang='lat' dir='ltr'><strong>non</strong></span> <span class='ocrx_word' id='word_1_575' title='bbox 1268 5184 1447 5246; x_wconf 89' lang='lat' dir='ltr'><strong>teneritudo</strong></span> <span class='ocrx_word' id='word_1_576' title='bbox 1467 5184 1570 5246; x_wconf 91' lang='lat' dir='ltr'><strong>cordis</strong></span> <span class='ocrx_word' id='word_1_577' title='bbox 1586 5202 1649 5265; x_wconf 91' lang='lat' dir='ltr'><strong>qua</strong></span> <span class='ocrx_word' id='word_1_578' title='bbox 1663 5185 1735 5266; x_wconf 90' lang='lat' dir='ltr'><strong>quis</strong></span> <span class='ocrx_word' id='word_1_579' title='bbox 1750 5185 1789 5248; x_wconf 93' lang='lat' dir='ltr'><strong>de</strong></span> <span class='ocrx_word' id='word_1_580' title='bbox 1805 5184 1892 5248; x_wconf 90' lang='lat' dir='ltr'><strong>facili</strong></span> <span class='ocrx_word' id='word_1_581' title='bbox 1912 5186 1945 5248; x_wconf 91' lang='lat' dir='ltr'><strong>in</strong></span> <span class='ocrx_word' id='word_1_582' title='bbox 1961 5186 2016 5249; x_wconf 89' lang='lat' dir='ltr'><strong>flc-</strong></span> <span class='ocrx_word' id='word_1_583' title='bbox 2098 5251 2099 5260; x_wconf 54' lang='grc'>,</span> 
     </span>
     <span class='ocr_line' id='line_1_51' title="bbox 462 5285 2016 5373; baseline -0.002 -20"><span class='ocrx_word' id='word_1_584' title='bbox 462 5289 599 5354; x_wconf 93' lang='lat' dir='ltr'><strong>arbitror</strong></span> <span class='ocrx_word' id='word_1_585' title='bbox 613 5287 878 5372; x_wconf 82' lang='lat' dir='ltr'><strong>apprehendisse3</strong></span> <span class='ocrx_word' id='word_1_586' title='bbox 896 5308 995 5352; x_wconf 91' lang='lat' dir='ltr'><strong>unum</strong></span> <span class='ocrx_word' id='word_1_587' title='bbox 1010 5297 1128 5366; x_wconf 86' lang='lat' dir='ltr'><strong>autem,</strong></span> <span class='ocrx_word' id='word_1_588' title='bbox 1141 5311 1211 5373; x_wconf 77' lang='lat' dir='ltr'><strong>quaa</strong></span> <span class='ocrx_word' id='word_1_589' title='bbox 1267 5293 1336 5348; x_wconf 90' lang='lat' dir='ltr'><strong>turn</strong></span> <span class='ocrx_word' id='word_1_590' title='bbox 1352 5287 1529 5349; x_wconf 89' lang='lat' dir='ltr'><strong>resolvitur.</strong></span> <span class='ocrx_word' id='word_1_591' title='bbox 1537 5287 1654 5350; x_wconf 91' lang='lat' dir='ltr'><strong>Harum</strong></span> <span class='ocrx_word' id='word_1_592' title='bbox 1670 5285 1896 5349; x_wconf 90' lang='lat' dir='ltr'><strong>definitionum</strong></span> <span class='ocrx_word' id='word_1_593' title='bbox 1911 5287 2016 5370; x_wconf 90' lang='lat' dir='ltr'><strong>prima</strong></span> 
     </span>
    </p>
   </div>
   <div class='ocr_carea' id='block_1_7' title="bbox 0 0 2148 6263">
    <p class='ocr_par' dir='ltr' id='par_1_8' title="bbox 0 0 2148 6263">
     <span class='ocr_line' id='line_1_52' title="bbox 0 0 2148 6263; baseline 0 0"><span class='ocrx_word' id='word_1_594' title='bbox 0 0 2148 6263; x_wconf 95' lang='lat' dir='ltr'><strong> </strong></span> 
     </span>
    </p>
   </div>
  </div>
 </body>
</html>
