4154 6258
452 445 513 520 4⁰8
801 465 949 514 ιιοιιιιιιιι
970 465 1025 511 ιιιι
1046 465 1119 511 rosr
1139 462 1333 510 ιιιιιιιιιιιιι.
1353 483 1393 492 -
1413 463 1512 512 scano
1531 464 1652 515 marrus

452 636 610 719 cepimus,
631 646 752 722 utpote,
773 639 858 722 quod
882 637 924 700 sit
950 636 1127 708 timoratus,
1149 635 1201 697 de·
1216 635 1242 699 A
1257 651 1345 698 scere
1369 636 1565 710 studeamus,
1584 635 1653 716 ejus
1675 637 1824 719 preceptis
1843 638 1935 706 obedire

452 742 556 810 votus,
571 736 689 817 justus,
706 739 790 820 pius,
807 744 839 800 et
859 753 917 818 pro
936 733 1100 798 communi
1118 731 1202 796 bono
1256 749 1420 808 conemur,
1437 734 1467 796 ei
1487 735 1568 816 grati
1584 753 1652 796 esse
1668 734 1810 815 nitamur;
1823 739 1936 820 quidquid

452 832 669 898 indesinenter
685 834 829 899 laborans
841 855 848 898 :
858 842 1008 916 qnantum
1019 850 1092 913 ergo
1103 831 1201 894 Deum
1256 830 1451 894 ostensivum
1466 839 1498 894 et
1511 831 1760 896 inhonorativum
1773 840 1815 896 est
1825 835 1938 915 ejuson

452 950 558 996 amare
573 933 739 1008 debemus,
756 935 795 996 de
811 950 875 1017 quo
891 931 971 995 nihil
991 932 1054 994 nisi
1071 938 1134 993 tam
1156 931 1201 992 in·
1257 929 1289 991 ni
1311 949 1385 993 cum
1406 930 1572 1012 diligentia
1593 948 1762 994 caveamus.

452 1030 712 1114 comparabiliter
736 1031 857 1095 bonum
887 1031 1080 1105 audivimus,
1106 1036 1138 1091 at
1161 1030 1200 1091 de
1296 1029 1386 1091 Nunc
1401 1030 1441 1092 de
1456 1029 1618 1092 intellectu
1639 1049 1694 1092 seu
1708 1031 1876 1112 expositione
1887 1053 1938 1116 pra

451 1146 515 1211 quo
536 1147 631 1192 omna
653 1129 773 1193 bonum
796 1130 1017 1211 cognoscimus
1032 1133 1044 1190 l
1256 1128 1341 1209 cepti
1362 1129 1501 1190 caritatis
1518 1129 1574 1191 Dei
1589 1135 1622 1192 et
1635 1129 1766 1210 proximi
1782 1130 1879 1212 aliquid
1894 1131 1938 1194 bre·

492 1227 597 1290 Tertio
619 1227 773 1292 dabamus
796 1229 897 1291 Deum
921 1246 1047 1291 summe
1067 1227 1200 1308 diligere
1255 1226 1338 1287 viter
1352 1235 1400 1288 est
1416 1227 1620 1308 tangendum.
1637 1227 1727 1290 Perre
1744 1227 1853 1291 dilectio
1869 1237 1938 1311 potest

452 1325 575 1388 ratione
599 1326 857 1409 propinquitatis.
884 1327 916 1388 Si
941 1326 1028 1389 enim
1058 1326 1200 1388 carnales
1255 1323 1319 1386 dici
1344 1323 1486 1406 perlecta
1507 1324 1687 1406 dupliciter.
1710 1325 1812 1399 Primo,
1831 1345 1862 1388 cr
1879 1337 1937 1408 parta

452 1430 600 1505 parentes
624 1424 788 1505 diligimus
818 1424 893 1506 quia
921 1424 961 1487 ab
991 1424 1069 1506 ipsis
1092 1442 1201 1486 secun·
1255 1421 1374 1496 dilecti,
1401 1423 1485 1484 sicut
1508 1440 1609 1504 quum
1639 1441 1688 1486 res
1711 1429 1819 1485 tantum
1839 1423 1939 1505 diligitur

454 1521 531 1584 dum
555 1541 684 1585 carnem
709 1523 934 1604 processimus,
958 1530 1076 1604 quanto
1101 1521 1200 1603 magis
1255 1527 1409 1602 quantum
1435 1539 1475 1583 err
1499 1539 1556 1582 sua
1580 1529 1691 1583 natura
1717 1531 1767 1583 aut
1787 1522 1938 1584 consistentia

453 1619 634 1700 diligendus
649 1628 697 1682 est
710 1621 803 1684 nobis
818 1621 971 1683 Dominus
986 1621 1110 1694 Densa
1125 1638 1199 1702 quo,
1255 1618 1423 1700 diligibilis
1448 1627 1504 1682 cst.
1527 1620 1632 1693 Quum
1656 1637 1727 1700 ergo
1750 1621 1821 1683 Deus
1840 1620 1872 1682 sit
1890 1619 1938 1682 inli-

453 1726 609 1799 quantum
634 1720 673 1781 ad
697 1719 849 1793 animam,
873 1718 1057 1781 immediate
1081 1719 1199 1781 conditi
1256 1717 1329 1779 nitae
1350 1716 1554 1779 amabilitatis
1573 1718 1658 1779 sicut
1674 1725 1706 1780 et
1724 1717 1840 1780 infinita
1855 1718 1938 1779 bonita-

453 1834 575 1890 sumns,
592 1835 630 1879 ex
654 1817 747 1897 cujus
769 1817 864 1879 etiam
887 1817 1097 1899 previdentia,
1114 1825 1200 1898 pote·
1218 1813 1308 1888 Btis,
1326 1822 1449 1878 constat
1463 1817 1548 1896 quod
1568 1815 1690 1878 nullius
1707 1823 1839 1878 creature
1850 1815 1939 1878 dileetio

453 1921 533 1976 state
553 1921 585 1976 et
604 1914 687 1977 dono
708 1915 863 1997 profluxit
882 1916 965 1997 quod
981 1915 1200 1996 aparentibus
1255 1915 1294 1975 ad
1311 1914 1423 1987 Deum,
1436 1922 1540 1996 potest
1556 1933 1626 1976 esse
1643 1913 1839 1996 perlecta,scd
1852 1913 1939 1974 inlinitc

453 2011 622 2073 carnaliter
637 2013 701 2074 nati
718 2016 851 2075 sumust
867 2013 986 2094 ltaque,
998 2013 1081 2074 sicut
1095 2013 1202 2074 anima
1255 2011 1366 2074 delicit
1388 2011 1428 2074 ab
1451 2013 1510 2074 hac
1532 2011 1729 2094 perfectione
1749 2011 1895 2074 dilectionis
1910 2011 1940 2072 di·

453 2117 501 2171 cst
525 2110 819 2193 incomparabiliter
842 2111 967 2191 dignior
991 2128 1133 2192 corpore,
1154 2111 1200 2172 sic
1254 2110 1337 2172 vrinae
1355 2129 1361 2174 :
1380 2111 1530 2193 solusque
1546 2112 1632 2173 [leus
1652 2129 1685 2173 se
1704 2112 1800 2193 ipsum
1817 2111 1864 2172 boc
1878 2109 1940 2170 noda

453 2207 634 2270 animarum
654 2217 828 2272 creatorem
844 2217 876 2271 et
892 2217 1015 2291 patrem
1035 2210 1135 2271 Deum
1156 2210 1201 2270 in·
1256 2207 1397 2290 perfecte
1422 2208 1535 2290 diligit.
1562 2208 1709 2272 Secundo
1731 2208 1842 2271 dilectio
1860 2207 1941 2269 dicitur

454 2306 712 2388 comparabiliter
731 2308 803 2389 plus
823 2327 1077 2390 amemusquam
1093 2326 1201 2370 carna·
1255 2325 1325 2368 esse
1356 2306 1497 2388 perlecta
1528 2326 1567 2369 ex
1597 2315 1688 2388 parte
1717 2306 1866 2388 diligentis,
1889 2305 1941 2366 dun

455 2403 500 2465 les
523 2411 680 2485 parentes.
1255 2424 1366 2468 amans
1388 2407 1565 2468 secundum
1585 2412 1686 2468 totam
1708 2424 1789 2468 suam
1809 2403 1940 2466 lacultaten

495 2502 611 2575 Quarto
627 2522 752 2565 summe
769 2503 950 2584 diligendus
967 2512 1014 2566 est
1031 2505 1112 2566 Deus
1132 2523 1201 2586 pro·
1255 2503 1357 2565 lertur
1381 2523 1438 2586 per
1461 2522 1604 2566 amorem
1637 2505 1669 2566 in
1692 2511 1819 2566 amatum
1841 2521 1847 2565 :
1867 2502 1941 2581 sicque

454 2605 526 2680 pter
551 2599 700 2661 universa
724 2600 883 2663 beneficia
908 2621 964 2664 sua
988 2601 1148 2683 generalia
1170 2610 1201 2664 et
1256 2601 1481 2664 intellectualis
1511 2610 1658 2665 creatura
1688 2609 1785 2685 potest
1807 2601 1897 2663 habere
1916 2599 1941 2659 ad

454 2696 615 2779 specialia,
633 2699 809 2780 corporalia
828 2707 859 2760 et
873 2700 1061 2781 spiritualia,
1077 2708 1201 2762 natura·
1255 2701 1356 2764 Deum
1391 2700 1595 2763 dilectionem
1629 2701 1805 2782 perlectam,
1830 2705 1855 2760 et
1879 2696 1942 2758 habet

454 2794 497 2857 lia
521 2802 553 2856 et
577 2796 841 2877 supernaturalia,
863 2797 981 2879 quibus
1006 2797 1202 2860 incessabili·
1255 2798 1382 2881 quando
1401 2799 1578 2861 secundum
1601 2806 1706 2862 totum
1727 2817 1809 2880 posse
1827 2815 1898 2858 suurn
1913 2793 1943 2854 di·

453 2900 502 2955 ter
517 2894 649 2968 utimur,
666 2902 882 2958 sustentamur
906 2903 937 2958 et
962 2913 1199 2969 conservamur,
1256 2896 1326 2977 ligit
1345 2898 1455 2959 Deum.
1475 2896 1576 2977 Hujus
1596 2905 1706 2960 autem
1726 2893 1896 2978 perfectionis
1910 2909 1942 2952 ca·

454 3010 551 3074 super
577 3000 695 3055 terram
720 2993 882 3067 calcando,
907 3013 1014 3057 acrem
1043 2995 1200 3077 respiran-
1219 2993 1358 3056 Critetis
1380 3002 1454 3056 sunt
1474 3003 1539 3057 tres
1560 2996 1690 3076 gradus.

454 3090 505 3163 do,
525 3109 609 3172 aqua
633 3109 691 3154 nos
711 3091 938 3172 refrigeranda,
960 3101 992 3155 et
1012 3093 1084 3174 igne
1104 3093 1200 3156 variis
1295 3093 1419 3156 Primus
1448 3101 1480 3156 et
1509 3112 1658 3156 summus
1688 3099 1744 3168 est,
1772 3092 1838 3154 dum
1861 3087 1944 3150 intelle

455 3189 557 3252 modis
582 3192 708 3252 utendo.
729 3191 799 3272 lpse
818 3192 901 3254 Deus
927 3192 1010 3254 lucet
1031 3192 1123 3255 nobis
1145 3211 1202 3274 per
1256 3191 1369 3254 ctualis
1392 3199 1537 3255 creatura
1561 3193 1739 3255 secundum
1761 3208 1868 3253 omnem
1884 3203 1944 3248 suan

455 3289 566 3362 solem,
583 3289 652 3371 ipse
667 3291 721 3352 dat
737 3289 891 3371 pluviam,
908 3290 948 3353 ab
965 3291 1035 3373 ipso
1050 3298 1124 3353 sunt
1138 3291 1202 3353 lru-
1256 3291 1406 3352 virtutem
1428 3291 1648 3353 indesinenter
1666 3290 1819 3353 actualiter
1836 3287 1911 3348 lertur
1924 3283 1944 3343 ιι

455 3396 525 3450 ctus
549 3395 652 3462 terrae,
678 3396 710 3450 et
733 3389 841 3452 omnia
864 3391 1043 3452 necessaria
1066 3390 1138 3453 vitae
1163 3409 1201 3452 ex
1255 3390 1356 3452 Deum
1374 3406 1381 3451 :
1398 3397 1429 3451 ct
1445 3389 1503 3452 istc
1522 3391 1641 3470 gradus
1663 3388 1850 3472 perfectionis
1865 3383 1944 3446 divina

455 3487 556 3568 ipsius
576 3486 778 3568 providentia
797 3488 1024 3568 conferuntur3
1039 3489 1079 3551 ab
1096 3507 1134 3551 eo
1150 3490 1201 3551 ha·
1255 3487 1434 3551 dilectionis
1464 3488 1619 3569 competit
1644 3487 1789 3551 omnibus
1810 3483 1905 3548 Sanctis
1924 3479 1945 3539 in

454 3582 567 3646 bemus
598 3603 678 3659 esse,
704 3586 823 3658 vivere,
854 3586 984 3660 sentire,
1010 3587 1199 3668 intelligere,
1256 3586 1367 3668 patria.
1386 3586 1437 3648 Sic
1460 3586 1546 3649 enim
1571 3585 1675 3649 Deum
1697 3586 1819 3666 diligere
1836 3589 1887 3644 toto
1901 3595 1945 3639 ccr-
2026 3647 2027 3656 ἵ

454 3699 569 3764 corpus
598 3689 630 3745 et
653 3683 803 3746 animam.
831 3683 1074 3747 Consideremus
1103 3704 1200 3767 quan·
1255 3686 1305 3758 de,
1326 3692 1374 3747 est
1396 3684 1503 3766 ipsum
1528 3683 1663 3765 diligere
1688 3683 1797 3747 actuali
1816 3696 1899 3743 amora
1916 3675 1945 3736 in·
2026 3673 2027 3704 ³

454 3787 523 3842 tum
552 3798 674 3862 pauper
698 3780 802 3861 diligit
825 3800 899 3843 cum
924 3801 942 3844 a
966 3800 1029 3863 quo
1058 3783 1201 3863 quotidie
1256 3789 1416 3844 cessanter
1440 3781 1474 3842 in
1500 3782 1598 3843 Deum
1625 3790 1733 3844 erecto
1756 3777 1900 3842 secundum
1917 3781 1945 3832 te

454 3878 536 3940 bene
556 3877 702 3941 relicitur
720 3897 756 3941 ac
776 3880 934 3942 vestitur:
952 3887 1107 3962 quantum
1126 3898 1201 3961 ergo
1255 3888 1324 3942 tum
1346 3897 1439 3962 posse
1461 3879 1647 3953 voluntatiS,
1668 3879 1785 3961 absque
1803 3872 1946 3940 admixtione

455 3976 555 4038 Deum
576 3995 683 4038 amare
706 3983 861 4053 tenemur,
878 3998 897 4040 a
915 3996 980 4061 quo
1001 3979 1109 4042 omnia
1130 3999 1200 4062 qua
1255 3979 1356 4043 omnis
1372 3977 1543 4042 inordinati
1559 3986 1590 4040 et
1604 3977 1831 4061 impertinentis
1843 3973 1945 4036 allectus

454 4072 1201 4157 habemus,accepimus,cujusdonasuntom-
1255 4077 1306 4140 Sia
1336 4094 1464 4159 quoque
1497 4077 1598 4139 Deum
1627 4077 1760 4158 diligere
1789 4081 1843 4137 tota
1865 4074 1947 4136 nante,

454 4173 508 4235 nia
523 4171 616 4247 bona,
632 4191 650 4234 a
666 4191 728 4255 quc
743 4174 960 4238 indesinenter
974 4195 1201 4239 conservamur
1215 4179 1239 4241 D
1255 4183 1303 4238 est
1324 4175 1440 4238 divine
1463 4175 1605 4237 veritatis
1628 4170 1869 4256 contemplationi
1886 4166 1946 4228 indc-

455 4272 488 4333 in
511 4290 591 4347 esse,
608 4272 677 4335 sine
701 4272 794 4354 cujus
819 4275 1058 4338 conservatione
1080 4293 1139 4338 nec
1161 4276 1200 4338 ad
1255 4275 1396 4338 sinentar
1413 4292 1525 4336 vacare
1544 4275 1725 4336 secundum
1740 4281 1890 4336 extremum
1903 4282 1948 4347 pos·

456 4378 654 4433 momentum
671 4388 837 4452 possemus
854 4371 1048 4434 subsisteret
1065 4373 1088 4436 Ο
1103 4393 1201 4455 quan·
1255 4393 1289 4436 se
1318 4373 1510 4447 intellectus,
1536 4372 1659 4454 absque
1684 4371 1861 4435 admixtione
1882 4363 1947 4426 tetius

455 4475 486 4530 te
510 4475 557 4530 est
582 4469 773 4548 ingratitudo
802 4476 896 4550 atque
926 4471 1116 4552 perversitas
1141 4473 1200 4534 ini·
1255 4471 1460 4552 evagationis
1477 4470 1595 4533 erroris
1612 4479 1644 4533 et
1664 4463 1948 4553 deceptionislliligc-

455 4582 603 4647 quorum,
628 4573 659 4628 et
684 4584 780 4647 quam
804 4587 879 4630 vere
906 4568 1083 4649 justissima
1107 4589 1201 4653 appa·
1255 4590 1288 4632 re
1311 4578 1418 4632 autem
1442 4569 1543 4632 Deum
1569 4577 1634 4634 tuta
1658 4571 1774 4643 anima,
1793 4573 1835 4630 est
1852 4573 1901 4626 tota
1919 4561 1948 4620 in·

455 4662 538 4725 rcbit
557 4662 590 4724 in
610 4663 661 4725 die
679 4663 792 4744 judicii
816 4667 1037 4729 condemnatio
1058 4667 1197 4730 horumt
1255 4669 1396 4733 tentione
1418 4669 1585 4732 actualiter
1604 4689 1675 4732 esse
1698 4685 1817 4751 semper
1833 4665 1948 4728 clevatum
2024 4685 2025 4710 ι

494 4760 608 4834 Quinto
628 4761 782 4825 debemus
802 4764 902 4825 Deum
923 4784 1049 4828 summe
1067 4767 1200 4848 diligere
1256 4767 1288 4830 in
1319 4767 1420 4829 Deum
1457 4767 1489 4829 in
1520 4768 1672 4831 omnibus
1706 4787 1775 4850 quaa
1805 4763 1947 4845 cogitantur.
2024 4743 2025 4784 ι

452 4857 527 4940 quia
539 4859 570 4919 in
581 4876 619 4921 eo
631 4859 695 4921 solo
707 4867 771 4922 tcta
782 4869 888 4924 nostra
901 4862 1042 4924 censistit
1055 4863 1198 4938 felicitas,
1254 4874 1412 4940 amantur,
1438 4873 1585 4948 aguntur.
1614 4868 1711 4930 Porro
1739 4866 1857 4946 diligere
1880 4861 1948 4921 bern

452 4956 640 5039 etquoniam
652 4957 893 5022 tetbonanobis
906 4963 1096 5042 praeparavit
1108 4971 1199 5044 atque
1254 4972 1319 5027 tota
1342 4962 1530 5027 fertitudine
1557 4982 1613 5027 seu
1632 4983 1673 5027 ex
1693 4963 1834 5028 omnibus
1852 4954 1948 5020 viribus.

453 5049 601 5138 promisit
622 5055 655 5118 in
677 5056 776 5120 coelis.
1254 5071 1302 5126 est
1323 5063 1468 5126 omnium
1490 5063 1624 5126 aliarum
1649 5063 1883 5140 interiorumque
1898 5049 1949 5114 viri·
2023 5055 2024 5058 ’

492 5155 601 5237 ltaque
615 5154 724 5218 omnia
740 5155 799 5217 ista
814 5155 975 5220 multoties
989 5177 1026 5220 ac
1041 5160 1198 5241 profunde
1253 5183 1308 5224 um
1329 5162 1469 5226 actiones
1489 5180 1617 5244 semper
1634 5161 1753 5224 habere
1771 5155 1909 5222 actualiter
1918 5166 1949 5210 er·

453 5272 636 5335 pensemus,
653 5263 684 5317 et
704 5254 737 5316 in
759 5254 816 5317 Dei
838 5273 945 5319 amore
967 5258 1109 5339 quotidie
1132 5278 1197 5323 cre·
1253 5263 1375 5324 dinatas
1391 5261 1424 5323 in
1439 5261 1550 5336 Deum,
1563 5261 1606 5324 ita
1620 5261 1706 5343 quod
1723 5260 1776 5322 Dei
1791 5253 1898 5320 dilectio
1909 5246 1949 5310 crit
