4140 6258
483 461 631 512 mmmm
651 464 684 510 xr
705 463 778 510 rosr
797 459 991 510 rumrrurm.
1012 477 1052 490 —
1072 459 1171 510 scano
1192 460 1345 510 srcuunns
1628 445 1690 510 365

2 654 118 704 ronna
133 627 230 699 Unde
251 635 398 699 llabacuc
424 634 571 699 inducit:
588 634 751 710 Quomodo
775 633 887 696 vinum
902 632 927 697 A
944 633 1061 696 latetur
1084 632 1253 716 Apostolus
1280 649 1287 694 ε
1312 633 1494 714 Ignorantes
1517 630 1574 694 Dei
1597 628 1687 712 justi·
1711 646 1834 700 noman.

133 741 302 816 potantem
318 733 448 816 decipit,
466 733 512 795 sic
532 733 594 796 erit
608 733 657 795 vir
672 731 841 814 superbus,
857 739 889 794 et
942 732 1030 806 tiam,
1052 739 1083 794 et
1107 751 1198 794 suam
1223 731 1365 794 volentes
1389 737 1538 804 statuere,
1557 728 1688 810 justitie

133 850 202 895 non
218 832 429 895 decorabitur.
441 831 597 914 Superbia
612 830 731 893 etenim
748 837 886 892 mentem
942 829 998 892 llei
1021 846 1084 893 non
1107 837 1180 892 sunt
1202 827 1348 909 subjecti.

134 929 181 992 ita
203 929 392 993 obtenebrat
412 938 445 992 et
465 928 600 1003 seducit,
617 928 702 1010 quod
724 927 885 1010 propriam
981 929 1020 990 At
1048 945 1124 991 vero
1153 935 1271 1010 quanta
1299 927 1377 990 vitia
1406 927 1438 989 in
1466 925 1627 1008 prasenti,
1658 933 1690 987 et

131 1027 305 1104 vilitatem,
321 1028 511 1102 fatuitatem,
524 1027 726 1109 iniquitatem
743 1033 774 1088 ct
789 1025 888 1106 ingrc·
942 1033 1059 1108 quanta
1081 1026 1239 1108 supplicia
1261 1025 1293 1088 iu
1318 1023 1427 1087 futuro
1449 1023 1569 1087 incidat
1593 1024 1690 1086 homo

132 1126 315 1201 titudinem,
324 1127 389 1190 imo
404 1134 436 1190 et
452 1125 580 1189 infinito
594 1143 652 1188 sua
666 1123 809 1208 pericula
822 1140 886 1186 non
941 1143 979 1188 cx
1004 1131 1136 1208 peceato
1160 1123 1330 1206 superbia,
1355 1123 1520 1186 evidenter
1544 1129 1630 1204 patet
1654 1121 1687 1184 in

131 1223 282 1286 advertit.
299 1224 343 1287 Dc
358 1224 417 1286 hac
439 1230 548 1286 autem
568 1221 700 1286 materia
718 1220 822 1284 adhuc
839 1220 886 1282 in·
939 1222 1098 1288 absalone
1112 1222 1182 1286 filio
1197 1222 1280 1304 regis
1295 1222 1405 1296 David,
1421 1221 1491 1284 viro
1511 1219 1688 1303 pulcherri-

130 1323 349 1386 nnmerabilic
370 1330 501 1406 possent
519 1321 646 1396 adduci,
663 1320 718 1384 sed
738 1318 887 1382 brevitati
941 1340 1004 1396 mo,
1021 1323 1077 1384 sed
1100 1321 1372 1384 ambitiosissima.
1392 1320 1450 1393 Qui
1472 1338 1510 1382 ex
1533 1319 1687 1382 immode-
1709 1335 1836 1394 linean-

130 1421 330 1484 studendum
355 1427 413 1496 est,
430 1428 525 1503 atque
550 1439 588 1482 ex
614 1418 724 1502 paucis
747 1417 814 1498 jam
839 1416 886 1479 in·
940 1421 1121 1484 rantissima
1149 1420 1286 1483 clatione
1318 1418 1492 1483 conabatur
1520 1417 1686 1501 proprium
1702 1413 1759 1444 ¹¹³¹·

133 1519 291 1581 troductis
313 1519 405 1601 plura
426 1518 500 1582 elici
522 1525 653 1600 queunt.
940 1526 1063 1602 patrem
1079 1536 1177 1600 regno
1191 1518 1351 1601 erpellere
1366 1525 1398 1580 et
1412 1517 1477 1580 vita
1492 1516 1629 1599 privare,
1645 1523 1689 1579 at-

173 1616 337 1679 Postrcmo
360 1632 490 1679 omnem
519 1631 723 1697 summopere
747 1613 885 1676 vitemus
939 1637 1002 1700 quc
1027 1637 1085 1700 per
1106 1617 1193 1680 varia
1214 1616 1433 1679 blandimenta
1456 1616 1552 1679 corda
1576 1615 1688 1698 populi

130 1713 331 1795 superbiam.
348 1713 413 1776 Nec
428 1714 467 1776 de
488 1711 580 1777 donis
599 1711 811 1785 naturalibus,
827 1709 886 1772 sci·
940 1715 1002 1778 sibi
1018 1716 1154 1790 attraxit,
1171 1715 1300 1798 quiade
1315 1733 1408 1778 mane
1428 1714 1530 1777 stabat
1546 1714 1578 1776 iu
1598 1720 1689 1796 porta

130 1810 210 1872 licet
226 1807 882 1894 pulchritudine,eloquentia,fortitudine,
903 1811 1079 1878 Beivitaus
1099 1814 1286 1889 Jerusalem,
1302 1821 1334 1877 et
1354 1813 1550 1877 introeuntes
1572 1812 1689 1874 blande

129 1929 240 1992 neque
262 1911 301 1973 dc
323 1909 416 1973 bonis
438 1909 585 1984 fortunae,
600 1909 751 1972 videlicet
772 1907 885 1971 nobili·
939 1913 1171 1995 alloquebatur,
1194 1911 1447 1995 amplectebatur
1471 1918 1503 1974 et
1524 1910 1688 1975 osculaba-

128 2014 208 2083 tatc,
226 2008 402 2091 opulentia,
419 2008 572 2091 potentia,
587 2026 648 2070 nec
663 2007 702 2070 de
722 2005 884 2070 habitibus
940 2019 1002 2086 tur,
1019 2019 1176 2094 quatenus
1196 2028 1254 2074 suo
1275 2017 1420 2093 tempore
1440 2017 1590 2093 caperent
1612 2027 1687 2072 eum

129 2107 312 2189 acquisitis,
329 2115 439 2191 utpote
461 2107 719 2189 quibuscumque
741 2104 885 2169 scientiis
940 2110 973 2172 in
989 2128 1105 2191 regem.
1117 2109 1236 2173 Deinde
1252 2108 1335 2171 facta
1350 2108 1569 2189 conjuratione
1585 2108 1689 2171 valida

130 2205 345 2281 scholasticis,
362 2223 466 2288 neque
482 2224 520 2268 ex
534 2205 671 2268 aliorum
690 2204 883 2278 adulatione,
940 2216 1050 2272 contra
1065 2208 1164 2271 David
1185 2226 1303 2289 regem,
1320 2208 1408 2271 misit
1428 2208 1556 2271 nuntios
1572 2208 1605 2271 iu
1621 2225 1688 2271 om-

130 2304 318 2369 landctione
332 2312 387 2367 aut
401 2303 610 2368 honoratione
624 2303 717 2366 uobis
732 2302 884 2366 exhibitis
940 2325 996 2370 nes
1021 2306 1175 2370 terminos
1199 2307 1288 2388 regui
1310 2306 1417 2382 lsrael,
1434 2307 1490 2388 qui
1512 2306 1662 2370 dixerunt
1679 2325 1686 2370 :

130 2403 344 2482 extollamur3
361 2403 416 2466 scd
437 2421 541 2485 neque
556 2421 595 2465 ex
614 2401 706 2467 donis
725 2402 883 2484 gratuitis,
940 2405 1095 2486 Regnavit
1113 2404 1251 2469 Absclon
1275 2405 1307 2466 in
1326 2403 1462 2468 Hebron.
1480 2405 1614 2488 lloxque
1633 2423 1688 2488 po-

130 2520 199 2565 non
214 2520 254 2564 ex
268 2501 443 2565 virtutibus
463 2500 669 2582 scientiisque
690 2499 816 2574 inlusis,
832 2518 885 2561 ne-
940 2503 1035 2585 pulus
1051 2502 1193 2585 undique
1214 2503 1376 2566 concurrit
1389 2503 1427 2566 ad
1448 2522 1533 2578 cum,
1550 2511 1583 2566 et
1597 2503 1689 2567 unxit

130 2619 197 2682 quc
222 2619 263 2663 ex
285 2600 377 2663 bonis
398 2599 550 2683 operibus
574 2598 690 2662 nostris
715 2597 884 2681 preteritis
940 2620 1014 2664 eum
1031 2601 1064 2662 iu
1080 2620 1187 2682 regem
1204 2620 1358 2684 superse.
1376 2601 1507 2677 Deinde,
1525 2609 1560 2663 ul
1575 2621 1688 2666 manus

130 2699 328 2763 intumescat
343 2717 398 2762 cor
413 2705 569 2772 nostrum,
582 2716 623 2760 ne
638 2715 712 2759 cum
726 2697 883 2760 Pharisaeo
939 2700 1051 2783 populi
1083 2699 1337 2765 confortarentur
1367 2719 1488 2776 secum,
1518 2701 1687 2765 vitiosissi-

130 2798 194 2862 isto
218 2797 383 2880 reprobari
407 2815 588 2860 mereamur
608 2814 643 2858 ao
664 2795 880 2859 condemnari.
940 2817 1030 2860 mum
1059 2798 1221 2862 commisit
1244 2799 1402 2861 incestum
1431 2817 1504 2862 cnm
1534 2799 1688 2864 uxoribus

128 2897 195 2958 ll'cc
216 2897 296 2960 alios
315 2915 535 2980 aspernemur,
552 2914 611 2958 uec
630 2903 751 2958 temere
773 2913 884 2977 quem·
939 2897 1039 2979 patris
1058 2897 1117 2958 sui.
1135 2897 1274 2960 Tandem
1290 2896 1411 2960 bellum
1430 2915 1597 2979 aggressus
1613 2916 1686 2962 oon-

129 2995 219 3077 picm
245 2995 439 3076 judicemus,
457 3011 562 3077 neque
584 2994 655 3056 aliis
677 2989 921 3076 praefercmusC
938 3001 986 3056 tra
1000 2993 1176 3057 exercitum
1192 2994 1291 3076 patris
1311 2995 1372 3070 sui,
1389 2995 1569 3072 succubuit,
1586 3003 1617 3058 ct
1636 3014 1687 3060 oc-

128 3111 189 3156 uos
204 3093 474 3175 absolute,quum
490 3092 673 3173 ignoremus
689 3092 798 3175 quales
814 3110 883 3154 cras
938 3092 1004 3154 cisa
1027 3099 1102 3154 sunt
1122 3092 1236 3174 viginti
1263 3092 1365 3155 millia
1386 3093 1426 3156 de
1449 3094 1686 3158 adherentibus

130 3193 255 3254 erimus
275 3199 307 3254 ct
326 3211 366 3254 cn
387 3187 528 3254 finaliter
548 3208 782 3273 consequemur
801 3190 883 3253 salu·
938 3191 1190 3274 sihiQuumque
1205 3190 1330 3274 fugeret
1345 3191 1414 3274 ipse
1429 3192 1570 3256 insidens
1587 3194 1684 3268 mulo,

130 3298 271 3364 tem,aut
285 3289 395 3372 quales
410 3289 474 3352 sint
488 3288 543 3351 alii
559 3288 591 3352 in
607 3287 883 3371 predestinatione
939 3289 1055 3352 mansit
1069 3307 1142 3352 cnm
1165 3289 1309 3352 crinibus
1329 3290 1396 3353 suis
1415 3290 1579 3355 adherens
1596 3310 1687 3374 quer·

129 3389 253 3452 divina.
270 3389 331 3451 Sed
353 3395 473 3470 quanto
493 3386 586 3470 plura
610 3406 629 3450 a
652 3386 716 3450 ilco
741 3387 881 3469 suscepi·
938 3387 1000 3461 cui,
1019 3396 1327 3470 pertranseuntequc
1352 3389 1440 3452 mulo
1464 3389 1623 3473 pendebat
1646 3391 1686 3453 ad

131 3507 205 3550 mus
222 3487 412 3562 bona,tanto
426 3485 532 3549 eidem
546 3486 698 3567 gratiores
714 3485 884 3566 subjectio
936 3485 1146 3560 ramquuo
1161 3486 1381 3568 cognito,locb
1395 3487 1546 3571 princeps
1561 3488 1686 3553 militiae

130 3605 251 3669 resque
270 3585 388 3664 simus3
404 3591 437 3647 et
455 3590 554 3647 totam
574 3583 673 3646 vitam
688 3591 829 3647 nostram
850 3584 882 3645 iu
937 3584 1036 3648 David
1055 3585 1180 3667 accepit
1198 3593 1263 3648 tres
1283 3585 1419 3661 lanceas,
1436 3593 1468 3649 et
1487 3587 1575 3650 cordi
1590 3587 1686 3651 Absa-

128 3683 297 3747 tutissimo
311 3681 502 3746 humilitatis
516 3680 725 3746 fundamento
744 3681 883 3744 stabilia-
937 3682 1019 3746 lonis
1034 3702 1087 3746 ecs
1107 3681 1238 3745 infixit:
1256 3691 1287 3746 et
1307 3683 1350 3746 ita
1368 3684 1401 3746 iu
1422 3685 1597 3749 sceleribus
1618 3686 1685 3750 suis

129 3801 285 3857 mus,nec
300 3781 421 3863 aliquid
437 3798 494 3844 nos
510 3779 667 3862 prolicere
682 3779 882 3852 arbitremur,
937 3781 1208 3863 periculosissime
1229 3781 1318 3845 obiit.

127 3883 193 3944 nisi
218 3881 253 3944 iu
272 3898 347 3943 vera
366 3878 599 3962 profecerimus
617 3878 806 3942 humilitate.
823 3877 882 3952 Qui
977 3879 1147 3960 Fugiamus
1164 3879 1271 3962 itaque
1285 3897 1414 3945 omnem
1429 3882 1638 3947 ambitionem
1654 3891 1686 3947 ct

126 3980 219 4043 euim
242 3979 274 4041 in
295 3996 328 4040 se
348 3977 427 4060 ipsis
446 3977 584 4040 inaniter
602 3977 779 4058 gloriantur
797 3976 881 4039 etde
936 3975 1118 4052 elationem,
1135 3977 1211 4059 quia
1231 3979 1409 4044 certissime
1428 3982 1591 4044 numerari
1612 4001 1685 4065 pec-

127 4077 257 4142 meritis
287 4077 353 4140 suis
382 4082 591 4158 praesumunt,
618 4082 673 4138 aut
699 4074 784 4138 bona
811 4093 881 4156 quaa
937 4081 1006 4136 cata
1019 4092 1084 4138 non
1098 4075 1206 4138 valent
1224 4095 1295 4158 quae
1311 4078 1425 4140 exinde
1445 4081 1632 4161 procedunt,
1649 4089 1686 4144 ut

126 4182 317 4260 operantur,
334 4173 400 4236 suis
418 4173 543 4236 viribus
562 4181 617 4236 aut
635 4172 798 4238 laboribus
819 4191 882 4235 ma·
896 4173 921 4238 l)
936 4179 1069 4236 testatur
1084 4174 1263 4255 Gregorius.
1276 4175 1448 4258 Cupiamus
1463 4195 1539 4258 ergo
1553 4178 1684 4242 subesse

126 4278 177 4358 gis
199 4292 299 4358 quam
318 4273 425 4354 gratiae
445 4272 501 4335 llei
520 4272 716 4346 adscribunt,
733 4272 881 4334 excecati
936 4271 1042 4353 potius
1058 4290 1154 4354 quam
1170 4273 1454 4354 praeesse,obedire
1471 4275 1570 4356 magis
1586 4295 1683 4358 quam

128 4381 208 4438 sunt
235 4379 354 4445 mente,
374 4369 481 4434 stolidi
504 4378 536 4432 et
556 4371 675 4434 inanes.
695 4371 739 4433 lle
763 4369 882 4451 quibus
935 4369 1115 4452 praesidere.
