4214 6254
423 491 482 562 toa
832 511 981 560 noururca
1002 511 1044 558 ss.
1066 508 1308 556 minuans-
1329 507 1428 554 sanare
1448 506 1559 553 ramus

422 687 594 750 admodum
619 687 646 748 si
671 686 717 748 sol
743 685 811 768 ipse
835 684 875 746 ab
903 691 1020 747 aeterno
1045 681 1168 753 fuisset,
1183 678 1209 742 Α
1224 687 1271 742 est
1289 678 1450 760 generatio
1470 677 1596 761 penitus
1616 675 1763 759 simplex,
1780 671 1963 736 immateria-

424 784 575 867 splendor
589 783 629 847 ab
644 791 762 846 aeterno
778 781 984 865 profluxisset
998 800 1016 842 a
1031 779 1117 858 sole;
1139 785 1170 840 et
1224 778 1274 852 lis,
1291 777 1489 840 invariabilis
1508 784 1539 838 et
1559 775 1707 858 perfecta.
1730 772 1851 836 Idcirco
1871 770 1963 833 vilius

424 880 719 964 quamvishaberet
738 876 1167 961 esseoriginemqueasola‚
1224 895 1386 958 nunquam
1419 875 1478 937 fuit
1506 876 1596 936 Patre
1625 873 1740 945 minor,
1766 869 1886 951 junior,
1915 875 1964 930 aut

424 988 530 1042 tamen
547 987 721 1042 coeternus
736 977 902 1040 exsisteret
916 977 994 1038 soli:
1012 976 1058 1036 sic
1072 974 1170 1037 filius
1225 974 1441 1056 impotentior,
1466 981 1520 1035 eut
1550 970 1752 1054 insipientior
1768 988 1776 1048 ;
1801 968 1857 1031 sed
1881 969 1964 1030 Pater

424 1077 479 1141 Dei
501 1077 597 1139 babet
618 1096 687 1140 esse
710 1095 803 1139 suum
825 1076 949 1138 aPatre
970 1092 1095 1136 summo
1114 1093 1171 1156 per
1225 1081 1372 1145 falernus,
1403 1071 1575 1153 perfectus,
1607 1070 1795 1142 immensus,
1825 1065 1964 1147 omnipo-

423 1176 661 1257 generetionem
681 1181 852 1252 aeternam;
872 1173 974 1235 nihilo
993 1173 1101 1234 minus
1120 1189 1171 1234 co·
1225 1178 1294 1232 teus
1319 1187 1509 1251 summeque
1534 1167 1671 1249 sapiens,
1696 1163 1914 1228 immaterialis
1937 1171 1966 1224 et

424 1281 561 1336 aeternus
577 1281 626 1335 est
639 1273 721 1335 Patri
736 1271 901 1334 altissimo.
920 1271 1053 1352 insuper
1072 1269 1170 1352 Spiri-
1226 1267 1372 1349 simplex,
1399 1267 1589 1331 aetarnaliter
1612 1265 1723 1348 genuit
1745 1263 1860 1325 Filium
1880 1270 1965 1324 eter-

424 1381 476 1435 tus
501 1373 634 1435 Sanctus
657 1380 705 1434 est
725 1391 744 1433 a
765 1372 854 1434 Patre
873 1379 905 1433 et
926 1370 1016 1443 vilio,
1032 1369 1115 1430 sicut
1130 1367 1169 1430 ab
1226 1386 1315 1440 num,
1336 1365 1526 1448 perfeetum,
1548 1363 1755 1436 immensum,
1771 1361 1966 1442 omnipoten-

424 1488 489 1532 uuo
505 1469 615 1533 fontali
632 1470 802 1552 principio,
817 1469 848 1530 in
865 1474 1020 1551 quantum
1035 1467 1124 1529 Pater
1139 1473 1170 1528 et
1226 1473 1289 1527 tem
1310 1483 1498 1546 summeque
1517 1463 1706 1545 sapientem,
1727 1458 1965 1522 immaterialem

425 1569 523 1632 Filius
545 1588 644 1631 unum
665 1577 749 1642 sunt,
767 1568 826 1630 hoc
845 1576 894 1630 est
913 1567 1008 1629 unius
1027 1565 1171 1628 substan·
1226 1581 1261 1624 ac
1288 1562 1478 1644 simplicem.
1501 1561 1538 1622 Et
1560 1562 1643 1623 idem
1667 1558 1841 1620 tenendum
1864 1563 1912 1618 est
1932 1557 1967 1617 de

423 1667 475 1730 tire
490 1686 526 1728 ac
542 1666 726 1741 voluntatis
742 1674 774 1728 et
793 1685 876 1728 unus
895 1665 1050 1747 spirator;
1067 1671 1098 1725 et
1113 1663 1170 1724 sic·
1226 1660 1428 1742 processione
1449 1659 1585 1742 Spiritus
1605 1657 1724 1730 Sancti,
1740 1655 1824 1737 quod
1845 1653 1915 1737 ipsa
1931 1653 1968 1716 sit

424 1773 460 1827 ut
480 1765 578 1827 Filius
601 1773 777 1828 ooaeternus
797 1772 846 1826 est
864 1764 957 1836 Patri,
975 1762 1017 1825 ita
1033 1761 1170 1844 Spiritus
1226 1766 1353 1830 aetema,
1384 1757 1615 1830 immaterialis,
1646 1753 1797 1838 perfecta,
1827 1759 1858 1815 et
1887 1753 1967 1834 quod

423 1864 556 1926 Sanctus
571 1871 746 1938 coaeternus
761 1869 810 1924 est
823 1862 905 1924 Patri
921 1879 957 1922 ac
974 1861 1061 1923 filio.
1072 1860 1170 1939 Cujus
1188 1853 1211 1915 B
1227 1856 1362 1937 Spiritus
1385 1856 1518 1917 Sanetus
1540 1855 1581 1915 sit
1602 1854 1633 1915 in
1654 1853 1741 1915 omni
1763 1851 1967 1934 perfectione,

422 1960 607 2042 exemplum
631 1979 731 2021 unum
748 1959 813 2039 Jam
839 1959 978 2040 positum
998 1965 1046 2019 est
1064 1958 1103 2018 de
1122 1975 1170 2018 so·
1226 1954 1377 2016 felicitate
1398 1962 1429 2016 et
1447 1953 1548 2034 gloria
1567 1952 1649 2014 Patri
1671 1951 1813 2032 Filioque
1833 1967 1969 2030 coaequa·

423 2058 452 2121 le
473 2065 504 2120 et
523 2057 594 2137 ejus
614 2057 792 2138 splendore.
810 2057 943 2119 Possunt
963 2073 1090 2136 quoque
1109 2054 1171 2115 elia
1228 2052 1277 2125 lis,
1304 2053 1346 2114 ita
1371 2052 1455 2133 quod
1479 2051 1617 2132 Spiritus
1647 2049 1780 2110 Sanctus
1806 2056 1854 2109 est
1879 2065 1969 2108 verus

424 2156 524 2217 multa
539 2155 691 2236 assignari
711 2154 858 2236 exempla
875 2172 882 2216 :
900 2154 974 2236 quia
991 2153 1017 2215 si
1035 2153 1115 2233 ignis
1130 2152 1170 2213 ab
1227 2151 1320 2224 DeuS,
1347 2150 1504 2223 infinitus,
1530 2149 1744 2230 omnipotens,
1769 2144 1969 2227 simplicissi-

423 2261 541 2316 aeterno
560 2253 685 2326 fuisset,
702 2253 788 2315 calor
807 2269 933 2334 quoque
952 2251 1022 2331 ejus
1041 2257 1170 2313 aeterna·
1227 2268 1309 2322 mus,
1328 2267 1517 2328 summeque
1537 2246 1675 2328 sepiem,
1696 2244 1886 2317 adorandus,
1906 2262 1970 2325 per-

423 2351 496 2413 liter
518 2349 701 2422 exstitisset,
721 2358 753 2412 et
775 2359 882 2411 tamen
904 2349 944 2411 ab
967 2349 1039 2428 igne
1058 2347 1170 2408 fluxis·
1227 2346 1339 2408 fectus.

423 2457 490 2527 set3
514 2448 675 2520 similiter,
699 2448 724 2510 si
748 2466 804 2529 pes
825 2447 866 2509 ab
890 2456 1009 2510 caterno
1032 2446 1170 2508 stetisset
1265 2445 1436 2518 Postremo,
1453 2445 1491 2506 de
1513 2443 1606 2506 modo
1620 2441 1834 2524 generationis
1848 2459 1886 2502 ae
1901 2457 1969 2523 pro-

423 2547 456 2608 in
486 2546 628 2628 pulvere,
659 2545 830 2624 vestigium
864 2545 953 2627 pedis
984 2553 1066 2606 esset
1097 2543 1169 2624 pedi
1225 2543 1378 2606 cessionis
1391 2544 1506 2605 divinar
1518 2542 1639 2623 aliquid
1652 2539 1899 2622 superficialiter
1908 2538 1969 2618 jam

423 2644 620 2718 coaternale,
642 2651 799 2707 ettamen
820 2650 902 2705 esset
921 2662 939 2704 a
960 2643 1049 2724 pede.
1076 2642 1170 2705 Deni—
1225 2642 1392 2722 tangendo,
1418 2639 1583 2702 sciendum
1609 2639 1694 2720 quod
1719 2639 1801 2700 Deus
1825 2638 1916 2698 Pater
1939 2655 1970 2697 se

422 2743 538 2825 quein
560 2741 752 2823 nobisipsis
778 2741 960 2806 invenimus
985 2740 1169 2822 exemplum
1225 2739 1330 2820 ipsum
1362 2739 1515 2800 intuendo
1544 2757 1580 2798 ae
1606 2736 1822 2817 intelligendo,
1850 2734 1970 2796 intelle-

422 2840 582 2922 quomodo
605 2839 742 2924 Spiritus
771 2840 904 2901 Sanctus
935 2838 1034 2920 possit
1058 2857 1127 2900 esse
1152 2857 1170 2900 a
1224 2837 1370 2899 ctualiter
1392 2837 1475 2898 intra
1494 2855 1527 2897 se
1547 2835 1687 2917 concipit
1706 2853 1741 2896 ac
1762 2834 1885 2916 profert
1904 2853 1970 2895 ver-

422 2939 510 3000 Patre
534 2943 565 2999 et
586 2937 676 3012 Filio,
692 2937 768 3019 quie
788 2937 819 2997 in
840 2935 946 2997 anima
967 2942 1074 2998 nostra
1096 2943 1170 2997 sunt
1225 2935 1302 2996 burn
1323 2955 1422 2997 unum
1446 2935 1583 2997 mentale
1605 2934 1643 2996 de
1664 2951 1702 2995 eo
1723 2932 1808 3014 quod
1829 2931 1971 2994 intuetur

422 3054 524 3115 mene,
547 3034 658 3097 notitia
680 3042 712 3097 et
733 3033 870 3096 dilectio.
891 3034 927 3096 Et
949 3033 1062 3096 notitia
1083 3042 1131 3096 cst
1152 3054 1169 3096 a
1188 3034 1318 3114 Catqne
1334 3032 1493 3113 intelligit.
1517 3032 1555 3093 Et
1573 3031 1632 3094 boc
1653 3030 1786 3093 verbum
1803 3039 1969 3100 aeternum,

423 3140 547 3211 mente;
565 3132 694 3194 dilectio
714 3139 821 3194 autam
844 3139 892 3192 est
912 3151 929 3192 a
950 3140 1056 3193 mente
1076 3137 1107 3192 et
1128 3130 1169 3192 ab
1224 3131 1415 3193 aeternaliter
1437 3129 1758 3210 intellectualiterque
1776 3128 1970 3210 prolatuma

421 3231 491 3311 ejus
515 3230 635 3293 notitia.
659 3231 726 3294 Non
749 3231 836 3292 enim
859 3249 877 3290 a
898 3239 1004 3292 mente
1027 3229 1170 3311 procedit
1223 3228 1323 3301 Patre,
1345 3236 1393 3290 est
1417 3228 1600 3309 unigenitus
1624 3227 1721 3289 Filius
1743 3226 1824 3306 ejus,
1844 3227 1885 3288 de
1908 3243 1970 3308 quo

421 3328 550 3391 dilectio
573 3327 634 3390 nisi
660 3328 819 3390 mediante
842 3328 964 3401 notitia,
986 3329 1062 3409 quia
1083 3327 1168 3390 inco·
1224 3326 1379 3408 scripturn
1402 3335 1476 3388 est:
1497 3327 1531 3387 ln
1552 3324 1711 3407 principio
1731 3331 1798 3387 erat
1816 3325 1968 3396 Verbum,
1982 3348 2075 3390 ranan.

421 3427 546 3508 gnitum
563 3443 625 3488 non
642 3432 746 3508 potest
760 3426 870 3499 amari,
888 3432 972 3487 etex
988 3425 1168 3506 cognitione
1224 3433 1256 3486 et
1273 3425 1411 3486 Verbum
1433 3432 1500 3487 erat
1519 3425 1602 3506 apud
1624 3425 1735 3496 Deum,
1753 3431 1784 3485 et
1804 3424 1888 3485 Deus
1905 3431 1970 3485 erat

421 3524 566 3607 procedit
586 3523 725 3587 affectio.
1223 3523 1373 3585 Verbum.
1386 3523 1598 3585 Conformiter
1612 3523 1701 3584 Pater
1716 3529 1748 3584 et
1763 3521 1861 3584 Filius
1877 3541 1912 3584 se
1929 3522 1972 3583 in·

461 3623 623 3697 Praeterea,
640 3622 787 3704 quemvis
804 3622 918 3694 idiotae,
938 3623 1032 3684 rudes
1048 3632 1079 3685 et
1094 3623 1168 3685 sim·
1223 3621 1327 3683 vicem
1345 3620 1517 3702 diligendo,
1535 3619 1630 3682 simul
1654 3620 1835 3701 producunt
1856 3629 1888 3682 et
1910 3621 1971 3701 spi-

422 3721 521 3802 pliees
546 3720 693 3783 homines
718 3739 781 3782 nou
811 3720 948 3783 debeant
972 3740 1005 3782 se
1031 3722 1167 3784 multum
1224 3727 1294 3780 rant
1317 3737 1458 3782 amorem
1486 3738 1585 3780 uuum
1611 3718 1789 3799 perfectum
1814 3727 1846 3780 et
1867 3718 1970 3780 subsi-

420 3837 578 3900 occupare
594 3818 679 3880 circa
695 3837 853 3880 summam
874 3825 906 3879 et
926 3807 1177 3900 incomprehen·⁴
1224 3824 1371 3890 stentem,
1392 3817 1446 3898 qui
1465 3823 1596 3878 vocatur
1617 3824 1648 3878 et
1667 3823 1715 3878 est
1735 3815 1872 3898 Spiritus
1894 3817 1971 3879 San-

421 3917 549 3981 sibilem
567 3916 763 3990 Trinitatem,
781 3917 951 3978 scrutando
969 3924 1024 3978 aut
1043 3917 1167 3980 curiose
1224 3923 1302 3976 ctus
1320 3915 1390 3978 Haec
1407 3915 1446 3977 de
1461 3914 1726 3997 superbenedicta
1740 3915 1892 3977 Trinitate
1908 3915 1972 3976 sint

421 4014 589 4096 cogitando
613 4014 772 4096 quomodo
796 4021 859 4076 tres
883 4031 1025 4097 personae
1046 4016 1169 4098 possint
1223 4012 1470 4094 superficialiter
1484 4019 1575 4074 taeta.

422 4133 492 4176 esse
508 4131 590 4174 unus
607 4113 701 4184 Deus,
718 4112 768 4174 vel
784 4112 944 4194 quomodo
960 4113 1057 4174 filius
1076 4132 1168 4195 gene·
1263 4111 1430 4192 Deinceps,
1448 4111 1598 4192 quoniam
1619 4111 1755 4174 Trinitas
1778 4112 1837 4175 ista
1854 4111 1972 4174 altissi-

420 4219 508 4274 retur
523 4230 541 4273 a
555 4211 720 4283 Patre,aut
734 4209 869 4291 qualiter
884 4210 1018 4292 Spiritus
1034 4211 1167 4274 Sanctus
1183 4209 1208 4271 D
1224 4229 1275 4270 ma
1303 4217 1351 4272 est
1379 4217 1442 4270 tam
1475 4228 1562 4290 purae
1592 4209 1791 4290 infinitaeque
1820 4211 1972 4272 sanctitas

421 4310 572 4392 procedat
586 4307 625 4371 ab
642 4315 786 4390 utroque,
804 4309 858 4370 sed
876 4307 1017 4371 sufficiat
1032 4309 1078 4372 eis
1093 4310 1167 4372 sim·
1223 4307 1273 4380 tis,
1292 4306 1362 4369 ideo
1377 4307 1446 4368 vult
1460 4305 1577 4369 habere
1598 4306 1734 4370 cultores
1754 4315 1787 4370 et
1807 4308 1972 4371 ministros

420 4407 558 4490 pliciter,
582 4405 720 4468 firmiter
739 4414 834 4487 etque
854 4406 1019 4468 humiliter
1038 4409 1166 4470 credere
1222 4406 1367 4479 mundos,
1384 4405 1514 4467 devotos
1533 4425 1569 4467 ac
1589 4405 1755 4468 virtuosos.
1774 4405 1903 4488 Oportet
1924 4427 1972 4470 er-

420 4505 505 4586 quod
530 4503 574 4564 ita
598 4503 649 4578 sit,
673 4511 705 4566 et
728 4504 813 4585 quod
838 4503 883 4565 sic
909 4505 1102 4566 credendum
1125 4506 1167 4566 sit
1219 4521 1260 4583 go
1276 4511 1311 4564 ut
1325 4503 1415 4582 juxta
1429 4503 1606 4566 doctrinam
1621 4504 1773 4585 Apostoli,
1790 4524 1864 4566 cum
1880 4514 1970 4568 metu
1997 4523 2070 4568 nea-i

419 4603 502 4664 sicut
519 4603 611 4664 docet
630 4609 738 4663 sancta
758 4601 919 4680 Ecclesia3
936 4602 1038 4665 nihilo
1058 4603 1166 4666 minus
1221 4609 1253 4664 et
1274 4601 1451 4663 reverentia
1472 4602 1648 4664 serviamus
1670 4603 1804 4665 Domino
1825 4603 1890 4666 Deo
1913 4606 1969 4666 uni
1985 4593 2014 4631 ²³·

420 4698 667 4783 superficialiter
689 4699 774 4780 tangi
805 4707 908 4781 potest
931 4718 967 4761 ac
992 4699 1086 4781 plane
1110 4700 1166 4762 ali·
1220 4718 1257 4762 ac
1273 4699 1356 4762 trino
1374 4717 1381 4761 ε
1398 4701 1473 4782 quia
1495 4700 1681 4762 maledictus
1700 4700 1797 4764 bomo
1816 4702 1870 4784 qui
1891 4702 1968 4765 facit
1991 4723 2078 4764 ran».-

419 4799 496 4882 quid
521 4797 561 4859 de
586 4796 645 4859 ista
670 4797 809 4859 materia.
835 4798 954 4880 ltaque,
978 4798 1061 4860 siout
1083 4799 1165 4861 Deus
1220 4817 1301 4882 opus
1317 4800 1371 4862 Dei
1389 4801 1594 4882 negligenter.
1608 4801 1646 4862 [lt
1660 4808 1767 4862 autem
1784 4801 1846 4864 Deo
1861 4803 1971 4866 taliter
1984 4789 2013 4828 ¹⁰·

419 4894 621 4978 omnipotens
637 4903 670 4957 et
683 4902 831 4969 aeternus,
850 4895 882 4956 in
899 4896 1027 4977 propria
1042 4915 1099 4958 sua
1114 4916 1167 4958 na·
1221 4897 1407 4972 serviemus
1424 4906 1548 4980 oportet
1567 4905 1601 4959 ut
1621 4917 1693 4960 eum
1713 4901 1831 4963 sanctis
1846 4902 1969 4964 anima·
1984 4911 2078 4974 space*

418 5003 489 5058 tura
517 5013 554 5056 ac
579 4993 693 5056 deitate
720 5000 767 5055 est
791 4993 1050 5075 simplicissimus
1075 4995 1166 5074 spiri·
1220 4995 1304 5057 libus
1330 4997 1430 5058 simus
1456 4997 1542 5078 pleni
1565 4996 1677 5070 oculis,
1701 4997 1731 5058 id
1756 5006 1804 5059 est
1825 4998 1968 5072 disereti,

418 5103 481 5168 tus,
498 5100 600 5155 etens
616 5091 747 5155 omuino
765 5091 956 5174 perfeetum,
976 5092 1167 5154 immateria·
1220 5093 1345 5174 providi
1370 5102 1401 5156 et
1426 5093 1649 5176 circumspecti
1681 5093 1714 5156 in
1738 5095 1901 5170 omnibus,
1929 5119 1970 5160 ne

419 5193 459 5266 le,
481 5190 689 5273 incorporale,
711 5189 919 5269 invariabile3
941 5191 984 5252 ite
1003 5191 1165 5272 generatio
1219 5191 1338 5273 aliquid
1355 5192 1509 5255 faciamus
1524 5193 1609 5275 quod
1625 5191 1750 5256 nobisa
1769 5194 1834 5257 Deo
1852 5205 1910 5258 aut
1929 5197 1970 5259 ab

418 5309 481 5373 qua
506 5289 604 5352 Filius
622 5289 678 5351 Dei
697 5295 867 5369 generatur
889 5307 907 5352 a
927 5289 1014 5352 Patre
1033 5297 1162 5365 aeterno,
1218 5290 1359 5360 Ecclesia
1374 5292 1567 5372 prohibetur,
1576 5309 1633 5354 nee
1647 5291 1765 5373 aliquid
1781 5293 1970 5357 omittamus
