4140 6258
221 823 638 951 DOMINICA
684 827 748 951 X
795 827 1007 953 POST
1055 831 1576 960 TRlNITATEM

759 1158 1038 1174 m

545 1501 847 1588 ENARRATIO
879 1503 934 1590 IN
968 1503 1259 1591 EPISTOLAM

208 1766 304 1812 serris
325 1765 462 1822 occursu
482 1765 566 1822 nucu
586 1731 701 1813 esurus
723 1767 855 1824 assuris,
874 1770 917 1814 an
938 1769 1109 1816 sinuatam
1131 1771 1225 1828 uuus,
1246 1771 1309 1818 arc.
1330 1755 1425 1818 lGor.
1442 1775 1497 1831 xu,
1513 1757 1594 1821 2-ll.
1675 1791 1680 1806 ·

126 2041 386 2208 APOSTOLUS
408 2043 439 2106 in
461 2043 608 2126 praesenti
629 2043 764 2125 epistola
779 2043 874 2108 infor·
887 2047 913 2109 A
928 2047 993 2110 fide
1023 2049 1165 2113 formata.
1197 2051 1260 2114 Nec
1289 2049 1393 2114 obstat
1421 2053 1505 2135 quod
1535 2054 1676 2138 loquitur

207 2150 274 2205 mat
288 2140 402 2205 fideles
416 2143 455 2204 de
471 2142 766 2224 supernaturalibus
781 2142 873 2206 donis
928 2146 1082 2221 Christus,
1095 2148 1162 2210 Non
1178 2149 1282 2211 omnis
1297 2149 1352 2231 qui
1368 2150 1447 2212 dicit
1462 2152 1552 2226 mibi,
1570 2153 1675 2216 Domi·
1690 2176 1776 2222 naeu.
1786 2193 1822 2230 vn,

125 2251 185 2305 tarn
202 2241 312 2323 gratia
331 2247 456 2321 gratum
476 2239 633 2315 facientis,
649 2259 746 2323 quam
765 2241 873 2323 gratita
927 2263 978 2317 ne,
996 2246 1140 2320 Domine,
1158 2246 1288 2309 intrabit
1304 2248 1336 2309 in
1352 2266 1487 2329 regnum
1503 2250 1674 2316 coelorum:
1690 2241 1724 2285 ²¹·

126 2340 220 2422 gratis
237 2339 326 2402 date.
344 2338 531 2420 Specialiter
545 2347 652 2402 tamen
669 2359 754 2402 nunc
771 2339 872 2422 loqui-
927 2343 1002 2424 quia
1021 2343 1080 2406 hoc
1103 2343 1346 2425 intelligendum
1369 2353 1417 2408 est
1437 2347 1477 2410 de
1499 2349 1675 2430 prolatione

125 2449 173 2502 tur
196 2438 237 2500 de
263 2436 354 2500 donis
376 2437 484 2518 gratie
507 2437 605 2518 gratis
627 2437 724 2516 datae3
748 2446 780 2500 et
802 2437 870 2500 ait:
928 2440 1057 2503 informi
1073 2448 1104 2504 et
1119 2442 1214 2517 nuda,
1232 2443 1283 2505 cui
1300 2463 1359 2507 nec
1379 2445 1504 2522 caritas,
1521 2467 1579 2511 nec
1599 2468 1674 2532 ope-

125 2539 223 2600 Scitis
246 2539 399 2616 quoniam
423 2557 525 2616 quum
544 2545 655 2614 pentes
674 2539 795 2607 essetis,
812 2536 872 2599 hoc
927 2540 1006 2602 ratio
1021 2548 1182 2603 consonat.
1200 2542 1369 2624 Apostolus
1384 2551 1491 2607 autem
1506 2546 1575 2607 vult
1589 2548 1674 2612 dice-

125 2645 180 2712 est,
198 2635 353 2698 memoria
377 2635 520 2697 retinetis
542 2636 626 2716 qnod
649 2654 749 2717 quum
769 2635 872 2697 adhuc
927 2656 971 2712 re,
989 2639 1072 2720 quod
1093 2657 1156 2702 non
1177 2657 1347 2721 possumus
1366 2643 1487 2724 aliquid
1510 2646 1673 2711 meritorie

125 2736 156 2796 in
175 2733 352 2816 gentilitate
373 2732 548 2796 infideliter
566 2732 702 2808 vixistis,
719 2733 814 2796 eratis
829 2736 873 2793 ad
926 2735 1074 2816 cogitare,
1100 2737 1150 2799 vel
1177 2736 1263 2818 loqui
1287 2745 1342 2800 aut
1368 2741 1503 2821 operari,
1529 2743 1590 2805 nisi
1617 2764 1673 2827 per

125 2837 302 2894 simulacra
324 2841 428 2902 muta,
452 2831 551 2895 idest
573 2831 657 2895 idola
680 2831 869 2894 insensata:
925 2835 1058 2915 gratiam
1086 2843 1210 2916 gratum
1240 2835 1410 2900 facientem
1437 2846 1468 2901 el
1499 2842 1671 2906 motionem

24 2967 30 2974 ·
64 2966 68 2994 ι
94 2957 104 2995 ε
125 2931 295 3014 dequibus
310 2930 544 3005 aitPsalmista,
561 2931 600 2994 Os
616 2930 745 3004 habent,
761 2939 793 2994 et
807 2949 870 2994 non
925 2932 1062 3012 Spiritus
1086 2933 1203 3006 Sancti,
1225 2935 1307 2996 sicut
1330 2943 1362 2998 et
1385 2936 1461 2999 alibi
1486 2939 1563 3002 dicit
1580 2959 1587 3003 :
1603 2943 1670 3005 Non
1687 2963 1820 3018 ricavus.

44 3093 60 3118 Π
126 3031 312 3112 loquentur;
324 3038 425 3106 prout
441 3031 680 3091 ducebamtnia
700 3029 871 3110 suggestio·
925 3049 1036 3093 sumus
1058 3031 1257 3096 sufficientes
1280 3034 1417 3116 cogitare
1438 3036 1559 3120 aliquid
1581 3059 1599 3102 a
1619 3060 1672 3105 no·

62 3112 66 3128 ³
99 3113 162 3192 'ne
186 3127 318 3202 diaboli,
343 3135 399 3189 aut
426 3127 657 3191 consuetudine
686 3146 793 3209 prava,
820 3126 869 3189 vel
925 3127 974 3192 bis
989 3129 1079 3211 quasi
1095 3149 1133 3192 ex
1153 3129 1258 3204 nobis,
1274 3133 1329 3194 sed
1349 3132 1545 3200 sufficientia
1565 3148 1672 3202 nostra

124 3227 328 3310 persuasione
344 3225 493 3300 bumana,
510 3226 869 3296 contemnendum
885 3225 908 3288 B
925 3245 963 3289 ex
978 3229 1043 3292 Deo
1057 3236 1113 3290 est.
1132 3229 1219 3291 Unde
1234 3231 1318 3312 apud
1334 3231 1412 3294 Osee
1432 3233 1586 3298 Dominus
1600 3256 1670 3320 pro

124 3345 159 3388 ea
180 3327 212 3388 in
235 3324 328 3388 fanis.
925 3334 1058 3389 testatur
1074 3344 1080 3388 :
1096 3327 1233 3390 Perditio
1257 3335 1312 3390 tua
1334 3347 1373 3390 ex
1399 3337 1446 3409 te;
1470 3331 1502 3393 in
1529 3353 1580 3396 me
1604 3343 1671 3398 tan-
1686 3354 1818 3408 ocante.

161 3428 251 3495 Ideo,
269 3430 303 3485 ut
325 3422 449 3488 scilicet
471 3423 549 3486 illud
569 3423 683 3486 vitium
703 3423 811 3486 vitetis
830 3425 869 3486 de
925 3424 1091 3488 tummodo
1110 3425 1266 3488 auxilium
1288 3434 1388 3490 tunm.
1783 3453 1785 3456 ·

123 3531 239 3596 cetero,
255 3533 370 3583 notum
392 3523 479 3582 vobis
497 3523 584 3599 facio
606 3541 664 3604 per
685 3522 777 3585 istam
803 3523 869 3605 epi·
965 3523 1127 3586 Declarata
1147 3525 1336 3588 necessitate
1352 3533 1383 3588 et
1402 3526 1548 3592 efficacia
1562 3533 1671 3612 gratiae

122 3622 246 3697 stolam,
263 3623 350 3701 quod
368 3641 460 3680 nemo
480 3623 516 3681 in
534 3622 668 3697 Spiritu
682 3623 756 3692 Det,
771 3622 802 3683 id
822 3629 870 3684 est
924 3629 1049 3702 gratum
1064 3621 1222 3697 facientis,
1239 3629 1353 3686 tractat
1366 3625 1536 3707 Apostolus
1551 3628 1590 3692 de
1605 3648 1673 3712 gra-

124 3721 154 3781 in
170 3719 290 3801 Spiritu
307 3719 433 3792 Sancto,
444 3737 500 3781 seu
516 3737 555 3780 ex
571 3717 711 3793 caritate,
724 3727 755 3781 et
769 3719 870 3801 gratia
925 3720 977 3783 tiis
998 3721 1095 3802 gratis
1116 3721 1207 3783 datis.

121 3837 156 3880 ac
172 3818 312 3881 motione
328 3817 465 3900 Spiritus
481 3816 599 3891 Sancti,
616 3821 748 3897 loquens
762 3819 868 3892 corde,
965 3820 1003 3881 lit
1025 3837 1083 3902 pro
1103 3819 1314 3901 intelligentia
1337 3821 1545 3888 dicendorum
1571 3828 1672 3890 scien-

120 3917 170 3978 vel
191 3935 258 3990 ore,
275 3924 329 3978 aut
352 3915 448 3978 etiam
471 3933 579 3996 opere,
595 3918 676 3976 dicit
696 3919 869 3976 anatliema
925 3919 1013 3992 dum,
1029 3919 1105 4000 quia
1121 3928 1156 3980 ut
1170 3918 1305 3982 l'homas
1324 3920 1355 3982 in
1372 3924 1511 3987 secunda
1526 3928 1672 3990 secunda

118 4019 209 4086 Iesu,
224 4016 283 4078 hoc
299 4021 348 4076 est
362 4012 607 4096 blasphemiam,
623 4021 677 4076 aut
693 4015 869 4096 quodcum·
926 4019 1138 4100 prosequitur,
1157 4017 1273 4100 triplex
1293 4020 1472 4100 assignatur
1490 4022 1673 4088 differentia

120 4133 180 4196 que
197 4113 328 4178 mortale
343 4121 508 4196 peccatum
525 4113 737 4194 separativum
752 4133 770 4174 a
786 4113 870 4176 Chri·
924 4114 1103 4190 bominum,
1131 4125 1285 4198 quantum
1311 4119 1349 4182 ad
1374 4128 1463 4182 actua
1487 4129 1519 4183 et
1545 4122 1672 4186 habitus

119 4221 177 4274 sto.
205 4212 382 4275 Anathema
410 4211 498 4273 enim
527 4211 759 4292 separationem
788 4211 869 4274 desi·
923 4213 1038 4277 animat
1055 4213 1226 4276 rationalis.
1244 4215 1348 4278 Prima
1363 4225 1411 4278 est
1428 4219 1605 4282 secundum
1625 4220 1671 4281 di-

118 4318 205 4391 gnat.
222 4311 285 4374 line
313 4310 393 4372 dicit
411 4309 590 4391 Apostolus,
606 4310 645 4372 ad
669 4309 866 4387 innuendum
924 4311 1106 4374 versitatem
1121 4312 1294 4394 gratiarum
1310 4315 1406 4394 gratis
1422 4316 1575 4378 datarum.
1591 4317 1669 4380 Nam

118 4410 204 4490 quod
225 4428 280 4491 per
298 4408 432 4489 gratiam
454 4407 521 4481 Dei,
538 4415 569 4470 et
589 4425 652 4470 non
672 4407 774 4481 aliter,
791 4409 868 4470 vitat
883 4412 905 4475 C
923 4409 977 4471 alii
998 4410 1091 4472 datur
1110 4410 1210 4491 gratia
1230 4411 1415 4494 prophetice,
1431 4413 1485 4474 alii
1505 4416 1606 4494 gratia
1623 4434 1670 4480 sa-

116 4507 215 4570 homo
229 4515 359 4590 peccata
375 4505 528 4568 mortalia.
539 4509 582 4566 Ει
598 4526 689 4566 nemo
700 4515 803 4582 potest
818 4508 867 4566 dt·
923 4509 1069 4584 nitatum,
1092 4510 1146 4572 alii
1169 4529 1275 4573 sermo
1297 4511 1473 4592 sapientia,
1489 4512 1542 4574 alii
1566 4533 1671 4578 sermo

115 4608 378 4676 camborniaco
399 4607 503 4675 Iesus,
524 4605 554 4668 id
579 4612 627 4666 est
648 4605 755 4667 lesum
781 4603 867 4668 Chri·
922 4607 1169 4682 scientiae,sicut
1185 4608 1314 4691 patebit.
1328 4610 1474 4673 Secunda
1487 4611 1671 4678 differentia

115 4712 204 4766 stum
221 4723 293 4766 cum
309 4703 416 4766 debita
431 4703 535 4766 cordis
550 4703 724 4765 attentione
744 4709 775 4765 et
789 4703 866 4764 affe·
921 4713 970 4768 est
992 4724 1090 4788 penes
1110 4707 1327 4769 diversitatem
1346 4706 1530 4772 officiorum
1550 4729 1587 4773 ac
1610 4720 1670 4774 sta-

116 4805 224 4866 ctione
238 4803 429 4886 exprimere,
442 4821 498 4864 seu
514 4821 587 4864 eum
604 4802 757 4865 veraciter
772 4821 866 4864 suum
922 4813 1024 4868 tuum.
1042 4805 1238 4878 Quibusdam
1260 4807 1379 4869 etenim
1400 4808 1509 4871 datum
1531 4819 1580 4874 est
1598 4811 1671 4876 offi-

116 4902 289 4965 Dominum
310 4901 484 4984 appellare,
502 4902 569 4960 nisi
584 4902 619 4960 in
634 4901 769 4976 Spiritu
784 4904 867 4962 San·
922 4904 1007 4966 cium
1024 4903 1309 4987 apostolatus,aliis
1324 4905 1471 4968 officium
1488 4909 1667 4974 sacerdotii.

114 5012 176 5072 cto,
194 5001 252 5064 froc
275 5008 325 5064 est
347 5019 386 5063 ex
407 4999 509 5081 gratia
528 5007 652 5081 gratum
674 4998 811 5062 faciente
835 5008 868 5063 et
922 5002 1026 5065 Tertia
1045 5009 1093 5064 est
1112 5004 1288 5066 secundum
1310 5004 1527 5068 diversitatem
1546 5008 1619 5072 vitae
1639 5018 1670 5073 et

116 5101 256 5164 motione
269 5100 407 5183 Spiritus
419 5098 533 5162 Sancti.
542 5097 625 5160 Talis
640 5098 726 5160 enim
742 5117 868 5181 expres·
922 5101 1268 5184 operationumAliqui
1284 5121 1423 5185 nemque
1439 5112 1514 5166 sunt
1528 5115 1668 5171 contem·

115 5201 163 5262 sio
186 5200 313 5262 Domini
333 5200 418 5273 lesu,
434 5216 536 5280 quum
557 5197 598 5260 sit
619 5197 684 5260 nris
709 5197 867 5262 confessio
922 5199 1045 5282 plotivi,
1071 5199 1125 5262 alii
1151 5217 1226 5263 vero
1250 5201 1356 5264 activi.
1373 5237 1413 5248 -
1431 5202 1525 5266 Porro
1549 5204 1667 5288 duplex

115 5309 147 5365 et
167 5301 252 5364 actio
274 5299 448 5375 meritoria,
464 5297 608 5382 procedit
629 5317 668 5361 ex
688 5299 816 5362 caritate
836 5307 867 5363 et
922 5307 970 5362 est
990 5299 1102 5380 gratia,
1119 5306 1228 5382 utpote
1246 5316 1252 5362 :
1269 5300 1369 5381 gratia
1390 5308 1515 5382 gratum
1534 5302 1666 5386 faciens,
