4192 6258
430 475 491 540 5³2
775 493 923 542 nouuuat
943 493 997 539 ιιιιι
1017 493 1090 539 rosa
1110 491 1303 539 rnurrmau.
1324 509 1365 519 —
1384 491 1484 539 suano
1503 492 1628 539 ruarrus

472 666 644 740 Postremo,
675 684 732 747 per
759 665 1048 728 transfretationem
1081 663 1178 726 maris
1194 662 1374 727 albanorum
1394 663 1586 726 describitur
1605 664 1645 726 de
1664 660 1843 725 venerabili
1860 679 1897 723 ac
1913 659 2078 735 vir-urata

432 765 616 846 designatur
638 764 837 827 conversatio
859 765 1010 842 virtuosa,
1027 786 1091 849 qua
1112 785 1178 829 om·
1232 770 1324 826 tuoso
1340 763 1395 826 illo
1410 762 1568 838 Eleazaro,
1585 769 1674 826 aetate
1690 769 1799 824 sancta
1816 767 1962 842 provecto.
1975 752 2048 805 ’ΞΜ

433 863 466 924 ni
488 863 565 925 hora
587 863 680 926 electi
703 864 838 925 tendunt
859 863 899 925 ad
920 864 1056 944 patriam
1082 863 1179 927 beati·
1234 861 1293 934 Qui
1318 880 1418 943 quum
1447 869 1532 924 esset
1555 861 1728 942 nonaginta
1753 875 1919 932 annorum,
1939 865 1963 920 et

433 961 553 1023 tudinis
574 961 786 1044 sempiternae.
1233 958 1444 1040 agentilibus
1469 967 1635 1041 urgeretur
1658 959 1827 1021 comedere
1852 974 1964 1018 carnem

478 1059 667 1123 Studeamus
696 1077 771 1141 ergo
800 1058 942 1141 quotidie
972 1079 1029 1143 per
1059 1069 1178 1124 arctam
1234 1057 1399 1138 porcinam
1415 1064 1524 1120 contra
1537 1055 1652 1139 Moysis
1667 1055 1782 1138 legem,
1798 1053 1964 1118 nullatenus

432 1158 518 1221 viam
538 1158 649 1220 salutis
670 1158 709 1220 ad
729 1176 863 1240 regnum
885 1159 1100 1241 propinquare
1118 1177 1180 1222 coe-
1233 1157 1403 1239 acquievit,
1416 1157 1471 1220 sed
1486 1156 1685 1220 amarissima
1699 1155 1814 1218 maluit
1828 1156 1891 1238 pati
1905 1175 1965 1236 sup

432 1255 522 1330 leste,
548 1256 657 1318 omnia
680 1256 785 1318 carnis
813 1275 851 1318 ac
875 1256 1006 1339 spiritus
1035 1257 1180 1340 inquina·
1234 1255 1331 1337 plicia
1344 1274 1381 1317 ac
1397 1262 1533 1318 mortem
1547 1254 1765 1328 durissimam,
1782 1273 1878 1336 quam
1892 1253 1964 1316 vesei

431 1362 539 1416 menta
567 1354 708 1427 vitando,
739 1353 771 1415 in
800 1353 908 1417 verbis
939 1354 1094 1417 servando
1123 1355 1177 1418 de·
1234 1352 1306 1415 cibo
1330 1353 1363 1416 in
1383 1354 1451 1434 lege
1475 1354 1533 1416 Dei
1555 1352 1720 1435 prohibito
1741 1370 1748 1415 :
1771 1353 1856 1415 unde
1880 1353 1965 1434 genti-

431 1452 580 1525 centiam,
602 1452 636 1513 in
657 1451 740 1526 cibo,
762 1459 850 1533 potu,
867 1453 984 1515 vestitu
1005 1471 1042 1515 ac
1066 1470 1179 1515 somno
1233 1450 1279 1513 les
1295 1451 1353 1525 illi,
1370 1451 1510 1514 ministri
1524 1450 1684 1525 Antiochi,
1694 1448 1927 1513 acerbissimam
1940 1449 1963 1511 ei

431 1551 661 1614 moderantiam
676 1548 786 1625 lixam,
797 1557 892 1633 atque
909 1550 948 1613 ab
964 1551 1053 1614 omni
1068 1569 1177 1632 super·
1233 1557 1369 1612 mortem
1385 1549 1562 1611 intulerunt
1574 1549 1608 1611 in
1620 1556 1684 1610 tam
1700 1548 1795 1611 senili
1811 1547 1964 1612 aetateSic·

430 1646 494 1722 bia,
517 1647 649 1723 invidia,
672 1648 914 1722 incontinentia,
938 1649 1082 1724 avaritia,
1105 1667 1177 1712 ace·
1233 1667 1295 1729 que
1315 1648 1516 1711 venerandus
1536 1648 1642 1710 senior
1661 1646 1716 1710 ille
1737 1647 1867 1730 reliquit
1885 1646 1962 1709 nobis

429 1747 492 1823 dia,
518 1747 697 1829 ceterisque
727 1747 916 1810 mortalibus
947 1747 1044 1823 vitiis,
1075 1749 1178 1811 multo
1233 1745 1420 1828 praeclarum
1434 1746 1631 1829 exemplum,
1648 1755 1684 1808 ut
1697 1746 1805 1829 potius
1824 1747 1962 1827 eligamus

428 1846 502 1927 plus
526 1864 623 1928 quam
648 1865 667 1908 a
690 1845 894 1928 serpentibus
922 1864 959 1908 ac
985 1846 1177 1910 draconibus
1191 1843 1214 1904 B
1232 1845 1339 1908 omnia
1354 1845 1466 1908 mundi
1481 1845 1547 1927 pati
1564 1846 1697 1909 adversa
1710 1863 1748 1908 aa
1762 1853 1896 1908 mortem
1909 1863 1963 1926 pre

427 1943 599 2025 fugiendo:
614 1945 884 2026 quemadmodum
901 1945 1041 2008 secundo
1057 1946 1177 2008 blacha-
1231 1961 1353 2020 nosam,
1368 1963 1465 2026 quam
1480 1945 1536 2007 Dei
1552 1944 1754 2026 praevaricari
1769 1951 1960 2027 praeceptum.

958 2377 1152 2465 SERMO
1189 2375 1439 2464 TERTIUS

505 2644 545 2693 DE
566 2645 736 2693 semiruta
757 2609 938 2691 utrumme
959 2643 1062 2689 llOllUll
1082 2643 1150 2698 QUAE
1171 2641 1261 2690 cinca
1279 2642 1462 2690 emulator
1482 2642 1676 2692 contuens!
1697 2645 1778 2692 Ama
1800 2644 1884 2692 SUNT.

493 2925 712 2993 Nloorcuu
731 2924 902 2985 mandauit
926 2924 1014 2985 Deus
1034 2923 1075 2981 de
1094 2939 1172 2997 pro-
1224 2920 1365 3003 pabilis·:
1383 2921 1458 3004 quia
1478 2923 1517 2985 ad
1538 2923 1775 3006 correptionem
1800 2923 1957 2988 fraternam

506 3027 596 3084 mimo
615 3043 683 3084 suo.
701 3021 798 3084 Eccli.
817 3039 893 3094 xvu,
910 3019 958 3084 lt.
1186 3019 1345 3094 (lomnes,
1365 3021 1542 3083 secuudum
1562 3021 1789 3103 Augustinum,
1811 3030 1955 3096 tenentur,

462 3122 735 3197 Quemadmodum
755 3121 839 3183 Deus
861 3119 1014 3202 praeoepit
1034 3117 1171 3181 homini·
1222 3137 1323 3200 quum
1347 3119 1431 3181 dicat
1454 3119 1606 3195 Salvator,
1623 3121 1656 3184 Si
1677 3123 1860 3204 peccaverit
1881 3123 1956 3184 inte
1986 3140 2042 3186 uei

422 3222 483 3286 bus
498 3230 533 3284 ut
548 3221 769 3303 unusquisque
784 3219 896 3301 diligat
910 3218 1071 3301 proximos
1087 3233 1169 3291 suot,
1222 3216 1320 3279 frater
1342 3224 1415 3280 tuus
1434 3219 1509 3299 (boc
1531 3226 1579 3281 est
1603 3224 1634 3282 te
1658 3221 1779 3284 sciente
1805 3221 1957 3304 proximus
1966 3207 2031 3254 Μ

422 3321 468 3384 sic
487 3321 584 3402 jussit
598 3320 720 3382 eisdem
740 3327 776 3380 ut
798 3316 934 3400 quilibet
953 3316 1023 3380 loco
1042 3322 1074 3379 et
1093 3324 1171 3377 tem·
1222 3316 1321 3396 tuus),
1345 3316 1435 3390 vade,
1461 3324 1493 3379 et
1521 3318 1647 3400 corripe
1675 3337 1751 3382 eum
1775 3320 1860 3383 inter
1881 3329 1909 3382 te
1930 3325 1956 3382 et

421 3437 499 3502 pore
528 3425 708 3501 opportuno
737 3415 917 3479 benefaciat
946 3422 977 3478 et
1006 3421 1171 3477 succurrat
1223 3414 1339 3497 ipsum'
1358 3415 1471 3478 solum.
1502 3415 1657 3490 Quocirca
1684 3419 1800 3483 asserit
1824 3419 1956 3500 Augusti·

421 3518 576 3600 proximis
596 3517 674 3589 suis,
691 3522 756 3578 tam
778 3514 811 3577 in
831 3512 1052 3596 spiritualibus
1071 3532 1168 3594 quam
1223 3532 1283 3575 nus
1305 3531 1311 3575 :
1334 3513 1365 3576 Si
1389 3514 1549 3596 corripere
1573 3533 1648 3578 eum
1672 3517 1862 3600 neglexeris,
1877 3517 1956 3600 pejor

422 3616 454 3678 in
486 3613 705 3697 corporalibus
739 3613 845 3675 rebus.
879 3612 943 3675 lloc
974 3629 1101 3694 quoque
1135 3611 1169 3673 in
1222 3627 1260 3674 eo
1275 3610 1425 3675 efficeris.
1443 3612 1547 3676 Tertio
1562 3615 1727 3677 mandavit
1741 3616 1826 3679 Deus
1845 3616 1954 3679 unicui-

273 3727 406 3781 ueram,
422 3713 593 3794 Evangelio
608 3712 751 3776 Christus
766 3711 928 3793 exprimit,
945 3711 1054 3772 dicens
1067 3729 1074 3773 :
1086 3710 1170 3783 Oua·
1221 3728 1284 3791 que
1299 3710 1338 3773 de
1353 3711 1500 3793 proximo
1517 3730 1586 3786 suo,
1604 3719 1639 3774 ut
1653 3721 1721 3776 oret
1737 3733 1797 3797 pro
1815 3733 1863 3790 eo,
1876 3715 1954 3796 juxta

274 3793 308 3835 ¹²·
422 3829 560 3892 cumque
580 3810 678 3873 vultis
699 3817 735 3871 ut
756 3809 875 3872 laciant
895 3808 986 3872 vobis
1009 3808 1167 3884 homines,
1222 3808 1301 3870 illud
1319 3808 1438 3886 Jacobi,
1454 3809 1547 3874 Orate
1568 3828 1628 3894 pro
1647 3812 1799 3890 invicem,
1816 3822 1851 3877 ut
1869 3813 2048 3884 salvanum.

421 3912 489 3974 hac
519 3909 629 3972 eadem
657 3908 753 3972 tacite
783 3908 858 3970 illis.
884 3908 972 3970 Unde
1000 3914 1032 3970 et
1055 3906 1168 3969 'lobias
1222 3907 1320 3987 mini;
1340 3915 1372 3970 ct
1393 3909 1471 3972 item
1495 3917 1531 3971 ut
1554 3910 1692 3974 instruat
1714 3931 1802 3989 eum,
1825 3913 1953 3977 horte-tur

275 4023 405 4078 raanan.
420 4011 465 4073 ait
481 4029 488 4074 :
504 4009 592 4082 Quod
615 4006 673 4069 tibi
696 4025 759 4070 non
782 4007 831 4070 vis
850 4005 889 4070 ab
910 4005 972 4068 alio
993 4005 1078 4079 lieri,
1095 4004 1168 4068 vide
1220 4023 1257 4066 ac
1277 4005 1392 4086 dirigat
1410 4014 1565 4089 quantum
1584 4015 1700 4090 potest,
1720 4010 1799 4075 dum
1821 4031 1910 4075 causa
1928 4018 1954 4072 et

421 4129 461 4172 ne
481 4108 653 4190 aliquando
674 4106 730 4169 alii
750 4105 858 4168 iacias.
877 4105 992 4187 Sicque
1014 4104 1099 4166 istud
1121 4111 1169 4166 est
1220 4111 1348 4186 tempus
1370 4103 1546 4187 requirunt.
1569 4106 1696 4182 Quarto,
1716 4117 1752 4170 ut
1773 4110 1810 4172 in
1828 4127 1954 4174 necessa

420 4215 486 4270 tam
505 4207 634 4288 dejure
657 4203 794 4267 naturali
816 4222 912 4285 quam
934 4203 1052 4266 divino.
1183 4201 1277 4264 Driis
1299 4202 1372 4266 vitra
1395 4202 1426 4265 ei
1449 4202 1619 4267 subveniat
1642 4205 1810 4288 indigenti,
1831 4216 1952 4290 atquae

459 4307 493 4369 lu
523 4303 636 4387 primis
666 4309 773 4365 autem
803 4301 965 4364 mandavit
993 4301 1168 4382 unicuique
1221 4300 1439 4383 corporalibus
1473 4303 1675 4366 nocumentis
1709 4324 1747 4368 ac
1782 4305 1951 4371 laesionibus

419 4405 502 4467 Deus
525 4404 564 4465 de
584 4401 731 4484 proximo
751 4418 819 4474 suo,
841 4408 876 4461 ut
898 4398 1037 4482 praebeat
1061 4399 1090 4461 ei
1115 4399 1168 4462 bo·
1221 4417 1295 4460 eum
1320 4417 1378 4481 pro
1400 4399 1524 4463 viribus
1548 4409 1702 4483 protegat,
1718 4412 1873 4486 quantum
1893 4421 1951 4486 per·

419 4521 497 4564 num
527 4501 722 4582 exemplum,
749 4507 782 4561 et
809 4517 849 4561 ne
878 4497 1069 4561 scandalizet
1092 4516 1166 4560 eum
1222 4496 1319 4559 mittit
1338 4497 1654 4582 justitialmpendat
1675 4519 1751 4583 ergo
1772 4502 1950 4567 haecomnia

418 4601 548 4663 directe.
558 4599 657 4672 Unde,
669 4598 846 4660 secundum
860 4597 1085 4678 Augustinum,
1096 4615 1167 4679 pro·
1221 4595 1442 4678 unusquisque
1457 4598 1611 4679 proximis
1626 4599 1693 4662 suis
1708 4619 1767 4683 pro
1781 4619 1883 4684 posse,
1891 4601 1951 4681 jux-

418 4699 514 4762 ximis
535 4706 684 4760 tenemur
707 4696 823 4759 bonam
846 4695 964 4758 lamam
987 4713 994 4757 :
1015 4715 1089 4758 nam
1111 4697 1166 4778 qui
1219 4701 1252 4756 ta
1270 4694 1462 4776 exigentiam
1481 4713 1584 4760 caussa
1604 4716 1641 4760 ac
1661 4701 1823 4782 temporis.
1838 4700 1895 4763 Sed
1912 4718 1950 4762 ve

418 4799 452 4860 in
477 4803 650 4878 conspectu
675 4795 811 4858 aliorum
836 4794 918 4856 male
942 4795 1084 4874 agitant
1109 4795 1167 4856 im·
1219 4793 1265 4855 eis
1290 4793 1346 4874 qui
1374 4793 1494 4875 absque
1518 4793 1633 4858 timore
1661 4805 1846 4880 perpetrant
1867 4797 1948 4868 mala,

418 4897 471 4980 pic
501 4895 592 4970 vivit,
616 4902 663 4957 tot
686 4901 841 4976 quantum
866 4893 898 4955 in
923 4893 993 4975 ipso
1018 4899 1075 4967 est,
1102 4893 1165 4974 spi·
1219 4899 1250 4954 et
1269 4892 1338 4954 sine
1361 4891 1583 4956 erubescentia
1601 4912 1708 4959 coram
1727 4897 1798 4960 aliis
1818 4903 1948 4980 peceant,

417 4995 574 5059 ritualiter
597 4993 738 5076 perimit,
764 5011 783 5054 a
805 4991 933 5074 quantis
957 4991 1162 5073 conspicitur.
1218 4991 1394 5072 praesertim
1424 4991 1480 5073 qui
1505 4991 1588 5076 alios
1615 4995 1739 5058 trabere
1767 4997 1806 5059 ad
1834 5003 1950 5079 peccata

417 5095 563 5159 Secundo
578 5091 741 5155 mandavit
754 5091 837 5152 Deus
853 5089 1027 5171 unicuique
1042 5091 1081 5152 de
1097 5107 1165 5172 pre
1218 5089 1373 5164 nituntur,
1385 5098 1420 5152 ut
1433 5089 1580 5154 homines
1601 5091 1846 5170 incontinentes,
1856 5113 1891 5156 ac
1904 5091 1950 5155 alii

417 5195 503 5256 ximo
532 5209 600 5266 suo,
627 5197 663 5252 ut
692 5205 832 5269 congruo
861 5187 931 5251 loco
959 5195 991 5250 et
1019 5196 1162 5270 tempore
1217 5188 1320 5250 multi.
1338 5188 1382 5251 lle
1397 5188 1515 5270 quibus
1530 5191 1564 5251 in
1578 5190 1659 5252 isaia
1678 5190 1793 5274 legitur
1809 5211 1816 5254 :
1833 5193 1950 5256 Peccata
1970 5203 2025 5252 aar

417 5291 579 5357 caritative
602 5287 753 5371 corripiat
772 5305 858 5362 eum,
874 5287 952 5350 dum
974 5294 1075 5349 exstat
1095 5287 1162 5350 cul·
1216 5307 1274 5350 sua
1292 5287 1383 5370 quasi
1398 5287 1534 5352 Sodoma
1551 5290 1821 5376 predicaverunt5
1838 5295 1871 5356 in
1888 5293 1949 5355 Pro
