4164 6258
455 481 516 546 274

815 499 963 548 oottuttca
984 501 1026 546 vll
1047 500 1120 546 POST
1139 499 1333 546 TlilNl'lA'lllll.
1355 517 1395 528 -
1416 499 1515 547 senno
1535 500 1645 547 Petrus

496 670 612 747 Tertio,
638 677 767 734 sanctus
790 671 885 734 losue
909 687 967 732 nos
996 669 1140 732 hortatur
1169 676 1204 730 ut
1218 667 1244 731 Α
1257 675 1315 743 ret,
1332 671 1387 732 sed
1403 668 1536 751 insuper
1550 668 1731 732 adversario
1746 665 1831 748 regis
1846 685 1903 728 seu
1919 665 2003 748 prin-

456 769 634 832 serviamus
655 769 720 831 lieo
743 769 836 832 corde
859 768 1036 830 verissimo.
1054 768 1134 841 Quid
1156 775 1204 828 est

455 867 519 930 lieo
543 868 664 930 servire
688 867 782 930 corde
804 867 996 930 verissimo?
1017 866 1056 928 Et
1075 884 1204 948 respon-

455 963 608 1037 dendum,
631 964 715 1046 quod
743 982 843 1044 quum
869 963 985 1045 triplex
1011 963 1052 1024 sit
1076 963 1202 1036 ueritas,

455 1069 564 1143 utpote
587 1062 704 1124 veritas
726 1061 810 1135 vitae,
828 1061 946 1124 veritas
970 1062 1133 1135 doctrinae,
1150 1079 1203 1122 ve·

455 1159 596 1241 altasque
623 1159 766 1240 justitie,
793 1159 913 1222 servire
944 1160 1008 1222 Deo
1032 1159 1126 1221 eorde
1151 1178 1203 1221 ve-

454 1257 593 1332 rissimo,
618 1265 667 1319 est
690 1258 754 1319 Deo
782 1258 903 1320 servire
928 1258 1022 1319 corde
1049 1257 1090 1319 ab
1115 1259 1202 1320 omni

455 1354 567 1437 iniqua
591 1355 786 1437 operatione,
812 1354 852 1418 ab
877 1355 965 1416 omni
990 1355 1137 1428 falsitate,
1162 1355 1202 1417 ab

454 1452 544 1514 omni
565 1452 780 1526 simulatione,
797 1452 970 1515 calliditate
989 1461 1021 1515 et
1035 1453 1203 1534 obliquita-

453 1559 484 1612 te
507 1551 636 1632 penitus
660 1551 774 1614 alieno.
798 1552 852 1613 Est
874 1552 959 1613 enim
986 1551 1202 1614 necessarium

453 1649 492 1710 ad
513 1649 659 1722 salutem,
677 1657 712 1710 ut
726 1667 822 1712 omne
841 1667 923 1730 opus
943 1649 1119 1711 mortaliter
1138 1646 1203 1710 cul-

1258 767 1339 849 oipis
1356 768 1405 830 sui
1421 787 1454 830 se
1475 768 1621 842 sociaret,
1638 765 1835 829 consentiret
1849 783 1885 828 ao
1900 765 2002 826 descr-

1257 865 1363 927 viret:
1380 883 1487 928 nonne
1509 862 1806 947 incomparabiliter
1831 862 1903 944 plus
1924 863 2002 924 Deus

1256 963 1362 1044 justus
1377 973 1410 1027 et
1424 973 1553 1027 sanctus
1568 963 1728 1044 indignari
1743 969 1847 1044 potest
1862 961 2003 1042 ingratis·

1258 1061 1348 1123 simis
1364 1063 1538 1144 impiisque
1554 1058 1876 1141 hominibus,quibus
1892 1075 2001 1140 corpus

1258 1167 1289 1220 et
1303 1160 1455 1234 animam,
1466 1159 1611 1222 membra
1625 1167 1657 1221 et
1672 1157 1860 1232 vires,bona
1873 1157 2000 1220 exterio

1257 1277 1303 1330 ra,
1317 1258 1381 1320 imo
1396 1266 1428 1321 et
1443 1257 1697 1340 supernaturalia
1711 1257 1796 1319 dona
1815 1255 1944 1336 largitus
1960 1263 1999 1315 est

1258 1363 1293 1417 ut
1305 1355 1367 1418 sibi
1380 1356 1519 1418 fideliter
1533 1355 1765 1437 obsequanturl
1777 1354 1814 1415 Et
1827 1361 1929 1414 tamen
1943 1371 1998 1414 nou

1257 1454 1361 1516 solum
1378 1473 1440 1518 non
1456 1462 1555 1536 agunt
1569 1455 1640 1528 hoc,
1657 1454 1712 1516 sed
1729 1453 1768 1515 ad
1789 1452 1944 1516 creatoris
1961 1452 1998 1512 in·

1255 1552 1374 1633 juriam
1389 1553 1556 1615 diabolicis
1571 1552 1775 1615 consentiunt
1790 1551 1997 1617 tentamentis.

1257 1651 1533 1733 concupiscentias
1549 1669 1621 1712 suas
1637 1649 1889 1732 sequuntur,llei
1906 1657 1936 1710 ct
1954 1649 1998 1709 Ec·

454 1746 561 1828 pabile
581 1748 729 1821 evitetur,
746 1748 851 1810 omnis
874 1765 1001 1830 quoque
1021 1766 1109 1810 error
1128 1765 1201 1809 cou-
1258 1748 1362 1812 clesiae
1376 1749 1652 1829 transgrediuntur
1664 1755 1830 1829 pracepte
1838 1746 1947 1809 Nonne
1958 1747 1998 1826 ju·

452 1844 568 1907 trarius
598 1843 676 1908 fidei
705 1855 737 1908 et
765 1845 1023 1908 determinationi
1053 1845 1201 1908 Ecclesiae
1220 1853 1243 1914 Β
1259 1847 1397 1910 stissima
1412 1847 1579 1929 apparebit
1593 1847 1707 1910 horum
1723 1846 1885 1909 damnatio
1903 1845 1934 1906 in
1954 1846 1996 1906 die

453 1937 637 2026 repellatur,
659 1951 691 2006 et
712 1963 749 2006 ea
770 1964 841 2026 quae
866 1944 985 2007 directe
1009 1945 1202 2006 contrariari·
1255 1945 1381 2025 judicii,
1399 1945 1463 2008 imo
1482 1953 1514 2007 et
1533 1945 1679 2027 protinus
1699 1944 1776 2006 dum
1797 1943 1996 2024 egrediuntur

455 2049 506 2104 tur
519 2041 663 2122 justitie,
676 2042 801 2104 scilicet
816 2042 999 2124 duplicitas,
1011 2042 1200 2125 hypocrisis,
1256 2044 1295 2104 de
1312 2061 1454 2125 corpore,
1469 2043 1560 2123 juxta
1575 2041 1653 2105 illud
1669 2042 1768 2116 Isaiae,
1785 2041 1837 2105 Vae
1854 2041 1954 2123 impio
1970 2041 1993 2102 iu
2013 2063 2030 2105 n
2052 2067 2073 2104 a

454 2140 606 2216 versutia,
623 2141 816 2222 abjiciantur
834 2159 840 2203 :
858 2141 933 2222 quia
948 2149 984 2203 ut
999 2141 1031 2203 in
1050 2141 1108 2204 Job
1121 2159 1203 2203 asse·
1257 2141 1387 2215 malum,
1396 2140 1563 2203 retributio
1574 2140 1660 2203 enim
1675 2158 1829 2203 manuum
1845 2139 1916 2220 ejus
1929 2138 1994 2202 lietl

320 2255 440 2306 raama,
455 2238 755 2314 ritur,Simulatores
770 2247 801 2301 et
813 2238 920 2301 callidi
935 2247 1110 2320 provocant
1124 2239 1203 2300 iram
1296 2239 1454 2322 Amplius,
1480 2257 1544 2322 quo
1572 2240 1655 2302 Deus
1684 2239 1887 2322 omnipotens
1916 2239 1994 2300 omni

309 2323 441 2432 ffimffi
456 2336 523 2398 oei.
541 2337 689 2400 Salomon
712 2355 839 2420 quoque
862 2337 1002 2399 latetur:
1020 2338 1074 2399 Vir
1094 2356 1202 2400 versu·
1257 2346 1400 2401 creatura
1430 2338 1543 2400 melior
1571 2345 1672 2400 exstat
1695 2356 1732 2399 ac
1755 2337 1891 2417 dignior,
1917 2344 1993 2398 nub

309 2447 343 2488 ¹⁷.
457 2442 509 2496 tus
529 2435 658 2498 odiosus
678 2443 734 2497 est.
752 2435 790 2497 Et
812 2435 844 2497 in
867 2435 1090 2498 Ecclesiastico
1112 2436 1202 2498 indu·
1258 2437 1499 2500 reverentialius
1522 2455 1558 2499 ac
1583 2436 1769 2517 diligentius
1799 2436 1991 2498 serviendum

307 2551 442 2602 necisum.
458 2533 541 2595 citur
559 2553 565 2596 :
582 2533 634 2596 Vae
649 2533 769 2616 duplici
784 2535 878 2598 corde
893 2541 925 2596 et
940 2533 1033 2596 labiis
1048 2535 1201 2597 scelestis.
1258 2544 1305 2598 est
1320 2535 1359 2597 ei.
1378 2535 1457 2608 Ouid
1474 2551 1549 2616 ergo
1564 2542 1628 2596 tam
1645 2534 1709 2597 vile
1725 2553 1762 2596 ac
1778 2533 1991 2601 embescibile‚
2072 2523 2073 2528 ’

497 2631 660 2706 Praeterea,
692 2632 742 2695 bis
775 2632 976 2695 documentis
1012 2633 1205 2696 concordant
1258 2634 1440 2716 sicutquod
1456 2639 1528 2715 post
1543 2631 1787 2694 couversionem
1802 2631 1994 2712 nostram,pi-

457 2749 527 2812 quae
548 2729 582 2791 in
604 2729 739 2812 epistola
763 2730 916 2792 hodierna
939 2732 1090 2812 proponit
1111 2731 1203 2793 nobis
1257 2731 1388 2811 griores,
1415 2729 1660 2812 negligentiores
1682 2729 1928 2811 frigidioresque
1952 2747 1992 2790 su-

307 2848 442 2900 mmano.
456 2828 637 2910 Apostolus,
654 2828 763 2891 dicens
781 2848 787 2892 :
806 2828 895 2890 Sicut
910 2847 967 2911 per
987 2829 1131 2891 membra
1151 2847 1204 2892 no·
1258 2848 1330 2891 mus
1350 2830 1381 2890 in
1404 2829 1459 2891 liei
1479 2828 1644 2911 obsequio,
1665 2847 1764 2910 quam
1788 2835 1860 2890 ante
1878 2845 1993 2889 eramus

455 2933 519 2988 stra
551 2926 814 2989 inhonoravimus
846 2927 1025 2989 Creatorem
1058 2935 1202 2989 nostrum
1258 2929 1290 2990 in
1307 2928 1459 2990 servitute
1474 2927 1604 3002 diaboli,
1617 2925 1722 2989 carnis
1738 2935 1769 2988 et
1787 2925 1992 2988 mundiltler·

454 3024 659 3099 altissimum,
671 3025 839 3088 serviendo
855 3026 994 3107 peccatis
1010 3045 1068 3108 per
1082 3045 1129 3100 ea,
1141 3026 1201 3089 hoc
1217 3031 1239 3094 C
1257 3035 1288 3088 te
1304 3026 1494 3108 permultas
1510 3025 1602 3088 boras
1618 3024 1830 3099 confabulari,
1840 3023 1948 3105 iocari,
1961 3041 1991 3084 ac

453 3129 502 3184 est
530 3123 712 3186 exhibendo
741 3141 778 3184 ea
810 3123 1022 3186 instrumenta
1051 3125 1090 3186 ad
1119 3123 1201 3186 male
1257 3125 1370 3188 ceteris
1399 3125 1608 3207 pravitatibus
1637 3123 1815 3198 immorari,
1846 3140 1908 3185 non
1935 3129 1991 3184 erat

452 3221 622 3300 agendum,
639 3220 789 3284 videlicet
812 3220 954 3302 linguam
976 3223 1015 3283 ad
1037 3221 1201 3284 blandien-
1256 3231 1332 3285 tunc
1354 3223 1547 3286 laboriosum
1566 3229 1622 3284 aut
1640 3221 1831 3300 tediosum3
1846 3227 1877 3282 et
1896 3227 1990 3281 tamen

451 3318 539 3392 dum,
557 3319 788 3393 mentiendum,
801 3319 1043 3394 detrabendum,
1059 3321 1199 3401 garrien-

451 3417 528 3478 dum
544 3437 580 3481 ac
599 3417 838 3500 decipiendum,
855 3425 888 3480 et
903 3419 946 3480 ita
960 3419 998 3480 de
1013 3419 1084 3482 aliis
1100 3438 1198 3482 mem·

450 3514 517 3578 bris
539 3516 667 3590 nostris,
685 3535 742 3597 per
762 3535 833 3599 quae
856 3517 957 3578 multa
976 3519 1198 3581 commisimus

1253 3322 1320 3402 jam
1341 3340 1398 3404 per
1413 3340 1508 3384 unam
1529 3322 1639 3384 horam
1655 3319 1853 3383 orationibus
1867 3318 1988 3380 devotis.

1257 3419 1518 3483 meditationibus
1547 3418 1676 3493 sanctis,
1706 3418 1827 3482 divinis
1855 3416 1989 3480 laudibus

1255 3519 1417 3600 occupari,
1434 3518 1569 3581 diliicile
1586 3517 1679 3580 nobis
1694 3535 1731 3579 ac
1747 3517 1909 3581 tediosam
1924 3533 1986 3576 con·
2071 3539 2072 3572 ο

449 3613 546 3692 vitia3
562 3614 608 3676 sic
628 3632 714 3676 nunc
734 3633 792 3696 per
811 3615 956 3678 membra
975 3624 1083 3678 nostra
1102 3617 1199 3680 hono
1254 3618 1347 3680 sistit.
1364 3617 1511 3680 Nondum
1527 3634 1602 3698 ergo
1618 3623 1684 3678 tam
1700 3615 1817 3678 lervidi
1837 3633 1941 3678 sumus
1958 3613 1986 3673 in
2071 3603 2072 3652 ἕ

449 3731 558 3775 remus
582 3713 683 3776 Deum
705 3720 737 3774 et
756 3713 937 3776 Creatorem
956 3722 1111 3790 nostrum,
1128 3716 1198 3778 uni·
1253 3716 1310 3778 Dei
1333 3715 1499 3799 obsequio,
1524 3716 1608 3778 sicut
1630 3733 1758 3778 eramus
1788 3714 1822 3776 in
1849 3713 1985 3776 vitiorum

449 3812 550 3874 versis
571 3812 726 3875 membris
745 3811 828 3875 bene
844 3812 973 3888 utendo,
991 3821 1023 3875 et
1037 3813 1121 3876 bona
1140 3834 1198 3896 per
1253 3816 1498 3896 daemonumque
1521 3814 1662 3877 servitio.
1686 3813 1914 3876 Erubescamus
1935 3811 1985 3871 iu-

449 3928 486 3972 ea
505 3911 627 3991 agendo
647 3911 686 3973 ad
706 3911 839 3991 gloriam
862 3912 1026 3975 Creatoris.
1045 3913 1197 3987 Quemad-
1251 3933 1325 3996 que,
1351 3913 1555 3996 deploremus
1585 3920 1615 3975 et
1640 3913 1849 3975 emendemus
1875 3909 1983 3990 culpas,

450 4009 580 4071 modum
605 4009 692 4071 enim
716 4015 818 4072 totum
843 4011 928 4092 quod
958 4030 1069 4074 sumus
1091 4020 1122 4073 et
1144 4012 1198 4074 ha·
1252 4012 1496 4094 ingratitudines
1527 4019 1559 4074 et
1588 4011 1801 4094 negligentias
1834 4017 1947 4074 nostras
1975 4024 1983 4066 :

449 4106 573 4182 bemus,
599 4126 617 4169 a
642 4108 706 4170 lieo
734 4107 929 4190 accepimus,
955 4110 1001 4172 sio
1026 4118 1128 4173 totum
1156 4112 1195 4173 ad
1251 4112 1326 4193 quia
1346 4118 1382 4173 ut
1404 4111 1436 4173 in
1461 4110 1686 4173 Ecclesiastico
1710 4108 1857 4184 habetur,
1874 4107 1902 4170 Si
1924 4123 2071 4188 peras

449 4204 505 4266 Dei
524 4205 689 4280 honorem,
711 4205 837 4268 laudem
860 4214 891 4269 et
911 4207 1045 4288 gloriam
1065 4209 1419 4278 conver-Dnitentiam
1453 4227 1518 4272 non
1548 4209 1720 4290 egerimus,
1754 4207 1922 4270 incidemus
1953 4205 1981 4266 in

449 4309 516 4366 tere
537 4311 570 4365 ct
592 4303 712 4367 referre
734 4323 790 4367 seu
811 4306 959 4369 ordinare
980 4308 1143 4371 debemus.

488 4401 512 4464 Ο
528 4421 625 4484 quam
645 4421 795 4484 perverse
809 4411 841 4466 et
856 4403 955 4486 impie
974 4415 1072 4486 agunt
1087 4408 1195 4472 miseri

449 4508 643 4581 peccatores,
660 4501 715 4584 qui
736 4521 770 4564 sc
790 4501 876 4584 ipsos
896 4522 932 4564 ac
952 4523 1008 4565 sua
1027 4506 1066 4567 ad
1083 4505 1196 4568 daemo-

449 4616 526 4659 num
542 4607 672 4660 vertunt
691 4599 855 4681 obsequia,
872 4601 927 4683 qui
949 4601 981 4663 in
1002 4605 1142 4684 peccatis
1162 4623 1195 4668 se

448 4705 614 4779 occupant,
631 4706 726 4780 atque
741 4699 780 4760 ad
797 4699 953 4762 Creatoris
968 4703 1195 4766 contumeliam

449 4793 625 4857 abutuntur
638 4813 673 4856 se
690 4796 767 4878 ipsis
782 4805 814 4858 et
829 4796 921 4859 bonis
936 4798 1074 4879 desuper
1088 4801 1169 4864 datis
1187 4809 1193 4863 l

451 4893 531 4955 Ecce
553 4895 579 4955 si
602 4913 657 4956 rex
679 4900 734 4956 aut
758 4895 907 4977 princeps
930 4904 1075 4958 terrenus
1099 4899 1196 4962 alicui

452 4991 547 5053 militi
575 4993 665 5054 daret
693 5011 824 5073 equum,
850 5012 948 5068 arma,
975 4997 1128 5076 pecunias
1156 4999 1196 5061 ad

451 5090 654 5154 militandum
676 5110 713 5152 ac
735 5091 938 5154 serviendum
961 5093 1023 5155 sibi
1045 5094 1194 5172 fideliter,

451 5198 606 5271 quantum
624 5189 845 5269 indignaretur
862 5209 916 5252 rex
933 5199 988 5254 aut
1004 5193 1153 5278 princeps
1169 5198 1195 5259 si

452 5287 544 5351 miles
559 5287 612 5350 ille
628 5305 691 5350 non
709 5287 812 5350 solum
833 5289 893 5352 hoo
909 5289 1015 5372 ipsum
1035 5311 1098 5355 non
1113 5293 1196 5358 lace-

1251 4327 1364 4372 menus
1387 4309 1454 4382 Dei,
1476 4316 1507 4371 et
1530 4326 1593 4371 non
1620 4308 1653 4369 in
1678 4325 1793 4369 manus
1817 4305 1979 4368 bominum.

1290 4407 1453 4481 Praeterea,
1479 4425 1575 4488 quam
1600 4407 1706 4488 turpia
1730 4413 1825 4488 atque
1852 4402 1982 4466 enormia

1251 4505 1315 4567 sint
1330 4513 1459 4587 peccata
1478 4511 1585 4567 nostra
1605 4504 1776 4588 preterita,
1793 4499 1981 4583 diligentissi·
2070 4539 2071 4554 2

1251 4622 1302 4665 me
1326 4603 1537 4676 attendamus,
1563 4603 1602 4664 de
1632 4621 1770 4684 quorum
1798 4600 1929 4664 ioeditatc
1952 4605 1980 4657 ot
2070 4655 2071 4682 1

1249 4702 1402 4783 gravitate
1412 4701 1479 4782 jam
1495 4702 1760 4780 verecundamur;
1771 4700 1823 4762 sed
1835 4699 1872 4760 ita
1884 4697 1922 4758 de
1937 4695 1980 4756 eis

1250 4819 1336 4862 nunc
1356 4801 1579 4881 poeniteamus,
1596 4817 1635 4860 ne
1651 4797 1744 4860 nobis
1765 4799 1795 4859 in
1812 4797 1857 4858 die
1871 4792 1979 4874 judicii

1250 4899 1348 4960 nostri
1371 4898 1571 4980 particularis
1590 4906 1645 4958 aut
1663 4895 1847 4959 universalis
1861 4891 1979 4954 valcant

1250 4997 1358 5078 objici,
1375 5015 1415 5060 ne
1436 5005 1512 5058 tunc
1535 4997 1574 5058 de
1593 4997 1640 5058 cis
1660 5013 1766 5057 coram
1787 4995 1845 5056 Deo
1860 4999 1887 5052 ct
1907 4990 1979 5051 San·

1250 5097 1309 5158 ctis
1341 5096 1412 5176 ejus
1443 5114 1480 5157 ac
1511 5095 1583 5156 aliis
1614 5094 1849 5156 confundamur.
1876 5087 1979 5150 Consi·

1249 5198 1398 5258 donemus
1422 5195 1576 5275 sagaciter
1596 5212 1692 5276 quam
1714 5185 1979 5256 vehementissime

1250 5294 1523 5368 erubesceremus,
1541 5294 1567 5356 si
1583 5293 1734 5356 universa
1745 5296 1862 5375 peccata
1873 5293 1979 5348 nonna
