4206 6258
379 522 528 570 uomica
547 522 622 570 lxlv
643 524 716 570 POST
735 491 929 572 Thlltlralhlt.
950 541 991 554 ···
1010 524 1185 573 eulampio
1205 525 1238 572 nt
1258 525 1452 572 evadentium
1628 505 1690 571 629

534 934 838 1023 ENARRATIC
870 936 926 1024 IN
959 937 1295 1027 EVANGELIUM

428 1201 615 1259 noouarrrn
642 1201 727 1249 casu
756 1203 803 1248 an
830 1202 980 1262 ronnas,
1002 1203 1077 1251 arc.
1103 1187 1274 1263 Matthia,
1296 1187 1400 1252 1822.

219 1480 405 1544 ATTllAEUS
419 1481 613 1564 evangelista
627 1481 659 1544 in
675 1481 823 1564 praesenti
839 1481 927 1545 ded
942 1482 982 1544 ad
1007 1481 1180 1559 Christum,
1201 1491 1370 1566 postquam
1390 1503 1409 1547 a
1428 1484 1528 1548 servis
1550 1485 1616 1548 suis
1638 1505 1691 1549 au-

241 1579 354 1644 scribit
382 1580 557 1663 evangelio,
587 1580 724 1664 qualiter
753 1580 888 1668 Domino
942 1581 1022 1644 divit
1036 1581 1139 1644 liliam
1155 1601 1245 1644 suam
1257 1581 1324 1663 jam
1341 1601 1410 1646 esse
1425 1582 1691 1647 defunctamaec

139 1688 250 1743 nostro
280 1680 353 1743 lesu
384 1685 567 1742 transeunte
597 1679 636 1741 ad
667 1678 886 1742 suscitandum
942 1682 1019 1739 oeni
1042 1680 1259 1763 corporaliter,
1286 1683 1414 1759 impone
1439 1702 1575 1743 manum
1600 1693 1690 1744 tuom

140 1778 283 1862 puellam
307 1777 503 1852 defunctam,
528 1778 560 1840 in
586 1777 638 1840 via
661 1778 821 1841 sanaverit
844 1777 888 1840 ie·
941 1797 1040 1855 saper
1059 1799 1141 1850 eam,
1158 1789 1188 1839 et
1209 1782 1306 1851 uiuet,
1324 1779 1356 1842 id
1377 1787 1436 1855 est,
1452 1799 1551 1863 super
1575 1799 1691 1864 corpus

140 1877 262 1939 minam
278 1896 296 1939 a
312 1875 475 1958 sanguinis
496 1875 667 1958 profluvio,
684 1875 751 1938 solo
770 1876 820 1938 sui
835 1894 886 1938 ve·
941 1876 1099 1941 deiunctae
1115 1898 1245 1941 manum
1260 1886 1347 1940 tuam
1363 1877 1503 1960 impone,
1511 1886 1543 1941 et
1557 1879 1691 1942 resusci-

140 1975 237 2038 stitus
258 1981 414 2037 contactu.
432 1973 540 2057 ltaque
561 1973 723 2036 blatthaeus
747 1973 794 2036 sic
818 1973 885 2036 ait:
941 1974 1068 2037 labitur.
1087 1977 1194 2058 ltaque
1215 1976 1410 2058 corporalem
1430 1977 1546 2040 Christi
1566 1977 1690 2059 putavit

138 2072 616 2153 Loquentelesuadturbas,id
633 2079 681 2134 est
695 2072 887 2154 predicante
941 2074 1141 2155 praesentiam
1168 2074 1391 2150 necessariam,
1414 2093 1473 2138 nec
1497 2083 1562 2137 tam
1587 2073 1689 2158 parle-

139 2189 179 2234 eo
193 2171 320 2246 Judaeis,
331 2190 400 2230 ecce
409 2173 564 2247 princeps
579 2191 666 2231 unus
681 2170 888 2233 necessitas·
942 2179 999 2235 ctae
1013 2172 1074 2234 luit
1088 2172 1167 2235 lidei
1186 2173 1269 2236 sicut
1284 2173 1439 2248 centurio,
1455 2173 1511 2256 qui
1528 2174 1687 2238 Christum
1702 2187 1836 2240 acarna,

16 2295 30 2324 u
47 2314 52 2324 .
70 2295 121 2332 uu.
139 2270 284 2332 eundum
304 2269 422 2330 Lucam
442 2275 474 2330 et
491 2268 642 2342 hlarcum,
658 2267 808 2350 princeps
829 2268 887 2330 iste
942 2271 1149 2353 corporaliter
1167 2270 1332 2334 absentem
1356 2271 1491 2334 credidit
1504 2271 1622 2334 virtute
1642 2272 1688 2334 di·
1702 2254 1715 2294 ⁸
1729 2255 1752 2296 ⁸²
1764 2263 1810 2307 ἠ’

42 2358 73 2386 ‘¹'
87 2359 121 2396 '''
139 2369 272 2431 nomine
295 2367 407 2441 lairuS,
431 2366 533 2429 luerat
557 2366 834 2449 archisynagogus,
856 2367 888 2429 id
942 2369 1017 2431 vina
1039 2369 1289 2452 angelorumque
1315 2369 1493 2433 ministerio
1517 2387 1610 2452 posse
1636 2389 1689 2432 cu-

139 2474 189 2529 est
204 2466 354 2549 princeps
373 2483 538 2548 synagoga
559 2464 654 2528 unius
672 2483 678 2526 :
696 2466 767 2528 ideo
782 2485 800 2528 a
814 2465 889 2528 lllat-
942 2468 1255 2530 rareVerumtamen
1269 2468 1371 2530 lairus
1387 2469 1445 2530 iste
1461 2475 1525 2530 tam
1542 2467 1690 2551 perfectas

139 2566 224 2630 thaso
253 2565 403 2647 princeps
426 2571 566 2626 vocatur.
593 2562 778 2626 Habuerunt
801 2565 888 2627 enim
942 2564 1021 2628 fidei
1044 2563 1116 2640 fuit,
1142 2567 1227 2648 quod
1251 2565 1387 2628 credidit
1410 2566 1571 2629 Christum
1595 2574 1691 2630 tantae

138 2664 242 2729 Judaei
267 2670 367 2726 certas
391 2663 501 2725 domos
528 2661 561 2724 in
585 2661 704 2743 quibus
733 2679 888 2726 convene·
904 2664 927 2727 B
943 2663 1095 2727 exsistere
1110 2664 1297 2738 sanctitatis,
1314 2664 1398 2746 quod
1419 2683 1478 2746 per
1492 2683 1605 2726 manus
1625 2683 1691 2744 suaa
1753 2689 1759 2708 ,

140 2769 218 2825 runt
245 2761 284 2824 ad
308 2761 486 2825 vacandum
515 2761 661 2835 orationi,
688 2761 827 2834 lectioni,
852 2779 888 2822 ae
943 2768 1124 2824 contactum
1141 2769 1248 2844 posset
1266 2768 1424 2824 mortuam
1446 2762 1611 2836 suscitare,
1628 2763 1691 2824 vir-

140 2860 291 2926 laudibus
310 2858 367 2923 Dei
385 2877 392 2922 :
409 2878 480 2941 quae
498 2859 613 2922 domus
632 2859 725 2922 dictae
747 2867 821 2921 sunt
839 2879 888 2942 sy·
943 2859 1179 2942 tute,procihus
1194 2879 1230 2923 ac
1246 2859 1369 2923 meritis
1383 2860 1498 2924 anime
1513 2861 1689 2942 suae,quasi

140 2975 289 3041 nagogae;
310 2966 342 3020 et
364 2957 419 3039 qui
439 2965 596 3039 praeerant
617 2956 675 3031 eis,
692 2957 796 3021 vocati
815 2965 889 3019 sunt
942 2977 1000 3042 per
1029 2977 1158 3022 eausam
1190 2958 1465 3022 instrumentalem
1496 2978 1533 3022 ac
1562 2959 1689 3022 merito-

138 3056 392 3140 archisynegogi,
424 3055 455 3117 id
486 3061 534 3117 est
566 3055 727 3138 principes
757 3073 890 3138 synago
944 3057 1036 3132 riam,
1067 3057 1176 3120 divina
1208 3057 1441 3139 omnipotentia
1473 3056 1624 3121 allectiva
1652 3076 1689 3120 ac

137 3175 262 3240 garum.
275 3159 319 3218 Ει
334 3157 484 3215 adoravit
501 3175 586 3226 eum,
603 3157 722 3214 dicens.
740 3154 888 3216 Nondum
943 3155 1164 3238 principaliter
1178 3163 1340 3238 operante,
1356 3154 1446 3236 juxta
1462 3155 1541 3217 illud
1559 3156 1591 3217 in
1607 3155 1691 3218 Psal-

136 3257 244 3320 Jairus
271 3255 330 3318 iste
355 3253 504 3336 explicite
529 3253 663 3316 credidit
686 3253 794 3315 lesum
818 3271 888 3315 esse
943 3271 995 3316 mo
1013 3253 1226 3316 :Benedictus
1245 3253 1397 3316 Dominus
1413 3254 1496 3316 Deras
1509 3253 1616 3328 lsrael,
1633 3254 1688 3336 qui
1704 3269 1836 3320 rannac.

136 3374 254 3418 rerum
276 3354 388 3426 Deum,
405 3369 463 3414 nee
482 3352 585 3414 adhuc
605 3351 773 3414 tenebatur
790 3351 829 3413 ad
849 3349 887 3412 ii·
941 3351 1019 3414 iacit
1041 3351 1201 3413 mirabilia
1222 3351 1317 3414 solus.
1339 3351 1475 3414 Noverat
1493 3351 1614 3434 quippe
1635 3351 1689 3414 hic

138 3452 215 3516 dem
237 3452 281 3512 ita
301 3449 484 3532 explicitam
492 3467 501 3528 ;
518 3449 652 3511 credidit
675 3454 782 3510 tamen
802 3449 887 3530 quod
941 3451 1054 3524 lairus,
1077 3449 1215 3532 qualiter
1233 3456 1344 3531 quarto
1363 3449 1483 3530 Regum
1507 3449 1628 3530 legatur
1649 3467 1688 3512 ex
1702 3465 1838 3522 stacam,

138 3558 250 3634 posset
267 3549 371 3612 liliam
390 3567 480 3612 suam
500 3549 653 3610 suscitare
670 3567 688 3610 a
707 3555 809 3610 morte
824 3548 887 3610 vir·
942 3555 1089 3612 contactu
1113 3547 1234 3611 ossium
1264 3547 1360 3611 Elisei
1387 3548 1517 3630 quidam
1543 3556 1689 3611 mortuus
1702 3531 1737 3573 ²¹·

140 3656 211 3712 tuto
230 3655 262 3710 et
280 3646 399 3710 auxilio
414 3646 481 3720 Dei,
497 3663 535 3709 eo
551 3645 637 3727 quod
655 3652 740 3708 esset
758 3653 886 3707 sanctus
941 3647 1122 3710 suscitatus.

139 3747 192 3810 vir
210 3752 243 3810 el
261 3763 394 3828 magnus
415 3744 579 3826 propheta.
595 3743 664 3805 Non
683 3760 759 3824 ergo
779 3743 887 3806 adora·
981 3748 1026 3808 et
1040 3763 1176 3824 surgens
1189 3747 1293 3815 Iesus,
1308 3747 1502 3824 sequebatur
1516 3765 1601 3816 eum,
1614 3745 1689 3828 quia

140 3846 229 3910 tione
243 3844 353 3919 latriae,
363 3843 417 3906 sed
432 3842 538 3917 dulia,
550 3842 711 3905 Christum
726 3842 885 3904 adoravit:
904 3842 926 3907 C
942 3843 1106 3908 condoluit
1120 3843 1159 3906 oi.
1171 3842 1249 3906 Nam
1265 3841 1334 3906 lilia
1350 3843 1410 3906 ista
1424 3852 1492 3908 erat
1507 3845 1601 3907 unica
1616 3862 1687 3926 pro·
1701 3863 1834 3915 aaaron.

140 3963 217 4008 nam
233 3961 379 4024 magnam
394 3942 424 4004 ei
439 3941 650 4004 reverentiam
665 3940 888 4023 iecit‚quiaut
942 3945 988 4008 las
1013 3943 1094 4025 ejus,
1118 3942 1295 4025 habuitque
1318 3943 1487 4007 duodecim
1516 3961 1626 4018 annos,
1653 3951 1689 4006 ut

138 4045 243 4107 Lucas
260 4041 369 4115 relert,
385 4039 500 4104 cecidit
520 4041 559 4103 ad
582 4040 678 4122 pedes
699 4040 780 4122 ejus.
796 4041 889 4104 Juxta
942 4044 1059 4126 legitur
1075 4044 1161 4126 apud
1175 4041 1305 4118 Lucam,
1321 4042 1433 4124 sicque
1452 4043 1550 4126 coepit
1568 4043 1689 4106 nubilis

140 4163 239 4229 quem
259 4143 400 4217 modum,
416 4141 510 4206 tertio
526 4142 657 4223 Regum,
674 4141 796 4205 Nathan
817 4159 888 4224 pro·
942 4145 1073 4206 essellt
1087 4143 1246 4218 discipuli
1258 4143 1340 4220 ejas,
1352 4141 1384 4203 id
1400 4147 1448 4204 est
1461 4140 1613 4224 Apostoli,
1624 4139 1689 4203 imo

45 4265 51 4277 ·
140 4244 240 4328 pheta
258 4249 290 4305 et
303 4240 478 4304 Bethsabee
497 4239 595 4303 David
614 4259 723 4322 regem
741 4241 888 4304 adorasse
942 4249 974 4306 et
1001 4239 1095 4303 turba
1124 4257 1237 4320 magna
1265 4237 1458 4320 sequebatur
1486 4239 1519 4301 in
1548 4237 1600 4302 via
1629 4239 1688 4301 hac
1702 4253 1834 4308 narasse.

140 4341 337 4406 scribuntur.
942 4340 1114 4413 Christum,
1131 4343 1167 4399 ut
1184 4336 1263 4399 dicit
1281 4337 1411 4427 Marcus.

182 4441 332 4511 Domine,
345 4440 420 4518 filia
440 4457 512 4498 mea
535 4441 627 4500 modo
651 4441 808 4516 defuncta
830 4448 885 4502 est.
981 4443 1025 4502 Et
1043 4457 1111 4498 ecce
1129 4437 1251 4496 mulier
1269 4456 1342 4515 quoa
1362 4437 1536 4514 sanguinis
1555 4437 1687 4512 floccum

139 4539 223 4603 lluie
246 4538 373 4602 videtur
395 4536 601 4611 contrarium,
622 4537 706 4619 quod
731 4537 764 4600 in
785 4538 888 4602 Marco
937 4539 1128 4618 patiebatur
1141 4535 1311 4596 duodecim
1329 4535 1436 4596 annis.
1455 4535 1493 4596 Et
1511 4535 1688 4598 secundum

5 4677 25 4706 a
40 4677 73 4712 J,
111 4691 118 4704 .
140 4638 259 4720 legitur
281 4635 405 4700 Christo
428 4634 546 4698 dixisse
563 4655 570 4700 ε
588 4635 666 4697 Filia
688 4654 758 4698 mea
780 4637 812 4698 in
835 4655 887 4700 ex·
941 4638 1070 4709 Lucam,
1089 4632 1229 4714 erogavit
1254 4650 1382 4696 omnem
1404 4632 1616 4696 substantiam
1637 4653 1688 4696 su·
1701 4659 1834 4714 pumma,

137 4735 254 4800 tremis
277 4742 332 4800 est
357 4735 575 4816 Respondetur
599 4734 800 4817 dupliciter:
826 4735 889 4798 Pri·
942 4755 993 4799 am
1019 4734 1053 4797 in
1077 4732 1229 4806 medicos,
1253 4750 1312 4793 nec
1335 4731 1457 4812 aliquid
1481 4730 1603 4814 proluit
1626 4733 1687 4796 ci:

138 4833 298 4916 m0,quod
310 4833 414 4895 lairus
428 4831 569 4914 loquitur
581 4831 673 4913 juxta
686 4850 890 4896 communem
943 4835 1053 4916 sicque
1076 4832 1203 4894 videtur
1227 4828 1448 4893 incurabiliter
1471 4849 1554 4912 aegra
1576 4830 1687 4894 luisse.

137 4933 273 4996 modum
299 4930 546 5013 loquendique
570 4930 609 4993 de
633 4930 763 4994 homine
784 4933 890 5013 agoni·
942 4933 1083 4996 Accessit
1095 4939 1200 4991 retro:
1213 4929 1288 5012 quia
1303 4947 1368 5010 praa
1382 4929 1575 4992 verecundia
1589 4929 1691 4992 voluit

136 5037 232 5095 zante
253 5029 346 5111 cujus
370 5028 436 5092 vita
459 5029 656 5110 desperatur,
678 5030 890 5092 communiter
904 5033 929 5095 l)
944 5030 1068 5096 occulte
1089 5028 1193 5091 lacere
1212 5027 1298 5109 quod
1319 5025 1406 5100 lecit,
1423 5027 1599 5108 prasertim
1614 5027 1691 5109 quia

136 5129 291 5202 dicimus,
317 5126 403 5210 quod
431 5127 471 5189 sit
495 5113 640 5191 mortuus
668 5128 774 5190 homo.
801 5129 889 5192 Unde
944 5128 1120 5192 secundum
1136 5124 1521 5207 legem‚luitimmunda;
1537 5128 1836 5204 encopolitanam.

5 5274 12 5304 a
15 5273 73 5311 11111
77 5259 117 5301 sa
137 5229 243 5292 Lucas
268 5234 384 5309 narrat,
401 5225 485 5308 quod
508 5225 713 5288 moriebatur.
731 5226 888 5300 Secundo,
942 5229 1110 5305 fimbriam
1135 5227 1320 5285 vestimenti
1341 5225 1423 5302 ejus,
1439 5223 1589 5286 videlicet
1610 5223 1690 5286 inle-

138 5326 230 5411 quod
249 5325 412 5389 blatthaeus
432 5331 538 5387 narrat
553 5323 649 5387 verbu
668 5344 686 5386 a
704 5324 788 5389 Jairo
808 5326 891 5388 dicta
944 5325 1062 5389 riorem
1087 5325 1183 5386 restis
1208 5330 1341 5406 partem.
1364 5321 1428 5385 Cur
1451 5321 1594 5386 Christus
1617 5322 1691 5386 lim-
