4206 6258
455 507 603 554 nonnum
622 507 701 554 xxm
721 508 795 554 rosr
815 507 1009 555 mmrrarsn.
1030 526 1070 536 —
1091 509 1191 556 annuo
1212 509 1364 556 sncuunus
1624 490 1682 555 6ll

128 677 170 740 lis
191 677 225 739 in
245 684 418 760 conspectu
438 677 525 760 ejus3
540 677 649 741 omnia
668 685 774 742 autem
796 678 882 741 nuda
897 677 922 742 Α
940 698 991 742 me
1013 679 1052 742 de
1074 683 1226 762 peccatot
1242 679 1274 744 Si
1293 665 1460 743 veritatem
1483 678 1565 752 dico,
1586 695 1685 760 quare

129 783 163 838 et
184 783 294 858 aperta
315 783 392 839 sunt
413 777 516 840 oculis
540 775 620 857 ejus.
640 775 783 840 Christus
807 794 882 858 ergo
937 795 994 840 vos
1014 794 1078 840 non
1099 778 1228 841 creditis
1247 777 1347 840 mihil
1362 777 1450 841 Unde
1470 776 1503 838 in
1524 775 1604 838 lsaia
1625 774 1686 838 ler-

130 872 343 954 inquantum
369 875 463 950 Deus,
481 881 529 937 est
553 874 766 938 essentialiter
786 893 881 938 verus
938 882 991 937 tur
1014 876 1054 938 de
1078 876 1201 940 Christo
1218 894 1225 939 :
1242 877 1410 940 Peccatum
1434 892 1498 937 non
1522 873 1609 946 fecit,
1626 889 1685 934 nec
1713 893 1742 939 n.
1754 908 1794 946 nn,
1805 897 1826 938 a.

130 979 164 1033 et
185 971 311 1034 veritas.
329 972 485 1035 Similiter
505 973 574 1055 ipse
599 972 776 1034 secundum
797 972 882 1054 quod
939 974 1088 1037 inventus
1104 983 1153 1037 est
1171 975 1262 1038 dolus
1283 975 1314 1036 in
1334 992 1389 1038 ore
1409 973 1488 1054 ejus.
1504 971 1569 1035 Nec
1588 970 1683 1033 etiam

131 1069 228 1143 Deus,
244 1076 293 1132 est
316 1069 528 1133 essentialiter
551 1071 643 1134 vivus
667 1077 698 1133 et
721 1069 795 1132 vita.
813 1070 883 1132 Pro
938 1071 1000 1134 fuit
1024 1073 1149 1136 Christo
1172 1092 1248 1136 cura
1272 1073 1311 1134 de
1335 1073 1454 1154 aliquo,
1471 1071 1515 1132 ita
1536 1069 1621 1152 quod
1644 1069 1685 1132 ob

13 1187 114 1237 „nasa
131 1173 205 1249 pter
219 1167 304 1249 quod
319 1168 364 1230 ait
380 1185 388 1230 z
405 1167 494 1231 Sicut
512 1167 602 1230 Pater
623 1167 718 1230 babet
733 1167 831 1229 vitam
849 1167 882 1228 in
938 1171 1075 1252 alicujus
1090 1173 1249 1245 timorem,
1265 1170 1419 1244 savorem,
1433 1176 1488 1232 aut
1502 1167 1597 1231 aliam
1612 1186 1685 1230 oau-

131 1265 317 1348 semetipso,
335 1265 380 1328 sic
401 1266 488 1329 dedit
503 1273 534 1328 et
553 1265 634 1328 Pilio
652 1267 750 1329 vitam
766 1266 883 1330 habere
938 1288 1017 1344 sam,
1035 1289 1053 1331 a
1074 1270 1207 1332 veritate
1229 1276 1261 1332 at
1281 1269 1429 1352 aequitate
1448 1267 1602 1330 recessit:
1619 1266 1685 1329 imo

12 1382 114 1432 aaran.
130 1363 166 1425 in
192 1364 373 1446 semetipso.
391 1365 452 1427 Sed
475 1364 560 1446 quod
586 1365 723 1447 ipsemet
746 1364 800 1438 ait,
818 1365 883 1446 Ego
939 1368 1050 1430 maluit
1075 1368 1233 1450 cruciligi,
1257 1386 1353 1450 quam
1377 1367 1545 1430 veritatem
1567 1372 1682 1428 tacere.

130 1481 205 1524 snm
220 1462 282 1537 via,
295 1463 395 1544 magis
411 1463 564 1545 competit
579 1464 607 1524 ei
626 1463 746 1526 ratione
762 1471 881 1527 nature
938 1467 1068 1549 Propter
1083 1467 1167 1549 quod
1183 1467 1262 1529 dixit
1281 1466 1378 1529 Pilato
1395 1483 1402 1528 :
1420 1465 1484 1545 Ego
1505 1464 1537 1526 in
1557 1463 1617 1526 hoc
1634 1480 1685 1526 na·
1698 1487 1836 1542 coenarent,

130 1569 315 1644 assumpte,
332 1570 409 1644 puta
426 1563 457 1623 in
474 1569 628 1644 quantum
647 1561 753 1634 home,
768 1562 823 1624 Dei
845 1581 881 1624 ac
939 1572 988 1626 tus
1014 1585 1097 1640 sum,
1114 1572 1144 1627 et
1169 1565 1207 1628 ad
1232 1565 1291 1627 hoc
1313 1564 1386 1626 veni
1411 1563 1443 1625 in
1466 1562 1633 1634 mundum,
1650 1568 1686 1624 ut
1699 1553 1733 1594 ³⁷·

128 1659 299 1722 hominum
324 1659 488 1722 mediator.
506 1660 563 1722 Via
584 1678 722 1741 namque
744 1666 792 1722 est
818 1678 881 1721 me·
938 1662 1157 1725 testimonium
1191 1660 1377 1745 perhibeam
1412 1661 1546 1724 veritati.
1576 1661 1685 1743 itaque

128 1758 220 1820 dium
243 1757 326 1820 inter
348 1757 502 1821 terminos
523 1759 603 1821 duos
623 1777 680 1820 seu
699 1760 763 1821 duo
782 1765 882 1820 extre·
938 1760 1034 1823 verba
1059 1761 1125 1824 haec
1154 1761 1351 1843 praeinducta
1374 1759 1509 1823 Domino
1537 1758 1686 1821 salvatori

128 1875 191 1918 ma.
215 1856 302 1918 Unde
325 1856 468 1920 Christus
491 1857 667 1919 secundum
692 1857 777 1938 quod
800 1857 882 1918 inter
899 1857 1114 1922 Bsecundum
1129 1866 1298 1942 utramque
1317 1877 1407 1921 suam
1428 1865 1573 1920 naturam
1589 1858 1685 1919 veris·

127 1955 230 2016 Deum
247 1961 278 2016 et
296 1955 442 2018 homines
465 1955 584 2017 mediat
605 1961 756 2036 tanquam
776 1972 884 2018 recon-
937 1958 1018 2019 sime
1036 1957 1273 2032 adscribuntur,
1290 1957 1436 2040 quamvis
1457 1956 1686 2019 Pharisaeorum

127 2053 429 2128 ciliator,salvator,
449 2053 628 2116 satisfactor
648 2061 680 2116 et
698 2053 881 2128 advocatus,
938 2055 1088 2137 discipuli
1119 2056 1174 2137 qui
1202 2074 1238 2118 ea
1267 2056 1306 2118 ad
1333 2055 1439 2137 ipsum
1469 2053 1567 2117 locuti
1600 2060 1685 2126 sunt,

128 2160 216 2214 recte
237 2152 290 2216 via
310 2161 451 2216 vocatur.
938 2155 1138 2218 aestimabant
1159 2173 1196 2218 aa
1219 2171 1283 2216 non
1307 2155 1478 2217 convenire
1498 2154 1614 2229 eidem,
1631 2153 1687 2216 sed

170 2251 324 2314 Praeterea
338 2251 463 2314 Christo
483 2252 580 2314 etiam
601 2251 778 2314 secundum
798 2251 882 2333 quod
938 2271 975 2316 ea
996 2253 1193 2316 simulatorie
1215 2253 1425 2334 protulerunt.

129 2350 214 2412 Deus
240 2357 298 2424 est,
324 2350 474 2414 convenit
498 2350 583 2412 viam
609 2351 665 2412 Dei
690 2349 723 2412 in
748 2348 883 2411 veritate
979 2353 1113 2433 Insuper
1138 2351 1169 2412 in
1194 2351 1244 2413 his
1269 2351 1376 2413 verbis
1405 2351 1545 2431 tangitur
1569 2350 1687 2432 triplex

129 2449 256 2511 docere.
274 2448 357 2511 Deus
377 2467 517 2530 namque
534 2449 584 2510 sui
605 2447 707 2531 ipsius
722 2448 807 2510 viam
829 2447 883 2510 ho
939 2448 1055 2512 veritas
1070 2469 1141 2531 quaa
1161 2448 1223 2510 fuit
1240 2448 1272 2510 in
1294 2448 1428 2522 Christo,
1445 2448 1619 2510 videlicet:
1636 2467 1688 2511 ve-

131 2546 237 2608 mines
252 2545 632 2628 docet‚quamadmodum
648 2545 881 2628 scriptumest:
939 2549 1014 2610 ritas
1029 2548 1220 2630 vitaa‚quum
1237 2548 1364 2622 dicitur,
1375 2569 1391 2605 a
1402 2547 1558 2629 Magister,
1569 2547 1688 2628 scimus

91 2667 104 2692 ν
129 2645 247 2707 Beatus
266 2644 362 2707 bomo
383 2663 479 2727 quem
500 2653 535 2707 tu
554 2644 721 2716 erudieris,
738 2643 882 2718 Domine,
939 2647 1014 2729 quia
1033 2665 1128 2709 verax
1146 2665 1179 2708 es
1195 2663 1232 2724 »3
1248 2653 1280 2707 et
1297 2646 1373 2707 item
1391 2645 1508 2707 veritas
1525 2645 1687 2718 doctrinae,

130 2743 218 2806 etde
235 2743 302 2824 lego
316 2751 369 2805 tua
384 2743 530 2806 docueris
546 2761 624 2805 eum
631 2742 716 2806 Unde
732 2742 885 2823 Propheta
940 2745 1017 2807 dum
1033 2744 1192 2818 subditur,
1203 2766 1219 2802 <r
1229 2752 1259 2806 et
1272 2743 1357 2805 viam
1372 2743 1428 2804 Dei
1442 2742 1474 2804 in
1489 2743 1622 2805 veritate
1636 2743 1689 2806 do-

12 2841 304 2910 r.m=11,[)0minum
330 2842 518 2924 deprecatur
542 2859 549 2903 :
570 2841 660 2903 Viam
683 2839 885 2921 justificatio·
940 2843 1160 2922 cesn3veritas
1175 2859 1302 2924 quoque
1316 2840 1566 2923 justitiae,quum
1581 2840 1689 2904 subin-

12 3001 25 3030 ,Ι
38 3001 60 3036 Η,
77 3007 95 3028 ,⁸
130 2958 211 3002 num
232 2947 359 3002 tuamm
382 2940 503 3002 instrue
521 2957 582 3002 me.
601 2939 639 3001 Et
652 2938 749 3001 isaias
766 2955 773 2999 :
790 2937 887 3001 Doce·
940 2941 1052 3015 fertur,
1070 2963 1087 3001 ι(
1102 2958 1166 3004 non
1185 2939 1306 3002 esttibi
1326 2958 1402 3002 cura
1421 2938 1460 3001 de
1479 2939 1587 3021 aliquo
1601 2961 1627 3001 a.
1645 2940 1688 3002 De

129 3038 181 3100 bit
196 3055 254 3102 nos
268 3037 402 3120 (inquit)
415 3038 483 3100 vias
498 3057 582 3112 suas,
599 3045 631 3100 et
648 3035 886 3100 ambulabimus
904 3036 925 3100 C
941 3041 1000 3102 hac
1012 3039 1132 3122 triplici
1146 3039 1277 3104 varitate
1290 3038 1353 3101 dici
1365 3046 1496 3121 possent
1508 3039 1607 3101 multa
1619 3038 1691 3101 sub

129 3139 167 3199 in
186 3137 309 3200 semitis
329 3137 409 3218 ejus.
426 3172 466 3182 —
481 3137 611 3211 Rursus,
633 3154 697 3199 non
715 3153 826 3198 curare
846 3135 885 3197 de
942 3139 1020 3213 tilia,
1036 3138 1185 3201 diflicilia
1199 3145 1231 3200 et
1245 3137 1412 3221 profunda,
1428 3156 1499 3219 quae
1515 3137 1567 3200 hic
1582 3137 1688 3200 locum

128 3235 241 3317 aliquo
261 3235 293 3297 in
313 3235 551 3316 derogationem
574 3234 718 3316 justitiae,
746 3235 884 3296 maxime
941 3256 1005 3302 non
1029 3239 1158 3312 habent,
1184 3256 1284 3319 quum
1309 3253 1366 3320 pro
1395 3236 1503 3300 idiotis
1532 3235 1688 3319 simplici·

129 3334 287 3416 competit
302 3333 427 3397 Christo
447 3334 623 3396 secundum
645 3339 790 3394 naturam
806 3332 885 3394 divi·
942 3337 1066 3419 busque
1080 3337 1140 3399 ista
1158 3335 1348 3398 scribantur.
1365 3333 1618 3416 superficialiter
1634 3354 1688 3397 au·

129 3451 217 3494 nam.
236 3433 366 3515 Propter
386 3432 470 3514 quod
490 3432 641 3514 princeps
659 3430 884 3513 Apostolorum
942 3443 1006 3498 tem
1022 3435 1190 3517 tangend0,
1206 3432 1269 3496 tuit
1284 3433 1315 3494 in
1332 3432 1456 3495 Christo
1472 3432 1587 3496 veritas
1602 3433 1687 3507 vita,

17 3560 111 3608 agar.
128 3531 251 3594 fatetur
267 3548 274 3592 τ
290 3531 325 3592 ln
340 3530 473 3593 veritate
495 3531 635 3612 comperi
652 3531 804 3613 quoniam
820 3546 884 3592 non
942 3534 985 3595 ita
999 3534 1084 3617 quod
1098 3551 1174 3595 vare
1187 3531 1250 3594 luit
1269 3531 1441 3605 virtuosus,
1457 3549 1517 3592 nec
1531 3551 1596 3594 suae
1617 3550 1690 3595 con·

129 3635 183 3692 est
207 3647 416 3711 personarum
441 3637 589 3712 acceptor
612 3629 706 3692 Deus.
732 3629 811 3691 llinc
837 3647 884 3691 se·
941 3631 1113 3694 versationi
1140 3631 1281 3694 admixta
1301 3629 1364 3692 fuit
1395 3629 1556 3692 simulatio
1582 3629 1689 3712 aliqua

128 3729 240 3791 cundo
258 3727 532 3809 Paralipomenon,
550 3728 710 3791 virtuosus
731 3746 786 3790 rex
802 3728 885 3790 Josa-
941 3731 1008 3792 sive
1024 3729 1205 3812 duplicitas,
1222 3737 1278 3791 aut
1296 3726 1471 3811 quidquam
1487 3727 1598 3791 virtuti
1614 3746 1688 3792 con-

129 3827 212 3908 phat
240 3826 285 3888 ait
311 3825 476 3906 judicibus
504 3827 572 3888 suis
600 3845 637 3888 ac
665 3826 884 3889 sacerdotibus
940 3829 1159 3902 trarium,sed
1183 3845 1313 3909 prorsus
1337 3825 1526 3909 peremnia
1550 3843 1689 3890 consona

130 3942 216 4007 quos
239 3924 327 3987 misit
348 3941 405 4007 per
427 3942 561 4006 regnum
587 3944 680 3986 suum
706 3925 745 3986 ad
767 3924 884 3986 instru-
941 3926 1002 3989 luit
1018 3926 1079 4008 legi
1094 3926 1211 3988 divine
1226 3933 1258 3987 et
1277 3925 1425 3989 increatae
1444 3926 1560 4007 regule
1574 3925 1687 3988 verita-

54 4075 58 4084 .
129 4022 255 4086 endum
283 4023 439 4106 populum
470 4023 656 4086 universum
683 4040 689 4085 :
716 4023 763 4086 Sit
790 4023 885 4085 timor
941 4025 981 4087 tis
997 4025 1089 4087 istius
1105 4023 1290 4087 consistenti
1307 4024 1339 4086 in
1356 4029 1462 4086 mente
1478 4023 1595 4086 divina.
1607 4023 1688 4086 ilino

129 4121 264 4186 Domini
286 4121 341 4184 Dei
367 4121 546 4196 vobiscum,
567 4129 599 4183 et
620 4139 694 4184 cum
719 4121 884 4203 diligentia
941 4124 1009 4207 ipse
1031 4123 1204 4186 disseruit:
1222 4121 1290 4185 Non
1310 4122 1440 4202 reliquit
1460 4140 1510 4184 me
1529 4122 1619 4184 Pater
1638 4139 1834 4203 so-1vra,.,.‚20‚

129 4227 251 4284 cuncta
275 4219 388 4299 lacite3
407 4237 470 4284 non
493 4228 541 4282 est
563 4221 650 4283 enim
675 4220 760 4302 apud
781 4219 923 4287 Domi-l)
940 4222 1019 4296 lum,
1036 4221 1111 4304 quia
1135 4239 1193 4302 ego
1217 4239 1287 4302 quaa
1311 4219 1428 4300 placita
1448 4226 1523 4282 sunt
1546 4219 1587 4293 ei,
1603 4218 1687 4284 facio

127 4339 213 4383 num
233 4319 334 4382 Deum
354 4327 497 4382 nostrum
518 4319 681 4400 iniquitas,
697 4337 756 4381 nec
776 4336 883 4401 perso-
939 4339 1075 4402 semper.
1088 4319 1234 4402 Amplius
1249 4323 1355 4380 autern
1371 4316 1434 4380 luit
1448 4316 1481 4380 in
1497 4317 1620 4382 Christo
1636 4339 1686 4384 ve-

127 4439 249 4483 narum
265 4418 531 4501 accepti0,neque
546 4418 689 4501 acceptio
705 4437 881 4482 munerum
939 4421 1015 4482 ritas
1035 4418 1196 4494 doctrine,
1214 4416 1364 4500 quoniam
1381 4415 1536 4500 quidquid
1557 4417 1638 4480 dixit
1654 4426 1686 4481 et

174 4519 327 4582 Praeterea
341 4518 401 4580 tria
416 4537 486 4600 quaa
502 4518 533 4581 iu
549 4518 688 4580 themate
702 4537 885 4601 praessum·
938 4519 1057 4592 docuit,
1073 4517 1135 4580 suit
1148 4515 1364 4579 verissimum.
1381 4515 1518 4598 Ideoque
1533 4517 1683 4580 asseruit:

126 4627 190 4702 pto
212 4625 396 4699 tanguntur,
422 4617 617 4681 conveniunt
641 4617 765 4680 Christo
786 4617 882 4681 etiam
938 4618 1061 4684 Coelum
1085 4625 1116 4680 et
1140 4625 1224 4678 terra
1248 4614 1441 4691 transibunt,
1457 4615 1555 4678 verba
1576 4624 1684 4680 autem
1705 4640 1832 4694 acrama,

125 4717 238 4800 quoad
254 4724 400 4780 naturam
415 4713 595 4779 humanam.
603 4714 681 4778 Nam
696 4716 799 4798 quoad
815 4733 884 4778 eam
939 4736 1010 4780 mea
1024 4735 1088 4779 non
1103 4713 1294 4778 transibunt.
1305 4714 1375 4776 Fuit
1391 4731 1517 4797 quoque
1534 4715 1566 4778 in
1581 4715 1686 4780 Domi·
1700 4707 1733 4747 ³¹·

125 4835 230 4880 verax
249 4814 322 4889 luit,
339 4815 490 4897 quoniam
511 4813 550 4877 ab
571 4814 798 4878 incarnationis
818 4834 883 4879 suae
938 4834 980 4880 no
993 4818 1067 4878 lesu
1087 4814 1211 4879 Christo
1225 4813 1343 4876 veritas
1361 4813 1503 4893 justitie,
1521 4814 1553 4877 id
1573 4823 1621 4878 est
1634 4816 1686 4896 ju·

125 4915 276 4988 exordio,
292 4915 399 4976 anima
417 4913 488 4994 ejus
503 4913 565 4976 fuit
585 4913 715 4996 impleta
734 4913 822 4976 omni
838 4933 884 4976 sa·
938 4913 1025 4978 stitia
1039 4932 1114 4976 vera
1133 4919 1164 4974 et
1183 4911 1335 4974 inviolata
1355 4911 1388 4973 in
1408 4912 1569 4988 omnibus,
1585 4933 1603 4976 a
1622 4933 1686 4996 qua

127 5014 267 5098 pientia,
283 5014 415 5076 veritate
436 5031 473 5076 ac
498 5012 553 5074 Dei
576 5011 726 5075 beatifica
747 5013 880 5077 visione.
938 5013 1026 5076 nulla
1041 5011 1180 5086 allectio,
1197 5010 1286 5073 nulla
1304 5009 1454 5086 adulatio,
1471 5011 1559 5074 nulla
1577 5031 1683 5088 causa,

127 5115 194 5178 Sed
211 5121 244 5176 et
259 5112 344 5179 viam
359 5112 415 5174 Dei
432 5112 464 5174 in
479 5112 612 5174 veritate
627 5111 745 5186 docuit,
762 5111 883 5195 absque
938 5111 1026 5174 nulla
1046 5109 1171 5174 occasio
1192 5109 1296 5191 potuit
1315 5127 1390 5171 eum
1411 5119 1562 5174 avertere.

32 5253 111 5292 neu,
128 5212 253 5278 erroris
269 5219 301 5274 et
316 5211 418 5293 culpae
432 5209 636 5273 admixtione.
654 5210 783 5293 Propter
798 5212 882 5294 quod
978 5211 1141 5283 Praeterea,
1157 5207 1309 5290 quoniam
1326 5207 1480 5291 scriptum
1501 5217 1558 5285 est,
1575 5210 1634 5285 Qui
1649 5229 1683 5276 se
1704 5224 1829 5279 troanno,

128 5313 202 5378 suis
223 5309 412 5374 adversariis
431 5309 475 5372 ait
492 5308 590 5382 :Quis
610 5328 649 5374 ex
663 5308 755 5372 vobis
772 5317 884 5391 arguet
940 5309 1018 5373 dicit
1042 5310 1075 5371 in
1100 5307 1223 5372 Christo
1246 5326 1385 5381 manere,
1402 5308 1506 5384 debet,
1522 5309 1606 5372 siout
1629 5311 1683 5374 ille
1697 5291 1717 5334 ⁰¹
