4164 6258
452 397 513 462 tlt

674 419 822 468 confutat
843 421 863 466 V
883 420 957 468 POST
977 417 1170 466 multtum.
1190 435 1230 446 -
1250 417 1292 463 Ah
1313 416 1508 480 utttldlcsos3
1530 415 1630 464 Sfflo
1648 415 1785 474 contus

495 587 806 674 Denique,quamvis
821 589 1052 656 christifideles
1068 588 1204 654 debeant
1218 587 1243 652 ll
1257 586 1479 652 edificationis
1507 593 1592 661 sunt,
1618 585 1650 649 in
1681 584 1820 648 invicem
1851 581 1996 646 custodia·

456 687 489 748 in
511 687 598 751 omni
623 688 707 754 bono
728 698 801 754 actu
824 709 893 754 esse
915 689 1095 762 unanimes,
1117 704 1203 748 nuuc

456 791 562 848 tamen
582 785 764 868 specialiter
783 787 966 850 exhortatur
982 785 1203 868 archiaposto-

457 881 518 956 lus,
545 891 580 945 ut
608 883 641 946 in
670 886 812 948 oratioue
841 885 995 948 exsistant
1024 883 1202 956 unanimae,

456 988 613 1061 quatenus
642 983 843 1046 concorditer
871 983 1041 1056 exorando,
1071 981 1204 1063 gratiam

456 1080 665 1143 conservandi
681 1081 931 1155 unanimitatem,
939 1080 1101 1143 caritatem
1115 1080 1206 1142 alias·

456 1194 520 1258 que
543 1177 678 1240 virtutes
702 1178 920 1261 adipiscantur
942 1198 961 1241 a
983 1178 1058 1242 Deo.
1082 1177 1206 1260 Specia-

400 1303 407 1318 ·
458 1273 530 1336 liter
555 1291 683 1358 quoque
707 1276 904 1340 unanimiter
925 1276 1079 1338 debemus
1103 1293 1204 1348 orare,

329 2664 400 2720 uteo
409 2677 450 2716 vu;

317 2727 336 2771 ll
344 2727 401 2770 Par.
410 2740 450 2778 xx,

318 2789 414 2834 lulach.
420 2802 450 2842 ιιι,

317 2855 344 2897 lb
358 2857 381 2897 at
390 2865 450 2907 sag.-

318 2928 354 2963 rr:
371 2913 451 2958 vadat

457 1373 534 1454 quia
549 1389 660 1436 omnes
675 1374 831 1437 veraciter
846 1374 1021 1448 christiani,
1033 1382 1108 1437 sunt
1122 1392 1205 1436 unus

458 1471 617 1534 exercitus
633 1471 700 1547 Uei,
715 1472 834 1554 jugiter
853 1472 1001 1554 praliaus
1022 1478 1131 1536 contra
1146 1471 1207 1534 aci·

459 1587 511 1630 em
538 1569 690 1633 vitiorum
721 1577 754 1633 et
786 1570 1043 1652 impugnationes
1074 1569 1203 1632 diaboli.

459 1665 562 1739 Quum
582 1685 656 1749 ergo
676 1669 805 1731 eosdem
824 1668 1033 1742 adversarios,
1050 1676 1082 1730 et
1096 1668 1206 1731 adver·

1259 705 1341 748 mus.
1373 686 1596 768 Unusquisque
1624 683 1850 765 exemplariter
1879 699 1995 745 conver·

1259 786 1368 858 sando,
1385 784 1545 847 ferventer
1568 783 1701 866 agendo,
1718 780 1995 865 irreprehensibili·

1260 891 1308 945 ter
1328 883 1516 956 incedendo,
1532 881 1671 946 aedificet
1686 888 1717 943 et
1732 880 1916 943 inflammet
1933 897 1995 941 suos

1260 979 1444 1043 confratres.
1456 979 1649 1062 Opportunis
1664 997 1793 1061 quoque
1807 975 1995 1059 temporibus

1261 1079 1465 1142 exhortemur
1484 1095 1541 1142 nos
1562 1077 1701 1141 invicem
1721 1076 1829 1139 verbis
1852 1075 1949 1138 sacris
1965 1076 1993 1136 ad

1260 1177 1407 1259 praelium
1431 1176 1608 1259 spirituale,
1631 1176 1670 1239 ad
1692 1175 1946 1247 unanimitatem,
1963 1173 1993 1234 ad

1263 1284 1404 1340 mutuam
1419 1294 1525 1358 opem,
1540 1276 1579 1338 ad
1594 1292 1723 1338 ornnem
1739 1274 1903 1344 virtulem,
1917 1272 1994 1353 juxta

1262 1375 1341 1437 illud
1356 1374 1499 1457 Apostoli
1516 1393 1523 1438 :
1540 1373 1760 1437 Adhortamini
1775 1391 1833 1437 vos
1851 1372 1935 1455 ipsos
1949 1389 2073 1452 parram..

1261 1472 1403 1554 singulos
1427 1472 1507 1546 dies,
1529 1479 1563 1534 ut
1587 1489 1650 1534 non
1674 1471 1852 1534 obduretur
1874 1469 1944 1551 quis
1965 1487 1993 1532 er

1262 1570 1352 1634 vobis
1374 1569 1498 1633 fallacia
1519 1570 1651 1652 peccati.

1301 1668 1456 1750 Denique,
1478 1668 1560 1731 sicut
1585 1668 1709 1744 caritas,
1732 1668 1774 1729 ita
1797 1675 1829 1730 et
1851 1665 1917 1728 filia
1937 1666 1994 1746 ejus

459 1764 559 1826 sarios
579 1765 671 1829 valde
693 1766 803 1842 fortes,
823 1766 1039 1829 atrocissimos
1060 1785 1096 1830 ac
1119 1765 1206 1829 calli·
1225 1766 1298 1830 Bac
1322 1785 1465 1849 germen,
1491 1786 1566 1830 vera
1591 1765 1797 1840 unanimitas,
1825 1765 1947 1828 cunctis
1967 1765 1994 1826 fi-

459 1861 846 1938 dissim0s,habeamus,et
857 1865 967 1928 eadem
982 1865 1073 1928 nobis
1089 1865 1207 1928 instent

460 1961 613 2042 pericula,
634 1969 666 2024 et
687 1963 830 2044 pericula
854 1980 984 2045 prorsus
1006 1963 1206 2044 gravissima,

462 2064 571 2140 utpote
595 2059 761 2122 amittendi
786 2062 920 2141 gratiam
946 2061 978 2122 in
1003 2060 1151 2144 praeseuti
1176 2067 1208 2122 et

460 2155 595 2235 gloriam
616 2157 648 2219 in
669 2156 788 2232 futuro,
809 2177 846 2222 ac
869 2158 1030 2221 incidendi
1053 2159 1208 2222 damnati·

462 2271 557 2316 onem
582 2262 744 2330 eternam,
769 2257 901 2320 omnino
928 2257 1021 2321 nobis
1051 2256 1209 2320 incumbit

463 2354 743 2437 necessariumque
773 2357 919 2419 consistit
947 2356 1039 2418 utin
1067 2357 1209 2420 oratione

465 2452 632 2515 unanimes
664 2452 775 2528 simus,
806 2453 962 2517 auxilium
994 2455 1049 2517 Uei
1078 2463 1110 2517 et
1139 2456 1209 2537 ejus

465 2549 683 2614 defensionem
702 2570 739 2614 ac
755 2552 925 2615 salutarem
946 2553 1142 2634 postulantes
1158 2553 1211 2614 tri·

465 2647 657 2730 umphum:
681 2651 984 2731 quemadmodum
977 2671 1009 2712 ιιι
1039 2651 1130 2713 libris
1154 2652 1211 2714 lle·

445 2760 541 2826 ’gum
565 2753 597 2808 et
615 2746 886 2831 Paralipomenon,
903 2768 941 2810 ac
959 2748 1211 2813 blachabaorum

466 2850 498 2906 et
516 2843 635 2918 Juditb,
654 2845 815 2908 multoties
838 2846 964 2928 legitur,
981 2848 1066 2929 quod
1089 2847 1149 2910 lilii
1171 2849 1212 2911 ls-

1264 1865 1389 1928 delibus
1405 1883 1530 1928 summe
1545 1863 1723 1928 necessaria
1738 1863 1995 1948 perbiheturlho

1264 1970 1334 2045 pter
1356 1963 1441 2044 quod
1462 1961 1729 2026 affectuosissime
1751 1969 1860 2025 monet
1878 1963 1993 2044 Apostc

1264 2062 1314 2124 lus
1331 2079 1338 2123 :
1355 2061 1386 2124 Si
1407 2080 1469 2143 qua
1488 2060 1661 2124 consolatio
1682 2061 1714 2122 in
1730 2060 1866 2134 Christo,
1883 2061 1908 2122 si
1923 2061 2055 2142 quodam,⁴

1264 2159 1411 2222 solatium
1429 2159 1579 2234 caritatis,
1596 2159 1623 2223 si
1638 2178 1702 2241 qua
1715 2159 1850 2221 societas
1866 2159 1991 2241 spiritus,
2002 2143 2033 2188 Η·

1265 2257 1292 2320 si
1312 2277 1375 2339 qua
1392 2257 1514 2319 viscere
1535 2257 1771 2331 misericordiae,
1788 2257 1918 2339 implete
1933 2277 1994 2338 gau-

1265 2356 1354 2418 dium
1375 2373 1494 2428 meum,
1512 2362 1547 2417 ut
1566 2355 1651 2418 idem
1671 2355 1813 2437 sapiatis,
1832 2355 1992 2428 unanimes,

1266 2453 1297 2516 id
1328 2453 1433 2536 ipsum
1465 2453 1647 2516 sentientes.
1678 2453 1875 2516 Unanimitas
1903 2461 1992 2516 autem

1267 2551 1352 2614 idem
1372 2551 1526 2633 estquod
1546 2551 1726 2625 concordia,
1744 2560 1855 2636 utpote
1875 2553 1994 2614 diverso

1267 2668 1338 2711 rum
1368 2649 1549 2712 animorum
1580 2650 1613 2712 in
1643 2650 1727 2713 idem
1757 2668 1936 2715 consensus.
1960 2651 1993 2712 lla

1267 2765 1331 2829 quo
1350 2746 1414 2810 Leo
1435 2748 1540 2830 Papa:
1557 2748 1663 2811 Gratia
1681 2748 1816 2830 (inquit)
1835 2749 1927 2812 Patris
1945 2767 1994 2810 co·

1268 2845 1367 2919 lestis,
1389 2863 1453 2908 uon
1474 2844 1657 2919 dissimiles,
1680 2863 1742 2909 uon
1765 2846 1931 2919 discordes,
1950 2845 1993 2907 sed

317 2991 346 3025 „
352 2980 453 3032 ,W
437 2914 532 3004 '‘racl
554 2949 664 3005 contra
686 2944 883 3006 adversarios
907 2945 1089 3026 pugnaturi,
1111 2947 1211 3010 ileum
1231 2939 1368 3006 Cunum
1400 2944 1572 3006 sentientes
1601 2963 1765 3027 unumque
1789 2954 1926 3007 amantes
1951 2943 1993 3004 ad·

335 5159 399 5204 Rom.
410 5169 453 5209 nr,

466 3039 639 3115 ferventer,
670 3041 834 3116 instanter,
864 3043 1059 3106 unanimiter
1088 3044 1212 3108 invoca·

466 3137 554 3212 baut,
579 3157 644 3202 non
667 3137 776 3202 verbis
799 3139 974 3216 dumtaxat,
997 3142 1052 3204 sed
1076 3150 1108 3205 et
1129 3142 1211 3223 jeju-

466 3237 539 3310 niis,
555 3236 769 3313 abstinentiis,
791 3239 970 3302 ciliciorum
991 3241 1212 3304 indutionibus

465 3342 497 3396 et
512 3334 716 3398 lacrimarum
731 3335 956 3412 effusionibus,
966 3357 1040 3400 cum
1055 3339 1143 3401 omni
1157 3340 1212 3401 bu·

467 3431 652 3507 initiatione,
676 3435 922 3516 compunctione
946 3443 977 3498 et
999 3435 1208 3500 confessione.

466 3529 499 3592 Si
515 3529 611 3611 igitur
626 3531 673 3593 illi
689 3539 798 3594 contra
813 3531 919 3594 hostes
934 3533 1078 3596 visibiles
1094 3553 1212 3618 pugna·

466 3627 541 3702 turi,
567 3644 625 3709 pro
652 3629 820 3715 temporali
851 3637 951 3694 morte
979 3632 1141 3695 evadenda
1169 3632 1213 3694 ita

466 3733 610 3806 egerunt,
635 3733 754 3807 quanto
784 3727 883 3808 magis
907 3728 975 3790 veri
1004 3730 1151 3793 israelitae
1180 3738 1212 3793 et

466 3823 585 3886 milites
607 3823 734 3898 Christi,
751 3824 868 3906 quibus
892 3826 1080 3890 incessabile
1103 3837 1212 3891 contra

466 3920 646 3984 invisibiles
662 3941 699 3984 ac
713 3922 951 3987 crudelissimos
969 3925 1074 3988 hostes
1089 3926 1210 3989 bellum

465 4024 524 4092 est,
542 4018 641 4080 Deum
662 4019 879 4082 indesinenter
898 4021 1015 4084 dehent
1034 4025 1210 4100 cumomni

1267 3042 1415 3124 optavit
1408 3062 1440 3104 m
1463 3040 1548 3104 filios
1567 3049 1599 3104 ct
1618 3042 1766 3122 heredes3
1787 3043 1827 3106 ad
1848 3062 1936 3106 uuam
1955 3061 1992 3104 rr·

1268 3141 1420 3206 formatos
1445 3142 1617 3225 imaginem
1641 3151 1766 3226 oportet
1791 3144 1928 3207 animum
1950 3143 1991 3204 ba·

1269 3240 1342 3302 bere
1372 3239 1580 3304 conformem.
1606 3241 1678 3304 Haec
1707 3249 1815 3305 saneta
1845 3242 1990 3306 concordia

1267 3339 1351 3400 iuter
1364 3337 1526 3421 precipua
1540 3345 1744 3420 computatur
1758 3339 1842 3403 bona
1855 3360 1873 3403 a
1887 3339 1989 3422 sapian-

1267 3445 1297 3498 te
1323 3436 1472 3517 quodam,
1493 3436 1549 3519 qui
1573 3436 1691 3499 fatetur
1707 3454 1714 3497 :
1731 3436 1766 3499 ln
1788 3438 1889 3502 tribus
1911 3438 1987 3500 benc
2002 3457 2071 3501 aest·

1267 3535 1420 3618 placitum
1440 3542 1488 3596 est
1507 3535 1634 3618 spiritui
1658 3554 1740 3610 meo,
1757 3556 1829 3618 quaa
1847 3546 1916 3600 sunt
1934 3555 1988 3619 pm
2000 3525 2033 3568 ¹³²·

1267 3632 1339 3695 buta
1358 3650 1463 3695 coram
1483 3633 1548 3695 Deo
1566 3641 1598 3695 et
1617 3633 1803 3696 homiuibus
1821 3652 1827 3696 :
1845 3635 1988 3698 concordia

1267 3730 1412 3805 fratrum,
1428 3750 1517 3794 amor
1537 3732 1767 3814 proximorum,
1784 3741 1817 3794 et
1832 3734 1919 3795 viret
1936 3751 1988 3794 mu-

1267 3828 1326 3890 lier
1341 3829 1422 3891 hene
1438 3829 1499 3892 sibi
1515 3829 1873 3904 consentientes.lmo,ut
1886 3839 1986 3894 uncus

1266 3928 1310 3989 ait
1324 3927 1513 4001 Bernardus,
1530 3946 1593 3991 non
1613 3929 1709 3991 estin
1725 3931 1819 3993 terris
1834 3929 1986 4013 expressior

1265 4025 1416 4106 angelica
1441 4026 1690 4088 conversationis
1711 4027 1896 4102 similitudo,
1910 4043 1985 4109 quam

466 4117 723 4198 compunctione,
738 4117 967 4194 lacrimatione,
978 4119 1210 4196 humiliatione,
1227 4124 1251 4186 ll
1267 4124 1370 4186 unitas
1383 4130 1415 4186 et
1429 4124 1597 4188 concordia
1609 4125 1682 4189 vitas
1697 4125 1985 4209 socialispraesartim

466 4213 666 4278 confessione
681 4221 713 4278 et
728 4215 871 4298 corporis
887 4217 1146 4299 castigationibus
1167 4221 1212 4282 iu·

466 4329 590 4386 vocare,
613 4321 770 4394 quatenus
793 4322 918 4378 aeternae
944 4316 1054 4379 mortis
1078 4319 1213 4381 evadant

467 4409 620 4492 pericula,
637 4418 669 4472 et
682 4411 797 4492 gaudia
812 4411 983 4494 impetrent
996 4416 1212 4497 sempiteroaf

507 4507 610 4580 Quum
630 4526 705 4588 ergo
726 4508 757 4570 in
778 4510 1051 4591 periculosissimo
1070 4521 1152 4576 statu
1172 4515 1213 4576 si·

469 4625 541 4668 mus
565 4613 598 4667 et
622 4613 732 4668 mutua
759 4624 820 4688 ope
848 4608 1059 4690 indigeamus,
1085 4629 1212 4674 oremus

468 4721 526 4786 pro
542 4703 691 4766 invicem.
709 4704 772 4766 Nec
792 4724 875 4768 unus
892 4707 1046 4789 impediat
1065 4709 1212 4784 alterum,

468 4802 576 4864 nullus
592 4810 736 4864 nostrum
750 4803 876 4884 adjutor
891 4805 932 4866 sit
947 4807 1139 4882 daemonum,
1153 4809 1214 4872 fra·

469 4912 549 4964 trem
579 4919 674 4962 suum
704 4900 929 4983 perturbando,
960 4907 1130 4985 gravando,
1160 4915 1214 4970 aut

468 4997 583 5082 quovis
599 4998 693 5060 modo
708 4999 1017 5076 scandalizando,seu
1031 5004 1138 5088 aliquo
1153 5025 1215 5070 mo·

469 5099 509 5161 do
528 5097 568 5160 ad
587 5097 743 5179 culpam'
736 5117 768 5159 m
784 5097 890 5161 verbis
910 5107 965 5163 aut
981 5101 1073 5165 factis
1090 5105 1215 5168 trahen-

447 5189 526 5280 do;
542 5197 597 5260 sed
615 5216 686 5279 quaa
702 5197 810 5280 pacis
808 5206 892 5272 sunt,
909 5207 1079 5275 sectemur,
1097 5211 1129 5264 et
1143 5223 1214 5286 quae

1268 4222 1300 4283 in
1324 4221 1488 4285 coenohiis.
1509 4222 1582 4286 ideo
1607 4241 1734 4306 semper
1758 4224 1882 4288 solliciti
1905 4224 1984 4286 simus
2003 4239 2071 4283 ιιι-ι·

1267 4339 1392 4382 servare
1422 4320 1575 4382 unitatem
1600 4330 1631 4384 at
1655 4323 1855 4387 concordiam
1877 4307 2011 4405 spiritus*

1268 4419 1301 4479 in
1322 4418 1452 4481 vinculo
1476 4419 1574 4501 pacis.
1595 4420 1684 4493 Quod
1708 4440 1805 4504 quam
1829 4439 1938 4485 summe
1955 4435 1983 4478 ac
2079 4435 2080 4438 ¹

1268 4517 1470 4597 singulariter
1485 4519 1701 4582 necessarium
1716 4520 1758 4582 sit
1773 4521 1984 4603 religiosissu-

1268 4621 1338 4676 ctus
1354 4616 1465 4696 pandit
1479 4615 1689 4699 Hieronymus
1706 4617 1739 4680 in
1753 4618 1868 4700 lfagula
1880 4636 1935 4688 sua,
1949 4614 1983 4674 lc·
2079 4679 2080 4710 1

1268 4731 1370 4794 quens
1381 4713 1491 4776 :Nulla
1506 4717 1666 4796 procerte
1682 4716 1746 4778 vita
1761 4717 1898 4788 deterior,
1906 4730 1980 4796 quam

1269 4811 1365 4874 simul
1391 4813 1504 4893 degere
1534 4830 1666 4896 corpore
1690 4821 1723 4877 et
1747 4833 1810 4878 oon
1834 4823 1937 4889 meute;
1956 4817 1981 4870 et

1268 4928 1342 4972 vere
1359 4909 1503 4974 infelices
1523 4921 1598 4974 sunt
1613 4913 1731 4994 quibus
1751 4915 1841 4988 inest,
1856 4932 1909 4976 noo
1923 4927 1977 4973 um.

1269 5009 1323 5072 sed
1339 5010 1464 5072 diversa
1479 5011 1635 5074 voluutas.
1646 5012 1693 5076 Sit
1707 5013 1813 5096 itaque
1827 5012 1906 5076 vobis
1918 5024 1980 5070 sam·

1269 5128 1326 5191 per
1342 5128 1424 5172 unus
1438 5108 1585 5184 affectus,
1603 5131 1665 5174 una
1679 5111 1865 5187 fraternitas,
1876 5127 1926 5172 uua
1936 5121 1977 5166 vo

1270 5206 1385 5282 luntas,
1402 5227 1465 5272 una
1485 5209 1647 5293 proportio
1668 5228 1802 5287 morum,
1817 5229 1873 5273 una
1887 5209 1977 5290 jucun·
