4164 6258
419 430 480 496 254
679 442 827 492 eolmfca
847 443 879 489 Vl
900 442 973 489 POST
993 436 1187 487 raihtamma.
1210 454 1250 466 -·
1270 435 1444 482 anemurio
1465 434 1497 482 lN
1518 433 1713 481 EVANGBLIUU

421 618 453 680 in
483 623 602 690 monte,
634 614 717 676 inter
745 619 850 676 cetera
877 611 968 671 dicit
996 607 1169 684 discipulis
1183 607 1208 670 Α
1215 607 1348 682 judicio
1370 603 1595 678 damnationis,
1615 603 1647 667 id
1669 611 1728 679 est,
1745 607 1886 666 mortem
1910 617 1964 663 cor·

420 717 490 776 suis
515 735 526 774 .·
551 714 630 778 Nisi
657 707 875 771 abundaverit
895 704 1035 784 justitie
1063 709 1170 762 vestra
1223 701 1365 784 poralem
1388 709 1539 776 meretur,
1560 707 1592 764 et
1613 701 1708 765 etiam
1734 697 1964 762 condemnatis
2055 713 2056 784 f

416 817 494 889 ptus
509 831 608 892 quam
629 807 769 873 abundat
787 803 912 886 justitia
930 802 1124 864 Scribarum
1138 807 1168 859 et
1223 819 1296 862 nem
1312 806 1557 881 aeternamque
1573 804 1621 860 est
1637 815 1722 862 mors
1737 796 1891 879 pessima.
1906 797 1963 872 Epo
2055 807 2056 816 ¹

421 910 681 974 Pharisoeorum,
705 901 736 964 id
760 907 819 974 ast,
843 899 905 961 nisi
927 896 1089 978 justiores,
1105 893 1167 956 vir·
1221 907 1330 958 cutem
1344 901 1416 957 dico
1432 898 1530 966 uobis,
1547 896 1623 979 quia
1642 912 1705 958 non
1726 894 1833 959 solnm
1848 893 1963 956 occide-

419 1005 576 1068 tuosiores
595 1021 652 1064 seu
672 998 879 1083 perfectiores
900 995 1027 1058 fueritis
1047 991 1167 1056 Scribis
1220 1014 1256 1057 re
1270 994 1436 1077 prohibeo,
1453 995 1508 1056 sed
1523 1002 1680 1077 protestor
1698 995 1780 1074 quia
1793 993 1902 1053 omncs
1914 995 1964 1070 qut

419 1110 451 1164 et
476 1100 640 1165 Pharisaeis
664 1097 798 1179 (Scriba
822 1102 930 1157 autem
954 1093 1085 1154 fuerunt
1113 1090 1167 1152 do
1222 1095 1382 1153 irascitur
1394 1095 1502 1170 fratri
1518 1113 1587 1163 suo,
1603 1092 1663 1156 hoc
1682 1100 1731 1154 est
1750 1091 1911 1173 proximo,
1926 1089 1963 1150 ira

420 1207 522 1263 ctores
543 1197 736 1270 ludaeorum,
758 1203 790 1257 et
813 1191 961 1255 Pharisaei
982 1196 1073 1252 erant
1094 1187 1165 1250 reli·
1222 1191 1411 1266 inordinata,
1428 1189 1582 1254 rationem
1603 1198 1794 1263 exsecante,
1812 1208 1889 1250 reus
1907 1190 1961 1248 crit

418 1297 498 1378 giosi
524 1296 661 1375 eorum),
684 1313 749 1354 rou
774 1292 944 1352 intrabitis
967 1291 1004 1348 iu
1029 1305 1166 1364 repuum
1213 1291 1357 1366 judicio,
1373 1290 1433 1352 hoe
1453 1297 1502 1352 est
1514 1289 1718 1352 accusatione
1734 1306 1843 1350 eoram
1863 1285 1962 1348 divina

418 1399 585 1464 catorum,
606 1393 667 1456 hoc
689 1399 747 1466 est,
768 1398 917 1454 aeternam
943 1386 1078 1449 salutem
1101 1401 1165 1446 non
1219 1387 1353 1467 Justitia.
1375 1388 1439 1450 Hoc
1462 1393 1510 1449 est
1531 1387 1639 1450 dicere
1660 1404 1667 1448 ε
1689 1387 1755 1468 Ego
1777 1386 1881 1467 legem
1905 1402 1960 1446 non
1978 1411 2042 1455 ιιιιι,

418 1493 603 1575 acquiretis,
620 1491 675 1554 sed
695 1485 926 1552 damnabimini
947 1485 980 1547 in
999 1491 1163 1546 aeternum.
1221 1484 1320 1560 solvo,
1341 1486 1397 1548 sed
1419 1485 1550 1567 impleo,
1566 1485 1703 1568 perficio
1727 1493 1760 1548 et
1781 1501 1918 1566 expono,
1935 1479 1991 1545 eti·

319 1632 328 1646 ·
418 1591 555 1701 Oquam
574 1589 773 1653 formidanda
792 1595 841 1650 est
860 1583 1065 1649 comminatio
1085 1583 1163 1644 istat
1219 1584 1259 1646 ad
1274 1583 1732 1666 perfectamacsufficientem
1745 1583 1961 1666 justitiamdo
2056 1649 2057 1680 ,

418 1689 535 1771 primo,
564 1695 694 1771 propter
722 1686 801 1749 tanti
831 1683 907 1747 honi
936 1681 1163 1760 amissionem3
1222 1700 1278 1745 ceo
1301 1701 1338 1746 ac
1362 1684 1513 1764 perduco
1538 1684 1572 1746 ln
1602 1683 1672 1766 lege
1696 1701 1838 1765 namque
1861 1691 1959 1764 aparte
2056 1687 2057 1766 J

418 1787 568 1861 secundo,
580 1794 710 1868 propter
724 1784 803 1846 tanti
820 1782 893 1860 mali
909 1781 1162 1863 acquisitionem
1182 1789 1205 1851 Β
1222 1781 1410 1864 prohibetur
1423 1783 1634 1845 homicidium
1636 1802 1752 1866 ,quum
1768 1781 1959 1855 diminution
1977 1811 2031 1853 ιι,

459 1885 614 1967 Deinceps
635 1884 716 1946 ratio
736 1882 834 1992 hujus
859 1880 1023 1944 sententie
1047 1878 1164 1944 Christi
1220 1881 1362 1960 occides3
1373 1882 1428 1943 sed
1445 1880 1495 1943 lex
1511 1899 1574 1944 non
1590 1882 1721 1964 exponit
1736 1880 1880 1964 perfecte
1895 1899 1959 1962 qua·
1968 1875 1989 1916 ¹³·

418 1989 522 2066 potest
549 1981 720 2065 tripliciter
748 1979 913 2061 assignari.
945 1977 1060 2052 Prima,
1090 1993 1166 2059 quo·
1221 1979 1293 2041 liter
1318 1979 1562 2061 intelligendum
1588 1981 1630 2042 sit
1653 1980 1734 2043 illud
1759 1987 1957 2062 preceptum.

418 2082 505 2144 niam
520 2081 639 2145 Scribae
654 2089 687 2144 et
700 2079 860 2154 Pharisaei,
876 2077 1023 2160 quamvis
1042 2095 1116 2138 vera
1134 2083 1166 2137 et
1220 2078 1281 2141 Sed
1307 2079 1450 2142 Christus
1476 2080 1507 2142 id
1531 2078 1619 2154 feeit,
1638 2080 1776 2143 dicendo
1797 2099 1804 2143 :
1828 2078 1959 2141 «Omnis

418 2180 568 2244 salutaria
583 2181 770 2254 docuerunt,
787 2196 851 2240 non
866 2185 972 2240 umen
988 2175 1165 2238 secundum
1220 2177 1277 2259 qui
1292 2176 1382 2240 fratri
1397 2195 1455 2242 suo
1470 2179 1655 2252 irascitur»,
1672 2178 1703 2240 id
1719 2187 1778 2252 est,
1794 2178 1958 2240 vindictam

419 2279 583 2362 propriam
617 2278 794 2340 doctrinam
823 2277 983 2338 vixerunt.
1014 2273 1093 2334 iiiuc
1121 2273 1165 2335 ait
1221 2275 1398 2340 inordinate
1414 2277 1583 2352 desiderat,
1600 2295 1657 2339 seu
1674 2284 1905 2339 nocumentum
1920 2276 1958 2337 in·

325 2417 339 2446 ι
379 2434 385 2447 ,
419 2376 563 2440 Salvator
583 2395 590 2438 :
612 2376 714 2458 Super
737 2375 919 2437 cathedram
941 2371 1055 2455 Moysis
1074 2371 1164 2433 sede·
1220 2372 1303 2436 ferre
1326 2375 1486 2458 proponit,
1503 2397 1520 2434 a
1532 2375 1657 2456 judicio
1678 2393 1752 2437 reus
1768 2397 1786 2434 ιι
1808 2383 1866 2437 est.

270 2479 327 2516 ¹¹¹⁰·
351 2498 356 2516 ³
380 2497 384 2508 ·
419 2484 495 2538 runt
509 2474 627 2538 Scrihae
646 2481 679 2536 et
696 2472 843 2535 Pharisaei
861 2489 867 2534 :
884 2471 992 2535 omnia
1006 2488 1165 2552 quaeeum·
1260 2473 1413 2545 Quocirca
1436 2474 1615 2548 sciendum,
1636 2474 1720 2556 quod
1745 2473 1847 2556 aliqui
1869 2473 1957 2535 lude

419 2593 482 2656 que
501 2573 623 2647 dicunt,
640 2570 756 2650 facite;
776 2571 953 2633 secundum
973 2586 1070 2650 opera
1090 2583 1165 2630 vero
1219 2588 1312 2633 orum
1343 2589 1400 2654 per
1431 2579 1590 2656 precepta
1625 2571 1680 2635 illa
1711 2573 1870 2652 negativa,
1898 2571 2040 2640 Nonmas

418 2689 529 2734 eornm
550 2671 648 2733 nolite
670 2670 786 2743 faeere,
809 2669 920 2731 dicunt
940 2668 1027 2730 enim
1048 2675 1080 2728 et
1101 2682 1164 2728 non
1219 2668 1357 2743 occides,
1378 2686 1442 2732 non
1463 2670 1634 2744 furaberis,
1655 2687 1720 2732 non
1743 2668 1954 2742 maechaberis,

417 2769 549 2832 faciunt.
567 2769 723 2842 Secundo,
740 2767 816 2850 quia
835 2765 1018 2830 Scribarum
1038 2772 1071 2828 et
1090 2764 1165 2826 Pha·
1219 2766 1418 2830 estimabant
1437 2768 1504 2830 sola
1523 2786 1621 2851 opera
1640 2768 1817 2851 prohiberi,
1834 2785 1895 2830 non
1913 2785 1954 2829 co

418 2869 582 2931 risaeorum
609 2867 735 2949 justitia
761 2866 824 2928 fuit
851 2884 977 2928 servare
1006 2870 1165 2946 precepta
1218 2865 1386 2946 gitationes
1406 2873 1437 2928 et
1456 2866 1644 2930 affectiones
1662 2867 1703 2929 ad
1722 2885 1821 2948 opera
1835 2866 1953 2944 vitiosa;

417 2965 495 3048 legis
510 2965 688 3029 secundum
707 2963 946 3047 superficialem
966 2962 1164 3024 intellectum
1181 2972 1202 3036 c
1219 2982 1278 3026 nec
1307 2964 1462 3047 putabant
1488 2984 1541 3028 eas
1570 2984 1640 3028 esse
1669 2975 1811 3049 peccata,
1841 2965 1900 3028 nisi
1926 2965 1952 3025 in

417 3082 539 3139 eorum,
559 3063 720 3137 videlicet,
739 3079 804 3124 non
823 3061 979 3135 occidere,
1003 3078 1066 3123 non
1086 3079 1163 3123 moe·
1219 3080 1299 3144 opus
1323 3063 1532 3145 procederent
1555 3082 1562 3128 :
1586 3064 1680 3145 qu'us
1703 3065 1885 3146 oppositum
1907 3063 1953 3125 de

418 3163 516 3236 chari,
542 3162 671 3225 vitando
697 3161 861 3224 dumtaxat
884 3178 981 3243 opera
1008 3160 1165 3222 exteriora
1219 3161 1285 3224 cuit
1309 3162 1462 3225 Christus,
1490 3163 1557 3226 lmo
1580 3181 1619 3225 ex
1649 3163 1717 3245 lege
1746 3172 1780 3225 et
1804 3161 1952 3244 Prophetis

418 3260 612 3342 iniqua,non
628 3260 785 3322 desideria
800 3258 1002 3342 prava:quia
1016 3277 1074 3340 per
1088 3277 1164 3340 prce
1219 3267 1323 3342 potest
1342 3261 1526 3343 oppositum
1548 3261 1771 3335 demonstrari,
1793 3280 1888 3343 quum
1907 3259 1951 3321 hfi-

418 3367 509 3441 eepta
530 3359 715 3439 hujusmodi
735 3357 889 3440 putabant
908 3355 1070 3440 prohiberi
1089 3373 1163 3438 ope·
1218 3357 1321 3421 chaeas
1336 3359 1421 3420 dicat
1437 3379 1444 3422 ι
1462 3359 1514 3421 Va
1530 3359 1586 3440 qni
1604 3359 1751 3439 cogitatis
1770 3359 1894 3436 inutile3
1907 3357 1949 3419 Za·
1962 3377 2011 3421 ιιιι.
2025 3379 2036 3417 ,ι

420 3476 464 3532 ra,
483 3475 545 3520 non
561 3457 725 3519 affectum.
743 3455 825 3518 Talis
839 3463 946 3518 autem
959 3454 1084 3536 justitia
1100 3472 1163 3517 non
1219 3455 1341 3518 charias
1358 3474 1499 3566 quoque,
1516 3457 1632 3520 bialum
1648 3458 1698 3520 vir
1713 3457 1804 3520 fratri
1825 3473 1879 3520 suo
1895 3473 1947 3518 non
1970 3477 1994 3518 ιι
1989 3475 2031 3516 ι·ι

419 3555 757 3619 sufficitadsalutem.
776 3553 916 3634 Etjuxta
933 3552 1163 3615 huncsensum
1219 3555 1335 3636 cogitet
1357 3556 1389 3616 in
1412 3555 1506 3618 corde
1530 3573 1598 3620 suo.
1616 3557 1674 3620 Per
1693 3557 1863 3619 ieremiam
1885 3543 2007 3642 quo¹⁸j
2058 3585 2059 3612 ι

419 3653 562 3735 loquitur
585 3651 728 3715 Christus
757 3651 817 3714 hoc
845 3652 925 3726 foco,
951 3659 1045 3735 prout
1068 3651 1165 3713 verba
1219 3671 1281 3762 que
1301 3653 1454 3715 Dominus
1473 3653 1612 3716 uhcrtim
1635 3655 1813 3736 pracepit:
1829 3651 2017 3718 Reverti-asu
2003 3627 2059 3700 ,i

418 3750 589 3860 pandunt
582 3769 614 3812 m
635 3757 723 3811 textu
743 3750 847 3812 statim
869 3750 1042 3832 sequentia.
1060 3749 1165 3810 'fertio
1220 3751 1299 3813 mini
1314 3769 1332 3813 a
1347 3751 1594 3833 cogitationibus
1608 3753 1724 3816 vestris
1739 3739 2026 3860 pessimislnioffi'*

417 3849 523 3931 accipi
543 3855 657 3930 potest,
673 3848 764 3929 quasi
784 3848 965 3929 specialiter
984 3847 1106 3909 dictum
1125 3847 1164 3910 ad
1220 3857 1386 3931 peccatum
1407 3868 1470 3912 non
1491 3852 1564 3913 est
1557 3871 1590 3914 ιιι
1609 3869 1706 3933 opere
1726 3851 1882 3925 exteriori,
1896 3848 1946 3912 nisi

416 3947 595 4030 Apostolos,
612 3965 648 4009 ac
664 3946 821 4030 praelatos,
838 3945 893 4027 qui
910 3963 948 4008 ex
964 3945 1095 4027 speciali
1111 3963 1164 4007 vo·
1220 3967 1257 4009 ex
1281 3947 1424 4011 interiori
1446 3947 1648 4012 deformitate
1668 3957 1700 4012 et
1722 3949 1945 4013 inordinatione.

417 4047 552 4119 catione,
570 4045 779 4127 professione,
796 4045 894 4126 gradu
910 4043 977 4106 sivc
993 4043 1114 4116 officio,
1125 4043 1164 4105 ad
1220 4047 1386 4109 Peccatum
1415 4065 1542 4130 quoque
1573 4049 1741 4130 potissime
1770 4056 1819 4112 est
1843 4046 1948 4112 aversio

417 4142 648 4227 perlectionem
664 4143 959 4206 tenentur:idcirco
975 4160 1085 4204 eorum
1102 4160 1165 4204 non
1180 4147 1205 4209 D
1221 4145 1337 4206 mentis
1356 4164 1375 4207 a
1393 4146 1465 4208 Deo.

418 4250 466 4306 est
481 4244 565 4306 circa
585 4243 769 4306 communia
789 4242 949 4322 languere,
967 4241 1022 4304 sed
1042 4247 1166 4323 oportet
1261 4245 1326 4312 Qui
1341 4254 1450 4304 autem
1465 4246 1593 4304 dicerit
1607 4247 1717 4322 fratri
1729 4246 1776 4329 (id
1797 4252 1844 4309 est
1860 4241 1946 4327 proni·

418 4348 453 4402 ut
468 4342 670 4405 subditorum
684 4343 782 4404 vitam
800 4340 954 4402 virtutum
969 4338 1166 4423 perfectione
1222 4343 1288 4422 mo)
1301 4363 1370 4413 suc,
1386 4346 1487 4413 Rccc,
1503 4344 1534 4406 id
1550 4351 1609 4418 est,
1626 4344 1764 4408 verbum
1780 4342 1945 4425 indignatis

417 4441 652 4515 transcendant,
669 4458 769 4521 quum
790 4438 927 4501 habeant
946 4455 1000 4502 eos
1018 4456 1164 4521 purgare,
1221 4441 1283 4513 nis,
1300 4441 1485 4504 interiorem
1502 4442 1581 4504 iram
1600 4443 1844 4516 manifestantis,
1858 4448 1946 4524 protu-

420 4538 534 4599 docere
555 4547 586 4600 et
608 4539 766 4600 virtuosos
789 4535 930 4598 efficere.
1222 4539 1304 4613 ierit,
1317 4548 1423 4602 tamen
1440 4541 1472 4602 in
1487 4535 1740 4624 generali'atque
1755 4543 1944 4615 confusc,ncc

461 4636 686 4698 Verumtamen
711 4636 855 4700 Christus
880 4635 960 4697 dixit
981 4635 1048 4699 hae
1070 4635 1167 4697 verba
1222 4645 1340 4702 certam
1364 4638 1632 4720 vituperationem
1661 4650 1717 4703 aut
1742 4638 1943 4707 contumeliam

422 4741 517 4816 prout
535 4734 573 4796 ad
595 4733 760 4796 universos
781 4733 941 4815 pertinent
960 4733 1164 4797 Christianos.
1221 4736 1437 4810 inferens,sed
1453 4737 1636 4801 interiorem
1654 4741 1887 4804 commotionem
1899 4751 1944 4818 per

425 4931 585 5008 antiquis,
616 4930 647 4991 id
678 4937 736 5004 est,
767 4928 886 5010 populo
915 4930 1096 4992 iudeorum
1129 4932 1167 4992 de
1222 4951 1299 5013 ens;
1331 4953 1406 4994 reus
1433 4937 1498 4995 crit
1527 4937 1674 5006 consitio,
1700 4937 1733 4999 id
1761 4946 1808 5000 est
1833 4939 1941 4998 tractatu

423 5029 557 5110 AEgypto
577 5047 703 5108 egresso
723 5029 805 5090 Deus
825 5046 881 5108 per
901 5027 1028 5110 Moysen
1047 5028 1166 5108 jussit:
1222 5049 1286 5113 quo
1301 5032 1509 5113 investigatur
1524 5052 1587 5114 qua
1607 5052 1701 5116 poena
1715 5034 1895 5118 torquendus
1909 5028 1941 5090 sit

361 5148 409 5186 ιιι,
424 5129 500 5190 Nou
514 5129 637 5187 occides
655 5126 838 5204 hominem3
854 5129 913 5205 qui
926 5137 1035 5187 eutem
1051 5131 1169 5188 occide-
1222 5147 1317 5212 quem
1333 5137 1456 5192 constat
1469 5149 1538 5193 esse
1552 5131 1779 5196 damnandum.
1789 5134 1943 5202 Οιιὲαιιιεπι

306 5231 311 5242 “
426 5229 484 5298 rit,
510 5226 724 5316 pretermisso
752 5226 863 5289 ordine
887 5227 980 5308 J'nris,
1007 5247 1082 5288 reus
1105 5232 1168 5290 erit
1223 5231 1349 5290 dicerit
1365 5231 1945 5312 proximosuo,Fatue,idest,eommo
