4288 6264
436 483 584 532 noururca
606 483 636 530 u
658 482 731 530 rosr
752 481 880 530 resena.
901 499 941 512 -
961 482 1003 529 an
1023 481 1220 545 nanrn1osos;
1242 480 1341 530 sanun
1360 483 1497 539 onmrns
1703 464 1741 530 ll

640 851 754 932 AD
797 846 1297 930 RELIGIOSOS

737 1309 911 1397 SDRMO
946 1309 1189 1412 QUARTUS

538 1560 577 1606 DE
599 1558 815 1616 executurum,
836 1555 1053 1604 unumunurm
1076 1557 1113 1602 ΕΙ·
1133 1557 1314 1604 ermenteus
1335 1558 1396 1605 um.

264 1834 368 1896 Mun
389 1834 504 1892 datram
527 1831 685 1907 optimum
714 1839 743 1890 et
770 1847 863 1889 omne
887 1831 941 1888 do-
956 1826 980 1890 Α
996 1826 1078 1890 biles
1102 1834 1188 1904 sunt,
1207 1836 1302 1911 atque
1326 1849 1360 1892 se
1384 1829 1522 1894 invicem
1544 1829 1683 1895 fulciunt
1706 1850 1742 1898 ac

278 1951 357 1992 nram
369 1930 552 2007 perfectum
566 1931 737 1989 desursum
753 1930 943 1998 est,desccu·
996 1935 1185 2008 perornant3
1201 1935 1232 1990 et
1254 1945 1317 2009 quo
1340 1929 1440 2010 magis
1462 1929 1495 1992 in
1518 1949 1592 2006 una,
1609 1949 1647 1994 co
1669 1931 1742 2014 plus

193 2031 273 2090 dens
287 2051 308 2090 a
323 2031 428 2092 Patre
443 2029 618 2088 luminum.
634 2025 739 2090 Jacob.
758 2043 779 2098 1,
797 2023 844 2088 ll.
996 2030 1027 2085 et
1051 2025 1084 2087 in
1113 2025 1175 2088 alia
1204 2026 1387 2102 crescimus.
1414 2027 1575 2110 Sapientia
1603 2048 1742 2111 namque

233 2129 336 2201 Quum
352 2127 452 2189 Deum
469 2143 566 2207 super
580 2124 688 2187 omnia
702 2131 768 2187 toto
782 2123 876 2186 corde
890 2123 940 2204 ju·
995 2141 1066 2204 qua
1085 2124 1205 2186 donum
1225 2132 1283 2199 θεῖ,
1300 2131 1332 2187 θῖ
1351 2125 1475 2200 caritas,
1493 2126 1590 2190 simul
1606 2135 1638 2190 et
1652 2147 1742 2211 aque

193 2225 327 2288 beamur
346 2225 489 2306 diligam,
511 2242 570 2286 nec
593 2230 699 2285 umen
723 2222 885 2285 valeamus
908 2222 940 2284 id
995 2238 1138 2284 crescere
1160 2229 1192 2284 et
1210 2222 1393 2285 decrescere
1413 2243 1498 2286 nunc
1520 2233 1700 2288 censentur.

192 2324 379 2405 adimplere,
397 2323 462 2386 imo
484 2341 587 2406 nequa
609 2321 762 2403 incipere,
781 2319 842 2383 nisi
865 2339 939 2382 enm
1035 2319 1074 2380 l't
1095 2337 1171 2401 ergo
1192 2320 1309 2382 summi
1333 2321 1389 2383 Dei
1411 2339 1519 2384 amore
1538 2323 1675 2385 validius
1693 2341 1743 2386 ac·

192 2422 300 2504 aliquo
316 2422 411 2485 modo
425 2421 640 2502 intelligamus
656 2426 687 2482 et
702 2437 939 2501 cognoscamus,
996 2417 1180 2490 condemur,
1198 2417 1229 2480 in
1245 2417 1316 2499 ejus
1332 2419 1579 2501 contemplativa
1594 2420 1744 2502 cognitio-

191 2519 367 2602 quiaquod
382 2537 512 2601 prorsus
528 2518 671 2599 ignotum
687 2525 817 2592 estnec
832 2515 939 2599 appeti
995 2533 1035 2577 ne
1059 2513 1173 2597 perfici
1196 2516 1365 2580 enitamur.
1392 2516 1479 2592 Quod
1505 2526 1540 2580 ut
1562 2517 1631 2593 fiat,
1657 2537 1744 2582 nunc

192 2625 296 2701 potest
314 2635 374 2680 nec
395 2617 504 2698 diligi;
521 2616 596 2680 hinc
618 2615 744 2678 Domini
764 2615 821 2678 Dei
840 2614 939 2678 nostri
993 2614 1115 2696 aliquid
1135 2615 1174 2678 dc
1196 2615 1251 2677 Dei
1272 2616 1421 2690 essentia,
1438 2617 1681 2700 omnipotentia,
1698 2637 1744 2680 sa·

192 2715 331 2797 cognitio
345 2713 494 2797 aliqualis
509 2713 602 2777 nobis
618 2713 651 2777 in
667 2712 780 2796 primis
799 2731 940 2776 neccssa-
994 2711 1123 2793 pientia,
1133 2713 1606 2796 invariabilitate,perfectione,
1617 2715 1746 2778 munifi·

194 2814 240 2876 ria
254 2813 450 2897 perhibetur.
468 2813 535 2876 lmo
554 2811 743 2894 inperfecta
762 2811 817 2874 Dei
834 2810 940 2892 cogni-
994 2811 1456 2895 centiaoperatione,quantum
1472 2813 1539 2897 ipse
1553 2814 1743 2896 praestiterit,

193 2912 278 2976 tione
291 2911 453 2974 beatitudo
468 2919 575 2974 nostra
589 2929 607 2972 a
622 2911 718 2974 Fonte
734 2908 940 2972 beatitudinis
994 2906 1160 2970 referetur.
1176 2908 1274 2992 quue
1291 2909 1452 2992 inprimis
1472 2911 1617 2992 patescit,
1634 2931 1744 2995 quem·

31 3028 180 3082 reanum,
193 3010 365 3094 constituta
379 3009 542 3085 asseritur,
555 3009 624 3093 ipso
639 3009 765 3071 dicente
782 3025 789 3070 :
805 3008 877 3071 llaec
892 3005 976 3070 este
994 3007 1165 3070 admodum
1181 3008 1264 3072 Deus
1284 3007 1432 3072 sublimis
1450 3017 1482 3072 ct
1501 3009 1689 3074 benedictus
1703 3012 1744 3074 de

33 3095 54 3133 ³·
193 3110 259 3172 vita
272 3116 441 3183 asternunt
456 3115 647 3190 cognoscant
662 3115 691 3170 te
707 3125 816 3170 verum
832 3106 936 3170 Deum.
995 3123 1053 3168 suo
1068 3105 1231 3170 nominee
1250 3106 1354 3190 Moyse
1375 3107 1597 3189 interrogatus,
1614 3127 1743 3192 respou-

194 3207 231 3270 lit
247 3207 315 3291 ipsc
327 3209 410 3270 Deus
423 3225 480 3290 per
492 3205 662 3270 Jeremiam
678 3205 722 3268 ait
737 3204 938 3288 prophetam:
994 3203 1076 3266 derit
1093 3221 1100 3266 :
1118 3204 1182 3286 ugo
1202 3223 1272 3266 sum
1293 3205 1349 3286 qui
1364 3223 1436 3267 sum
1446 3223 1455 3284 ;
1471 3205 1538 3268 haec
1558 3207 1644 3268 dices
1663 3205 1741 3270 filiis
1771 3225 1847 3271 uera.
1860 3240 1889 3280 m,

40 3305 260 3384 rer.=1.as,Non
280 3306 434 3387 glorietur
454 3304 580 3386 sapiens
600 3303 632 3365 in
653 3303 808 3386 snpientia
824 3321 892 3376 sua,
909 3309 941 3364 et
994 3301 1101 3375 lsrael,
1127 3302 1185 3375 Qui
1214 3309 1273 3376 cst,
1299 3302 1387 3365 misit
1416 3321 1467 3365 me
1495 3303 1535 3366 ad
1559 3321 1625 3366 vos.
1653 3304 1741 3369 Unde
1756 3291 1789 3335 ¹⁴·

31 3398 68 3438 ²⁴·
192 3421 256 3468 non
277 3403 431 3484 glorietur
449 3401 540 3465 fortis
562 3401 595 3462 in
618 3400 804 3464 fortitudine
826 3419 893 3475 sua,
908 3407 940 3462 et
995 3399 1207 3474 concluditur,
1233 3400 1318 3482 quod
1346 3401 1489 3483 primum
1518 3409 1550 3464 ct
1573 3403 1741 3487 proprium

192 3520 256 3566 non
279 3501 433 3584 glorietur
456 3500 545 3563 dives
570 3499 604 3562 in
628 3498 749 3562 divitiis
774 3499 858 3578 suis;
885 3498 940 3561 sed
995 3498 1050 3561 Dei
1066 3515 1183 3561 nomeu
1199 3505 1247 3561 est
1261 3498 1409 3572 Essc,seu
1425 3499 1483 3574 Qui
1499 3499 1600 3575 estin
1615 3509 1741 3566 tantum

192 3601 226 3664 in
240 3600 300 3664 hoc
315 3598 542 3682 glorietur,qui
557 3597 720 3679 gloriatur,
730 3595 812 3659 scire
827 3603 859 3659 et
873 3614 941 3659 nos·
995 3604 1030 3658 nt
1045 3595 1114 3678 ipse
1128 3596 1214 3659 solus
1230 3615 1299 3661 esse
1314 3597 1447 3661 dicatur.
1465 3597 1564 3678 Cujus
1578 3617 1742 3683 compara·
1766 3631 1885 3685 reamur.

192 3717 226 3762 se
242 3718 305 3774 mc,
322 3698 398 3782 quia
412 3715 470 3779 ego
486 3715 557 3759 sum
573 3695 726 3760 Dominus
741 3697 834 3759 Deus.
852 3695 941 3758 lleri-
986 3694 1080 3758 ‚tione
1095 3713 1164 3757 esse
1181 3695 1317 3759 aliorum
1337 3703 1384 3758 est
1403 3704 1554 3779 unquam
1575 3715 1638 3761 non
1658 3717 1740 3775 esse,

29 3825 177 3880 sepner.
193 3807 225 3862 to
240 3797 347 3880 igitur,
362 3797 452 3878 juxta
467 3795 675 3877 Scripturam,
692 3794 770 3856 Vani
785 3800 861 3856 sunt
874 3811 939 3856 om·
994 3801 1124 3876 propter
1143 3793 1304 3856 infinitam
1324 3794 1547 3858 excellentiam
1568 3815 1638 3859 esse
1660 3797 1741 3860 divi·

192 3917 249 3961 nes
273 3897 419 3960 homines
443 3894 561 3978 quibus
586 3912 649 3956 non
674 3891 784 3956 subest
808 3892 940 3956 scicntia
994 3890 1026 3952 ni
1050 3909 1057 3952 ε
1078 3891 1349 3973 quemadmodum
1372 3901 1519 3975 respectu
1542 3893 1690 3958 increato
1709 3903 1742 3958 et

192 3996 258 4059 Dei.
276 3995 308 4058 Si
324 4011 399 4076 ergo
414 3993 447 4056 in
463 3993 585 4058 visione
600 3992 656 4054 Dei
672 3998 779 4054 nostra
795 3991 940 4054 consistit
993 3988 1129 4053 infinitae
1158 3990 1322 4072 sapientia
1350 3990 1418 4065 Dei,
1449 3991 1606 4074 sapientia
1636 3994 1741 4058 omnis

26 4119 176 4168 remur.
191 4093 328 4158 felicitas
350 4092 453 4174 (juxta
475 4090 553 4153 illud
571 4108 578 4152 :
595 4089 730 4152 Ostende
755 4088 870 4152 faciem
892 4097 938 4150 tu·
994 4089 1109 4151 mentis
1139 4097 1251 4152 creata
1280 4089 1400 4152 nullius
1429 4091 1583 4154 momenti
1613 4099 1683 4172 est;
1709 4099 1741 4155 et

26 4216 177 4264 lumem.
191 4212 254 4268 am,
278 4199 310 4256 et
333 4190 412 4254 salvi
437 4189 575 4269 erimus3
593 4196 625 4251 et
647 4187 736 4263 alibi,
757 4187 883 4250 Similes
908 4187 937 4250 ei
953 4191 975 4256 G
993 4187 1097 4249 omnis
1117 4186 1172 4250 lux
1191 4195 1287 4270 atque
1303 4194 1441 4270 potestas
1457 4197 1686 4266 creaturarum,
1699 4191 1739 4254 ad

28 4283 50 4323 ²·
191 4291 323 4365 erimus,
345 4297 458 4372 utputa
479 4287 620 4372 perfecte
641 4287 737 4361 beati,
759 4287 834 4369 quia
853 4286 939 4349 vide·
993 4285 1241 4349 immensitatem
1262 4285 1342 4350 lucis
1361 4306 1398 4350 ac
1414 4288 1655 4370 omnipotentiae
1669 4289 1739 4354 Cre·

190 4391 298 4454 bimus
312 4408 387 4454 eum
402 4387 496 4450 sicuti
511 4387 710 4468 est)‚constat
724 4385 809 4468 quod
823 4391 940 4467 quanto
992 4384 1087 4447 atonis
1108 4384 1260 4448 adorandi
1279 4385 1387 4460 relata,
1403 4385 1579 4450 obscuritas
1602 4387 1738 4452 infirmi·

190 4506 276 4550 nunc
299 4487 332 4550 in
353 4486 410 4549 Dei
433 4485 612 4566 cognitione
635 4483 835 4566 proficimus,
851 4489 938 4545 tanto
991 4491 1102 4566 tasquc
1127 4483 1312 4546 ostenditur.
1331 4481 1406 4548 lissa
1430 4502 1505 4566 ergo
1526 4493 1574 4549 est
1595 4486 1735 4568 primum

188 4584 305 4650 futura
320 4583 510 4648 beatitudini
525 4582 662 4665 amplius
676 4581 936 4665 propinquamus,
991 4591 1022 4646 et
1044 4582 1210 4666 proprium
1239 4582 1296 4645 Dei
1325 4600 1453 4659 nomeu,
1478 4585 1631 4667 quoniam
1655 4605 1736 4664 esse,

189 4691 285 4767 atque
301 4684 334 4746 in
354 4684 416 4746 isto
434 4682 547 4746 exsilio
566 4681 801 4764 quodammodo
819 4680 937 4745 beatio
992 4690 1143 4764 tanquam
1171 4681 1302 4764 pelagus
1332 4681 1509 4759 infinitum,
1536 4691 1640 4749 cetera
1666 4705 1737 4768 qua

189 4801 240 4846 res
265 4781 438 4846 efficimur.
464 4781 552 4854 Quod
577 4789 683 4843 tomen
712 4797 776 4844 uon
799 4780 839 4842 da
862 4799 937 4863 qua·
991 4781 1055 4844 Deo
1068 4779 1305 4856 adscribuntur,
1322 4788 1401 4844 teste
1416 4782 1622 4858 Damascene,
1639 4783 1739 4847 iuclu-

190 4899 328 4965 cumque
353 4881 409 4943 Dei
434 4879 613 4961 cognitione
638 4878 792 4960 intelligo,
819 4880 873 4942 sed
897 4879 936 4942 de
990 4879 1045 4942 dit.
1069 4879 1199 4961 Propter
1223 4880 1308 4962 quod
1331 4879 1415 4942 bene
1437 4881 1587 4945 disseruit
1609 4889 1737 4946 sanctus

189 4997 226 5042 ca
250 4999 320 5064 quce
341 4979 416 5042 doni
438 4978 602 5061 sapientie
622 4985 712 5040 actus
733 4984 791 5052 est,
809 4984 839 5040 et
864 4994 936 5040 cou-
990 4987 1079 5061 pater
1107 4978 1297 5054 Bernardus‚
1323 4978 1379 5041 Dei
1405 4980 1525 5043 clectus
1551 4997 1557 5042 :
1584 4980 1665 5055 Quid
1690 4989 1738 5044 est

189 5077 354 5161 templatio
378 5077 441 5141 dici
466 5085 617 5152 meretur,
639 5095 676 5140 ac
700 5075 845 5151 formata,
871 5095 935 5140 nou
990 5078 1094 5141 Deusl
1110 5077 1169 5152 Qui
1191 5085 1248 5154 est,
1266 5097 1323 5141 seu
1347 5078 1453 5161 ipsum
1478 5098 1556 5143 esse.
1574 5079 1625 5143 Nil
1649 5081 1736 5144 enim

189 5175 347 5252 informis,
358 5183 499 5240 vocatur.
509 5176 580 5240 llaec
596 5176 732 5239 formata
745 5184 777 5238 θῖ
791 5192 935 5240 amorosa
989 5179 1222 5260 competentius
1237 5186 1285 5241 est
1299 5180 1478 5255 aternitati,
1494 5199 1565 5264 qua
1580 5188 1628 5244 est
1643 5181 1733 5244 Deus

190 5275 320 5340 Deitatis
339 5275 478 5358 cognitio
497 5283 528 5338 et
543 5274 613 5356 ejus
633 5273 763 5338 dilectio
778 5274 935 5358 insepara·
989 5276 1021 5340 Si
1046 5275 1178 5352 bonum,
1202 5279 1227 5341 si
1254 5297 1416 5361 magnum,
1442 5279 1469 5342 si
1493 5280 1682 5365 sapientem,
1709 5280 1736 5342 si

315 5411 347 5466 Τ.
366 5411 405 5464 30.
