4288 6264
451 519 600 568 ιιοιιιιιιοιι
621 521 640 566 ιι
661 520 1222 584 rosrrnscus.-annrn1erosos;
1244 521 1344 568 suarm
1365 521 1493 580 oumrus
1706 501 1744 567 ll

198 687 302 773 priam
328 690 489 755 lesionem
515 690 548 754 in
571 690 726 754 fractione
750 691 880 764 silentii,
901 690 1061 756 loAhoc
1093 691 1210 756 saeculo
1239 693 1409 766 custodire,
1442 709 1642 774 nequaquam
1671 690 1746 752 buic

198 789 359 872 quaeitate
394 790 531 872 aliisque
566 791 725 873 pretaclis
760 798 943 854 nascentem
1001 791 1121 854 mundo
1143 790 1175 852 in
1201 791 1340 872 maligno
1363 790 1466 874 posito
1490 788 1892 868 conformemur311mn.v,

197 905 261 951 non
277 889 384 964 sentit,
397 889 480 952 male
499 895 571 962 stat,
588 889 614 952 si
630 897 736 952 tamen
754 896 825 962 stat,
842 898 874 952 et
893 908 945 951 ne
1000 889 1088 951 nulla
1107 889 1268 952 mundana
1288 888 1428 964 affectio,
1444 886 1532 951 nulla
1552 886 1635 950 actio
1654 905 1745 960 vana,
1762 873 1794 914 ¹⁰·

197 987 264 1050 seio
283 987 310 1049 si
331 987 521 1070 simpliciter
539 987 637 1051 vivat.
653 988 733 1052 ilinc
752 989 791 1051 ad
810 989 942 1051 eborum
1000 988 1108 1051 nullus
1129 1006 1218 1050 amor
1239 987 1374 1050 carnalis
1397 987 1430 1049 in
1452 985 1545 1050 nobis
1569 985 1684 1049 habeat
1704 985 1747 1048 lo·

197 1085 338 1148 eundum
359 1094 391 1148 et
411 1087 451 1150 de
471 1085 568 1150 choro
588 1087 786 1150 redeundum
804 1095 852 1150 est
871 1105 943 1149 cum
1000 1105 1085 1161 cum,
1098 1087 1153 1148 sad
1169 1105 1298 1169 prorsus
1313 1085 1494 1168 spirituales
1509 1104 1546 1148 ac
1561 1084 1662 1148 divini
1677 1083 1747 1146 effi-

197 1183 317 1264 ingenti
340 1184 521 1247 maturitate
543 1193 575 1246 et
594 1184 816 1248 taciturnitate.
836 1184 874 1247 Et
889 1185 944 1265 qui
1000 1185 1135 1258 ciamur,
1159 1185 1233 1268 quia
1258 1192 1293 1247 ut
1316 1184 1475 1248 climacus
1498 1183 1554 1258 ait,
1576 1182 1747 1246 Monachus

197 1283 400 1364 promptulus
415 1291 463 1345 est
477 1283 516 1344 ad
536 1283 759 1364 loquacitatem
779 1290 811 1344 et
825 1283 944 1345 silentii
1001 1291 1049 1348 est
1070 1285 1125 1365 qui
1147 1283 1250 1346 solum
1272 1303 1342 1365 quae
1364 1283 1420 1346 Ilei
1442 1288 1517 1344 sunt
1540 1280 1614 1362 agit,
1632 1279 1748 1362 cogitat

197 1379 396 1458 fractionem,
418 1399 502 1462 sepe
526 1380 565 1442 fit
589 1380 661 1443 aliis
685 1381 863 1444 consimilis
879 1381 944 1442 eul-
1001 1391 1032 1446 et
1049 1382 1199 1464 loquitur,
1217 1381 1340 1445 Christo
1360 1381 1469 1443 unitus
1488 1380 1746 1462 omnitempore,

196 1497 245 1560 pre
265 1479 401 1553 occasio,
418 1486 448 1541 et
466 1497 576 1541 eorum
598 1479 798 1542 devotionem
819 1486 946 1542 contur-
1002 1480 1071 1543 loco
1085 1487 1116 1540 et
1132 1479 1267 1560 negotio.
1279 1478 1316 1540 Et
1332 1479 1494 1540 discamus
1507 1477 1649 1558 linguam
1666 1495 1749 1540 com·

195 1575 260 1648 bat,
276 1577 451 1640 orationem
470 1577 733 1660 interrumpil,ac
750 1597 883 1661 pravum
899 1577 945 1639 in·
1001 1596 1143 1661 pascere,
1169 1578 1330 1660 sapienter
1355 1585 1386 1639 at
1414 1575 1619 1640 aedificatoria
1648 1575 1746 1658 loqui,

195 1674 360 1738 tuentibus
380 1677 434 1738 dat
451 1676 656 1758 exemplum3
677 1683 842 1739 extraneos
867 1693 943 1758 quo·
1002 1693 1160 1740 memores
1180 1676 1264 1757 quod
1284 1675 1381 1738 abbas
1397 1675 1551 1756 Agathou,
1568 1674 1601 1737 in
1619 1691 1748 1738 conver-

195 1791 259 1855 que
291 1775 433 1855 graviter
466 1773 657 1837 scandalizat
687 1773 713 1836 si
748 1776 795 1837 eis
824 1773 944 1857 absque
1001 1773 1100 1836 sionis
1121 1793 1186 1836 sue
1207 1773 1347 1846 exordio,
1364 1772 1467 1834 tribus
1490 1772 1583 1836 annis
1608 1773 1747 1854 lapidem

196 1871 327 1935 licentia
356 1872 442 1954 loqui
473 1873 721 1956 presumpserit,
750 1892 850 1955 quum
881 1873 944 1936 illis
962 1871 985 1934 B
1001 1872 1075 1935 tulit
1097 1872 1129 1934 in
1150 1890 1215 1945 ore,
1234 1890 1399 1953 quousque
1422 1880 1526 1934 tacere
1544 1871 1745 1934 addisceret:

196 1971 374 2034 innotescat
399 1971 505 2054 ipsum
530 1971 600 2034 sine
621 1971 750 2034 licentia
771 1971 856 2053 loqui
880 1990 944 2034 non
1002 1970 1240 2052 propterquod
1269 1968 1309 2032 ab
1336 1969 1450 2032 abbate
1476 1969 1602 2032 Pastore
1632 1969 1748 2031 meruit

194 2085 298 2150 posse.
1001 2076 1077 2131 tunc
1091 2067 1189 2130 abbas
1203 2067 1495 2149 vocari.Quumquc
1510 2067 1640 2149 quidam
1656 2065 1748 2130 abba·

235 2167 407 2240 Postremo,
427 2167 518 2248 juxta
542 2167 720 2230 doctrinam
745 2168 844 2230 saneti
870 2185 944 2250 apo·
1001 2167 1023 2226 ti
1044 2166 1161 2230 Pastori
1181 2165 1324 2240 dixisset,
1341 2164 1441 2238 Abba,
1458 2165 1512 2228 ille
1531 2165 1635 2228 adbuc
1655 2165 1745 2245 juve-

27 2283 177 2332 nemne.
195 2265 267 2328 stoli
288 2265 407 2338 iacobi,
425 2265 526 2328 simus
548 2264 682 2329 factores
706 2265 807 2340 verbi,
825 2273 857 2328 et
880 2284 943 2329 non
998 2265 1048 2327 nis
1072 2272 1130 2338 est,
1152 2283 1209 2326 cur
1233 2283 1306 2326 eum
1332 2263 1479 2326 abbatem
1509 2264 1673 2347 appellasl
1698 2283 1745 2326 re·

193 2363 354 2426 auditores
369 2371 503 2426 tantum.
520 2363 666 2438 Quotidie
686 2364 822 2444 legimus
841 2373 873 2427 et
889 2385 943 2427 au·
997 2363 1187 2446 spondit:Os
1203 2362 1273 2443 ejus
1289 2362 1367 2424 feeit
1381 2381 1454 2424 eum
1469 2362 1615 2426 abbatem
1630 2362 1742 2426 vocari.

193 2461 300 2522 dimus
328 2460 425 2523 verba
454 2461 606 2534 caelestia,
636 2461 744 2523 divina
773 2471 940 2544 praecepta,
996 2463 1101 2534 Porro,
1116 2469 1150 2522 ut
1165 2461 1253 2542 llugo
1270 2459 1514 2534 latetur,Vanus
1529 2478 1745 2534 sermo,vane

193 2559 368 2621 monastica
384 2559 757 2633 instituta‚saluberrima
773 2561 943 2624 documen·
996 2559 1198 2623 conscientie
1219 2559 1313 2621 index
1334 2565 1390 2620 est.
1408 2559 1508 2622 ltlores
1527 2558 1666 2622 bominis
1685 2559 1744 2620 lin-

191 2664 234 2730 ta‚
251 2676 322 2738 que
346 2657 408 2720 nisi
431 2657 538 2720 debita
559 2676 632 2720 cum
657 2658 823 2739 diligentia
847 2658 944 2722 fueri·
994 2679 1057 2740 gua
1080 2659 1208 2740 pandit;
1234 2665 1266 2720 et
1290 2657 1393 2739 qualis
1422 2675 1527 2720 sermo
1551 2657 1740 2731 effunditur,

191 2773 263 2816 mus
284 2773 380 2837 opere
399 2755 622 2838 adimplentes,
638 2757 792 2837 gravioris
812 2757 940 2821 damna·
994 2757 1067 2820 talis
1089 2758 1216 2819 animus
1239 2755 1476 2838 comprobatur,
1492 2755 1567 2836 quia
1585 2773 1624 2818 ex
1641 2755 1739 2818 abun·
1755 2779 1888 2834 aerinas,

191 2853 288 2916 tionis
312 2852 441 2917 obnoxii
467 2855 597 2917 erimus.
616 2855 654 2916 El
673 2855 749 2937 quia
769 2855 808 2918 ad
830 2873 937 2918 veram
994 2856 1101 2919 dantia
1123 2855 1227 2918 cordis
1247 2872 1282 2918 os
1304 2854 1457 2936 loquitur,
1474 2862 1567 2936 prout
1588 2855 1740 2918 Dominus
1756 2847 1788 2887 ³⁸·

191 2958 314 3034 spectat
344 2951 531 3032 religionem
564 2953 806 3016 immaculatum
835 2973 869 3016 se
900 2953 940 3016 ab
994 2955 1063 3036 ipse
1083 2959 1226 3016 testatur.

724 3389 915 3482 SERMO
952 3393 1207 3496 QUINTUS

476 3657 516 3704 DE
537 3656 698 3705 enarrante
720 3656 925 3706 NECESSITATE
945 3659 985 3706 AG
1007 3660 1174 3718 urrtlrarn,
1197 3661 1224 3706 Sl
1246 3661 1353 3708 DEEl'l'E
1375 3661 1455 3707 mar.

257 3937 357 3998 IXIT
376 3939 469 3998 Iesus
492 3938 665 4014 discipulis
689 3939 758 3998 suis
783 3957 795 3998 .·
818 3939 1048 4008 Arnemetiae
1068 3941 1106 4002 ad
1129 3941 1283 4016 hominm,
1297 3941 1491 4006 abundantia
1506 3943 1737 4009 beneficiorum

271 4054 367 4094 amen
390 4036 463 4094 dico
487 4037 587 4104 vobis,
612 4037 640 4095 si
665 4037 747 4116 quid
772 4039 938 4113 petieritis
992 4057 1061 4119 quae
1074 4039 1264 4119 jamdudum
1281 4039 1377 4103 etiam
1398 4059 1461 4105 non
1481 4043 1675 4124 petentibus,
1693 4046 1738 4106 in·

186 4135 324 4195 Patrem
347 4134 382 4192 in
406 4135 537 4194 nomine
555 4153 634 4204 meo,
657 4137 748 4194 dabit
773 4137 868 4197 vobis.
890 4136 938 4198 lo·
991 4138 1088 4217 gratis
1103 4138 1286 4220 aversisque
1302 4140 1639 4222 contulit:praesertim
1654 4145 1737 4225 quod

186 4230 407 4305 ann.xr1,23.
991 4236 1074 4297 Deus
1098 4235 1187 4298 Pater
1208 4237 1409 4318 Unigenitum
1435 4258 1526 4301 suum
1546 4240 1645 4302 voluit
1670 4260 1739 4324 pro-

226 4329 324 4404 Quam
341 4329 519 4392 necessaria
534 4328 626 4392 nobis
641 4330 683 4393 sit
696 4330 823 4394 fervens
840 4331 938 4394 inces·
992 4341 1063 4416 pter
1092 4352 1149 4397 nos
1180 4335 1349 4408 lucaman,
1377 4336 1408 4398 in
1439 4339 1559 4400 mundo
1582 4338 1642 4402 hoc
1667 4359 1740 4402 con-

186 4426 362 4510 sabilisque
392 4428 503 4501 oratio,
534 4429 649 4491 docent
677 4447 734 4492 nos
764 4430 936 4494 infirmitas
991 4433 1110 4496 versari
1132 4441 1165 4496 et
1184 4434 1349 4515 crucifigi;
1367 4437 1451 4517 quod
1472 4437 1547 4498 item
1569 4437 1667 4500 llilius
1683 4439 1738 4502 Dei

186 4527 316 4608 propria
340 4526 379 4588 ad
406 4525 567 4589 meritorie
592 4528 799 4609 operandum,
817 4530 936 4610 magni·
991 4549 1106 4613 corpus
1125 4550 1218 4628 suum
1235 4540 1266 4594 et
1282 4533 1469 4614 sanguinem
1488 4535 1631 4616 quotidie
1647 4535 1739 4598 nobis

186 4625 263 4687 tudo
280 4623 564 4687 irremediabilium
581 4627 796 4708 periculorum
817 4628 935 4708 quibus
992 4630 1022 4691 in
1046 4631 1249 4692 Sacramento
1273 4629 1426 4711 largitnr3
1450 4632 1534 4713 quod
1558 4633 1633 4695 item
1658 4635 1738 4716 ipso-

185 4723 322 4806 expositi
343 4743 465 4797 sumus,
483 4723 654 4786 crudelitas
675 4733 707 4786 et
726 4733 862 4806 potestas
883 4726 935 4788 ho
991 4736 1055 4789 met
1075 4728 1157 4790 Deus
1179 4729 1271 4791 toties
1291 4730 1329 4791 ad
1349 4731 1503 4792 orandum
1529 4749 1587 4794 nos
1613 4733 1735 4799 invitat.

185 4822 284 4884 stium
301 4829 414 4886 nostre
430 4821 553 4896 salutis,
572 4821 759 4905 impotentia
774 4831 880 4887 nostra
895 4826 933 4887 ad
991 4834 1140 4908 provocat
1161 4835 1193 4890 et
1212 4828 1372 4906 hortatur;
1395 4830 1480 4910 quod
1501 4829 1597 4892 etiam
1616 4831 1737 4893 Veritas

185 4920 398 4982 resistendum
424 4921 726 5004 praevaleudumque
750 4923 807 4996 eis,
834 4924 935 4985 excel·
991 4925 1068 5006 ipsa,
1099 4945 1169 5007 quae
1201 4945 1260 4988 nec
1294 4925 1359 4988 falli
1392 4933 1494 5008 potest
1526 4947 1585 4990 nec
1614 4927 1734 5004 fallere,

184 5019 283 5080 lentia
299 5018 453 5081 bonorum
469 5039 540 5101 que
556 5020 752 5083 orationibus
767 5022 934 5102 acquirun-
989 5024 1020 5085 in
1038 5024 1203 5104 evangelio
1217 5024 1371 5087 hodierno
1388 5025 1559 5108 multisque
1577 5027 1649 5090 aliis
1665 5047 1734 5090 san·

182 5125 245 5179 tur.
264 5117 359 5179 Porro
377 5115 566 5199 deprecandi
586 5125 618 5180 et
635 5117 796 5181 obtinendi
819 5117 933 5181 fiduci·
948 5121 973 5182 D
988 5121 1030 5183 eti
1056 5121 1218 5204 Evangelii
1248 5122 1324 5186 locis
1354 5123 1589 5186 exauditionem
1618 5127 1734 5188 oranti-

182 5235 234 5279 am
253 5222 404 5298 prestant
423 5216 633 5280 consideratio
653 5216 788 5280 infinite
810 5218 933 5281 bonita—
988 5219 1048 5282 bus
1074 5221 1252 5303 pollicetur,
1279 5222 1452 5284 dummodo
1481 5223 1630 5287 salutaria
1658 5244 1731 5287 cum

181 5315 236 5390 tis,
252 5314 402 5388 caritatis,
414 5313 640 5380 misericordie
655 5323 684 5378 et
703 5316 932 5381 munificentie
988 5321 1224 5401 perseverantia
1256 5321 1467 5403 postulentur.
1502 5323 1592 5396 Nam,
1625 5331 1661 5384 ut
1690 5323 1734 5386 ait
