4154 6258
461 504 609 554 nonnum
628 505 682 552 xvr
702 504 775 552 rosr
795 502 989 550 mrurrararr.
1010 523 1050 534 -
1071 505 1169 554 sanxo
1190 507 1299 554 ramus
1597 484 1658 548 tut

147 675 392 740 Consideremus
409 677 539 740 demum
556 684 587 739 et
601 675 856 760 profunditatem,
873 672 963 737 Asai
984 693 1024 738 an
1044 675 1172 755 matris3
1188 683 1283 758 atque
1303 684 1373 758 post
1392 675 1518 757 longam
1541 675 1659 738 delibe-

108 773 138 835 id
160 781 209 836 est
229 773 660 858 incomprehensibilitatem,
677 773 732 836 liei
755 791 791 835 ac
808 772 859 852 ju·
914 773 1069 836 rationem
1094 781 1126 835 et
1148 775 1467 856 argumentationem,
1493 773 1662 836 videbatur

107 871 266 934 diciorum
287 873 406 955 ipsius3
427 873 537 954 sicque
557 890 726 934 caveamus
745 890 764 932 a
780 889 858 952 prae·
914 871 944 932 ei
959 871 1023 934 vita
1044 873 1154 934 matris
1175 891 1240 936 sue
1260 872 1365 954 potius
1384 891 1454 935 esse
1474 873 1659 955 sequenda:

108 977 296 1052 sumptuosa
320 978 352 1033 et
376 969 556 1053 periculosa
585 969 784 1032 discussione
811 985 858 1029 se·
914 971 1090 1051 praesertim
1107 971 1182 1053 quia
1197 971 1230 1033 in
1245 971 1332 1034 omni
1350 972 1472 1034 vixerat
1485 971 1659 1053 voluptate,

108 1075 267 1130 cretorum
285 1068 352 1143 liei,
370 1087 471 1150 quum
486 1073 518 1130 et
533 1067 681 1131 Salomon
697 1067 856 1128 fateatur:
914 1074 1066 1131 ettamen
1083 1087 1210 1151 semper
1229 1069 1390 1144 seposuit,
1407 1086 1444 1131 ac
1463 1087 1614 1151 prospere
1629 1068 1660 1130 ei

25 1199 42 1228 a.
75 1197 95 1237 a,
108 1165 165 1238 Oui
182 1172 396 1248 perscrutator
411 1172 458 1229 est
473 1164 860 1247 majestatis,opprimetur
914 1166 1088 1247 successit;
1104 1175 1194 1249 pater
1214 1185 1289 1230 vero
1309 1167 1410 1250 ipsius
1429 1166 1576 1248 quamvis
1595 1167 1660 1229 Deo

5 1283 9 1292 ·
108 1262 251 1344 agloria.
268 1264 432 1337 Quomodo
452 1263 539 1325 enim
561 1263 737 1345 poterimus
757 1262 858 1324 ileum
913 1263 1074 1326 ferventer
1105 1265 1246 1339 servivit,
1276 1271 1382 1326 tamen
1414 1282 1541 1346 semper
1569 1264 1660 1346 quasi

108 1361 223 1442 elejus
236 1361 637 1444 judiciaperscrutari‚qui
652 1379 711 1422 nec
728 1359 858 1421 minima
914 1360 1064 1425 infirmus
1093 1361 1164 1437 luit,
1190 1369 1221 1425 et
1250 1362 1472 1425 tribulationes
1497 1362 1658 1425 sustinuit.

108 1460 167 1522 ista
191 1459 343 1523 inleriora
367 1460 512 1522 valemus
536 1460 631 1541 plene
655 1475 856 1538 cognoscere,
914 1460 1081 1543 Quumque
1098 1461 1145 1524 sic
1165 1461 1317 1543 cogitaret
1336 1460 1444 1543 puella
1462 1459 1523 1523 ista
1540 1465 1661 1543 tempo·

107 1577 209 1642 quum
229 1559 340 1642 utique
355 1559 438 1621 Deus
458 1557 614 1640 gloriosus
629 1577 665 1620 ac
680 1557 857 1620 adorandus
914 1577 947 1620 re
963 1566 1119 1622 nocturno
1131 1557 1241 1640 jacens
1257 1557 1289 1620 in
1311 1559 1403 1633 lecto,
1419 1558 1554 1621 venitin
1575 1577 1662 1622 men-

107 1658 147 1720 sit
172 1658 205 1721 in
227 1655 393 1720 inlinitum
415 1665 481 1721 toto
504 1654 859 1739 incomprehensibilior
912 1657 955 1719 tis
970 1675 1137 1720 excessum
1152 1665 1184 1720 et
1198 1665 1286 1740 rapta
1303 1664 1351 1719 est
1370 1657 1402 1719 in
1418 1656 1541 1740 spiritu.
1559 1657 1662 1740 Appa-

107 1755 260 1820 universo
274 1759 287 1818 l

914 1755 1041 1837 ruitque
1063 1757 1092 1818 ei
1115 1756 1147 1818 in
1169 1756 1292 1820 visione
1317 1756 1447 1839 quidam
1470 1756 1614 1831 Sanctus,
1630 1764 1662 1819 et

147 1856 322 1930 Postremo,
344 1855 583 1918 consideremus
608 1854 802 1917 eminentem
827 1859 858 1914 et
876 1854 1102 1919 Bterribiliter
1116 1874 1186 1918 eam
1205 1855 1397 1937 adspiciens,
1414 1855 1495 1917 dixit
1512 1873 1518 1916 :
1536 1853 1598 1918 Cur
1616 1855 1663 1920 sic

109 1955 282 2016 maximam
308 1953 471 2017 caritatem
494 1953 609 2016 Christi
630 1953 670 2014 ad
690 1969 758 2026 noS,
775 1971 856 2034 quae,

108 2061 229 2136 quanta
243 2060 275 2115 et
289 2052 396 2135 qualia
416 2069 474 2134 pro
489 2051 582 2115 nobis
603 2050 680 2114 lecit
698 2069 734 2113 ac
752 2057 858 2133 pertu-

109 2151 161 2230 lit;
175 2150 285 2233 sicque
299 2149 390 2233 juxta
404 2149 612 2233 apostolicum
628 2150 858 2222 documentum,

5 2269 92 2324 ‚recca
109 2248 314 2312 ambulemus
330 2249 362 2310 in
378 2248 560 2322 dilectione,
572 2249 656 2310 sicut
670 2255 702 2310 et
718 2246 860 2310 Christus

109 2348 224 2412 dilexit
237 2365 295 2411 nos
310 2356 343 2411 et
357 2348 487 2410 tradidit
506 2365 540 2410 se
561 2347 667 2429 ipsum
683 2363 741 2428 pro
756 2346 857 2408 nobis.

108 2447 223 2510 lderito
257 2446 355 2528 igitur
385 2445 505 2509 intuitu
533 2453 565 2508 et
595 2463 703 2508 amore
732 2443 859 2518 Christi,

109 2546 296 2627 lugeremus
315 2562 410 2609 omne
425 2552 740 2627 peccatum,omnem
755 2561 864 2626 super-

108 2643 861 2720 biam,incontinentiamavaritiam,rancorem,

109 2743 286 2826 pigritiam,
303 2751 398 2826 atque
417 2744 457 2806 ad
475 2742 672 2806 observanda
687 2741 757 2822 ejus
775 2759 862 2803 man·

108 2843 183 2904 data
204 2841 321 2904 fervidi
341 2859 482 2905 essemus
499 2859 626 2923 semper
644 2858 680 2903 ac
702 2840 831 2902 alacres.

915 1954 1052 2034 cogitosi
1066 1954 1158 2028 Veni,
1174 1955 1344 2018 ostendam
1355 1954 1414 2016 tibi
1433 1961 1556 2036 patrem
1572 1961 1663 2017 tuum

915 2060 946 2115 et
962 2061 1106 2127 matrem,
1124 2061 1159 2115 ut
1174 2053 1256 2116 scias
1272 2053 1365 2134 cujus
1379 2052 1495 2115 debeas
1512 2053 1602 2135 sequi
1618 2053 1664 2115 vi-

914 2157 990 2211 tam.
1007 2151 1116 2232 ltaque
1129 2151 1234 2233 primo
1249 2151 1340 2213 duxit
1354 2169 1425 2214 eam
1441 2151 1475 2213 in
1490 2149 1665 2213 deliciosis-

916 2248 1034 2310 simum
1050 2247 1168 2322 locum,
1186 2250 1218 2310 in
1238 2267 1302 2330 quo
1317 2249 1398 2311 vidit
1417 2257 1539 2331 patrem
1559 2267 1663 2310 suum.

916 2347 1065 2421 Quicum
1084 2349 1200 2429 gaudio
1214 2348 1303 2411 venit
1321 2348 1360 2410 ad
1381 2367 1463 2422 eam,
1480 2347 1666 2430 amplexans

918 2445 1020 2528 ipsam
1042 2454 1073 2508 et
1094 2445 1198 2510 iiliam
1218 2464 1344 2509 vocans.
1362 2446 1450 2509 Tunc
1471 2446 1526 2508 illo
1544 2445 1666 2528 rogavit

918 2552 1040 2627 patrem
1065 2553 1101 2607 ut
1124 2553 1268 2608 maneret
1291 2563 1364 2608 cum
1390 2563 1437 2608 eo.
1460 2544 1518 2608 (lui
1541 2551 1631 2627 pater
1657 2561 1663 2606 :

917 2643 1018 2718 blodo,
1035 2643 1151 2726 inquit,
1167 2661 1231 2706 non
1256 2644 1308 2707 hic
1333 2651 1423 2726 potes
1448 2659 1593 2722 manerc;
1611 2642 1666 2706 sed

918 2742 946 2804 si
960 2742 1058 2804 vitam
1074 2761 1178 2804 meam
1194 2741 1294 2804 iueris
1310 2749 1464 2815 assecuta,
1481 2748 1553 2824 post
1568 2740 1667 2803 modi-

919 2859 993 2903 cum
1010 2848 1135 2923 tempus
1151 2840 1213 2902 huc
1229 2841 1339 2902 venies
1354 2847 1386 2903 et
1401 2838 1554 2902 manebis.
1572 2839 1666 2901 Dein-

149 2941 281 3022 Legitur
296 2941 329 3002 in
344 2948 433 3002 sexto
448 2939 530 3002 libro
545 2937 863 3021 Vitaspatrum,quod
919 2941 958 3003 de
982 2941 1115 3003 Sanctus
1140 2939 1194 3002 ille
1219 2939 1310 3002 duxit
1331 2939 1471 3022 puellam
1495 2938 1534 3000 ad
1559 2938 1665 3001 locum

109 3038 174 3101 luit
198 3037 343 3120 quaedam
363 3036 453 3118 virgo
473 3055 543 3118 quae
563 3036 655 3099 valde
675 3034 811 3117 proiecit
830 3034 862 3096 in
882 3038 1135 3113 Ctenebrosum‚
1152 3039 1239 3100 omni
1256 3038 1401 3112 stridore,
1418 3037 1530 3100 ioetore
1549 3043 1580 3098 et
1596 3055 1668 3099 con-

109 3137 230 3199 timore
252 3135 308 3198 Dei
330 3142 362 3198 et
382 3136 416 3198 in
437 3135 525 3198 omni
545 3134 672 3208 virtute,
696 3133 789 3215 cujus
810 3152 863 3215 pa·
919 3139 1045 3201 lusione
1071 3136 1240 3220 repletum,
1258 3137 1290 3198 in
1315 3155 1378 3218 quo
1401 3135 1481 3199 vidit
1503 3134 1667 3198 fornacem

109 3243 220 3298 rentes
244 3233 371 3296 luerunt
389 3233 481 3297 valde
501 3232 665 3296 dissimilis
683 3233 766 3296 vitae.
787 3231 864 3294 Nam
918 3237 1094 3310 ardentem,
1111 3242 1143 3297 et
1162 3242 1296 3297 matrem
1313 3252 1403 3296 suam
1423 3233 1462 3295 ad
1481 3232 1600 3296 collum
1616 3252 1669 3296 us-

109 3342 205 3416 pater
225 3333 295 3414 ejus
319 3332 381 3394 luit
403 3332 453 3395 vir
473 3331 639 3394 timoratus
661 3338 693 3393 et
714 3331 862 3413 simplex,
919 3353 981 3417 que
1007 3335 1039 3396 in
1062 3333 1117 3396 illa
1141 3332 1329 3396 demersam.
1346 3331 1444 3394 ldater
1468 3332 1574 3412 itaque
1599 3331 1667 3394 visa

108 3432 266 3514 pavitque
282 3449 356 3494 oves
372 3449 445 3493 suas
460 3429 493 3492 in
508 3429 593 3510 agris
608 3437 640 3492 et
658 3429 775 3511 pratis3
792 3447 862 3511 por·
918 3433 988 3495 lilia
1009 3451 1077 3506 sua,
1094 3431 1191 3513 coepit
1215 3430 1349 3504 ululare,
1367 3429 1504 3492 clamare
1525 3448 1561 3492 ac
1583 3430 1668 3493 dice·

109 3549 146 3593 ro
162 3537 266 3592 mater
281 3528 351 3610 ejus
367 3527 538 3592 libidinosa
552 3527 615 3590 luit
633 3534 728 3608 atque
742 3528 862 3590 adulte·
918 3549 952 3592 re
970 3547 976 3592 :
993 3530 1141 3593 ldiserere
1165 3528 1241 3603 mei,
1263 3546 1283 3593 o
1306 3528 1376 3591 iilia
1401 3547 1489 3609 mea3
1506 3534 1666 3591 memento

109 3648 156 3703 ra,
175 3626 464 3692 comessationibus
483 3633 514 3688 et
534 3625 742 3688 ebrietatibus
761 3644 797 3688 ac
818 3626 863 3686 lu·
918 3627 1036 3691 doloris
1059 3646 1155 3709 quem
1178 3625 1317 3690 sustinui
1339 3626 1466 3708 quando
1487 3634 1518 3689 te
1543 3626 1666 3710 peperi,

108 3727 217 3789 xuriis
233 3745 348 3789 vacans
368 3724 519 3807 quotidie.
537 3724 609 3787 Post
628 3724 747 3805 aliquot
764 3741 862 3786 annos
919 3733 1123 3790 memoresto
1140 3725 1229 3788 lactis
1244 3725 1330 3807 quod
1345 3725 1511 3807 sumpsisti
1530 3744 1548 3787 a
1563 3743 1625 3800 me,
1637 3731 1669 3787 et

108 3826 287 3889 defunctus
316 3831 365 3886 est
389 3831 478 3906 pater
502 3823 572 3903 ejus
599 3839 606 3884 :
633 3839 696 3904 quo
725 3829 861 3895 mortuo,
918 3825 1063 3888 omnium
1087 3823 1317 3907 obsequiorum
1341 3843 1411 3906 quae
1432 3823 1493 3885 tibi
1515 3822 1666 3903 exhibui3

108 3923 215 4006 coepit
229 3941 298 3985 esse
312 3929 529 4004 tempestuosa
548 3927 580 3983 et
595 3919 795 4002 ineptissima
810 3939 863 3982 au·
919 3923 1053 3986 extende
1071 3941 1201 3985 manum
1216 3930 1304 3985 tuam
1319 3928 1351 3984 et
1365 3921 1495 3983 extrahe
1514 3939 1576 3996 me,
1593 3938 1669 4002 quo

107 4043 156 4096 ra,
175 4023 224 4084 ita
247 4020 332 4103 quod
354 4019 484 4102 sepeliri
509 4019 562 4082 vix
587 4018 699 4100 potuit.
717 4018 763 4080 Ex
786 4026 863 4081 tuno
919 4023 1006 4085 niam
1029 4022 1154 4084 crucior
1178 4021 1211 4083 in
1235 4021 1296 4084 hoc
1320 4020 1393 4101 igne
1417 4019 1568 4082 sulfureo.
1587 4019 1668 4082 Ecce

106 4120 216 4203 coepit
230 4126 330 4182 mater
343 4117 413 4200 ejus
433 4117 553 4198 absque
572 4117 663 4179 freno
678 4116 764 4178 vitiis
782 4117 864 4198 gulae
919 4137 977 4203 pro
999 4119 1105 4202 parvis
1125 4127 1157 4181 et
1178 4117 1330 4181 brevibus
1349 4116 1568 4199 voluptatibus
1588 4117 1667 4181 meis

106 4225 141 4282 et
158 4217 299 4281 luxuriae
313 4234 382 4278 esse
402 4215 534 4290 intenta,
551 4214 626 4296 quia
645 4233 663 4277 a
677 4215 746 4277 viro
762 4214 904 4283 lueratD
920 4226 1037 4302 quanta
1058 4217 1125 4299 jam
1148 4217 1271 4299 patior3
1288 4215 1440 4278 miserere
1465 4216 1540 4290 mei,
1556 4232 1576 4277 o
1599 4214 1668 4278 iilia

107 4317 261 4380 liberata.
278 4315 350 4378 Post
373 4314 571 4396 aliquantum
594 4321 721 4396 tempus
743 4322 775 4377 et
796 4315 866 4398 ipsa
920 4323 1039 4392 menet
1053 4315 1116 4379 noli
1132 4315 1295 4396 despicere
1311 4320 1443 4376 matrem
1458 4320 1550 4376 tuam
1559 4313 1669 4388 Quum·

106 4415 271 4478 defuncta
290 4421 338 4476 est
355 4431 361 4476 :
378 4432 442 4496 qua
461 4420 595 4488 mortua,
613 4413 710 4496 coepit
729 4432 798 4476 esse
818 4431 865 4476 se·
919 4435 981 4500 que
1004 4415 1059 4477 illa
1080 4414 1147 4478 haec
1172 4413 1303 4488 diceret,
1320 4411 1418 4494 coepit
1441 4410 1510 4474 iilia
1533 4411 1604 4493 ejus
1628 4429 1667 4476 ex

105 4512 289 4578 renissima
303 4531 389 4586 aura,
406 4529 442 4574 ac
463 4511 490 4574 si
511 4511 668 4574 clementa
683 4511 754 4592 ejus
770 4512 867 4575 beati·
920 4513 1141 4596 compassione
1166 4511 1385 4593 ingemiscere,
1412 4517 1444 4573 et
1468 4510 1604 4573 clamare
1631 4529 1667 4574 ac

105 4612 225 4678 tudini
248 4612 489 4692 congauderent.
921 4611 1103 4691 lamentari3
1115 4611 1324 4693 protinusque
1339 4608 1488 4672 rediitad
1504 4627 1537 4672 se
1552 4609 1666 4692 ipsam,

142 4711 252 4776 Paulo
266 4717 337 4793 post
351 4710 448 4792 coepit
463 4709 593 4793 praelata
608 4710 746 4791 cogitare
762 4711 867 4794 puella
921 4721 953 4775 et
974 4710 1116 4774 decrevit
1133 4711 1233 4774 vitam
1253 4709 1303 4772 sui
1324 4708 1424 4792 patris
1444 4708 1569 4783 sectari,
1586 4708 1670 4772 sicut

105 4812 212 4893 cujus
240 4807 337 4872 vitam
361 4809 468 4892 potius
492 4809 583 4891 sequi
607 4808 747 4884 deberet,
769 4810 867 4892 patris
922 4820 954 4875 et
975 4812 1062 4875 iecit.
