4288 6264
433 517 582 565 cosmica
603 519 622 564 v
644 519 717 566 rosr
737 517 867 564 rascas.
888 517 991 564 -an
1012 517 1207 583 asn1orosos3
1230 521 1329 569 sunno
1350 521 1462 568 snmus
1682 503 1722 566 aa

174 686 308 750 attentio
331 705 338 750 :
362 707 447 762 nam,
473 688 620 770 quamvis
642 687 676 751 in
700 686 963 770 prosecutioneA
1018 687 1109 752 Circa
1128 709 1200 771 quae
1218 689 1325 772 aliqua
1344 697 1419 753 sunt
1435 690 1587 754 addenda.
1604 690 1720 764 Primo,

175 803 232 846 seu
257 785 497 849 continuatione
520 785 672 849 orationis
697 804 787 848 mens
812 803 923 867 evage·
977 786 1061 867 quod
1085 788 1233 869 quamvis
1257 788 1296 850 ad
1319 788 1399 851 duos
1426 787 1548 871 primos
1572 787 1723 851 orationis

175 891 238 958 tur,
263 891 371 947 tamen
395 885 445 947 vis
474 885 586 968 primae
610 883 794 948 attentionis
824 891 921 948 totam
977 884 1112 948 effectus
1128 886 1251 950 dicatur
1264 887 1398 949 actualis
1413 887 1545 951 attentio
1560 887 1592 948 in
1608 885 1726 969 princi-

174 982 350 1045 orationem
372 983 567 1046 meritoriam
587 983 674 1056 facit,
692 983 775 1045 sicut
797 982 829 1045 in
850 981 922 1045 aliis
977 983 1030 1064 pio
1046 983 1154 1047 habita
1168 984 1383 1059 sulficere,ita
1397 986 1482 1068 quod
1497 984 1639 1066 evagatio
1654 983 1726 1046 sub·

173 1077 298 1140 actibus
325 1080 465 1143 caritatis
490 1079 679 1144 informatis.
701 1079 866 1143 Secundus
891 1087 922 1142 et
976 1100 1114 1164 sequens
1139 1083 1211 1146 illos
1234 1101 1298 1146 non
1322 1084 1467 1166 impedit,
1491 1083 1594 1146 nihilo
1616 1083 1725 1146 minus

173 1177 322 1260 proprius
345 1178 497 1242 orationis
520 1177 655 1242 aflectus
675 1186 732 1254 θεῖ,
750 1179 921 1260 impetrare
977 1187 1100 1243 certum
1120 1182 1271 1264 estquod
1292 1183 1435 1263 evagatio
1454 1181 1531 1244 lacit
1548 1182 1723 1244 orationem

172 1275 258 1358 quod
277 1277 406 1358 petitur.
422 1277 470 1339 Ad
490 1296 587 1359 quem
610 1277 705 1340 etiam
729 1276 852 1340 suflicit
872 1276 920 1340 vis
975 1278 1014 1341 ad
1037 1279 1117 1342 duos
1139 1279 1259 1362 primos
1279 1280 1415 1343 eftectus
1436 1280 1542 1344 minus
1563 1281 1722 1354 idoneam,

171 1375 285 1457 prima
313 1375 508 1451 attentionis,
538 1376 690 1458 quoniam
720 1375 808 1438 illam
837 1375 920 1438 Deus
976 1384 1085 1459 utpote
1102 1378 1209 1441 minus
1230 1379 1425 1442 meritoriam
1445 1387 1478 1441 et
1496 1379 1602 1442 minus
1625 1379 1723 1462 impe-

172 1473 394 1555 principaliter
413 1473 559 1556 adspicit.
578 1474 665 1547 Quod
685 1474 712 1536 si
735 1473 789 1535 illa
811 1471 919 1535 deiue·
975 1477 1132 1539 trativam.
1151 1477 1189 1539 Bt
1206 1486 1326 1559 quanto
1347 1486 1394 1542 est
1416 1477 1590 1542 lervcntior
1608 1479 1723 1561 produ-

171 1571 224 1645 rit,
250 1570 350 1634 oratio
380 1590 439 1634 nee
468 1571 629 1635 meritoria
657 1590 716 1634 neo
744 1571 921 1654 impetrati·
975 1573 1119 1657 ctiorque
1133 1576 1277 1650 attentio,
1294 1583 1381 1640 tanto
1396 1577 1495 1640 oratio
1514 1577 1677 1641 meritoria
1691 1586 1723 1640 et

171 1687 211 1730 va
235 1669 391 1744 consistit,
418 1689 517 1751 quum
542 1670 627 1732 dicat
648 1669 783 1732 Basilius
807 1688 814 1732 :
837 1667 920 1732 Bivi—
975 1671 1178 1755 impetrativa
1208 1675 1308 1756 magis
1337 1675 1508 1755 consistit3
1538 1695 1597 1738 uec
1626 1675 1722 1740 homo

172 1787 251 1830 num
275 1768 443 1842 auxilium,
470 1785 533 1832 non
559 1769 702 1842 remisse,
728 1787 787 1830 nec
812 1774 918 1831 mente
976 1779 1117 1835 meretur
1139 1771 1247 1854 gloriae
1271 1781 1490 1854 augmentum,
1513 1773 1576 1836 nisi
1600 1783 1721 1838 crescat

173 1867 235 1928 huc
260 1865 401 1949 illucque
425 1876 577 1949 evagante
599 1874 647 1930 est
669 1867 916 1950 implorandum,
936 1869 1009 1932 Bin
1034 1871 1174 1947 caritate,
1190 1891 1291 1953 quum
1316 1873 1456 1935 caritatis
1481 1873 1650 1936 intentioni
1672 1893 1720 1937 es-

172 1966 324 2048 quoniam
352 1966 424 2030 talis
448 1967 549 2030 oratio
570 1985 634 2030 non
654 1967 758 2029 solum
775 1983 838 2030 non
862 1967 919 2028 im·
975 1969 1109 2032 sentiale
1133 1971 1378 2053 correspondeat
1401 1971 1580 2054 premium.
1601 1973 1721 2036 Rursus

173 2063 322 2147 petrahit,
348 2066 403 2128 sed
428 2066 529 2129 Deum
557 2065 630 2148 plus
658 2064 804 2128 irritabit.
831 2065 919 2128 Unde
975 2069 1153 2144 sciendum,
1170 2072 1255 2152 quod
1270 2069 1295 2132 si
1312 2090 1351 2132 ex
1366 2069 1535 2153 fragilitate
1550 2078 1605 2134 aut
1623 2072 1723 2153 negli-

49 2195 118 2225 ama.
135 2195 158 2234 v,
172 2165 217 2226 ait
231 2165 373 2228 Salvator
389 2181 397 2226 :
414 2165 551 2247 Spiritus
567 2172 615 2228 est
630 2165 732 2244 Beus3
748 2173 780 2227 et
794 2181 848 2227 eos
863 2163 918 2246 qui
975 2167 1081 2246 gentia
1096 2167 1213 2230 veniali
1229 2169 1311 2232 desit
1324 2169 1455 2232 actualis
1469 2171 1600 2233 attentio
1614 2170 1647 2232 in
1661 2187 1725 2234 ora·

23 2247 56 2286 ⁴·
172 2263 315 2337 adorant,
332 2263 364 2324 in
384 2263 499 2346 spiritu
515 2271 546 2326 et
561 2264 693 2326 veritate
709 2271 833 2346 oportet
846 2263 918 2325 ado
977 2264 1071 2327 tionis
1087 2266 1257 2350 principio,
1275 2275 1307 2329 et
1324 2275 1431 2332 tamen
1448 2268 1481 2331 in
1500 2269 1723 2352 prosecutione

173 2381 253 2425 rare.
275 2363 399 2426 Tertius
422 2363 574 2426 orationis
598 2363 745 2438 allectus,
768 2381 865 2445 quem
889 2370 920 2426 et
975 2363 1127 2426 orationis
1143 2365 1250 2428 redeat
1265 2366 1360 2430 homo
1373 2367 1412 2428 ad
1433 2385 1487 2430 oor
1502 2376 1534 2430 et
1552 2366 1610 2430 liat
1624 2375 1722 2431 atten-

173 2447 415 2542 praesentialiter
429 2460 516 2536 lacit,
533 2470 581 2524 est
595 2461 740 2544 quaedam
756 2461 859 2524 dulcis
875 2479 920 2522 re·
974 2468 1037 2537 tus,
1054 2463 1158 2526 adhuc
1182 2465 1282 2528 oratio
1305 2465 1466 2529 meritoria
1490 2467 1550 2529 erit
1571 2475 1602 2530 et
1623 2467 1723 2550 impe-

171 2560 269 2623 lectio
293 2560 419 2634 mentis,
446 2580 542 2643 quam
571 2561 683 2624 devote
708 2579 800 2624 orans
824 2559 920 2623 sentit
975 2561 1099 2634 trativa,
1125 2563 1276 2644 quoniam
1306 2564 1436 2628 caritate
1464 2565 1663 2642 informatur,
1691 2573 1723 2630 et

172 2657 292 2720 orando
304 2675 310 2720 :
322 2665 355 2720 et
367 2658 405 2721 ad
421 2658 507 2720 hunc
522 2658 561 2721 de
577 2658 765 2722 necessitate
786 2657 920 2740 requiri·
975 2679 1066 2722 mens
1086 2679 1120 2722 se
1136 2660 1233 2724 relert
1252 2663 1291 2724 ad
1311 2662 1421 2725 Deum.
1441 2663 1494 2726 Bst
1509 2664 1616 2746 itaque
1631 2665 1722 2728 valde

172 2764 224 2818 tur
238 2755 371 2818 actualis
385 2757 528 2820 attentio.
538 2757 667 2840 Propter
681 2757 767 2840 quod
782 2758 826 2820 ait
840 2757 921 2840 Apo·
976 2757 1068 2820 nobis
1093 2761 1274 2824 conandum
1302 2769 1337 2824 ut
1364 2763 1498 2824 actualis
1526 2763 1659 2826 attentio
1687 2765 1721 2826 in

60 2878 153 2928 anm,
172 2853 272 2916 stolus
298 2871 305 2917 :
332 2854 363 2918 Si
388 2873 476 2918 orem
501 2855 620 2937 lingua,
642 2874 732 2918 mens
756 2874 827 2918 mea
851 2856 920 2919 sine
975 2857 1117 2920 oratione
1132 2859 1346 2934 continuetur,
1363 2859 1519 2924 fervescat
1534 2869 1565 2924 et
1581 2881 1725 2944 persove-

36 2972 66 3046 a}
91 3016 126 3053 Α,
150 2953 278 3045 ¹iruotu
303 2960 360 3016 est.
388 2953 426 3015 Et
452 2953 601 3016 Salomon
622 2971 629 3016 ε
650 2954 765 3018 lluscae
787 2955 921 3037 (iuquit)
977 2963 1033 3017 ret.
1046 2956 1144 3018 Tanto
1159 2957 1232 3039 plus
1246 2958 1286 3019 ad
1301 2957 1361 3022 hoc
1377 2960 1434 3021 niti
1451 2959 1723 3042 debemusquan-

172 3053 344 3116 morientes
368 3053 507 3135 perdunt
535 3053 724 3114 suavitatem
753 3053 916 3134 unguenti.
935 3055 957 3119 G
976 3061 1009 3117 to
1030 3054 1102 3136 plus
1123 3055 1322 3118 adversarius
1344 3065 1460 3120 nostre
1479 3057 1590 3120 salutis
1608 3059 1722 3123 oratio·

171 3149 285 3212 lluscaa
309 3149 428 3212 etenim
458 3149 640 3224 morientes,
666 3157 740 3212 sunt
764 3158 920 3214 extraneas
977 3171 1053 3214 num
1078 3153 1285 3216 attentionem
1308 3154 1463 3236 impedire
1488 3163 1621 3218 conatur
1638 3174 1645 3218 :
1662 3157 1723 3219 scit

172 3247 378 3328 cogitationes
401 3267 471 3330 quae
494 3248 682 3310 suavitatem
705 3249 842 3330 perdunt
862 3269 919 3311 un·

171 3346 292 3426 guenti,
310 3346 415 3420 idest,
432 3346 583 3410 orationis
602 3346 783 3428 impediunt
797 3347 920 3429 experi-

172 3443 344 3506 mentalem
366 3443 580 3506 dulcedinem.
598 3445 653 3506 Est
674 3453 780 3508 autem
803 3445 918 3528 triplex

169 3542 303 3604 attentio
322 3541 474 3605 orationis
494 3541 613 3606 vocalis
631 3559 637 3604 :
656 3543 770 3626 prima,
786 3563 849 3626 qua
866 3544 919 3607 ho

171 3657 224 3702 mo
247 3639 382 3702 attendit
405 3640 503 3703 verba
525 3638 688 3714 orationis,
712 3660 752 3703 ne
776 3649 860 3703 erret
885 3641 917 3703 in

170 3738 235 3819 eis;
252 3739 481 3820 secundaque
502 3757 632 3801 sensum
653 3739 787 3801 attendit
808 3739 918 3802 verbo-

170 3854 263 3916 rum;
279 3836 382 3912 tertia,
399 3855 462 3918 qua
483 3835 583 3900 linem
606 3856 670 3900 suae
694 3837 856 3911 orationis,
873 3837 918 3899 vi-

169 3936 287 3998 delicet
302 3935 402 3998 Deum
423 3942 455 3996 θῖ
470 3935 501 3996 id
521 3935 605 4017 quod
625 3936 706 4018 petit
720 3943 751 3997 et
769 3936 858 4017 cupit
876 3936 916 3998 ab

168 4051 209 4097 eo
223 4033 367 4116 adipisci,
382 4033 525 4096 attendit.
544 4033 582 4095 Et
597 4033 663 4096 haec
678 4033 810 4095 attentio
824 4035 917 4096 tertia

167 4140 219 4195 est
249 4132 349 4212 magis
378 4131 566 4206 necessaria,
593 4139 624 4194 et
653 4131 759 4194 idiotis
790 4150 916 4214 quoque

975 3251 1070 3323 enim,
1078 3270 1134 3334 per
1149 3251 1300 3315 orationis
1316 3252 1499 3316 instantiam
1513 3273 1550 3316 ac
1566 3254 1722 3318 fervorem

975 3368 1009 3411 se
1034 3351 1173 3413 maxime
1197 3351 1404 3433 supplantari.
1421 3352 1501 3414 Hinc
1525 3352 1623 3416 abbas
1644 3354 1722 3435 Aga-

974 3448 1051 3510 thon
1072 3447 1282 3530 interrogatus
1297 3468 1367 3531 quae
1386 3450 1486 3513 virtus
1502 3451 1534 3514 in
1555 3470 1721 3516 conversa·

973 3546 1060 3610 tione
1075 3546 1148 3628 plus
1163 3547 1296 3610 haberet
1309 3547 1437 3623 laboris,
1453 3550 1618 3632 respondit
1628 3569 1634 3612 :
1644 3551 1721 3614 Puto

975 3663 1038 3708 non
1057 3664 1126 3708 esse
1146 3645 1245 3707 alium
1265 3646 1360 3708 talem
1381 3645 1533 3722 laborem,
1550 3649 1654 3730 qualis
1673 3658 1722 3712 θεῖ

974 3761 1064 3806 orare
1093 3745 1203 3806 Deum.
1230 3745 1311 3806 Dum
1342 3745 1429 3808 enirn
1459 3746 1595 3808 voluerit
1624 3747 1720 3812 homo

974 3858 1074 3916 orare,
1102 3860 1229 3924 semper
1258 3841 1417 3905 daemones
1446 3841 1599 3906 festinant
1625 3844 1720 3907 inter-

974 3959 1122 4022 rumpere
1139 3959 1196 4022 pcr
1211 3940 1428 4021 evagationem
1444 3941 1514 4021 ejus
1530 3942 1718 4018 orationem,

974 4039 1110 4101 scientes
1130 4039 1215 4120 quod
1234 4057 1273 4100 ex
1288 4038 1377 4100 nulla
1396 4059 1429 4101 re
1449 4039 1511 4102 nisi
1532 4041 1721 4121 peroratio

973 4155 1048 4199 nem
1063 4137 1102 4199 ad
1118 4138 1217 4199 ileum
1239 4136 1343 4200 lusam
1360 4138 1537 4200 vincantur.
1555 4139 1719 4221 Siquidem

167 4230 351 4313 possibilis3
367 4239 461 4312 atque
484 4231 517 4291 in
538 4239 661 4293 tantum
683 4229 842 4293 interdum
864 4251 917 4293 au·
932 4235 956 4298 D
974 4236 1005 4298 in
1021 4235 1108 4299 omni
1124 4235 1187 4298 alio
1202 4235 1309 4298 labore
1325 4255 1421 4318 quem
1437 4236 1533 4300 homo
1548 4237 1670 4320 positus
1687 4238 1719 4300 in

166 4337 263 4412 getur
277 4336 308 4391 θῖ
323 4329 570 4411 superabundat,
582 4329 667 4410 quod
683 4329 827 4392 omniurn
842 4330 917 4393 alio-

168 4448 243 4491 rum
259 4427 459 4492 obliviscitur
473 4445 577 4501 orans,
595 4435 701 4490 mente
716 4448 774 4490 sua
788 4428 851 4491 Deo
865 4448 917 4490 ve·

167 4529 337 4591 hementer
354 4527 484 4590 intenta.
502 4561 541 4571 -
556 4528 665 4608 ltaque
685 4527 828 4609 evagatio
846 4547 916 4610 quae

167 4633 285 4709 praeter
307 4626 505 4708 propositum
528 4625 645 4687 accidit
665 4626 779 4690 animae
801 4646 839 4688 ex
859 4627 918 4689 hu-

168 4743 264 4787 mana
285 4724 502 4799 instabilitate,
519 4723 659 4786 tractum
680 4725 831 4788 orationis
853 4743 916 4788 non

166 4823 261 4886 tollit.
278 4822 331 4884 hit
346 4840 484 4904 namque
505 4821 640 4884 Basilius
658 4841 664 4884 :
682 4823 713 4884 Si
732 4822 916 4885 debilitatus

65 4956 73 4980 .
166 4941 186 4984 a
206 4928 347 5004 peccato,
365 4920 428 4983 lixo
450 4938 540 4983 orare
560 4939 623 4982 nou
644 4929 744 5003 potes,
761 4929 916 5003 quantum

167 5021 256 5083 vales
270 5027 302 5082 te
318 5021 423 5101 ipsum
440 5019 608 5099 cohibeas;
624 5027 655 5081 et
673 5021 755 5082 Deus
770 5020 915 5100 ignoscit,

167 5119 319 5202 quoniam
337 5135 400 5179 non
417 5137 455 5180 ex
471 5117 674 5198 negligentia,
691 5118 746 5180 sed
767 5137 806 5180 cx
823 5117 916 5200 lragi-

169 5218 257 5280 litate
282 5233 345 5280 non
373 5222 462 5298 potes
487 5223 522 5277 ut
545 5223 669 5299 oportet
690 5217 842 5280 adsistere
866 5235 916 5282 co-

169 5335 238 5380 ram
260 5316 334 5380 lleo.
357 5315 430 5380 llaec
451 5313 596 5378 Thomas.

972 4334 1211 4396 conversatione
1227 4333 1375 4414 religiosa
1387 4336 1606 4415 assumpserit,
1615 4354 1721 4418 quam·

973 4433 1021 4494 vis
1043 4433 1197 4494 instanter
1219 4439 1250 4493 et
1272 4432 1442 4494 toleranter
1463 4439 1544 4513 agat,
1562 4433 1657 4495 habet
1676 4441 1719 4496 ta-

974 4549 1047 4593 men
1062 4531 1201 4612 aliquam
1218 4530 1380 4611 requiem3
1398 4531 1430 4592 in
1446 4531 1587 4594 oratione
1602 4539 1718 4608 autem,

973 4629 1131 4710 usquead
1152 4629 1298 4691 ultimam
1319 4627 1551 4692 exhalationem
1572 4648 1653 4712 opus
1672 4639 1720 4694 est

972 4746 1100 4809 semper
1121 4727 1227 4808 magni
1249 4726 1433 4790 certaminis
1449 4729 1564 4792 studio.

1012 4826 1174 4898 Praeterea,
1196 4825 1227 4886 in
1243 4825 1361 4906 Regula
1384 4826 1413 4889 S.
1430 4826 1537 4888 Basilii
1554 4828 1717 4909 quaritur,

972 4925 1131 5005 quomodo
1151 4923 1295 4986 obtinere
1316 4924 1388 5006 quis
1407 4925 1523 5007 poterit
1542 4934 1578 4988 ut
1598 4927 1631 4989 in
1650 4945 1718 4990 ora-

972 5023 1058 5084 tione
1083 5041 1173 5084 mens
1197 5022 1267 5102 ejus
1292 5040 1355 5085 non
1380 5031 1538 5103 evagetur.
1561 5024 1609 5087 hd
1633 5025 1718 5108 quod

973 5120 1143 5202 respondet
1164 5119 1299 5182 Basilius
1317 5121 1372 5183 :Si
1395 5129 1500 5184 certus
1522 5122 1564 5185 sit
1585 5143 1618 5186 se
1637 5125 1720 5187 adsi-

972 5226 1055 5282 stere
1069 5226 1142 5281 ante
1163 5225 1370 5300 conspectum
1385 5219 1452 5281 Ilei.
1470 5220 1501 5282 Si
1522 5221 1609 5284 enim
1624 5224 1720 5288 homo

972 5317 1152 5400 principem
1167 5324 1197 5380 et
1215 5315 1358 5398 judicem
1379 5337 1473 5383 suum
1493 5327 1656 5384 terrenum
1676 5323 1720 5386 vi·
