4288 6264
404 430 444 494 20
652 447 800 496 nummos
821 449 852 494 ιν
873 449 946 496 rosa
966 447 1095 495 resona.
1117 466 1157 476 -
1177 449 1219 494 ao
1240 448 1414 496 narrarosos
1426 448 1434 512 ;
1457 449 1555 496 sanuo
1576 449 1704 506 ournros

404 617 562 694 taceretis
579 627 614 681 ut
638 619 831 702 putaremini
857 621 1025 702 sapientes.
1043 619 1154 682 llerito
1169 617 1192 682 Α
1209 618 1323 694 centia,
1345 619 1497 701 quoniam
1521 619 1676 702 scriptum
1700 625 1749 681 est
1765 636 1772 680 :
1790 618 1824 681 ln
1849 617 1956 680 multi·
1969 637 2105 689 amanio.

404 734 480 797 ergo
499 717 532 780 in
555 716 709 782 hodierna
730 719 864 801 epistola
883 718 1088 781 beatissimus
1107 718 1155 780 la·
1210 716 1317 798 loquio
1336 735 1400 779 non
1419 715 1555 798 eflugies
1575 725 1760 799 paccatum;
1776 723 1808 780 et
1827 716 1954 788 iterum,

406 815 505 877 cobus
528 824 636 878 monet
654 817 815 899 apostolus
840 824 876 879 ut
898 818 936 879 ad
959 817 1154 899 loquendum
1209 815 1290 876 blors
1305 823 1337 876 ct
1351 815 1416 876 vita
1430 815 1463 876 in
1479 815 1626 903 manibus
1642 815 1765 896 linguae
1774 814 1854 878 Nam
1869 815 1956 895 loqui
1977 835 2106 883 rasam.

405 913 515 976 tardus
537 914 578 976 sit
600 915 704 977 omnis
727 915 832 978 homo.
850 916 928 978 Nam
950 923 982 977 et
1007 915 1154 978 Salomon
1210 920 1242 974 et
1256 913 1369 975 docere
1384 913 1475 975 dccet
1491 913 1689 993 magistrum,
1706 919 1810 975 tacere
1825 919 1856 974 et
1871 913 1958 975 audi·
1971 901 2006 942 ²¹·

258 1016 392 1064 Puram·
407 1010 548 1092 loquitur
565 1029 572 1074 :
587 1013 701 1075 Vidisti
725 1013 865 1094 aliquem
885 1012 1027 1074 velocem
1050 1013 1089 1074 ad
1112 1012 1155 1074 lo·
1211 1029 1245 1072 re
1273 1010 1432 1094 discipulo
1460 1011 1618 1073 convenit.
1645 1011 1726 1073 Ecce
1755 1011 1959 1092 quemadmo-

259 1082 294 1123 ΞΟ·
407 1110 591 1192 quenduml
617 1111 757 1174 Stultitia
787 1112 887 1192 magis
912 1111 1068 1192 speranda
1096 1116 1154 1184 θεῖ,
1211 1110 1296 1183 dum,
1314 1111 1490 1172 secundum
1505 1111 1681 1173 doctrinam
1698 1111 1890 1172 sanctissimi
1907 1110 1961 1172 Be

407 1227 503 1291 quam
525 1209 612 1272 illius
631 1209 796 1273 correctio.
814 1211 977 1285 Praeterca,
994 1217 1080 1271 ῖθηῖθ
1095 1210 1157 1271 vir·
1212 1209 1342 1283 nedicti,
1364 1228 1434 1270 rara
1458 1208 1607 1290 loquendi
1634 1208 1763 1270 licentia
1786 1208 1890 1270 danda
1914 1215 1962 1270 est

407 1313 458 1370 tus
482 1315 531 1370 est
560 1307 905 1394 linguamreprimere
932 1309 1156 1388 moderateque
1213 1306 1308 1368 etiam
1337 1306 1489 1388 perlectis
1518 1307 1697 1388 discipulis,
1723 1307 1872 1389 quamvis
1897 1323 1960 1368 uon

259 1419 391 1470 Marenen
406 1404 505 1488 loqui,
523 1413 558 1468 ut
578 1406 611 1468 in
630 1401 803 1486 Evangelio
822 1407 906 1468 dicat
928 1406 1070 1469 Salvator
1087 1423 1094 1468 :
1112 1406 1156 1467 Ex
1213 1404 1274 1466 nisi
1290 1404 1328 1467 de
1344 1405 1462 1467 sanctis
1477 1411 1509 1466 et
1523 1404 1736 1467 aedificatoriis
1750 1405 1850 1466 velint
1866 1404 1960 1486 loqui.

261 1486 294 1526 ³⁷·
406 1521 460 1565 ore
485 1511 540 1566 tuo
558 1504 800 1584 justificaberis,
817 1512 849 1567 et
872 1523 910 1566 ex
931 1521 985 1567 ore
1008 1513 1063 1566 tuo
1084 1522 1157 1565 con·
1213 1502 1291 1564 Nam
1307 1503 1377 1584 ipsa
1393 1503 1565 1584 loquacitas
1581 1510 1613 1564 et
1631 1502 1801 1565 collocutio
1817 1502 1961 1564 Fratrum

406 1601 619 1665 damnaberis
644 1603 710 1666 Hoc
736 1611 784 1665 cst
808 1603 893 1683 quod
917 1602 1066 1665 Salomon
1087 1603 1155 1663 ait:
1212 1599 1375 1682 frequens,
1388 1600 1551 1681 religionis
1567 1601 1695 1682 derogat
1712 1600 1869 1682 gravitati.
1882 1600 1962 1662 Hinc

273 1713 341 1758 Prov.
356 1727 392 1765 ιιι.
407 1693 451 1763 De
465 1700 573 1762 fructu
590 1700 654 1763 oris
669 1701 720 1762 sui
741 1701 963 1783 unusquisque
982 1698 1159 1782 replebitur
1214 1717 1323 1759 rursus
1345 1697 1376 1760 in
1397 1698 1539 1779 Regula:
1557 1698 1649 1762 Omni
1668 1697 1803 1781 (inquit)
1818 1706 1962 1780 tempore

262 1778 294 1820 ¹⁴·
407 1797 510 1862 bonis.
1171 1791 1194 1853 B
1214 1795 1341 1858 silentio
1360 1789 1478 1857 debent
1496 1797 1623 1858 studere
1642 1797 1802 1871 monachi,
1823 1796 1962 1859 maxime

448 1897 522 1970 Qua
542 1897 650 1959 omnia
670 1917 770 1980 quum
788 1897 832 1958 ita
847 1915 880 1960 se
899 1896 1048 1971 habeant,
1064 1896 1157 1959 ratio·
1213 1901 1320 1956 tamen
1342 1894 1507 1956 nocturnis
1529 1894 1614 1956 horis
1637 1901 1669 1956 et
1689 1903 1761 1976 post
1784 1895 1962 1977 Completo·

408 1995 607 2058 nobilissime
631 2015 667 2058 ac
694 1996 904 2058 saluberrime
928 1996 1029 2058 sancti
1052 1996 1157 2058 Patres
1214 1992 1307 2054 rium.
1325 1991 1412 2065 Quod
1428 1992 1455 2054 si
1471 1993 1619 2054 inventus
1641 1993 1712 2074 quis
1728 1993 1825 2056 luerit
1843 2012 1962 2076 praeva-

409 2093 616 2156 instituerunt
631 2101 666 2156 ut
680 2093 821 2175 religiosi
837 2100 965 2156 servent
981 2092 1156 2166 silentium,
1214 2090 1307 2152 ricari
1322 2091 1547 2153 taciturnitatis
1563 2091 1644 2153 hanc
1660 2093 1814 2173 regulam,
1824 2092 1962 2173 graviori

408 2211 468 2256 uec
484 2193 553 2255 sine
568 2192 698 2255 licentia
717 2193 853 2255 audeant
873 2191 959 2273 loqui
979 2193 1075 2254 etiam
1089 2211 1158 2254 ver·
1213 2188 1362 2251 vindicta
1376 2188 1549 2270 subjaceat,
1567 2189 1629 2251 nisi
1645 2189 1727 2253 forte
1746 2190 1845 2253 abbas
1864 2190 1961 2253 alicui

409 2290 450 2352 ba
474 2291 575 2352 utilia.
601 2291 786 2353 Statueruut
815 2307 943 2372 quoque
966 2288 1158 2352 observatio·
1213 2287 1334 2368 aliquid
1348 2287 1480 2367 jusserit
1496 2305 1502 2350 :
1520 2290 1605 2370 quod
1620 2297 1726 2350 tamen
1747 2308 1820 2352 cum
1837 2308 1963 2352 summa

409 2405 483 2450 nem
505 2387 636 2462 silentii,
658 2388 741 2450 inter
762 2387 922 2468 regulares
941 2387 1158 2449 observantias
1213 2385 1367 2466 gravitate
1382 2393 1413 2448 et
1428 2387 1642 2450 moderatione
1657 2388 1881 2450 honestissima
1895 2388 1960 2450 fiat
2014 2389 2016 2392 ’

407 2493 480 2567 post
498 2487 559 2548 tria
579 2493 651 2554 vota
671 2485 754 2548 inter
773 2485 951 2568 precipuas
970 2505 1076 2548 unam.
1093 2485 1157 2547 Nec
1254 2485 1388 2566 lusuper
1411 2484 1567 2564 gloriosus
1594 2485 1804 2569 Hieronymus
1829 2487 1908 2549 dicit
1930 2487 1962 2548 in

406 2585 594 2648 fractionem
616 2585 746 2658 silentii,
769 2584 927 2647 modicam
948 2584 1075 2666 culpam
1100 2604 1156 2647 seu
1214 2583 1333 2662 Regula
1352 2601 1409 2644 sua
1426 2599 1433 2644 :
1450 2583 1571 2664 Religio
1591 2592 1699 2646 sancta
1719 2586 1752 2646 in
1777 2585 1963 2668 loquacibus

407 2683 675 2746 inordinationem
691 2689 746 2744 aut
764 2683 1049 2764 transgressionem
1066 2701 1159 2765 repu-
1215 2699 1285 2743 esse
1300 2697 1363 2743 non
1379 2688 1491 2764 potest.
1504 2682 1548 2744 Ex
1562 2683 1623 2744 hoc
1638 2685 1726 2746 enim
1741 2685 1843 2746 sancti
1858 2685 1962 2748 Patres

406 2787 555 2843 taverunt
582 2798 589 2842 :
618 2781 703 2862 quod
727 2780 803 2842 binc
831 2781 1035 2862 potissimum
1065 2781 1157 2843 inno·
1214 2778 1248 2839 in
1273 2796 1381 2842 eremo
1405 2780 1519 2853 edocti,
1546 2800 1671 2844 summa
1699 2801 1773 2844 cum
1798 2773 1963 2864 diligentia

405 2879 509 2954 tescit,
540 2879 692 2960 quoniam
724 2879 912 2941 fractionem
944 2879 1064 2942 silentii
1093 2887 1158 2941 tam
1213 2877 1385 2940 observant
1400 2886 1508 2940 sancta
1524 2878 1662 2954 silentia,
1678 2887 1830 2963 tanquam
1847 2889 1963 2944 sanctae

406 2977 588 3060 specialiter
609 2977 806 3059 puniendam
829 2996 899 3040 esse
923 2986 1107 3053 sanxerunt,
1124 2979 1195 3042 utG
1215 2961 1477 3056 contemplationi
1501 2978 1688 3040 necessaria.
1711 2979 1819 3042 Plures
1843 2998 1895 3042 me
1918 2998 1963 3040 re-

406 3076 529 3138 scilicet
556 3074 674 3138 fractor
698 3075 818 3138 silentii
849 3075 977 3157 culpam
1006 3095 1096 3138 suam
1125 3077 1159 3137 in
1214 3073 1335 3155 perisse
1355 3091 1419 3137 non
1438 3074 1575 3155 ambigo,
1597 3075 1654 3158 qui
1678 3095 1735 3158 per
1757 3077 1961 3158 septennium

406 3175 551 3257 proximo
576 3174 693 3236 clamet
716 3173 867 3257 capitulo,
884 3173 1098 3256 detractisque
1119 3192 1158 3236 ex
1214 3170 1340 3234 nullum
1365 3189 1494 3254 prorsus
1518 3173 1653 3236 verbum
1682 3175 1773 3237 alteri
1803 3176 1959 3238 fuderant.

406 3273 541 3334 humero
564 3272 719 3346 vestibus,
737 3278 913 3354 prostratus
935 3272 1089 3354 suscipiat
1113 3272 1158 3333 di·
1214 3269 1381 3351 Propterea
1400 3271 1472 3333 volo
1496 3278 1531 3334 ut
1553 3270 1585 3333 in
1608 3280 1766 3335 conventu
1790 3282 1896 3336 vestro
1915 3282 1963 3336 ter

407 3371 595 3452 sciplinam;
614 3389 714 3452 quum
729 3370 841 3452 utique
858 3387 921 3433 non
936 3371 998 3432 nisi
1016 3388 1075 3451 pro
1088 3389 1157 3451 gra·
1213 3376 1269 3429 aut
1287 3368 1408 3449 pluries
1430 3369 1462 3430 in
1485 3369 1693 3445 hebdomada,
1710 3373 1852 3453 exceptis
1874 3371 1961 3434 lesti-

406 3468 502 3531 vibus
516 3468 608 3530 valde
625 3467 800 3530 sceleribus
817 3468 939 3530 soleant
954 3468 1000 3530 rei
1017 3469 1049 3530 iu
1064 3487 1159 3531 saecu·
1213 3466 1376 3540 vitatibus
1394 3467 1481 3547 loqui
1500 3467 1642 3542 omnino,
1659 3469 1722 3531 nisi
1741 3477 1874 3552 urgente
1890 3489 1961 3532 cau·

408 3567 439 3630 lo
464 3566 568 3629 taliter
591 3565 759 3645 flagellari,
778 3583 838 3628 nec
860 3583 918 3647 pro
941 3565 1012 3627 aliis
1037 3567 1156 3648 passim
1213 3584 1247 3626 sa
1262 3565 1391 3646 perutili
1406 3584 1442 3626 ac
1458 3567 1646 3640 necessaria,
1659 3567 1841 3631 nullatenus
1857 3569 1957 3643 liceat,

407 3664 522 3747 culpis,
553 3663 700 3746 quamvis
729 3663 763 3725 in
793 3663 946 3744 religione
975 3664 1158 3728 notabiliter
1213 3681 1272 3725 nec
1287 3663 1383 3724 simul
1398 3682 1457 3725 nec
1472 3683 1546 3726 cum
1561 3664 1633 3727 aliis
1647 3673 1744 3727 extra.
1752 3665 1870 3729 Diebus
1885 3684 1959 3730 vero

408 3762 542 3844 magnis,
559 3762 603 3823 ita
616 3761 836 3824 determinate
852 3769 958 3824 sunta
973 3763 1091 3824 sanctis
1106 3764 1157 3826 Pa·
1212 3761 1330 3843 quibus
1345 3779 1403 3843 pro
1418 3763 1559 3825 remedio
1574 3770 1605 3825 θῖ
1620 3762 1721 3826 salute
1740 3763 1827 3846 loqui
1847 3782 1958 3828 conce-

406 3861 509 3923 tribus
531 3858 745 3923 communiter
766 3878 880 3942 poenae,
899 3868 953 3922 aut
969 3879 1071 3943 poenae
1091 3869 1155 3924 tam
1212 3859 1308 3933 ditur,
1333 3877 1398 3922 uon
1426 3860 1560 3941 singulis
1589 3860 1676 3924 horis
1705 3863 1883 3924 vacandum
1912 3872 1960 3926 est

409 3979 539 4040 magnae.
557 3959 630 4021 Fuit
645 3957 751 4040 itaque
771 3957 937 4020 beatorum
954 3959 1088 4023 intentio
1103 3962 1156 4024 Pa·
1211 3957 1329 4032 verbis,
1346 3978 1417 4041 quaa
1432 3959 1500 4021 sine
1519 3967 1649 4040 peccato
1671 3960 1806 4042 proferri
1820 3961 1874 4024 vix
1890 3980 1959 4044 pos·

408 4065 494 4120 trum
519 4064 711 4130 nostrorum,
738 4063 772 4117 ut
795 4055 1010 4120 observationi
1037 4058 1156 4121 silentii
1211 4064 1294 4118 sunt.
1312 4056 1373 4119 Sed
1397 4055 1464 4119 bac
1492 4056 1684 4119 inviolabilis
1712 4057 1891 4123 observatio
1915 4061 1959 4123 vi-

407 4156 593 4236 diligentem
616 4173 653 4216 ac
678 4153 834 4216 fervidam
857 4154 1080 4235 impendamus
1104 4176 1156 4218 cu·
1170 4158 1196 4222 1)
1210 4155 1383 4237 geat,quod
1399 4153 1534 4235 singulis
1549 4154 1695 4217 noctibus
1712 4164 1784 4238 post
1798 4166 1958 4238 peractam

407 4252 552 4317 stodiam.
1212 4253 1415 4334 Completorii
1435 4253 1545 4314 horam
1567 4272 1668 4335 usque
1688 4261 1759 4335 post
1773 4255 1912 4331 llissam,
1928 4264 1960 4319 et

447 4352 527 4414 Hinc
551 4351 585 4413 in
607 4351 726 4432 Regula
750 4350 794 4412 ait
814 4351 1004 4414 Benedictus
1025 4370 1032 4414 ε
1054 4353 1157 4414 Facie·
1211 4351 1357 4412 a'lertiis
1373 4370 1474 4431 usque
1489 4352 1528 4413 ad
1543 4351 1776 4426 Nonam,sacra
1790 4353 1959 4418 observen-

408 4471 479 4514 mus
501 4448 586 4533 quod
611 4449 655 4512 ait
679 4449 857 4530 Propheta:
874 4450 956 4523 Dixi,
974 4451 1155 4514 Custodiam
1212 4457 1264 4511 tur
1283 4449 1420 4523 silentia,
1439 4447 1557 4530 quibus
1581 4457 1613 4511 et
1636 4449 1751 4531 linguae
1776 4452 1878 4515 Deum
1898 4453 1961 4516 lau·

406 4550 475 4614 vias
505 4567 603 4622 meas,
628 4555 665 4609 ut
693 4564 756 4610 non
781 4548 965 4628 delinquam
991 4549 1024 4610 in
1049 4549 1156 4631 lingua
1212 4548 1308 4610 dandi
1327 4548 1518 4610 concedatur
1537 4549 1768 4630 opportunitas,
1785 4557 1817 4612 et
1833 4551 1959 4616 inutilia

407 4666 489 4723 mea,
510 4653 570 4710 etc.
592 4646 624 4709 Si
648 4663 723 4727 crgo
746 4665 765 4707 a
785 4645 877 4708 bonis
902 4646 1038 4728 eloquiis
1061 4647 1157 4710 iuter·
1212 4645 1309 4730 uerba
1330 4646 1458 4727 penitus
1478 4646 1715 4708 abscindantur.
1732 4648 1765 4709 ln
1786 4648 1883 4713 cboro
1904 4668 1958 4712 au-

406 4748 484 4809 dum
508 4752 639 4828 propter
661 4743 909 4806 tacitumitatem
930 4743 1026 4806 debet
1046 4747 1155 4822 taceri,
1212 4752 1288 4819 tem,
1305 4744 1502 4818 dormitorio
1515 4745 1678 4807 coenaculo
1693 4753 1725 4807 et
1740 4747 1879 4828 capitulo
1894 4766 1959 4812 om·

406 4852 526 4928 quanto
546 4843 647 4925 magis
667 4861 686 4904 a
706 4842 798 4904 malis
818 4841 925 4904 verbis
944 4849 1074 4926 propter
1093 4863 1158 4926 pte
1212 4844 1245 4905 ni
1272 4851 1416 4925 tempore
1441 4843 1529 4924 loqui
1556 4859 1618 4905 non
1644 4843 1747 4919 liceat,
1772 4845 1834 4908 nisi
1859 4865 1897 4909 ea
1920 4849 1958 4910 ad

406 4961 481 5006 uam
503 4940 626 5025 peccati
644 4940 739 5003 debet
758 4939 881 5002 taceril
896 4940 989 5022 Ergo,
1010 4943 1157 5024 quamvis
1212 4961 1282 5025 qua
1298 4942 1442 5005 ordinata
1456 4949 1530 5003 sunt
1545 4940 1613 5004 loca
1628 4942 1661 5003 in
1677 4943 1825 5007 laudibus
1840 4946 1907 5021 Dei,
1925 4953 1960 5008 ut

406 5043 446 5105 de
461 5042 554 5105 bonis
569 5049 601 5104 et
616 5040 734 5103 sanctis
750 5038 999 5102 aedificationum
1015 5039 1156 5122 eloquiis,
1210 5041 1277 5122 jam
1299 5047 1331 5103 et
1352 5048 1479 5122 tempus
1502 5047 1533 5102 et
1553 5040 1640 5103 locus
1659 5049 1771 5106 restra
1796 5043 1959 5125 religionis

407 5140 558 5225 perlectis
582 5137 751 5220 discipulis
776 5144 906 5219 propter
932 5137 1157 5204 taciturnitatis
1211 5140 1386 5223 praedicent
1415 5137 1625 5214 sanctitatem,
1651 5147 1746 5223 atque
1772 5141 1959 5225 loquacibus

404 5241 593 5323 gravitatem
622 5255 692 5301 rara
721 5234 874 5318 loquendi
902 5237 1094 5300 concedatur
1122 5240 1157 5303 li·
1212 5239 1358 5321 ingerant
1372 5239 1663 5321 compunctionem,
1679 5241 1822 5325 aliosque
1838 5241 1961 5306 inflam-
