4288 6264
453 475 494 541 8ιι
819 497 851 544 ιιι
873 495 923 543 om
943 495 1059 543 snucro
1080 495 1294 544 rauracosras.
1315 513 1355 526 -
1375 499 1474 546 sanxo
1494 499 1648 546 succubus

454 680 511 726 vos
526 665 623 740 scitis,
634 666 720 729 bunc
736 685 794 748 per
808 685 921 730 manus
937 667 1120 749 iniquorum
1136 686 1205 729 cru·
1218 667 1245 730 A
1258 668 1353 730 etiam
1369 677 1460 731 erant
1473 670 1520 732 eis
1535 669 1729 732 communia.
1739 669 1778 730 Et
1792 665 1995 748 perdurabant
2104 655 2105 658 ¹

456 762 605 826 cifixistis
627 772 659 827 et
680 765 860 845 occidistis3
881 783 978 848 quem
1001 765 1085 827 Deus
1107 765 1206 826 susci·
1257 766 1400 846 quotidie
1415 767 1610 829 unanimiter
1625 767 1658 830 in
1675 765 1807 848 templo,
1824 762 1994 827 collaudan-

455 861 535 923 tavit
559 881 577 924 a
602 864 747 938 mortuis,
773 864 867 946 eujus
892 881 950 926 nos
974 879 1085 925 omnes
1109 871 1204 924 testes
1258 871 1305 925 tes
1320 864 1432 938 Deum,
1448 872 1482 926 et
1499 863 1652 928 habentes
1671 863 1807 945 gratiam
1821 863 1862 924 ad
1877 878 1994 924 omnem

455 977 576 1021 sumus.
603 961 771 1044 Quumque
799 961 956 1042 gloriosus
980 961 1204 1042 Apostolorum
1258 960 1403 1042 plebem;
1426 969 1696 1044 sumpseruntque
1720 960 1831 1023 cibum
1856 978 1929 1022 cum
1951 979 1996 1022 ex-

455 1057 605 1140 princeps
627 1078 684 1142 per
705 1059 814 1142 plures
836 1078 933 1122 sacrae
957 1059 1129 1140 Scriptura
1148 1078 1203 1120 au·
1258 1059 1427 1122 sultatione
1441 1059 1601 1142 spirituali
1616 1067 1649 1122 et
1667 1059 1772 1122 cordis
1788 1057 1994 1140 simplicitate.

454 1155 613 1220 claritates
642 1157 758 1221 Christi
784 1157 1050 1220 resurrectionem
1076 1156 1204 1238 probas-
1258 1157 1296 1218 Et
1315 1157 1408 1219 multi
1429 1156 1698 1220 convertebantur
1713 1156 1869 1239 quotidie,
1886 1155 1920 1216 ιιι
1938 1163 1996 1216 tan-

453 1262 512 1328 set,
534 1255 662 1337 adjecit,
687 1258 773 1340 quod
798 1257 941 1321 Christus
962 1257 1019 1319 Dei
1043 1257 1160 1319 virtute
1182 1277 1201 1319 a
1258 1262 1326 1317 tum
1342 1256 1426 1336 quod
1442 1255 1541 1317 multa
1557 1254 1650 1317 turba
1669 1255 1871 1317 sacerdotum
1886 1253 1997 1316 etPha·

453 1359 554 1416 morte
576 1355 758 1428 suscitatus,
775 1363 808 1416 et
828 1373 925 1437 super
947 1355 1043 1417 coelos
1066 1354 1198 1427 levatus,
1257 1353 1421 1416 risaeorum
1437 1353 1681 1416 convertebatur
1694 1355 1733 1416 ad
1749 1353 1997 1418 Christumlicce

453 1451 569 1514 effudit
583 1454 644 1516 hoc
662 1453 782 1517 donum
802 1453 886 1536 quod
902 1453 1019 1515 videtis
1036 1461 1131 1534 atque
1145 1471 1199 1514 ιιι·
1258 1450 1316 1512 ista
1339 1450 1400 1514 fuit
1421 1453 1604 1533 pradicatio
1623 1471 1659 1514 ac
1681 1453 1825 1535 operatio
1844 1452 1998 1535 Apostolo

452 1551 539 1625 ditis,
556 1552 661 1626 idest,
677 1553 810 1633 gratiam
831 1553 935 1626 istam,
952 1551 1152 1634 sapientiam,
1168 1561 1200 1613 et
1258 1567 1329 1610 rum
1351 1549 1410 1612 hoe
1431 1549 1492 1612 die.

453 1649 634 1730 linguarum
654 1651 812 1726 notitiam,
828 1669 865 1713 ιο
884 1651 1038 1714 ιιιιιιιιιιιιι
1057 1658 1201 1712 constan-
1296 1648 1401 1722 Porro,
1416 1647 1480 1710 alio
1501 1650 1639 1730 quodam
1658 1649 1722 1724 die,
1737 1649 1849 1712 Petrus
1864 1657 1897 1711 et
1915 1650 1997 1712 loan-
2019 1673 2084 1712 ιιιι

453 1745 529 1809 tiam
552 1743 683 1829 largitus
704 1755 752 1810 est
773 1747 875 1810 nobis.
1256 1764 1312 1806 nes
1335 1745 1534 1808 intraverunt
1558 1746 1734 1830 templum3
1751 1753 1783 1809 et
1807 1747 1940 1830 quidam
1963 1737 2060 1810 ex‘ffll·

493 1843 547 1905 llis
561 1845 690 1918 auditis,
707 1845 891 1927 compuncti
908 1851 982 1906 sunt
1000 1842 1093 1906 corde
1111 1859 1118 1902 τ
1136 1858 1199 1903 non
1218 1843 1242 1905 B
1257 1843 1420 1905 nativitate
1442 1844 1573 1906 claudus
1595 1846 1687 1927 petiit
1708 1845 1945 1928 eleemosynam
1963 1844 1998 1907 ab

452 1943 634 2018 omnes,sed
650 1943 782 2026 plurimi
797 1943 975 2007 ludaeorum
991 1942 1046 2024 qui
1061 1941 1199 2004 aderant.
1256 1941 1311 2003 eis.
1339 1940 1395 2004 Cui
1420 1943 1529 2004 Petrus
1555 1944 1719 2025 respondit
1742 1945 1948 2024 :Argentum
1971 1949 1999 2004 et

452 2042 488 2102 ln
503 2041 621 2123 quibus
638 2042 806 2124 impletum
821 2041 969 2124 estquod
989 2041 1133 2104 Christus
1146 2058 1200 2101 an·
1255 2058 1367 2101 aurum
1388 2048 1518 2103 nonest
1536 2042 1637 2121 mihi;
1656 2043 1742 2124 quod
1761 2049 1868 2104 autem
1890 2041 1997 2114 babeo,

382 2179 438 2218 nm,
453 2148 484 2202 te
500 2141 681 2221 passionem
697 2140 845 2222 praedixit
857 2139 1103 2212 Judaeiszouum
1119 2138 1201 2200 exal·
1255 2137 1316 2200 ιιοο
1338 2138 1395 2200 tibi
1419 2139 1459 2202 do
1481 2156 1487 2201 :
1510 2141 1542 2202 in
1563 2141 1693 2204 nomine
1711 2141 1784 2203 lesu
1800 2140 1919 2204 Christi
1939 2161 1999 2203 sur-

333 2258 339 2271 ·
452 2239 893 2313 caveritisuiliumhcminis,
910 2237 1015 2311 idest,
1033 2226 1199 2318 postquam
1255 2254 1304 2317 ge,
1322 2244 1354 2298 et
1366 2237 1505 2299 ambula.
1523 2238 1582 2312 Oui
1602 2238 1748 2319 protinus
1763 2237 1928 2312 exsiliens,
1944 2247 1999 2300 ste

453 2335 680 2398 crucifixeritis
710 2355 771 2410 me,
797 2343 874 2397 tunc
902 2335 1100 2415 cognoscetis
1125 2333 1201 2414 quia
1255 2333 1295 2394 tit
1323 2342 1354 2395 et
1382 2335 1581 2414 ambulavit3
1613 2337 1743 2398 intravit
1772 2354 1900 2419 quoque
1930 2355 1998 2398 eum

452 2451 511 2517 ego
526 2453 607 2496 sum.
620 2434 785 2516 Siquidem
802 2440 847 2496 tot
861 2431 1105 2514 allegationibus
1121 2431 1201 2494 Scri·
1255 2433 1345 2495 Petro
1364 2441 1396 2495 et
1408 2435 1527 2496 loanne
1548 2435 1580 2497 in
1599 2435 1770 2517 templum,
1786 2434 1957 2498 ambulans
1972 2443 2001 2497 et

451 2541 618 2615 pturarum
633 2541 665 2595 et
679 2533 775 2596 tantis
791 2532 944 2615 prodigiis
960 2538 1035 2594 sunt
1049 2529 1199 2604 convicti,
1255 2531 1416 2606 exsiliens,
1440 2533 1636 2616 laudansque
1661 2534 1773 2596 Deum.
1796 2534 1871 2597 Viso
1895 2542 2000 2596 autem

451 2639 484 2695 at
506 2632 643 2714 Spiritus
665 2632 798 2696 Sanctus
821 2649 875 2694 eos
899 2647 979 2712 quos
1001 2629 1097 2710 elegit
1121 2629 1200 2691 iute-
1254 2638 1319 2693 tam
1335 2631 1456 2714 ingenti
1472 2632 1638 2707 miracula,
1654 2651 1809 2696 conversa
1822 2640 1898 2696 suut
1913 2634 2001 2716 quin-

451 2731 518 2793 rius
538 2730 651 2813 tetigit.
669 2731 707 2793 ut
728 2731 879 2793 dixerunt
899 2730 938 2793 ad
960 2729 1087 2791 Petrum
1110 2735 1143 2790 et
1160 2728 1200 2790 ad
1255 2748 1317 2812 que
1337 2729 1441 2792 millia
1459 2731 1651 2794 Judaorum.

449 2830 616 2912 Apostolos
639 2831 718 2893 alios
735 2847 742 2892 :
759 2829 839 2904 Quid
864 2828 1031 2902 faciemus,
1052 2826 1114 2890 viri
1138 2825 1199 2888 fra·
1293 2828 1411 2910 ltaque,
1428 2829 1511 2892 sicut
1528 2829 1628 2894 Judaei
1646 2830 1707 2893 boc
1721 2831 1773 2893 die
1787 2830 1829 2893 ab
1843 2829 2001 2914 Apostolis

450 2929 650 2992 tresfPetrus
664 2946 741 2992 vero
755 2927 836 2990 dixit
848 2928 888 2991 ad
903 2926 1199 2990 eoszl'oeuitentiam
1253 2929 1291 2991 ad
1310 2928 1469 2991 Christum
1490 2929 1646 3004 conversi,
1663 2938 1951 3012 perseveraverunt
1970 2931 1999 2992 in

449 3028 542 3108 agite,
559 3035 591 3090 et
614 3027 792 3111 baptizetur
816 3025 1037 3108 unusquisque
1057 3033 1198 3088 vestrum
1217 3026 1476 3110 CApostclcrum
1495 3027 1649 3103 doctriua,
1667 3036 1699 3090 et
1714 3028 1910 3092 Sacramenti
1931 3047 2000 3112 per·

450 3125 482 3189 in
506 3127 636 3190 nomine
658 3127 732 3190 Jesu
758 3123 885 3198 Christi,
912 3125 946 3186 in
976 3124 1199 3187 remissionem
1255 3126 1411 3207 ceptione,
1427 3133 1459 3188 et
1480 3125 1688 3200 orationibus,
1704 3145 1742 3188 ιο
1761 3126 1910 3190 laudibus
1932 3127 1999 3200 Dei,

448 3233 651 3307 peccatorum
673 3241 824 3303 suorum;
839 3231 878 3286 et*
890 3223 1055 3305 accipietis
1078 3222 1199 3285 donum
1254 3224 1297 3286 ita
1312 3241 1369 3286 nos
1390 3223 1559 3289 Christiani
1580 3242 1720 3306 agamus.
1738 3225 1915 3288 Teneamus
1937 3246 2001 3290 me-

447 3324 585 3406 Spiritus
605 3324 723 3398 Sancti,
741 3323 773 3386 id
795 3331 853 3398 est,
875 3340 939 3385 non
963 3322 1067 3384 solum
1090 3321 1200 3384 remis·
1255 3323 1385 3385 moriter
1402 3322 1500 3386 verba
1521 3341 1617 3386 sacrae
1639 3323 1822 3406 Scripturae,
1839 3332 1871 3386 et
1891 3343 2002 3387 secuu-

447 3422 570 3485 sicnem
590 3429 807 3506 pcccatorum,
824 3420 879 3482 sed
897 3421 994 3483 etiarn
1015 3421 1135 3482 donum
1154 3441 1201 3483 sa·
1254 3421 1330 3483 dum
1351 3440 1388 3483 ea
1403 3421 1557 3483 vivamus.
1575 3421 1639 3484 Nec
1659 3438 1823 3484 sermones
1842 3423 1897 3504 qui
1917 3423 2003 3485 fiunt

447 3521 575 3601 pientiae
597 3537 634 3582 ac
657 3520 850 3600 linguarum,
866 3518 952 3600 quod
975 3518 1008 3580 in
1028 3517 1121 3580 nobis
1143 3520 1201 3582 mi·
1254 3519 1369 3602 aliquis
1401 3519 1503 3582 tradat
1535 3518 1700 3593 oblivioni,
1732 3521 1787 3583 sed
1822 3521 1910 3584 cordi
1946 3539 2002 3585 suo

447 3618 575 3680 remini.
599 3619 687 3680 Tunc
711 3634 849 3697 namque
875 3615 1041 3697 baptizatis
1066 3616 1201 3679 dabatur
1254 3618 1475 3699 unusquisque
1498 3618 1662 3699 imprimat
1683 3635 1738 3681 eos
1762 3636 1821 3700 pro
1845 3637 1952 3701 posse,
1969 3627 2002 3682 ut

448 3716 662 3780 communiter
677 3714 812 3797 Spiritus
827 3713 960 3776 Sanctus
976 3712 1009 3774 in
1024 3713 1116 3794 signo
1130 3734 1199 3777 sen·
1253 3734 1347 3779 omne
1373 3724 1499 3798 tempus
1524 3736 1619 3778 suum
1643 3716 1806 3780 fructuose
1831 3719 2001 3800 expendat,

447 3814 535 3879 sibili
557 3833 614 3897 per
637 3812 875 3894 impositionem
897 3829 1048 3873 manuum
1069 3813 1198 3894 Aposto
1253 3821 1362 3895 turpes
1378 3822 1409 3876 et
1424 3832 1519 3876 vanas
1536 3814 1741 3895 cogitationes
1756 3822 1852 3898 atque
1872 3815 2001 3878 illicitas

448 3915 563 3986 lorum,
580 3913 624 3974 ita
643 3911 728 3994 quod
748 3909 898 3993 baptizati
920 3908 1133 3990 loquebantur
1147 3929 1198 3972 va·
1252 3913 1438 3976 affectiones
1463 3912 1502 3974 de
1526 3913 1620 3975 corde
1644 3930 1702 3976 suo
1726 3914 1866 3996 expellat
1891 3933 1899 3976 z
1923 3916 2001 3997 quia

447 4011 503 4074 riis
519 4010 649 4092 linguis,
666 4009 749 4072 sicut
763 4008 1042 4090 ApostoliSicque
1059 4009 1196 4090 Spiritus
1252 4031 1310 4093 por
1329 4011 1498 4074 Jeremiam
1523 4011 1711 4092 prophetam
1737 4012 1878 4095 loquitur
1903 4015 1999 4090 Deus,

446 4110 580 4174 Sanctus
597 4107 732 4192 replevit
747 4107 842 4170 corda
858 4106 986 4168 illorum
1005 4105 1129 4169 fervida
1148 4127 1196 4170 ca·
1251 4111 1421 4193 Usquequo
1434 4109 1642 4172 morabuntur
1652 4110 1736 4192 apud
1746 4118 1778 4173 te
1791 4113 2000 4193 cogitationes
2012 4139 2100 4184 nm

446 4209 539 4272 ritate
562 4214 658 4290 atque
681 4205 854 4288 multiplici
879 4205 996 4268 virtute
1020 4224 1057 4267 ac
1081 4205 1192 4287 gratia.
1210 4210 1235 4272 u
1251 4208 1376 4271 noxiaef
1400 4215 1431 4270 et
1455 4226 1512 4290 per
1535 4208 1721 4290 prophetam
1747 4209 1921 4286 llichaeam,
1946 4212 1999 4277 l'ae
2013 4236 2097 4281 ιιιιι·

490 4310 623 4391 insuper
647 4307 718 4370 aliis
744 4307 853 4370 multis
878 4305 984 4368 verbis
1008 4306 1195 4370 hortabatur
1251 4307 1342 4370 vobis
1365 4307 1421 4388 qui
1446 4307 1590 4386 cogitatis
1615 4307 1738 4370 inutile.
1761 4307 1839 4370 Nam
1864 4309 1999 4392 spiritus
2024 4335 2100 4392 spot

446 4427 499 4472 eos
520 4408 549 4471 S.
563 4401 677 4471 ¹Petrus
694 4423 701 4468 ε
719 4405 892 4470 Salvamini
911 4405 1090 4488 (inquiens)
1108 4425 1125 4468 a
1142 4424 1195 4487 ge·
1250 4414 1379 4468 sanctus
1401 4404 1578 4487 disciplinae
1596 4405 1730 4488 effugiet
1748 4405 1874 4481 fictum,
1890 4415 1921 4471 et
1940 4429 1999 4472 au·

446 4507 609 4570 neratione
624 4505 682 4568 hac
702 4523 811 4587 prava,
827 4504 859 4566 id
874 4511 933 4577 est,
950 4502 989 4565 ab
1007 4503 1194 4567 infidelibus
1250 4504 1332 4567 feret
1346 4522 1379 4566 se
1394 4522 1412 4565 a
1428 4503 1671 4583 cogitationibus
1687 4523 1757 4585 quae
1774 4514 1849 4568 sunt
1864 4507 1932 4570 sine
1950 4508 1999 4572 iu·

445 4613 478 4669 et
491 4604 659 4669 obstinatis
673 4603 788 4667 ludaeis
807 4602 980 4665 abstrahite
996 4621 1061 4664 vos.
1079 4602 1132 4664 llis
1147 4603 1193 4665 di·
1250 4603 1388 4665 tellectu.
1416 4601 1627 4682 Cogitationes
1651 4603 1771 4685 quippe
1800 4611 1832 4666 et
1854 4605 1999 4669 actiones

446 4705 517 4780 ctis,
542 4703 603 4765 tria
628 4702 730 4765 millia
752 4701 932 4764 Judaeorum
958 4719 1031 4762 mox
1055 4700 1195 4764 credide·
1250 4701 1426 4764 suntvelut
1441 4702 1731 4782 picturaequaedam
1748 4703 1875 4767 mentis.
1887 4705 2002 4780 Quem·

445 4811 538 4882 runt;
555 4810 587 4865 et
610 4800 864 4883 baptizabantur,
881 4818 916 4861 ac
939 4799 1060 4882 Spiritu
1080 4799 1194 4863 Sancto
1249 4800 1420 4864 admodum
1436 4817 1511 4879 ergo
1531 4807 1670 4863 stercora
1686 4809 1717 4863 et
1736 4802 1806 4866 aliae
1826 4804 1934 4867 sordes
1954 4815 2000 4868 at-

445 4903 574 4986 copiose
593 4919 630 4963 ac
648 4897 946 4961 misericordissime
967 4897 1191 4981 implebantur.
1249 4919 1311 4982 que
1328 4899 1511 4982 putredines
1528 4899 1688 4962 maculant
1703 4919 1740 4963 ea
1754 4902 1873 4982 quibus
1887 4924 2000 4988 super-

447 4999 693 5067 Perseverabant
707 5013 834 5080 quoque
855 4997 888 5058 in
907 4995 1051 5060 doctrina
1064 4997 1195 5080 Aposto
1249 5004 1423 5081 ponuntur,
1435 5005 1470 5060 ut
1486 4998 1581 5080 ligna,
1593 5017 1677 5073 saxa,
1689 5007 1815 5076 terram,
1825 5003 1998 5085 parietem3

446 5101 561 5175 lorum,
581 5107 613 5162 et
637 5097 928 5161 communicatione
952 5095 1116 5158 fractionis
1141 5115 1194 5178 pa·
1251 5099 1303 5172 ita,
1325 5097 1390 5160 imo
1414 5097 1706 5180 incomparabiliter
1731 5099 1815 5181 plus,
1836 5119 1940 5182 prave
1965 5112 2000 5167 et

445 5201 506 5276 nis,
524 5201 556 5263 id
570 5206 620 5262 est
634 5196 839 5281 perceptione
859 5194 1054 5258 Sacramenti
1073 5195 1193 5272 altaris,
1249 5215 1338 5260 vana
1367 5195 1572 5276 cogitationes
1600 5195 1852 5281 affectionesque
1880 5201 1998 5266 anima

444 5309 476 5370 et
504 5297 714 5373 orationibus,
744 5313 781 5360 ac
810 5293 958 5358 laudibus
987 5293 1053 5359 Dei.
1081 5293 1195 5359 Omnia
1250 5303 1390 5358 mentem
1406 5295 1576 5379 deturpant
1595 5303 1627 5358 et
1645 5296 1826 5381 inquinant,
1842 5299 1889 5362 sic
1908 5302 1997 5387 quod
