4214 6254
443 497 503 564 180
703 515 851 564 noumrm
872 516 906 562 ru
926 515 1000 564 rosr
1018 513 1213 562 miurmrnu.
1234 530 1274 542 —
1295 512 1469 560 nvnnmuo
1489 512 1522 558 vv
1542 510 1737 559 nvauusmuu

840 931 1144 1018 unhunsllo
1178 930 1234 1015 IN
1267 925 1605 1015 EVANGELIUM

518 1199 620 1247 maur
641 1197 933 1254 arvnormomurns
955 1197 997 1242 nu
1018 1195 1112 1243 vesun
1132 1193 1293 1242 russicam
1315 1194 1351 1240 nr
1371 1192 1574 1249 rucmronas,
1595 1191 1659 1238 me.
1675 1174 1751 1237 Luc.
1769 1191 1821 1248 xv,
1838 1172 1914 1238 l-llt.

519 1477 594 1540 um
622 1475 777 1540 Dominus
806 1483 914 1538 noster
937 1476 1028 1537 Jesus
1052 1472 1195 1537 Christus
1208 1470 1235 1534 Α
1249 1473 1391 1532 dicentes
1405 1491 1416 1530 .·
1432 1473 1516 1540 Quia
1536 1472 1589 1530 tic
1607 1471 1698 1533 Jesus
1713 1479 1894 1546 peccatores
1912 1473 1977 1530 reci-

309 1602 434 1655 nemus.
450 1475 516 1679 O
534 1577 574 1638 ad
594 1576 655 1638 boc
677 1574 766 1637 venit
787 1573 820 1635 in
843 1573 1012 1648 mundum,
1030 1579 1066 1633 ut
1088 1589 1197 1653 pecea-
1244 1571 1310 1646 pit,
1326 1579 1356 1629 et
1374 1572 1551 1630 manducat
1571 1589 1644 1629 cum
1665 1570 1745 1629 itlr's.
1761 1567 1857 1641 Quasi
1875 1568 1976 1641 dicant,

448 1683 532 1739 tores
551 1674 590 1736 ad
611 1672 831 1755 paenitentiam
851 1691 888 1734 ac
906 1671 1042 1733 salutem
1056 1675 1194 1742 vocaret,
1249 1668 1317 1730 Nou
1347 1668 1422 1730 licet
1448 1685 1454 1730 :
1482 1687 1582 1749 quum
1611 1667 1776 1749 Scriptura
1804 1666 1898 1740 dicat,
1923 1667 2065 1730 Virinnae

448 1773 568 1836 idcirco
583 1790 617 1836 se
636 1771 683 1834 eis
703 1771 793 1853 pium
811 1777 843 1832 et
858 1769 1093 1852 compassivum
1109 1766 1196 1829 exhi·
1247 1765 1328 1846 justi
1347 1767 1411 1828 sint
1431 1765 1488 1827 tibi
1509 1764 1749 1828 commensales.
1768 1764 1806 1826 Et
1820 1764 1977 1836 Psalmista‚

448 1871 518 1935 buit
540 1891 547 1936 :
569 1879 664 1953 atque
686 1869 727 1933 ob
752 1870 812 1932 boc
838 1868 886 1930 illi
909 1867 1104 1930 fiducialiter
1124 1882 1196 1928 con·
1250 1863 1395 1946 Superbo
1409 1863 1543 1946 (inquit)
1558 1871 1590 1926 et
1605 1861 1779 1926 insatiabili
1800 1864 1904 1938 corde,
1918 1882 1977 1925 cum
1998 1877 2052 1920 ec,

448 1969 593 2033 fluebant
607 1969 646 2031 ad
666 1987 752 2030 eum.
771 1967 809 2029 Et
824 1967 884 2029 hoe
906 1966 938 2029 in
956 1965 1121 2047 evangelio
1136 1965 1196 2026 isto
1250 1963 1310 2025 hoe
1325 1981 1388 2025 non
1404 1963 1549 2025 edebam.
1567 1962 1628 2025 Sed
1643 1961 1798 2037 Christus,
1815 1961 1871 2044 qui
1886 1981 1979 2044 pecca·

446 2067 650 2132 describitur.
668 2067 720 2130 Ait
739 2067 847 2147 itaque
868 2065 992 2128 Lucas:
1250 2081 1284 2123 re
1303 2079 1367 2124 non
1387 2069 1521 2144 poterat,
1538 2068 1570 2123 et
1586 2061 1705 2124 idcirco
1720 2069 1852 2124 venerat
1870 2069 1904 2123 ut
1921 2076 2035 2142 pec-m.»
2047 2084 2062 2114 u

486 2169 597 2228 Erant
622 2166 923 2243 appropinquantes
945 2166 988 2222 ad
1007 2165 1116 2222 Jesuns
1137 2179 1197 2237 pu-
1250 2167 1371 2222 catores
1403 2168 1612 2235 converteret,
1645 2178 1709 2223 uon
1741 2159 1848 2223 solum
1877 2159 1979 2241 absque

448 2264 584 2333 blicani,
600 2263 655 2344 qui
677 2261 817 2344 publicis
839 2260 1032 2342 quibusdem
1056 2259 1197 2321 intende·
1250 2259 1405 2341 periculo,
1430 2260 1485 2321 sed
1516 2277 1589 2321 cum
1620 2259 1742 2340 ingenti
1770 2259 1868 2322 etiam
1891 2257 1980 2320 fructu

448 2360 525 2423 bant
544 2359 692 2441 negotiis,
710 2365 819 2441 utpote
835 2358 1002 2439 vectigalia
1022 2376 1079 2420 seu
1098 2356 1197 2419 tribu·
1251 2356 1472 2438 peccatoribus
1492 2375 1526 2419 se
1545 2356 1702 2438 adjunxit,
1719 2357 1831 2439 eisque
1852 2356 1980 2420 convesci

447 2467 479 2521 ta
500 2458 667 2539 exigendo,
691 2457 824 2520 levando
845 2465 900 2519 aut
920 2456 1136 2519 conducendo.
1159 2455 1197 2516 Et
1250 2455 1399 2535 dignatus
1418 2463 1482 2535 est;
1499 2475 1558 2518 nec
1578 2456 1737 2538 praetactis
1757 2455 1981 2519 auctoritatibus

448 2557 601 2640 quoniam
626 2556 688 2619 tale
712 2555 860 2619 officium
884 2555 923 2618 fit
947 2573 1017 2617 raro
1041 2563 1096 2616 aut
1116 2573 1197 2616 nun·
1252 2553 1481 2635 prohibebatur
1512 2555 1590 2636 quin
1621 2554 1699 2634 justi
1731 2554 1791 2616 hac
1823 2554 1982 2618 intentione

447 2675 544 2738 quam
574 2655 644 2718 sine
673 2661 814 2738 peccato,
840 2654 987 2717 Pharisaei
1017 2661 1049 2716 et
1078 2652 1233 2716 SeribaeB
1253 2659 1381 2733 possent
1396 2671 1430 2714 se
1446 2651 1667 2734 peccatoribus
1689 2653 1821 2726 sociare,
1839 2661 1875 2714 ut
1888 2670 1937 2716 eos
1952 2650 1983 2712 ad

447 2753 636 2836 publicanos
661 2752 852 2835 reputabant
873 2768 1004 2832 magnos
1025 2759 1120 2833 atque
1141 2769 1195 2814 no·
1251 2751 1307 2812 Dei
1323 2749 1514 2833 obsequium
1532 2757 1786 2834 perpetuamque
1802 2752 1933 2814 salutem
1948 2749 1983 2811 in-

447 2852 544 2914 torios
569 2859 762 2934 peccatores.
787 2850 826 2912 Hi
850 2867 925 2932 ergo
949 2860 979 2909 et
1000 2858 1195 2926 peccatores,
1251 2848 1413 2911 ducerent.
1435 2849 1530 2912 Porro
1555 2849 1713 2924 Pharisaei,
1734 2851 1790 2933 qui
1815 2859 1904 2913 erant
1926 2847 1984 2911 reli·

447 2950 557 3024 idest,
582 2950 638 3032 qui
662 2949 770 3012 minus
791 2948 897 3010 vitiosi
920 2947 1050 3011 fuerunt
1072 2954 1127 3009 aut
1147 2966 1195 3009 re·
1250 2947 1330 3028 giosi
1353 2948 1545 3022 Judaeorum,
1571 2955 1602 3010 et
1631 2948 1760 3023 Scribat,
1787 2951 1845 3032 qui
1869 2949 1983 3011 fuerunt

365 3095 366 3100 1
447 3047 654 3129 putabantur,
681 3064 778 3129 quam
801 3045 975 3128 publicani.
1002 3046 1056 3108 lsti
1082 3061 1194 3127 appro·
1251 3046 1395 3109 doctores
1424 3065 1546 3122 eorum,
1578 3065 1641 3110 non
1670 3065 1745 3110 vere
1774 3047 1928 3110 caritativi
1953 3064 1982 3106 ac
2071 3103 2072 3114 ,

447 3147 685 3229 pinquaverunt
709 3145 833 3208 Christo
858 3152 1014 3228 quantum
1042 3145 1081 3206 ad
1104 3163 1195 3206 suam
1249 3144 1338 3224 justi,
1365 3146 1420 3208 sed
1449 3145 1555 3226 magni
1585 3153 1616 3208 et
1645 3147 1805 3228 sapientes
1835 3147 1869 3210 in
1897 3144 1983 3209 oculis
2002 3123 2072 3199 ursii

445 3245 677 3308 humanitatem
707 3243 924 3326 corporaliter,
949 3244 1025 3326 quia
1054 3241 1196 3306 localiter
1251 3243 1432 3325 suis‚atque
1448 3243 1641 3306 mendaciter
1655 3243 1982 3326 justi,indignatisunt

447 3351 650 3406 accesserunt
665 3343 704 3405 ad
719 3359 812 3422 eum3
829 3351 861 3405 et
876 3349 1031 3425 qnantum
1048 3342 1086 3404 ed
1104 3360 1195 3404 suam
1251 3341 1289 3403 de
1311 3341 1531 3404 misericordia
1552 3341 1669 3405 Christi
1692 3342 1724 3404 in
1746 3350 1938 3425 peccatores,
1952 3341 1983 3402 de

447 3441 597 3504 deitatem
612 3439 914 3522 appropinquabant
928 3440 958 3502 ei
974 3439 1193 3521 spiritualiter,
1252 3459 1314 3521 qua
1337 3441 1475 3520 gaudere
1497 3448 1529 3502 et
1549 3439 1665 3522 gratias
1689 3458 1783 3522 agere
1805 3441 1981 3504 debuerunt.

449 3558 506 3621 per
526 3539 768 3602 conversionem
790 3557 846 3600 seu
866 3538 1108 3621 dispositionem
1128 3556 1195 3600 cor·
1251 3538 1340 3601 Falsa
1354 3539 1474 3620 quippe
1488 3539 1612 3619 justitia
1626 3539 1722 3602 habet
1736 3540 1983 3620 indignationem,

449 3638 498 3700 dis
519 3638 569 3699 sui
587 3636 627 3699 ad
643 3636 807 3698 caritatem
823 3643 855 3698 et
869 3637 1014 3716 gratiam,
1032 3654 1089 3697 seu
1108 3637 1196 3699 unio·
1251 3655 1326 3700 vera
1337 3637 1460 3718 justitia
1475 3637 1917 3720 compassionemsecundum
1928 3637 1986 3701 Gre-

450 3755 524 3799 nem
540 3735 715 3797 virtuosam
736 3753 811 3796 cum
825 3735 900 3808 Deo,
917 3734 1093 3796 secundum
1111 3735 1195 3817 qnod
1250 3736 1387 3818 gorium.

303 3853 436 3907 suetus.
449 3833 585 3897 Iacobus
609 3832 654 3895 ait
677 3850 684 3895 :
707 3832 969 3915 Appropinquate
992 3833 1067 3908 Deo,
1090 3838 1122 3895 et
1144 3831 1233 3916 ap-(i
1290 3835 1435 3917 insuper,
1457 3835 1600 3898 Christus
1624 3835 1737 3898 solitus
1758 3836 1807 3898 uti
1828 3834 1983 3919 parabolis,

450 3931 681 4016 propinquabit
698 3931 799 3995 vobis.
816 3934 857 3994 Ut
872 3933 1028 3992 audirent
1045 3935 1152 4003 ittam,
1165 3933 1197 3994 id
1252 3942 1483 4016 consequenter
1508 3934 1632 3997 inducit
1656 3934 1842 4016 parabolam
1865 3954 1925 4018 qua
1945 3951 1984 3996 os·

450 4040 500 4096 est
515 4030 774 4114 pradicationem
790 4029 917 4104 Christi,
932 4031 1064 4094 auribus
1080 4031 1197 4093 mentis
1252 4032 1353 4095 tendit
1377 4032 1607 4096 Pharisaeorum
1635 4051 1673 4095 ac
1702 4032 1887 4096 Scribarum
1915 4049 1985 4095 erre

449 4138 483 4194 et
502 4129 655 4213 corporis.
677 4128 820 4192 Christus
842 4129 929 4193 enim
952 4130 1107 4211 quosdam
1128 4129 1198 4192 illo-
1252 4151 1331 4206 rem,
1347 4149 1446 4214 seque
1461 4150 1554 4213 agere
1568 4132 1653 4214 quod
1668 4132 1708 4194 ad
1723 4151 1819 4195 suum
1835 4131 1983 4216 spectabat
2069 4165 2070 4168 =

449 4249 521 4292 rum
545 4227 683 4311 gratiose
702 4228 768 4308 jam
792 4227 897 4309 tetigit
918 4235 949 4289 et
970 4227 1135 4310 prevenit,
1152 4227 1198 4288 in·
1251 4229 1398 4293 officium
1420 4247 1427 4292 :
1448 4230 1533 4312 quod
1554 4229 1617 4292 fuit
1634 4237 1817 4312 peccatores
1836 4237 1984 4294 converte·

448 4336 564 4412 tusque
579 4327 675 4390 traxit
686 4327 727 4390 ad
742 4346 782 4390 se.
790 4327 931 4400 Qualiter
945 4334 1052 4390 autem
1068 4333 1197 4409 propter
1252 4348 1296 4404 re,
1313 4328 1453 4411 perditos
1468 4347 1620 4411 qnaerere,
1638 4336 1779 4393 mortuos
1797 4347 1857 4412 per
1870 4329 1983 4410 culpam
1994 4345 2061 4388 rana

449 4427 590 4489 diversas
612 4443 723 4488 causas
744 4425 892 4487 homines
913 4423 1140 4488 confluxerunt
1158 4424 1196 4486 ad
1251 4427 1417 4490 vivificare
1437 4445 1494 4508 per
1512 4427 1657 4507 gretiam,
1674 4434 1706 4489 et
1723 4445 1778 4490 eos
1797 4427 1854 4510 qui
1874 4445 1929 4510 per
1945 4443 1983 4487 er-

450 4522 757 4598 Ghristum,dictum
772 4529 822 4585 est
835 4540 929 4605 saepe.
942 4523 1106 4605 Siquidem
1124 4541 1197 4586 cou-
1253 4543 1338 4588 rores
1363 4543 1399 4587 ac
1423 4525 1502 4587 vitia
1530 4533 1621 4588 erent
1643 4525 1790 4608 dispersi,
1816 4545 1875 4608 per
1897 4525 1983 4586 fidem
2000 4541 2066 4584 vebs

451 4629 620 4684 currerunt
642 4621 681 4683 ad
705 4639 779 4682 eum
809 4628 940 4704 propter
968 4621 1197 4684 miraculorum
1252 4631 1284 4685 et
1305 4623 1470 4685 caritatem
1492 4623 1525 4685 in
1547 4624 1611 4686 Deo
1633 4623 1792 4705 colligere.
1994 4608 2016 4646 ⁵³·
2068 4679 2069 4684 ,

451 4720 522 4800 ejus
537 4719 761 4801 frequentiam,
779 4726 909 4801 propter
927 4738 992 4783 suae
1008 4719 1198 4802 eloquentiae
1292 4725 1336 4784 Et
1360 4723 1408 4782 ait
1433 4725 1477 4782 ad
1500 4723 1574 4782 illos
1592 4724 1785 4799 parabolam
1814 4725 1923 4794 istam,
1944 4721 1984 4780 ‹tt-

451 4817 670 4892 eminentiam,
686 4817 727 4880 ob
747 4818 820 4880 vita
840 4835 904 4881 suae
929 4819 1139 4895 sanctitatem,
1156 4819 1197 4882 ob
1252 4841 1325 4881 cens
1340 4841 1352 4880 .·
1367 4821 1447 4889 Quis
1466 4840 1508 4880 ca
1527 4823 1615 4880 uobis
1633 4822 1724 4882 honen
1743 4823 1803 4901 qui
1821 4823 1915 4883 babet
1928 4839 1986 4880 cen·

451 4915 592 4979 nominis
616 4914 667 4977 sui
690 4915 819 4988 famam,
845 4914 886 4978 ob
911 4934 1037 4979 morum
1067 4935 1197 4980 suorum
1254 4929 1323 4980 tum
1337 4939 1420 4990 acres,
1429 4928 1458 4978 et
1474 4920 1504 4978 si
1513 4921 1703 4995 perdiderit
1719 4940 1833 4992 unam,
1842 4929 1902 4984 etc.
1914 4920 1987 4983 Para·

451 5020 662 5088 venustatem,
679 5013 720 5076 ob
736 5013 843 5076 vultus
863 5021 894 5076 et
914 5015 1056 5098 corporis
1077 5015 1125 5077 sui
1147 5016 1237 5079 deb
1253 5017 1326 5081 bola
1345 5017 1405 5080 ista
1423 5018 1518 5100 plana
1532 5025 1590 5092 est,
1607 5026 1703 5101 atque
1717 5019 1757 5081 ad
1772 5019 1985 5082 declarandum

451 5129 569 5186 eorem,
596 5119 628 5174 et
656 5111 731 5193 quia
759 5112 851 5175 valde
879 5113 1108 5176 consolatorius
1137 5114 1199 5177 fuit
1253 5116 1368 5181 Christi
1391 5117 1549 5179 intentum
1574 5117 1748 5199 aptissima.
1766 5117 1893 5180 Etenim
1912 5114 1984 5178 aliud

450 5211 521 5293 ejus
542 5211 712 5293 adspectus
732 5219 827 5294 atque
848 5211 974 5274 affatus.
1253 5235 1310 5299 per
1328 5235 1398 5280 eam
1420 5215 1554 5298 probare
1571 5234 1635 5279 non
1650 5217 1762 5292 voluit,
1779 5217 1842 5279 nisi
1860 5215 1941 5300 quod
1955 5231 1985 5276 er

491 5312 535 5372 Et
554 5311 806 5372 murmurabant
825 5311 994 5372 Pharisaei
1012 5320 1041 5371 et
1060 5314 1196 5384 Scriboe,
1252 5332 1316 5399 quo
1331 5316 1426 5379 bomo
1442 5315 1558 5378 multas
1573 5315 1740 5398 possidens
1755 5333 1841 5393 oves
1859 5317 1886 5380 si
1902 5331 1986 5378 unam
