4164 6258
462 457 523 522 238
815 476 965 524 uomica
985 478 1004 522 V
1025 477 1099 524 POST
1118 475 1313 524 rarurrlruu.
1333 495 1372 506 -
1393 477 1493 524 sunno
1514 476 1668 524 SECUNDUS

463 643 659 708 ruminantia
679 645 902 728 intelliguntur
916 645 1063 710 homines
1081 645 1213 728 diligen·
1225 647 1252 710 A
1266 647 1377 723 dicari,
1393 647 1501 710 statim
1518 645 1682 731 poeniteat,
1698 653 1731 708 et
1750 644 1835 708 sicut
1848 644 1886 707 de
1902 663 1989 728 supar-

462 742 583 824 tes,qui
600 743 697 806 verba
712 744 768 807 llei
784 763 854 827 qua
868 745 1037 808 audieruut
1052 753 1084 806 et
1098 745 1211 819 sciunt,
1267 744 1308 807 bo
1323 753 1509 827 praetactum
1530 751 1578 808 est
1592 751 1663 826 agat
1680 762 1687 807 :
1704 742 1857 827 quoniam
1872 741 1989 806 Christus

429 871 431 874 ·
464 847 572 902 mente
596 843 776 916 revolvunt,
797 843 983 905 memoriter
1007 849 1127 916 teuent,
1151 842 1214 905 fre·
1266 851 1410 917 testatur,
1426 843 1493 906 Nisi
1512 842 1734 926 poenitentiam
1749 841 1888 922 egeritis,
1902 857 1991 904 omnes
2000 859 2078 913 rann

464 947 599 1022 quanter
628 940 840 1015 considerant,
866 949 1023 1024 quatenus
1051 941 1142 1021 juxta
1165 959 1214 1004 ea·
1266 941 1364 1003 simul
1383 940 1540 1023 peribitis.
1557 941 1622 1004 Nee
1641 940 1838 1003 admittenda
1852 927 2014 1013 estmora‚²

464 1037 537 1099 dem
559 1038 676 1100 vivant.
694 1039 782 1100 Unde
804 1038 843 1100 de
864 1039 932 1102 viro
953 1039 1039 1118 justo
1058 1039 1160 1100 fertur
1180 1039 1211 1100 iu
1267 1039 1426 1122 quiaque
1451 1039 1484 1101 in
1510 1039 1650 1122 peccatis
1674 1037 1747 1121 quis
1763 1037 1938 1100 diuturnius
1956 1037 1991 1118 ja·

463 1134 587 1198 Psalmo
604 1153 611 1197 :
628 1137 663 1198 ln
684 1136 753 1217 lege
771 1136 899 1199 Domini
919 1137 1066 1200 voluntas
1083 1137 1165 1218 ejus,
1182 1143 1213 1199 et
1268 1144 1328 1211 cet,
1345 1155 1382 1200 eo
1398 1135 1567 1199 difficilius
1586 1135 1700 1217 surgit,
1716 1143 1748 1198 et
1762 1143 1905 1217 tempore
1922 1134 1992 1196 infir·

464 1233 498 1296 iu
520 1233 588 1316 lege
610 1233 680 1315 ejus
703 1234 910 1297 meditabitur
930 1235 982 1298 die
1004 1254 1041 1297 ac
1063 1243 1165 1298 nocte.
1268 1235 1388 1297 mitatis
1412 1255 1469 1298 sua
1498 1233 1688 1297 infirmitate
1717 1234 1763 1296 sic
1788 1233 1947 1316 premitur,
1966 1241 1993 1295 ut

498 1332 613 1395 Contra
628 1332 695 1396 haec
709 1341 807 1414 agunt
821 1333 1051 1416 quamplurimi
1067 1333 1122 1416 qui
1139 1352 1214 1415 pra-
1268 1353 1325 1417 per
1339 1354 1410 1396 eam
1425 1335 1464 1396 ad
1480 1334 1703 1417 poeniteudum
1718 1333 1828 1395 minus
1843 1339 1931 1414 aptus
1943 1335 1994 1394 red·

463 1431 621 1494 dicatione
636 1438 668 1494 et
683 1431 901 1495 exhortatione
916 1450 972 1494 seu
988 1431 1212 1494 informatione
1268 1432 1378 1512 datur3
1395 1432 1531 1515 talisque
1551 1432 1740 1514 poeuitentia
1759 1450 1801 1493 ex
1819 1431 1929 1493 timore
1946 1449 1995 1493 scr·

462 1529 582 1605 audita,
600 1548 673 1593 mox
688 1530 726 1592 ad
743 1529 869 1592 inutilia
885 1549 919 1593 se
939 1530 1122 1604 effundunt,
1139 1547 1213 1592 con·
1268 1531 1323 1593 vili
1346 1530 1560 1594 damnationis
1582 1537 1708 1594 aterna
1730 1530 1805 1612 plus
1827 1529 1906 1592 solet
1924 1529 1993 1602 oriri,

462 1627 657 1702 fabulantur,
674 1627 877 1703 cachinnant,
893 1646 953 1690 uec
968 1628 1046 1709 quid
1062 1628 1212 1710 praedica-
1268 1647 1363 1710 quam
1379 1649 1418 1692 ex
1433 1624 1541 1694 ambre
1555 1629 1612 1691 llei
1627 1637 1660 1691 et
1673 1628 1741 1691 zelo
1756 1628 1911 1691 virtutum
1922 1645 1929 1689 :
1939 1627 1995 1690 ideo

461 1733 531 1788 tum
551 1726 593 1788 sit
611 1725 782 1808 diligenter
803 1726 988 1807 recogitant,
1005 1725 1128 1788 similes
1147 1726 1213 1789 ani·
1267 1728 1455 1791 adsalutem
1471 1745 1535 1790 non
1551 1728 1688 1810 prodest.
1708 1726 1797 1791 Unde
1814 1725 1994 1810 periculosis-

462 1823 600 1886 malibus
622 1842 686 1888 non
706 1823 945 1886 ruminantibus
965 1843 1001 1886 ac
1024 1824 1208 1886 immundis.
1230 1827 1386 1893 Bsimum
1407 1846 1444 1890 ac
1459 1826 1704 1890 stolidissimum
1721 1834 1770 1889 est
1784 1825 1924 1888 differre.
1938 1825 1995 1888 Pro

461 1923 519 1997 Qui
535 1930 641 1985 autem
656 1930 758 1985 toturn
774 1923 912 1985 retinere
928 1940 990 1984 uon
1008 1922 1211 2006 valetaliqua
1268 1933 1338 2008 pter
1352 1926 1437 2008 quod
1452 1925 1693 1989 Ecclesiasticus
1708 1923 1897 1988 docetzNon
1909 1923 1995 1985 tardes
2008 1939 2076 1982 ran

460 2020 572 2085 saltem
589 2020 735 2095 retineat,
752 2028 784 2082 et
804 2039 841 2084 ea
861 2020 1039 2102 prasertim
1059 2040 1129 2102 quae
1147 2020 1210 2082 sibi
1267 2025 1410 2087 converti
1435 2025 1474 2087 ad
1498 2024 1682 2098 Dominum,
1699 2030 1731 2086 et
1754 2041 1795 2085 ne
1819 2021 1946 2086 differas
1965 2007 2019 2085 de*

461 2119 589 2182 utiliora
604 2127 679 2182 sunt
694 2137 752 2202 pro
772 2138 904 2183 suorum
925 2118 1151 2201 exstirpatione
1167 2119 1211 2182 vi·
1267 2123 1319 2186 die
1341 2123 1374 2185 in
1394 2123 1498 2203 diem;
1515 2123 1622 2186 subito
1643 2121 1731 2185 euim
1752 2122 1863 2184 veniet
1882 2121 1924 2183 ira
1941 2121 1994 2194 lici,

461 2218 579 2281 tiorum
596 2226 628 2280 et
646 2218 815 2300 adeptione
831 2218 998 2281 virtutum.
1015 2217 1095 2280 llinc
1114 2217 1144 2279 S.
1160 2217 1210 2280 Jo-
1267 2228 1299 2283 et
1321 2221 1354 2283 in
1375 2221 1426 2284 die
1448 2221 1598 2284 vindicta
1618 2220 1783 2303 disperdet
1804 2227 1845 2283 te.

461 2335 560 2379 annes
576 2316 830 2399 chrysostomus,
843 2315 1210 2399 Constantinopolitanae
1300 2319 1526 2383 Verumtamen
1551 2319 1682 2402 quidam
1707 2325 1783 2380 sunt
1809 2318 1854 2380 ita
1878 2317 1995 2380 indurati

461 2414 735 2497 archiepiscopus,
766 2413 933 2477 cousuevit
964 2412 1107 2476 subditos
1136 2431 1209 2476 suos
1266 2425 1298 2480 et
1313 2418 1473 2491 excaecati,
1485 2425 1521 2478 ut
1535 2435 1574 2480 ox
1590 2415 1816 2500 predicatione
1832 2434 1896 2480 nou
1911 2417 1997 2479 solum

461 2513 525 2576 sibi
540 2513 616 2576 hine
631 2513 705 2575 inde
721 2512 885 2576 obviantes
906 2511 1100 2594 interrogare
1115 2513 1154 2574 de
1169 2512 1209 2574 iis
1267 2533 1330 2578 uon
1346 2515 1528 2598 proficiant,
1545 2515 1601 2577 sed
1620 2520 1652 2577 et
1672 2513 1800 2597 pejores
1817 2514 1996 2576 reddantur:

462 2631 533 2694 qua
557 2611 752 2694 predicavit,
768 2617 864 2692 atque
887 2609 1002 2673 oblitos
1025 2611 1141 2673 acriter
1164 2610 1210 2672 iu·
1266 2615 1342 2696 quia
1364 2614 1443 2677 dum
1465 2622 1576 2677 contra
1599 2612 1677 2676 vitia
1700 2611 1820 2694 quibus
1845 2611 1997 2687 foedantur,

462 2711 604 2791 crepavit
614 2727 620 2771 :
631 2728 689 2792 per
703 2709 787 2792 quod
803 2725 857 2772 eos
873 2708 999 2770 induxit
1012 2709 1051 2770 ad
1067 2717 1210 2772 tenacem
1265 2713 1401 2776 audiunt
1421 2711 1599 2796 praedicari,
1616 2711 1752 2773 irrident
1772 2718 1828 2774 aut
1853 2712 1999 2792 indignan-

461 2827 498 2872 ac
513 2807 699 2889 diligentem
719 2807 982 2889 praedicationum
1002 2826 1132 2870 suarum
1147 2825 1211 2870 me·
1266 2819 1326 2874 tur.
1344 2810 1403 2885 Qui
1418 2810 1537 2873 distant
1552 2809 1737 2891 longissime
1751 2827 1771 2870 a
1785 2809 1900 2885 saluta,
1915 2828 1999 2892 quun

462 2907 607 2970 moriam.
1266 2909 1412 2974 Salomon
1428 2909 1584 2972 fateatur:
1597 2909 1726 2991 Egestas
1746 2916 1779 2972 et
1794 2909 1965 2992 ignominia
1976 2908 1999 2970 ci
2017 2930 2071 2972 nas

502 3006 618 3079 Quarto
633 3005 798 3067 eredentes
814 3004 933 3067 debent
947 3004 1045 3067 verba
1059 3005 1209 3088 praedica·
1226 3013 1248 3076 c
1265 3009 1320 3092 qui
1335 3008 1453 3071 deserit
1467 3007 1686 3090 discipliuam;
1697 3008 1755 3091 qui
1770 3015 1881 3071 autem
1896 3007 2001 3089 acquic
2012 2997 2034 3036 ¹³·

462 3105 558 3167 tionis
586 3122 624 3166 ac
653 3103 765 3166 salutis
795 3121 869 3165 cum
898 3102 1080 3166 obedientia
1109 3102 1210 3166 veloci
1264 3106 1325 3169 scit
1345 3106 1502 3187 arguenti,
1523 3105 1770 3187 glorificabitur.
1789 3106 1923 3190 Semper
1939 3120 2000 3185 ergo

462 3203 583 3277 audire,
600 3202 871 3285 quemadmodum
888 3202 1010 3278 Petrus,
1024 3203 1159 3265 loannes
1179 3209 1210 3265 et
1265 3206 1384 3268 dociles
1404 3212 1500 3288 atque
1523 3204 1706 3267 tractabiles
1731 3205 1847 3278 simus,
1863 3204 2000 3288 quoniam

461 3301 608 3375 lacobus,
624 3300 748 3363 Christo
770 3301 926 3374 hortante,
943 3301 1089 3383 protinus
1111 3300 1210 3364 adim·
1264 3305 1297 3367 in
1314 3303 1537 3366 Ecclesiastico
1552 3303 1709 3385 scriptum
1729 3311 1779 3366 est
1796 3320 1803 3365 :
1820 3303 1883 3368 Cor
1899 3303 2001 3366 durum
2022 3317 2067 3363 aaa

464 3400 552 3482 plere
567 3406 734 3481 coeperunt
748 3399 833 3480 quod
848 3399 895 3460 eis
911 3398 1080 3461 commisit.
1089 3399 1135 3461 Ad
1150 3399 1210 3462 hoc
1265 3403 1347 3465 male
1363 3401 1493 3466 habebit
1506 3401 1540 3463 in
1555 3401 1743 3477 novissimo,
1760 3409 1794 3464 et
1808 3419 1865 3464 cor
1878 3419 2002 3483 nequam
2012 3385 2061 3427 Μ·

463 3499 613 3580 equidem
641 3498 807 3560 ordinatur
829 3497 959 3560 moralis
988 3497 1155 3560 instructio
1179 3505 1211 3560 et
1263 3499 1447 3583 gravabitur
1472 3498 1646 3563 doloribus.

435 3609 440 3622 ·
464 3595 647 3681 praedicatio
661 3596 700 3658 de
715 3594 949 3678 pertinentibus
964 3596 1003 3658 ad
1017 3597 1163 3672 salutem,
1176 3604 1212 3658 ut
1305 3598 1421 3672 Quinto
1434 3597 1593 3660 audienda
1612 3605 1689 3659 sunt
1703 3597 1803 3660 verba
1820 3597 2003 3680 pradicatio

462 3697 553 3775 juxta
575 3713 628 3757 eas
650 3694 804 3758 vivamus.
821 3695 952 3777 Propter
970 3696 1055 3777 quod
1075 3695 1210 3758 lacobus
1265 3697 1315 3759 uis
1341 3714 1414 3758 cum
1445 3695 1623 3758 imitatione
1648 3694 1765 3759 Christi
1792 3701 2004 3779 perseverante

328 3813 406 3859 raso.
421 3828 450 3868 n,
464 3795 508 3856 ait
532 3793 693 3876 apostolus
711 3811 718 3854 :
736 3792 854 3855 Scienti
878 3792 998 3856 bouum
1024 3801 1056 3856 et
1078 3812 1142 3858 uon
1166 3794 1210 3856 fa·
1265 3803 1360 3877 atque
1375 3794 1478 3869 finali,
1495 3802 1529 3856 ut
1545 3794 1771 3877 predicatione
1787 3793 1894 3868 finita,
1907 3791 2006 3856 fideles

198 3927 199 3930 Ἴ
318 3881 350 3922 f'f.

465 3891 573 3964 clenti,
599 3898 765 3973 peecatum
790 3899 839 3952 est
867 3891 935 3971 illi3
960 3899 1054 3974 atque
1083 3892 1211 3954 Psalmi·
1266 3893 1321 3975 qui
1340 3892 1523 3967 adfuerunt,
1540 3891 1702 3955 Christum
1721 3892 1935 3974 spiritualiter
1949 3889 2006 3952 imi·

319 4013 449 4066 raanan
464 3989 723 4054 stazlntellectus
738 3987 841 4051 bouus
856 3990 1006 4051 omuibus
1021 3988 1211 4052 facientibus
1266 3999 1373 4055 tantur
1397 3991 1574 4053 imitatione
1597 3990 1703 4054 stabili
1729 3999 1762 4054 et
1786 3993 1955 4075 completa.
1979 3990 2006 4050 lu

465 4107 551 4162 oum,
583 4088 614 4150 id
643 4095 693 4149 est
719 4105 816 4168 opere
844 4087 1095 4170 adimplentibus
1126 4089 1210 4169 quod
1266 4090 1359 4172 cujus
1374 4091 1501 4170 siguum
1517 4089 1626 4152 Petrus
1642 4097 1675 4152 et
1689 4089 1768 4153 socii
1783 4091 1857 4170 ejus
1872 4105 2079 4172 corpora-rac

465 4187 623 4269 agendum
646 4203 716 4249 csse
747 4185 938 4266 intelligunt.
962 4186 1039 4260 lmo,
1066 4193 1102 4247 ut
1125 4186 1250 4268 prin-1)
1267 4189 1339 4250 liter
1354 4188 1453 4250 secuti
1470 4194 1545 4249 sunt
1560 4187 1733 4262 Christum,
1750 4207 1853 4270 quum
1869 4187 2009 4271 praedica·

332 4308 350 4353 u
361 4309 450 4361 reon,
466 4305 540 4368 ceps
555 4285 780 4367 Apostolorum
796 4291 940 4358 testatur,
955 4283 1067 4346 Melius
1084 4291 1132 4346 est
1147 4302 1210 4347 non
1265 4287 1385 4349 tionem
1400 4285 1470 4366 ejus
1485 4285 1660 4348 audissent.
1672 4286 1718 4349 lta
1732 4294 1765 4348 et
1779 4305 1838 4350 nos
1856 4286 2009 4350 Christum

317 4375 351 4416 tr.

466 4400 655 4464 cognoscere
676 4382 762 4445 viam
783 4381 926 4462 justitia,
948 4400 1044 4464 quam
1068 4391 1140 4465 post
1159 4400 1210 4445 oo·
1267 4385 1299 4446 in
1331 4383 1504 4446 virtutibus
1538 4383 1712 4459 imitemur,
1743 4384 2008 4467 quemadmodum

464 4482 640 4563 gnitiouem
670 4489 843 4544 retrorsum
873 4482 998 4543 reverti.
1022 4481 1130 4564 ltaque
1155 4483 1210 4564 qui
1266 4485 1335 4566 ipse
1350 4483 1494 4546 hortatur
1511 4499 1518 4544 :
1534 4483 1593 4556 Qui
1610 4483 1689 4545 mihi
1711 4483 1883 4559 ministrat,
1901 4503 1952 4546 me
1969 4499 2009 4544 se
2026 4499 2079 4542 ruo

465 4579 622 4662 superbus
645 4587 704 4653 est,
725 4579 831 4641 audita
856 4579 1079 4662 praedieatione
1102 4588 1211 4644 eontra
1266 4589 1390 4665 quatur.
1398 4581 1563 4644 Discamus
1579 4599 1655 4662 ergo
1668 4601 1686 4644 a
1701 4581 1921 4665 Christo,quia
1936 4580 2009 4644 mitis
2021 4565 2080 4666 {a

465 4676 660 4759 superbiam,
684 4675 830 4758 protinus
854 4695 888 4738 se
912 4677 1070 4752 emendet,
1092 4678 1131 4741 de
1153 4698 1211 4741 sua
1265 4687 1313 4742 est
1327 4687 1359 4742 ct
1373 4678 1507 4741 humilis
1528 4679 1639 4760 corde;
1655 4679 1757 4742 simus
1777 4679 1933 4754 timorati,
1954 4690 2045 4742 mae

465 4775 600 4838 elatione
614 4775 778 4856 poeniteat,
786 4774 932 4838 confiteri
949 4776 1211 4857 proponat,satis-
1265 4778 1328 4840 turi
1349 4785 1380 4839 et
1399 4777 1550 4840 custoditi
1572 4777 1604 4839 in
1625 4777 1787 4840 omnibus.
1804 4778 1841 4840 ln
1861 4778 1947 4852 cibo,
1963 4795 2010 4858 po-

465 4873 568 4936 faeere
591 4873 738 4951 studeat;
754 4880 787 4935 ct
806 4881 925 4954 quanto
944 4881 1011 4936 erat
1030 4875 1208 4957 superbior,
1266 4884 1311 4949 tu,
1338 4875 1466 4950 vestitu,
1492 4893 1605 4938 somno
1629 4883 1662 4938 et
1686 4875 1948 4959 possessionibus
1970 4893 2010 4936 re-

465 4978 553 5032 tauto
569 4971 609 5032 ad
626 4970 865 5052 profundiorem
885 4991 919 5033 se
939 4972 1035 5034 donet
1049 4970 1210 5035 humilita-
1265 4992 1336 5035 rurn
1356 4973 1399 5034 sit
1417 4973 1554 5055 quilibet
1574 4973 1776 5053 moderatus;
1794 4973 1941 5036 futurum
1962 4971 2010 5035 Dei

465 5077 540 5143 tem,
551 5069 627 5150 quia
641 5068 798 5130 contraria
812 5069 977 5132 contrariis
993 5077 1153 5133 curantur.
1164 5071 1211 5133 Si·
1263 5071 1422 5152 judicium
1438 5079 1470 5134 et
1485 5071 1641 5135 infernale
1656 5073 1855 5155 supplicium
1868 5092 1890 5136 a
1903 5072 2011 5136 nostris

466 5167 658 5250 militer,qui
672 5185 786 5229 avarus
801 5175 856 5230 aut
871 5167 1052 5232 luxuriosus
1067 5169 1210 5243 est,dum
1266 5189 1429 5251 uunquam
1458 5171 1585 5234 recedat
1614 5170 1802 5251 memoriis;
1828 5172 1972 5253 linguam
1995 5187 2011 5230 a

465 5273 575 5333 contra
598 5265 675 5332 vitia
699 5263 816 5349 quihus
841 5267 957 5343 sordet,
973 5266 1111 5330 audierit
1133 5287 1211 5351 prae
1264 5267 1439 5351 superfluis
1470 5277 1503 5331 et
1531 5269 1653 5332 illicitis
1686 5269 1922 5352 restringamus
1953 5267 2010 5332 elo·
