4164 6258
414 366 473 433 198
687 388 834 436 nomurcc
856 390 887 436 rv
907 388 981 436 rosr
1001 387 1199 436 mrunlrrur.
1219 406 1258 418 —
1279 388 1453 446 autumare
1474 389 1506 435 m
1527 387 1694 436 nrrsromu

414 565 496 622 stam
525 559 711 624 felicitatem
736 561 921 636 electorum,
947 561 1008 624 hoc
1036 567 1085 624 est
1112 560 1162 623 sui
1176 560 1203 625 A
1217 559 1425 622 excellentius
1439 558 1501 622 lilii
1516 559 1572 624 Dei
1587 567 1748 624 vocantur.
1755 557 1873 622 Deinde
1888 577 1956 642 pre

415 656 517 738 ipsius
547 657 745 735 felicitatem,
773 678 836 742 qua
866 677 938 721 cum
967 659 1024 722 Dei
1053 658 1163 722 electis
1217 657 1347 721 inducta
1368 657 1507 720 declarat
1526 658 1706 741 Apostolus.

414 755 637 840 adoptivisque
665 756 744 820 filiis
768 757 981 823 beatificanda
1004 764 1062 830 est,
1088 775 1162 819 cum
1256 758 1387 818 Scimus
1405 759 1492 818 enim
1512 759 1599 836 quod
1617 759 1723 818 omnis
1741 766 1895 818 creatura
1912 758 1954 816 in-

415 852 535 934 ingenti
556 855 713 918 desiderio
734 857 943 938 praestolatur,
960 855 1073 934 dicens¹
1089 872 1163 938 quo·
1213 858 1361 933 gemiscit
1390 865 1420 915 et
1444 857 1597 932 parturit
1625 877 1727 936 usquc
1755 857 1873 916 adhuc.
1898 855 1955 918 lloc

271 972 311 1016 θ..
324 985 366 1024 m,
378 974 399 1016 2.
414 951 492 1014 tidie
509 969 516 1014 :
532 951 805 1026 Quemadmodum
821 954 979 1016 desiderat
995 972 1108 1017 cervus
1122 955 1161 1016 ad
1216 953 1341 1016 duobus
1361 955 1465 1017 modis
1485 955 1664 1036 exponitur.
1681 955 1799 1028 Primo,
1815 955 1854 1016 de
1875 953 1955 1017 omni

414 1050 518 1114 fontes
537 1070 703 1135 aquarum,
722 1053 765 1116 ita
785 1053 943 1116 desiderat
963 1053 1070 1115 anima
1092 1072 1162 1116 mea
1216 1052 1347 1115 homine
1372 1052 1497 1114 mortali
1520 1052 1636 1117 fideli:
1657 1053 1712 1135 qui
1737 1053 1856 1116 dicitur
1878 1052 1955 1132 inge·

414 1149 453 1212 ad
473 1157 515 1223 te,
532 1151 625 1213 Deus.
643 1151 723 1213 Hinc
742 1152 776 1213 in
796 1151 900 1234 prima
918 1151 1046 1214 loannis
1067 1151 1163 1214 Cano
1217 1150 1364 1224 miscere,
1381 1151 1571 1232 suspirando
1590 1152 1629 1213 ad
1649 1151 1798 1233 patriam,
1814 1159 1909 1232 atque
1921 1150 1957 1214 ob

266 1263 399 1318 rimam.
415 1249 487 1311 nica
510 1248 628 1311 dicitur
654 1267 660 1312 :
687 1250 778 1312 Nunc
807 1249 869 1312 lilii
898 1251 954 1313 liei
983 1269 1105 1325 sumus,
1131 1257 1163 1312 et
1216 1249 1289 1312 vitae
1304 1247 1401 1329 hujus
1417 1249 1578 1330 augustias
1593 1257 1625 1315 ct
1643 1268 1802 1312 aerumnas
1817 1248 1957 1330 lrequcu·

267 1330 288 1371 ²·
414 1346 558 1408 nondum
586 1348 734 1429 apparuit
762 1347 840 1430 quid
869 1347 1017 1427 erimus;
1043 1348 1162 1410 scimus
1216 1353 1266 1408 ter
1287 1347 1387 1427 gemit
1410 1345 1560 1428 lugetque
1583 1347 1614 1408 in
1636 1346 1719 1409 valle
1741 1347 1801 1409 bac
1825 1347 1958 1408 lacrima·

413 1443 566 1524 quoniam
582 1463 682 1526 quum
702 1445 896 1527 apparuerit,
913 1444 1035 1507 similes
1055 1445 1083 1507 ei
1102 1445 1162 1508 eri·
1217 1462 1307 1523 rum;
1333 1451 1365 1506 et
1389 1445 1558 1526 parturire,
1584 1445 1644 1507 boc
1675 1453 1723 1508 θεῖ
1752 1463 1827 1507 cum
1859 1445 1958 1507 dolore

414 1560 498 1616 mus,
516 1541 591 1623 quia
605 1541 786 1605 videbimus
802 1562 875 1605 eum
892 1543 986 1605 sicuti
1002 1550 1058 1606 θεῖ.
1072 1544 1161 1606 Nunc
1217 1542 1341 1622 operari
1351 1559 1360 1620 ;
1375 1564 1392 1600 c
1403 1561 1505 1624 usque
1519 1541 1623 1604 adhuc
1634 1565 1663 1616 a,
1680 1542 1788 1625 quiaa
1805 1541 1958 1624 principio

414 1656 488 1720 ergo
514 1638 803 1704 manifestationem
828 1647 861 1703 ct
884 1640 1067 1703 beatificam
1090 1641 1161 1703 illu·
1218 1640 1329 1702 mundi
1345 1640 1391 1701 sic
1407 1639 1584 1722 scitusque
1600 1640 1633 1702 in
1649 1659 1800 1722 praesens,
1817 1648 1850 1703 θῖ
1865 1659 1958 1721 usque

414 1739 621 1803 minationem
645 1740 737 1803 istam
763 1740 937 1804 electorum
962 1739 1198 1803 affectuosis-B
1217 1737 1256 1799 ad
1280 1744 1415 1800 mortem
1439 1737 1604 1821 finemque
1628 1738 1735 1801 saeculi
1761 1737 1892 1799 durabit
1913 1737 1959 1800 bic
2077 1797 2078 1822 ,

413 1837 494 1900 sime
510 1838 902 1920 prestolemur,quatenus
916 1839 1043 1902 tandmn
1055 1838 1161 1902 anima
1216 1835 1354 1916 gemitus
1377 1843 1409 1897 θῖ
1430 1835 1599 1917 parturitio
1619 1836 1688 1899 ista.
1706 1834 1856 1899 Secundo
1875 1853 1960 1916 expo
2077 1837 2078 1840 ’

414 1943 446 1998 θῖ
461 1953 593 2018 corpore
608 1937 791 2018 glorificati,
807 1938 1008 2001 declaremus
1022 1945 1054 2000 θῖ
1067 1955 1161 2018 agno·
1216 1934 1303 1995 nitur
1316 1933 1506 2014 generaliter
1520 1934 1559 1996 de
1574 1933 1808 2016 principalibus
1824 1933 1961 2016 partibus

413 2051 541 2096 scamur
568 2053 637 2098 esse
662 2035 723 2097 lilii
750 2036 805 2098 Dei
836 2055 892 2118 per
915 2035 1160 2099 similitudinem
1217 2031 1313 2112 hujus
1333 2033 1443 2094 mundi
1465 2031 1639 2106 sensibilis,
1656 2032 1780 2094 scilicet
1798 2031 1960 2094 elementis

413 2132 532 2213 glorias.
551 2133 704 2216 Denique,
726 2133 856 2197 nominc
875 2142 1025 2196 creature
1047 2132 1162 2195 intelli·
1216 2129 1469 2212 corporibusque
1484 2130 1669 2194 coelestibus
1687 2148 1694 2192 :
1712 2151 1783 2212 quaa
1804 2130 1959 2212 mctapbo

266 2249 354 2301 amu,
364 2251 398 2292 ao.
413 2231 499 2310 gitur
523 2230 629 2304 homo,
645 2231 772 2293 dicente
795 2231 945 2312 Apostolc
961 2247 968 2292 :
986 2230 1162 2293 invisibilia
1215 2229 1281 2291 rice
1295 2246 1421 2309 gemere
1436 2236 1622 2291 asseruntur
1635 2247 1672 2292 ac
1687 2227 1960 2311 parturirequem·

413 2327 468 2391 uei
486 2346 544 2410 per
558 2346 596 2390 ea
610 2346 680 2410 quae
696 2327 778 2391 iacta
792 2337 1057 2402 sunt,acreatura
1072 2349 1162 2391 muu—
1215 2328 1387 2391 admodum
1422 2346 1553 2408 campus
1586 2327 1704 2389 dicitur
1731 2327 1905 2400 exsultare,
1931 2335 2055 2388 eterna

414 2426 446 2488 di
471 2425 724 2508 conspiciuntur,
745 2427 805 2490 boc
830 2435 878 2489 θεῖ
902 2427 942 2490 εῖ)
965 2428 1107 2502 bomine,
1127 2436 1161 2490 ut
1216 2433 1342 2508 pratum
1359 2425 1471 2487 ridere.
1490 2425 1577 2487 Unde
1592 2444 1649 2506 per
1663 2425 1821 2506 gemitum
1841 2443 1958 2498 eorum,

414 2542 525 2587 omnes
547 2533 719 2606 exponunt.
1217 2522 1406 2603 intelligitur
1429 2522 1593 2586 inclinatio
1615 2541 1671 2586 seu
1692 2523 1858 2605 appetitus
1883 2523 1959 2605 ipso

463 2625 610 2686 Vanitati
623 2625 721 2694 enim,
739 2623 833 2686 idest
851 2623 1062 2698 instabilitati,
1079 2642 1161 2686 mor·
1216 2640 1287 2685 rum
1302 2622 1341 2684 ad
1357 2628 1474 2683 statum
1490 2621 1734 2703 perfectiorem3
1752 2639 1811 2703 per
1831 2621 1960 2704 parturi-

413 2721 537 2795 talitati,
555 2721 729 2804 multisque
750 2723 865 2804 poenis,
881 2732 1036 2783 creatura
1058 2725 1163 2800 subje—
1215 2721 1334 2782 tionem
1351 2736 1436 2792 vero,
1455 2727 1565 2781 mutua
1578 2719 1741 2799 generatio
1755 2727 1787 2782 et
1803 2720 1961 2801 corruptio

413 2830 465 2880 eta
485 2830 542 2890 est,
559 2820 591 2882 id
617 2828 665 2883 θεῖ
687 2821 794 2895 homo,
809 2821 899 2901 juxta
924 2821 1002 2883 illud
1025 2822 1057 2883 iu
1079 2821 1161 2884 Psal-
1217 2824 1372 2898 quantum
1387 2817 1425 2879 ad
1446 2815 1615 2890 clementa,
1631 2817 1682 2880 vel
1704 2824 1816 2878 mutua
1831 2817 1961 2879 circum-

415 2936 467 2981 mo
484 2936 491 2980 :
508 2919 735 2981 Verumtamen
751 2919 900 2981 universa
914 2920 1162 2994 vanitas,omuis
1179 2917 1201 2981 C
1216 2915 1337 2978 volutio
1357 2923 1511 2996 quantum
1531 2916 1570 2978 ad
1593 2915 1735 2978 coelestia
1754 2932 1900 2997 corpora.
1922 2915 1961 2976 Er

414 3017 510 3080 bomo
525 3017 655 3096 vivens3
672 3036 737 3077 non
754 3021 872 3086 colens,
884 3017 915 3078 id
930 3025 978 3080 θεῖ
994 3035 1056 3080 uon
1072 3036 1164 3099 spon·
1217 3014 1334 3095 quibus
1350 3013 1487 3086 elicitur,
1497 3014 1581 3094 quod
1597 3015 1774 3076 secuudum
1790 3013 1962 3078 doctrinam

413 3123 455 3189 te,
473 3115 548 3197 quia
564 3114 663 3177 invite
684 3114 749 3177 baec
766 3114 901 3196 patitur;
917 3115 979 3188 rel,
995 3137 1011 3174 c
1027 3133 1090 3178 non
1111 3134 1162 3178 vo
1217 3112 1371 3193 Apostoli,
1389 3128 1521 3192 corpora
1541 3110 1683 3174 coelestia
1703 3119 1735 3174 θῖ
1754 3111 1915 3174 elementa
1935 3112 1963 3172 in

413 3212 482 3274 lens
498 3234 527 3286 a,
545 3212 577 3273 id
597 3219 646 3273 θεῖ
660 3220 791 3293 propter
810 3211 964 3292 originale
983 3220 1160 3293 peccatum,
1218 3209 1284 3271 linc
1305 3209 1427 3282 mundi,
1444 3208 1632 3290 glorificatis
1654 3209 1765 3272 electis
1787 3217 1821 3272 θῖ
1841 3217 1964 3292 peracto
2080 3200 2082 3257 ἰ

411 3311 496 3393 quod
512 3327 575 3372 non
591 3317 639 3372 est
654 3318 761 3372 nostra
775 3309 932 3372 voluntate
948 3311 1160 3385 commissum,
1215 3308 1348 3389 judicio,
1366 3307 1615 3382 innovabuntur,
1633 3307 1676 3368 ita
1691 3309 1777 3389 quod
1793 3308 1963 3372 elomento-

412 3409 505 3489 cujus
526 3426 636 3489 poenas
658 3408 802 3488 cogimur
824 3408 999 3487 sustinere;
1015 3413 1071 3469 scd
1088 3429 1162 3486 pre
1217 3425 1287 3468 rum
1304 3413 1415 3468 mutua
1435 3406 1658 3467 transmutatio
1672 3413 1768 3486 atque
1785 3407 1962 3470 coelestinm

407 3517 485 3583 pter
499 3527 573 3566 ecre
594 3506 653 3584 qui
672 3507 808 3583 subjecit
828 3525 898 3565 cam
915 3508 951 3565 ic
968 3525 1033 3582 spe,
1049 3507 1081 3569 id
1101 3517 1159 3582 est,
1217 3520 1386 3585 corporum
1404 3511 1509 3565 motus
1524 3502 1705 3576 cessabunt,
1724 3503 1906 3585 maiorique
1921 3504 1963 3565 lu-

413 3611 543 3687 proptcr
568 3602 709 3664 divinam
737 3603 895 3683 justitiam
920 3602 1084 3684 subjectus
1114 3615 1161 3668 est
1217 3601 1303 3663 mine
1323 3600 1530 3662 ornabuntur.
1549 3601 1644 3662 Terra
1663 3619 1814 3682 namque,
1835 3609 1871 3663 ut
1893 3601 1963 3663 dici·

411 3702 508 3764 bomo
523 3700 599 3762 huic
614 3700 758 3772 vanitati,
770 3700 945 3763 clementer
959 3705 1160 3784 tamen,quia
1216 3707 1278 3772 tur,
1296 3699 1328 3760 in
1352 3697 1526 3780 superficie
1551 3698 1657 3760 lucida
1674 3698 1736 3761 crit
1757 3699 1861 3760 instar
1881 3699 1961 3770 vitri,

413 3799 444 3861 in
462 3817 518 3880 spe
533 3805 582 3860 θεῖ
596 3796 794 3859 liberationis
809 3797 1029 3868 inmundicia
1044 3811 1074 3860 et
1089 3804 1160 3878 ipsa
1215 3816 1297 3880 aqua
1320 3806 1473 3878 tauquam
1497 3797 1676 3880 crystallus,
1695 3816 1749 3859 aer
1773 3805 1809 3859 ut
1834 3797 1960 3871 coelum,

411 3907 578 3966 creatura,
599 3895 749 3958 videlicet
770 3895 876 3970 homo,
899 3898 1106 3970 liberabitur,
1127 3900 1158 3962 in
1215 3896 1298 3977 ignis
1314 3903 1349 3956 ut
1364 3896 1468 3958 sidera
1488 3895 1570 3958 coeli.
1588 3895 1751 3968 Quantitas
1770 3905 1881 3958 autem
1902 3915 1961 3958 ruc-

412 3994 502 4057 linali
518 4003 550 4058 et
564 3993 704 4076 generali
720 3995 988 4068 resurrectionen
1003 4001 1160 4058 servitute
1215 3995 1390 4057 liorationis
1420 3994 1598 4058 coelestium
1624 4011 1794 4076 corporum
1820 4003 1897 4058 nota
1919 4002 1962 4057 est

410 4095 644 4170 corruptionis,
654 4092 684 4154 id
700 4099 748 4156 est
762 4093 915 4155 servitute
929 4093 990 4156 ista
1004 4096 1112 4157 servili
1128 4105 1159 4158 et
1175 4098 1199 4158 b
1215 4094 1244 4156 ei
1269 4094 1324 4176 qui
1348 4094 1479 4156 daturus
1501 4101 1549 4156 θεῖ
1570 4112 1651 4156 eam.
1671 4093 1901 4157 Verumtamen
1926 4095 1961 4156 dc

411 4191 579 4274 corporali,
596 4191 647 4254 vel
668 4191 768 4272 magis
784 4192 923 4273 proprie,
941 4214 958 4252 «
973 4210 992 4254 a
1006 4194 1158 4257 servitute
1216 4211 1365 4254 mensura
1381 4212 1436 4255 scu
1457 4193 1632 4274 quantitate
1652 4193 1867 4258 decorationis
1888 4195 1961 4258 solis

409 4289 623 4371 corruptionis
639 4311 667 4362 o,
685 4288 717 4350 id
737 4296 784 4351 est
799 4288 1070 4352 sollicitudinibus
1086 4292 1158 4355 vitae
1214 4307 1250 4352 ac
1275 4289 1357 4352 lunae
1380 4290 1535 4372 scriptum
1558 4298 1606 4352 θεῖ
1629 4292 1714 4373 apud
1738 4292 1851 4355 lsaiam
1871 4311 1879 4355 ε
1897 4293 2050 4354 Eritnms

409 4387 585 4470 praesentis,
603 4394 713 4469 putaa
732 4405 808 4449 cura
827 4388 990 4469 quaercudi
1006 4389 1156 4451 vestitum
1215 4389 1269 4450 lux
1292 4387 1374 4450 lunae
1394 4389 1476 4450 sicut
1498 4389 1550 4451 lux
1571 4389 1657 4463 εοΙίε,
1674 4397 1705 4452 θῖ
1726 4391 1779 4454 lux
1796 4393 1874 4456 solis
1895 4413 1960 4474 sep·

407 4494 439 4548 θῖ
454 4485 587 4559 victum,
603 4503 640 4546 ac
655 4485 717 4546 alia
737 4484 854 4566 quibus
874 4493 1070 4548 sustentatur
1090 4487 1157 4551 bato
1215 4486 1408 4569 templicitcr
1422 4487 1506 4549 sicut
1521 4487 1574 4550 lux
1590 4495 1712 4570 septem
1729 4490 1960 4554 dierum.'lunc

408 4582 627 4664 corruptibilis
646 4582 722 4656 vita,
739 4590 771 4644 ct
791 4601 848 4664 per
867 4603 938 4666 quae
957 4584 986 4646 ei
1007 4585 1154 4648 servitur.
1214 4584 1363 4665 equidem
1381 4592 1467 4648 tanta
1486 4586 1547 4648 erit
1562 4586 1615 4648 lux
1632 4587 1726 4662 lunae,
1742 4597 1862 4671 quanta
1877 4609 1960 4652 nunc

408 4681 610 4744 Liberabitur
631 4689 750 4755 autem,
767 4681 977 4763 pertingendo
1001 4683 1036 4742 in
1061 4686 1156 4744 liber·
1213 4689 1262 4744 θεῖ
1282 4681 1336 4743 lux
1354 4683 1448 4762 solis;
1467 4691 1498 4745 θῖ
1518 4683 1571 4746 lux
1591 4684 1667 4747 solis
1682 4685 1744 4747 erit
1764 4687 1886 4769 septies
1902 4707 1961 4750 ma-

409 4780 649 4857 tatemqloriae,
666 4778 762 4841 idest
780 4778 819 4841 ad
838 4780 1042 4842 securitatem
1061 4788 1156 4864 atque
1211 4779 1263 4861 jor
1281 4798 1376 4863 quam
1393 4782 1488 4843 modo
1503 4789 1571 4861 cst;
1587 4800 1720 4865 corpora
1738 4802 1868 4868 quoque
1889 4787 1959 4849 cea-

408 4875 588 4939 dominium
608 4875 781 4948 felicitatis,
798 4877 848 4940 vel
868 4877 907 4939 ad
926 4877 1097 4958 gloriosam
1120 4880 1156 4942 li·
1213 4886 1318 4940 torum
1345 4880 1462 4961 septies
1491 4880 1625 4944 clariora
1653 4890 1748 4945 erunt
1770 4885 1822 4964 (ut
1847 4884 1960 4963 lertur)

409 4973 564 5037 bertatem
588 4975 737 5052 fitiorum
760 4976 834 5044 Dei,
854 4974 885 5036 id
910 4983 958 5038 est
981 4975 1155 5039 electorum
1213 4985 1289 5039 tunc
1321 4978 1398 5041 sole.
1430 4979 1495 5042 lloc
1529 4987 1636 5044 umen
1670 4983 1849 5046 secundum
1880 4984 1958 5046 'llio

409 5080 441 5136 θῖ
455 5072 624 5135 Beatorum
640 5071 673 5135 in
689 5071 800 5155 patria,
811 5073 865 5154 qui
881 5082 1001 5155 quanto
1014 5092 1079 5156 prae
1093 5075 1156 5137 via·
1213 5095 1373 5151 mam,ucc
1388 5078 1508 5140 ratione
1523 5077 1684 5160 probatur,
1692 5099 1749 5143 uec
1764 5083 1958 5154 auctoritate,

410 5171 533 5234 toribus
548 5169 766 5234 assimilantur
784 5171 957 5254 perlectius
976 5174 1051 5248 lieo,
1068 5180 1156 5238 tamo
1212 5175 1360 5258 quamvis
1379 5175 1558 5240 certissime
1577 5195 1690 5242 verum
1712 5179 1753 5242 sit
1772 5181 1859 5264 quod
1877 5181 1959 5244 Veri·
