4206 6258
527 515 674 566 nentrum
695 517 756 563 xxv
778 517 850 564 rosa
870 516 1063 564 rnrnrrarurr.
1082 535 1123 546 -
1143 517 1242 565 annuo
1262 519 1373 566 rnruus
1665 497 1726 564 649

172 690 288 772 aequali
319 689 489 754 consilium
520 693 551 752 et
579 687 747 764 auxilium,
779 667 923 751 interiori
938 685 964 750 Α
979 686 1098 751 etenim
1123 687 1168 750 ait
1190 687 1335 752 Michaeas
1359 687 1515 771 propbeta
1540 705 1547 751 ε
1572 687 1722 754 Indicabo
1736 702 1871 756 uerna.

173 787 378 871 disciplinam
394 795 490 870 atque
507 786 692 850 custodiam.
701 787 834 850 Sanctus
850 803 925 868 quo
979 785 1049 860 tibi,
1063 803 1081 849 o
1097 785 1203 861 bomo,
1215 787 1292 870 quid
1308 787 1349 849 sit
1364 786 1723 869 bonum,autquid1lo·

173 907 238 970 que
252 887 439 951 Ambrosius
460 885 602 968 loquitur
619 885 769 948 :lustitia
789 893 838 948 est
853 905 923 967 quae
979 884 1086 947 miuus
1111 885 1253 967 requirat
1276 904 1294 947 a
1315 892 1346 949 te
1363 903 1370 948 :
1387 885 1498 968 utique
1512 885 1617 948 lacera
1639 883 1724 966 judi-

172 985 316 1048 alienum
332 984 378 1048 nil
392 984 544 1058 vindicat,
560 1004 630 1067 quae
650 983 784 1046 cuilibet
797 990 924 1066 praestat
978 984 1064 1045 cium
1094 990 1126 1046 et
1152 983 1319 1065 justitiam.
1351 983 1576 1047 Verumtamen
1603 981 1725 1064 judicia

173 1085 259 1166 quod
275 1103 369 1148 suum
385 1090 526 1166 estque
540 1082 673 1164 negligit
687 1083 849 1165 propriam
865 1082 925 1144 uti·
978 1083 1114 1146 aliorum
1139 1083 1307 1148 temeraria
1331 1092 1406 1146 sunt
1430 1102 1560 1167 prorsus
1583 1083 1723 1156 vitanda,

174 1181 295 1246 litatem
322 1189 357 1244 ut
381 1189 486 1246 servet
504 1199 709 1244 communem
729 1181 921 1264 aequitatem.
978 1201 1079 1265 quum
1103 1182 1187 1245 dicat
1211 1183 1375 1246 Salvator:
1391 1181 1494 1247 Nolite
1517 1182 1672 1265 judicare,
1689 1189 1725 1243 ut
1739 1195 1871 1248 uaesana,

171 1281 309 1356 lustitia,
327 1281 504 1344 secundum
524 1278 724 1354 Auselmum,
741 1287 789 1342 est
809 1279 924 1343 animae
978 1298 1042 1343 nou
1056 1279 1255 1361 judicemini.
1274 1281 1313 1343 Et
1326 1299 1436 1343 rursus
1453 1298 1460 1343 ε
1475 1281 1579 1344 Nolite
1592 1279 1725 1362 (inquit)
1741 1262 1870 1374 boam,

173 1379 341 1442 rectitudo.
356 1379 445 1442 Unde
459 1377 730 1460 quemadmodum
745 1395 861 1460 corpus
877 1384 924 1440 est
978 1379 1156 1442 secuudum
1172 1378 1285 1442 taciem
1300 1378 1455 1460 judicare,
1472 1380 1526 1442 sed
1540 1379 1664 1460 justum
1677 1377 1725 1459 ju·
1738 1386 1772 1428 ²⁴·

174 1484 299 1540 rectum
316 1477 393 1540 dum
409 1477 448 1539 ad
464 1475 629 1558 superiora
648 1475 790 1557 erigitur,
807 1483 839 1538 et
854 1494 925 1538 cur·
978 1477 1098 1540 dicium
1118 1477 1270 1558 judicate.

171 1594 250 1638 vum
273 1576 350 1639 dum
376 1574 510 1637 interius
534 1573 730 1637 inclinatur:
747 1575 794 1636 sic
816 1573 924 1636 anima
1017 1575 1126 1658 ltaque
1156 1595 1257 1658 usque
1286 1576 1325 1639 ad
1352 1583 1487 1639 mortem
1512 1575 1723 1639 inhaereamus

172 1673 315 1736 hominis
338 1673 425 1754 justa
444 1678 476 1735 et
496 1679 581 1734 recta
604 1678 663 1748 est,
689 1673 766 1734 dum
794 1689 851 1754 per
875 1689 924 1734 co·
976 1673 1119 1754 justitiae,
1150 1693 1209 1738 nec
1242 1693 1382 1755 unquam
1411 1695 1430 1737 a
1458 1675 1514 1737 llei
1542 1681 1724 1737 avertamur

172 1771 343 1855 gitatioues
367 1789 404 1833 ac
423 1770 592 1846 desideria,
614 1777 719 1834 erecta
742 1778 790 1834 est
813 1771 852 1834 ad
877 1770 923 1832 di·
977 1789 1096 1847 amore,
1112 1791 1216 1856 neque
1233 1772 1273 1835 ab
1292 1773 1362 1853 ejus
1382 1772 1476 1835 liliati
1492 1773 1617 1836 timore.
1635 1773 1723 1836 Unde

172 1871 269 1948 viua3
294 1869 413 1951 injusta
438 1887 513 1932 vero
536 1875 569 1932 et
592 1887 699 1944 curva,
720 1869 847 1951 quando
863 1869 922 1930 im·
939 1866 963 1929 B
978 1869 1011 1931 in
1039 1870 1254 1952 Vitaspatrum
1289 1870 1514 1945 conscribitur,
1544 1871 1628 1952 quod
1662 1869 1723 1932 tuit

173 1971 337 2033 moderate
367 1967 483 2050 cogitat
511 1975 544 2030 et
571 1967 701 2030 allectat
725 1967 862 2031 carnalia
885 1986 922 2030 ac
977 1968 1107 2050 quidam
1137 1969 1269 2031 eremita
1293 1968 1434 2032 famosus
1458 1975 1490 2032 et
1518 1974 1658 2043 sanctus,
1683 1969 1722 2031 de

171 2076 309 2131 terrena.
977 2065 1070 2146 cujus
1092 2065 1264 2127 virtutibus
1289 2065 1427 2147 populus
1452 2065 1594 2147 undique
1617 2065 1724 2148 loque·

214 2166 376 2239 Praeterea,
394 2165 478 2228 sicut
496 2165 535 2228 de
554 2164 690 2229 Domino
709 2165 781 2227 Jcsu
798 2164 923 2227 Christo
977 2163 1079 2226 batur.
1097 2163 1246 2247 Dixitque
1266 2164 1381 2227 mulier
1395 2164 1540 2247 quaedam
1560 2164 1724 2246 impudica

16 2292 155 2340 muge,
173 2264 362 2348 praedictum
384 2271 443 2337 est,
465 2263 619 2344 Regnabit
643 2263 718 2337 llex,
740 2269 772 2325 et
795 2263 922 2345 sapiens
978 2269 1009 2325 et
1035 2263 1186 2326 meretrix
1210 2263 1248 2325 ad
1272 2264 1406 2344 juvenes
1431 2263 1584 2346 quosdam
1610 2281 1616 2325 :
1642 2262 1722 2336 Quid

172 2363 252 2443 erit3
270 2361 312 2424 ita
327 2369 359 2425 et
374 2361 511 2444 quilibet
530 2369 674 2424 nostrum
694 2361 736 2423 sit
755 2379 809 2424 rex
829 2369 862 2423 ct
875 2381 922 2423 sa·
978 2361 1075 2424 vultis
1096 2361 1175 2424 mihi
1196 2361 1292 2424 daret
1308 2369 1340 2424 et
1359 2379 1417 2442 ego
1436 2362 1593 2443 deponam
1610 2368 1641 2423 et
1655 2360 1722 2423 vin-

172 2461 278 2543 pieus,
296 2459 923 2543 beneregendoseipsum,earnemdo-
978 2478 1048 2522 cam
1077 2460 1255 2522 solitarium
1284 2459 1391 2521 istum.
1422 2459 1471 2522 llli
1500 2477 1576 2522 vero
1606 2460 1722 2542 promi-

173 2559 301 2635 mando,
316 2558 590 2640 concupiscentias
606 2557 677 2639 ejus
691 2557 876 2639 frangendo,
889 2560 921 2622 in
978 2565 1089 2622 serunt
1113 2558 1141 2620 ei
1167 2559 1337 2640 pecuniam
1364 2575 1371 2620 :
1397 2558 1482 2639 quod
1507 2565 1615 2621 tamen
1639 2558 1723 2621 lece-

171 2643 257 2732 cibo,
274 2665 362 2740 potu,
380 2673 502 2730 somno,
519 2655 629 2720 verbis
646 2675 682 2718 ac
698 2657 841 2720 vestibus
857 2675 923 2722 mo-
978 2663 1063 2731 runt,
1089 2674 1155 2720 non
1180 2664 1244 2719 tam
1271 2664 1305 2719 ut
1328 2657 1462 2720 eremita
1485 2656 1540 2719 ille
1564 2665 1721 2739 peccaret,

171 2757 325 2820 deramen
351 2755 518 2829 servando,
539 2755 752 2836 passionibus,
773 2756 923 2819 animosi·
977 2774 1073 2838 quam
1089 2762 1125 2817 ut
1139 2754 1454 2838 probaretur.ltaque
1471 2754 1586 2817 mulier
1600 2754 1723 2828 illaad·

169 2854 229 2916 tati
244 2871 281 2916 ac
296 2853 383 2916 vitiis
399 2853 602 2926 dominando,
620 2853 773 2916 rationem
795 2871 921 2936 quoque
976 2859 1218 2935 vesperascente
1243 2852 1294 2914 die
1318 2853 1467 2935 quodam,
1493 2852 1591 2934 coepit
1615 2869 1721 2914 coram

170 2960 205 3016 et
224 2951 420 3014 voluntatem
442 2950 643 3032 subjiciendo
666 2950 727 3031 legi
747 2951 873 3026 divinae,
890 2960 923 3015 et
976 2952 1056 3016 cella
1072 2951 1213 3014 cremitae
1229 2951 1315 3014 illius
1334 2949 1538 3014 deambulare
1553 2957 1584 3013 et
1601 2949 1721 3033 lingere

168 3051 262 3132 juxta
282 3049 474 3112 documenta
494 3067 591 3112 sacrae
606 3048 776 3131 Scripturae
793 3068 923 3113 couver-
938 3055 959 3120 c
976 3070 1009 3114 se
1025 3068 1148 3129 errare;
1165 3051 1326 3133 coepitque
1342 3048 1420 3113 llere
1434 3054 1466 3110 et
1480 3049 1620 3112 eremite
1634 3051 1721 3113 auxi-

170 3149 271 3212 saudo
292 3147 424 3230 ubique.
441 3147 512 3210 llaec
532 3155 581 3210 est
598 3166 673 3210 vera
692 3148 858 3230 sapientia,
875 3149 922 3210 in·
976 3149 1056 3212 lium
1080 3149 1237 3213 invocare.
1254 3149 1386 3230 Rogavit
1405 3149 1512 3230 itaque
1534 3166 1608 3211 eum
1631 3156 1667 3211 ut
1687 3167 1721 3212 se

168 3249 256 3310 tuitu
279 3255 311 3311 et
332 3264 440 3310 amore
460 3247 578 3309 summi
597 3253 629 3308 et
650 3246 921 3310 incommutabilis
976 3247 1094 3310 intrare
1121 3247 1234 3311 cellam
1260 3247 1469 3329 permitteret,
1494 3265 1534 3310 ne
1558 3246 1722 3310 devorare-

169 3347 249 3410 boni
264 3345 536 3426 beatitudinisque
550 3352 685 3419 aeternae,
702 3347 869 3427 praesentia
884 3366 921 3409 ac
975 3354 1028 3409 tur
1046 3367 1064 3410 a
1085 3348 1204 3410 bestiis.
1222 3347 1361 3410 Tandem
1381 3346 1515 3410 eremita
1534 3366 1572 3410 ex
1592 3347 1721 3410 caritate

12 3465 69 3510 aa.
80 3465 152 3514 vna.
170 3452 299 3508 terrena
313 3443 600 3526 despicere,coram
615 3442 778 3506 altissimo
794 3462 921 3528 semper
976 3452 1008 3508 et
1023 3446 1241 3528 compassione
1258 3445 1429 3509 intromisit
1446 3463 1526 3508 earn.
1538 3445 1723 3508 Intromissa

170 3543 310 3606 sollicite
339 3541 514 3614 ambulare,
540 3541 604 3604 llco
631 3541 750 3623 jugiter
778 3542 918 3617 obedire,
976 3562 1062 3619 vero,
1074 3544 1172 3627 coepit
1187 3543 1339 3626 paulatim
1354 3544 1531 3607 solitarium
1547 3544 1638 3607 illum
1653 3552 1720 3607 ten·

168 3659 332 3723 omneque
347 3648 475 3722 tempus
491 3640 634 3702 ordinate
648 3659 684 3702 ac
701 3640 856 3704 iruotuose
871 3660 921 3704 ex·
975 3649 1041 3705 tare
1057 3649 1088 3704 et
1102 3649 1280 3715 attrectare,
1296 3649 1328 3705 et
1346 3643 1384 3705 ad
1401 3643 1598 3724 peccandum
1616 3643 1720 3705 allice-

168 3741 320 3824 pendere.
339 3738 397 3813 Oui
420 3747 526 3802 autem
549 3738 621 3802 aliis
645 3746 800 3822 appetunt
821 3740 920 3802 domi·
975 3759 1027 3820 re;
1043 3740 1189 3804 diabolus
1204 3758 1331 3823 quoque
1345 3741 1451 3803 virum
1467 3741 1559 3803 illum
1574 3749 1720 3804 sanctum

167 3839 240 3903 nari
265 3844 361 3921 atque
386 3837 419 3900 iu
444 3837 564 3900 mundo
593 3836 652 3900 boc
677 3837 819 3912 exaltari,
844 3838 919 3900 vani
976 3839 1074 3920 coepit
1096 3838 1285 3920 impugnare
1306 3856 1343 3900 ac
1364 3837 1566 3902 inflammare
1586 3839 1720 3903 tortissi-

167 3943 257 4011 sunt,
278 3935 440 3999 ambitiosi
465 3943 498 3998 et
520 3935 611 4008 latui,
633 3953 696 3998 uon
721 3936 919 3998 attendentes
976 3957 1036 4000 me.
1059 3937 1147 4011 Quod
1172 3937 1312 4000 sentiens
1338 3937 1416 4019 ipse,
1437 3937 1541 4000 dixit:
1558 3939 1641 4002 Deus
1666 3940 1720 4002 lux

167 4033 272 4098 divini
293 4033 408 4114 judicii
435 4033 583 4114 rigorem.
974 4043 1033 4110 cst,
1058 4053 1154 4118 opera
1177 4043 1284 4098 autem
1314 4035 1439 4098 inimici
1467 4043 1541 4100 suut
1570 4038 1717 4102 tenebras.

210 4132 383 4206 Postremo,
400 4131 484 4194 sicut
505 4131 544 4194 de
564 4130 689 4194 Christo
712 4131 828 4212 legitur
848 4149 919 4214 pro·
975 4135 1041 4209 Ouo
1066 4135 1161 4208 dicto,
1187 4134 1333 4197 accendit
1357 4135 1532 4211 candelam,
1558 4143 1590 4199 et
1614 4139 1721 4220 posuit

40 4265 148 4315 „mg
166 4230 348 4314 phetatum,
366 4229 450 4312 quod
467 4229 563 4292 faciet
575 4229 734 4310 judicium
749 4229 920 4312 justitiam·
935 4235 960 4297 l)
974 4232 1090 4314 digitos
1119 4249 1193 4295 suos
1218 4232 1252 4294 iu
1279 4231 1413 4295 flamma
1441 4234 1580 4298 candele
1606 4242 1638 4297 et
1665 4254 1720 4299 eos

166 4346 233 4411 que
255 4328 289 4390 in
312 4333 418 4406 tarra;
434 4327 480 4389 sic
505 4326 642 4409 quilibet
665 4334 809 4390 nostrum
833 4347 921 4392 exer·
974 4329 1161 4401 combussit,
1178 4336 1213 4390 ut
1228 4328 1274 4391 sic
1289 4329 1505 4411 exstingueret
1518 4331 1624 4412 iguem
1646 4351 1719 4397 con·

166 4433 241 4490 ceat
256 4426 287 4488 in
304 4443 338 4488 se
359 4425 429 4508 ipso
446 4425 618 4507 judicium,
634 4425 710 4509 quia
729 4433 764 4488 ut
780 4426 824 4488 ait
837 4425 919 4510 Apo·
974 4428 1179 4511 cupiscentiae
1199 4445 1261 4508 quo
1280 4427 1469 4491 tentabatur.
1487 4430 1599 4493 Mulier
1612 4440 1720 4496 autem

12 4556 148 4606 aranei.
167 4525 282 4599 stolus,
309 4524 342 4588 Si
369 4541 428 4586 uos
459 4524 545 4606 ipsos
570 4523 831 4605 dijudicaremus,
855 4543 918 4589 non
974 4526 1041 4588 haec
1061 4525 1183 4598 videns,
1200 4524 1329 4606 expavit
1347 4531 1443 4607 atque
1462 4526 1614 4590 obduruit
1628 4531 1719 4611 quasi

165 4623 282 4704 utique
307 4622 536 4704 judicaremur.
564 4622 690 4685 ludieet
717 4641 792 4704 ergo
822 4643 918 4687 unus·
974 4622 1065 4706 lapis.
1092 4624 1185 4686 Facto
1214 4641 1319 4697 mane,
1341 4623 1477 4704 juvenes
1500 4637 1658 4691 venerunt
1679 4630 1719 4692 ad

164 4721 306 4804 quisque
334 4739 369 4783 se
398 4720 515 4803 ipsum,
543 4721 690 4805 proprios
718 4720 862 4784 detectus
887 4729 919 4784 et
974 4721 1151 4796 eremitam,
1181 4721 1323 4785 dicentes
1350 4738 1357 4784 :
1383 4721 1477 4786 Venit
1503 4724 1556 4786 bic
1587 4745 1719 4810 vespere

163 4818 247 4882 vitia
271 4818 512 4893 considerando,
529 4819 792 4901 reprehendendo
814 4826 846 4882 et
869 4839 920 4883 ca·
974 4822 1091 4885 mulier
1114 4821 1243 4902 eliquat
1259 4820 1318 4894 Oui
1341 4822 1506 4903 respoudit
1522 4841 1530 4885 :
1547 4823 1659 4888 Etiam.
1682 4827 1720 4890 Et

162 4917 333 4999 stigaud03
354 4917 505 4979 discutiat
528 4917 690 5000 propriam
716 4917 825 4992 vitam,
849 4937 919 4982 exa·
973 4919 1021 4982 illi
1045 4936 1053 4981 :
1077 4919 1135 4982 Ubi
1159 4922 1229 4982 estl
1248 4919 1407 5000 inquiunt.
1433 4920 1512 4983 Ait:
1534 4923 1589 4997 lte,
1614 4925 1720 4988 videte

163 5016 270 5079 minet
298 5021 331 5077 et
357 5021 513 5098 expurget
542 5015 770 5078 conscientiam
800 5035 890 5079 suam
908 5035 916 5097 ;
973 5017 1174 5080 maledictam
1191 5024 1224 5079 ct
1237 5018 1387 5080 miseram
1404 5017 1584 5092 illam,ecce
1598 5021 1720 5084 destru-

162 5113 323 5198 proximis
343 5131 472 5196 quoque
493 5113 657 5196 impendat
680 5113 820 5176 caritatis
841 5113 918 5177 elle·
972 5117 1019 5178 xit
1032 5133 1143 5178 omnes
1158 5115 1273 5195 digitos
1294 5132 1391 5177 meos.
1409 5115 1448 5178 At
1468 5116 1515 5177 illi
1531 5117 1719 5202 circumspi-

161 5219 328 5285 ctum,eos
343 5229 402 5294 pro
417 5229 510 5293 posse
532 5212 583 5294 pie
600 5211 797 5286 instruendo
808 5212 917 5275 carita·
971 5214 1103 5287 cientes,
1115 5214 1265 5276 viderunt
1280 5231 1349 5275 eam
1364 5213 1429 5294 jam
1446 5222 1613 5278 mortuam.
1627 5218 1719 5282 Dixe-

154 5310 231 5375 tive
247 5309 458 5392 corripiendo,
469 5311 509 5374 ad
525 5310 658 5374 salutem
673 5310 824 5391 juvando.
835 5311 915 5375 lliuc
972 5319 1111 5394 runtque
1126 5312 1194 5375 seni
1212 5329 1219 5373 :
1236 5309 1336 5385 Abba,
1353 5329 1427 5376 ecce
1445 5321 1570 5378 mortua
1586 5323 1642 5378 est.
1660 5318 1718 5394 Qui
