4192 6258
421 483 482 548 526
779 501 926 551 noumroa
947 503 1000 549 xm
1021 501 1094 566 rosr
1114 500 1308 548 mruumrrnr.
1328 517 1369 531 -
1389 502 1488 550 suano
1508 502 1618 548 numus

422 689 511 734 mum
541 673 669 754 quaudo
693 690 732 734 ex
756 691 793 734 ea
822 673 967 754 sequitur
989 672 1170 754 aggravatio
1184 671 1210 735 A
1225 672 1357 735 veritate
1380 672 1592 736 commendet.
1615 671 1660 733 Ex
1680 669 1800 752 quihus
1822 667 1959 730 omuibus

421 769 541 850 injusta
559 771 700 834 alterius.
717 771 811 834 Omni
832 771 939 854 itaque
959 770 1067 853 fugato
1084 789 1172 833 meu·
1225 770 1406 846 innotescit,
1430 771 1515 853 quod
1545 771 1629 832 sicut
1651 769 1821 832 veritatem
1846 784 1961 849 semper

421 868 672 952 dacioloquatur
688 870 907 952 unusquisque
921 870 1085 932 veritatem
1100 887 1171 931 cum
1225 868 1384 951 loquendo
1406 868 1445 932 fit
1463 870 1559 934 homo
1582 868 1671 931 filius
1692 867 1762 942 Dei,
1779 866 1827 929 sic
1847 864 1960 928 assidue

421 967 570 1047 proximo
584 986 721 1044 suo,nec
736 967 915 1051 quamlibet
928 967 1171 1042 veritatem,scd
1225 967 1409 1030 mentiendo
1431 967 1519 1030 filins
1540 967 1579 1029 fit
1599 965 1729 1029 diaboli.

423 1063 492 1128 loco
517 1074 549 1128 ct
572 1067 711 1149 tempori
740 1073 979 1148 congruentem,
1005 1085 1107 1130 cause
1134 1083 1172 1128 ac
1265 1065 1380 1139 Quinto
1395 1066 1488 1129 docet
1501 1065 1670 1147 Apostolus
1689 1081 1731 1126 ne
1746 1062 1820 1144 quis
1837 1059 1960 1136 furetur,
1979 1080 2057 1136 reare,

422 1181 567 1244 persone
582 1165 837 1238 convenientem,
850 1183 950 1246 quum
966 1164 1114 1227 Salomon
1130 1163 1173 1225 di·
1226 1163 1302 1245 quia
1325 1163 1424 1226 furari
1448 1182 1488 1226 cx
1512 1181 1570 1226 suo
1593 1181 1710 1245 genere
1734 1169 1783 1224 est
1807 1147 1997 1243 peccatum²⁹·

339 1292 359 1322 a.
385 1292 407 1330 v,
423 1269 474 1324 cat
491 1281 498 1325 :
516 1263 626 1326 Sermo
641 1271 840 1346 opportunus
855 1263 996 1345 optimus
1011 1271 1068 1325 est.
1081 1263 1173 1325 ltcm·
1227 1261 1369 1324 mortale.
1382 1263 1499 1325 Tamen
1515 1261 1676 1325 interdum
1691 1268 1741 1324 est
1755 1258 1890 1332 veniale,
1900 1275 1963 1340 pro

423 1379 486 1442 que
502 1361 672 1444 Apostolus
690 1379 696 1423 :
714 1361 823 1426 Omnis
839 1361 973 1444 (inquit)
988 1379 1092 1424 sermo
1112 1379 1174 1423 ma·
1227 1367 1297 1443 pter
1317 1369 1407 1423 actus
1427 1359 1716 1443 imperfectionem,
1733 1367 1789 1421 aut
1809 1357 1913 1420 damni
1934 1357 1964 1418 il-

302 1502 308 1513 ·
424 1460 473 1524 lus
498 1479 536 1523 ex
561 1479 615 1524 ore
639 1468 745 1524 vestro
770 1478 833 1523 non
854 1461 1014 1543 procedat,
1038 1460 1092 1522 sed
1117 1460 1173 1542 qui
1227 1459 1282 1522 lati
1301 1459 1515 1540 parvitatem:
1534 1458 1706 1541 utsiquis
1727 1457 1820 1520 alteri
1841 1474 1964 1539 pomum

424 1558 512 1622 utilis
527 1567 577 1622 est
590 1559 629 1622 ad
644 1558 901 1633 edificationem,
919 1566 954 1621 ut
973 1559 1025 1620 det
1040 1558 1174 1639 gratiam
1227 1556 1362 1632 furetur,
1374 1559 1552 1640 praesertim
1567 1559 1644 1621 dum
1660 1555 1871 1640 probabiliter
1884 1563 1964 1638 putat

423 1657 574 1721 audienti.
592 1657 728 1721 Maxime
751 1675 826 1738 ergo
850 1657 990 1720 cavenda
1009 1662 1083 1719 sunt
1104 1675 1174 1719 ver·
1227 1656 1259 1719 id
1281 1656 1413 1720 domino
1432 1657 1477 1720 rei
1497 1676 1613 1740 parurn
1636 1664 1692 1718 aut
1715 1655 1762 1718 nil
1782 1654 1963 1737 displicerc;

422 1754 463 1818 ha
490 1756 691 1832 detractoria,
722 1756 838 1832 rixosa,
869 1755 987 1818 lesciva
1016 1774 1052 1818 ac
1081 1773 1172 1818 scau·
1227 1753 1347 1837 alioqui
1376 1773 1440 1819 non
1468 1763 1676 1819 excusaretur
1703 1774 1723 1816 a
1750 1753 1840 1836 gravi
1868 1753 1963 1835 culpa.

421 1853 539 1918 dalosa.
1189 1852 1314 1926 BQuod
1335 1853 1362 1916 si
1382 1853 1504 1918 furtum
1524 1871 1619 1918 omne
1633 1854 1801 1918 vitandum
1817 1859 1876 1926 est,
1893 1851 1966 1914 mul

462 1953 566 2016 'lertio
581 1955 675 2018 docet
687 1953 858 2036 Apostolus
876 1961 911 2014 ut
931 1953 977 2014 sic
996 1952 1171 2015 irascemur
1228 1959 1259 2014 to
1281 1952 1354 2032 plus
1375 1953 1552 2017 detractio:
1570 1972 1641 2034 quae
1662 1953 1791 2034 gravior
1810 1952 1904 2034 culpa
1923 1959 1965 2013 est

422 2052 507 2132 quod
522 2070 581 2115 nec
597 2071 777 2135 peccemus,
794 2068 854 2114 nec
872 2051 905 2112 in
922 2050 970 2112 ira
988 2068 1170 2133 persevere-
1226 2050 1323 2126 furto,
1346 2052 1497 2134 quoniam
1522 2053 1627 2133 majus
1649 2057 1881 2116 nocumentum
1903 2067 1966 2133 pro

422 2169 505 2224 mus,
531 2151 591 2212 hoc
621 2159 679 2226 est,
706 2158 741 2213 ut
769 2150 849 2212 iram
878 2168 936 2232 per
960 2149 1075 2212 vitium
1099 2167 1170 2230 que
1227 2150 1314 2213 ximo
1338 2150 1435 2214 infert
1458 2170 1555 2234 quam
1580 2151 1715 2225 furtum,
1731 2159 1843 2234 utpote
1866 2168 1965 2212 careu-

422 2249 577 2312 rationem
602 2250 757 2332 prevenit
776 2256 809 2312 et
827 2246 1002 2331 perturbat,
1018 2246 1168 2321 vitemus,
1226 2249 1303 2312 tiam
1336 2249 1428 2313 bonae
1459 2249 1564 2326 famae,
1595 2270 1667 2333 que
1698 2249 1897 2333 pracferenda
1924 2257 1967 2312 est

421 2354 453 2408 ct
468 2346 548 2410 iram
569 2366 626 2429 per
641 2348 744 2410 zelum
762 2366 835 2410 cum
853 2347 965 2429 grandi
980 2345 1170 2408 moderami·
1226 2347 1375 2410 exteriori
1399 2347 1594 2412 substantie.
1619 2349 1755 2412 Maxime
1780 2366 1857 2412 vero
1880 2349 1966 2412 semi·

421 2463 461 2508 ne
486 2445 672 2520 habeamus,
693 2465 753 2510 nec
777 2447 968 2509 excedamus
994 2445 1027 2506 in
1052 2445 1108 2508 ira.
1134 2445 1169 2507 ln
1227 2445 1312 2508 natio
1334 2446 1501 2512 discordie
1523 2454 1572 2509 est
1592 2447 1733 2522 vitanda,
1749 2447 1902 2530 quoniam
1920 2466 1967 2510 au·

420 2563 484 2626 qua
509 2545 681 2626 dupliciter
703 2545 800 2607 homo
824 2545 950 2607 excedit
972 2562 979 2608 :
1003 2543 1119 2626 primo,
1141 2542 1169 2606 si
1225 2543 1288 2606 fert
1303 2545 1517 2619 concordiam,
1533 2564 1646 2628 pacem
1663 2553 1696 2610 et
1712 2547 1887 2621 caritatem,
1903 2566 1966 2629 qna

420 2641 467 2706 ira
491 2643 629 2706 nimium
654 2643 842 2718 inardescat,
868 2643 944 2726 qnia
967 2642 1014 2705 sic
1037 2641 1169 2704 rationis
1226 2649 1291 2704 tam
1313 2642 1407 2707 famae
1426 2663 1522 2726 quam
1545 2644 1732 2709 substantie
1750 2653 1826 2708 sunt
1845 2653 1966 2728 antepo

419 2740 577 2822 judicium
598 2741 734 2824 impedit
755 2743 866 2822 valde;
887 2741 1038 2816 secundo,
1055 2741 1082 2803 si
1102 2759 1169 2822 gra·
1226 2741 1338 2807 nendae
1363 2761 1371 2806 z
1397 2742 1508 2824 sicque
1537 2743 1707 2808 seminatio
1730 2745 1899 2808 discordie
1924 2752 1967 2807 ost

420 2841 543 2903 viorem
558 2841 636 2902 velit
655 2840 774 2904 inferre
790 2841 965 2904 vindictam
986 2859 1083 2922 quam
1103 2839 1170 2901 illa·
1225 2841 1352 2922 gravius
1376 2841 1492 2904 vitium
1517 2861 1613 2924 quam
1642 2843 1712 2924 ipsa
1736 2844 1900 2907 detractio.
1924 2844 1966 2906 ld-

421 2945 452 3002 ta
468 2946 609 3002 meretur
629 2939 748 3020 injuria
765 2957 772 3002 :
790 2939 874 3021 quod
891 2947 938 3001 est
954 2945 1063 3001 contra
1077 2938 1169 3019 justi·
1225 2939 1310 3001 circo
1326 2939 1473 3004 Salomon
1493 2939 1657 3022 loquitur:
1674 2942 1855 3005 Detestntur
1868 2943 1966 3005 anima
1977 2955 2063 2997 rme..

420 3037 509 3100 tiam.
526 3038 570 3100 lle
584 3037 644 3100 hac
659 3037 802 3110 materia,
819 3037 971 3120 quoniam
987 3037 1019 3099 in
1035 3037 1170 3100 diversis
1187 3043 1209 3106 C
1227 3057 1297 3101 mea
1312 3057 1386 3101 eum
1402 3039 1457 3122 qui
1473 3039 1557 3102 inter
1571 3039 1684 3103 fratres
1701 3041 1841 3105 seminat
1854 3043 1966 3104 discor·
1978 3023 2004 3062 ¹⁹·

422 3135 624 3199 sermonibus
646 3135 731 3198 dicta
752 3143 827 3198 sunt
849 3134 951 3218 plura,
973 3143 1166 3218 pertranseo.
1226 3137 1303 3200 dies.
1319 3138 1462 3200 Vitemus
1482 3155 1558 3219 ergo
1577 3138 1726 3202 universa
1744 3139 1812 3204 heac
1831 3141 1918 3204 vitia.
1934 3141 1967 3202 llt

461 3234 576 3308 Quarto
600 3233 693 3296 docet
716 3233 885 3316 Apostolus
909 3240 945 3294 ut
969 3251 1032 3296 non
1056 3234 1168 3296 demus
1226 3236 1311 3317 quod
1340 3234 1549 3299 ineffabiliter
1572 3237 1751 3301 virtuosum
1782 3246 1840 3314 est,
1867 3239 1911 3302 ita
1931 3240 1966 3301 de
1984 3251 2065 3306 ertu-²

422 3331 528 3395 locum
543 3332 680 3406 diabolo,
697 3333 752 3394 sed
767 3332 897 3405 orando,
912 3331 1099 3412 jejunando,
1116 3332 1169 3394 do·
1226 3332 1389 3396 laboribus
1404 3353 1558 3397 manuum
1578 3353 1709 3398 suarum
1724 3337 1832 3400 vivere
1848 3339 1968 3400 studeat
1978 3319 2004 3359 '⁸

424 3439 580 3505 sumente,
587 3438 746 3514 praecepta
759 3437 792 3493 et
805 3430 951 3512 exempla
965 3429 1081 3494 Christi
1096 3449 1171 3512 pen·
1227 3430 1435 3506 Christianus,
1451 3439 1487 3492 ut
1501 3431 1598 3494 ctiam
1618 3432 1693 3495 inde
1707 3434 1812 3497 valeat
1828 3433 1968 3517 indigen·

422 3529 531 3604 sand0,
552 3529 688 3593 viriliter
712 3529 898 3592 resistamus
922 3528 1046 3591 cunctis
1069 3535 1169 3592 tenta-
1225 3529 1312 3592 tibus
1340 3529 1511 3592 subvenire
1539 3546 1546 3592 :
1577 3532 1849 3612 quemadmodum
1876 3533 1968 3596 abbas

420 3626 562 3691 tionibus
577 3629 727 3709 ejus‚nec
741 3628 901 3710 patiamur
915 3644 1048 3709 corpora
1062 3634 1170 3690 nostra
1225 3629 1360 3692 loannes
1394 3627 1562 3692 Cassianus
1594 3629 1760 3705 describit,
1789 3633 1875 3713 quod
1907 3633 1968 3694 suis

421 3745 458 3789 ac
481 3727 586 3800 corda,
603 3727 737 3808 Spiritui
759 3727 874 3789 Sancto
898 3726 931 3788 in
953 3725 1111 3807 templum
1132 3744 1169 3788 ac
1226 3725 1425 3808 temporibus
1449 3733 1481 3788 et
1504 3734 1589 3801 ante,
1611 3728 1762 3791 monachi
1786 3729 1819 3790 in
1840 3730 1969 3812 AEgypto

422 3823 640 3886 habitaculum
671 3831 864 3898 consecrata,
890 3822 963 3885 fieri
988 3824 1169 3888 demonum
1226 3843 1262 3888 ac
1278 3825 1410 3888 alihidc
1426 3824 1589 3888 laboribus
1609 3844 1765 3890 manuum
1785 3828 1969 3890 suarumvi

421 3923 501 3985 loca.
518 3922 631 3985 Omnia
650 3922 799 4004 equidem
821 3921 975 3985 dramonis
998 3929 1171 3985 tentameu·
1227 3931 1352 3998 xerunt,
1364 3931 1396 3985 et
1408 3923 1565 4006 quidquid
1581 3924 1628 3987 cis
1643 3924 1814 4007 superfuit,
1826 3926 1967 4009 captivis,

421 4029 453 4083 ta
468 4020 619 4083 mendosa
638 4028 722 4095 sunt,
739 4028 771 4082 et
785 4020 941 4103 quidquid
963 4021 1104 4102 suggerit
1119 4039 1169 4084 or·
1227 4022 1394 4104 egentibus
1415 4040 1451 4084 ac
1473 4021 1613 4085 infirmis
1635 4023 1802 4087 miserunt.

421 4120 511 4183 dinat
529 4120 568 4182 ad
588 4118 773 4182 fallendum.
791 4120 921 4202 Propter
940 4120 1025 4201 quod
1045 4119 1089 4181 ait
1104 4120 1168 4183 Sal·
1266 4121 1394 4202 Legitur
1408 4120 1447 4183 de
1463 4120 1681 4184 illustrissimo
1700 4122 1782 4185 duce
1804 4122 1967 4188 Godcfrido

421 4226 512 4282 vator
524 4236 530 4281 :
544 4217 694 4282 Diabolus
709 4219 741 4280 in
757 4218 890 4281 veritate
905 4236 969 4281 non
985 4218 1082 4293 stetit,
1094 4219 1169 4301 quia
1186 4223 1210 4285 l]
1226 4220 1265 4282 de
1283 4218 1424 4293 Boionia,
1441 4220 1525 4301 quod
1546 4218 1813 4300 diligentissimus
1835 4221 1898 4284 fuit
1919 4241 1967 4285 ve·

301 4334 307 4347 '
422 4317 539 4384 veritas
567 4335 631 4380 nou
660 4325 709 4380 est
737 4317 770 4379 in
801 4335 863 4396 eo;
896 4335 995 4398 quum
1028 4316 1169 4400 loquitur
1224 4318 1968 4402 ritatisamator,intantumquodlegiturnuu-

422 4416 635 4490 mendacium,
657 4434 695 4478 eu
720 4415 859 4498 propriis
884 4414 1033 4496 loquitur,
1058 4416 1170 4498 quoni·
1224 4437 1320 4500 quam
1341 4417 1441 4480 fuisse
1462 4417 1625 4480 mentitus.
1642 4418 1811 4502 Quumque
1829 4428 1967 4503 tempore

420 4534 472 4578 am
488 4515 624 4577 mendax
634 4521 693 4588 est,
703 4520 735 4576 et
749 4520 839 4596 pater
853 4513 935 4594 ejus,
947 4521 1024 4594 puta
1040 4515 1168 4577 menda·
1224 4533 1283 4580 suo
1308 4515 1480 4580 Christiani
1504 4515 1721 4580 obtinuissent
1749 4525 1896 4582 sanetum
1926 4539 1967 4582 se

421 4613 473 4675 cii.
490 4613 562 4676 ldeo
579 4612 719 4694 loquitur
733 4613 931 4694 Augustinus
942 4632 949 4676 :
959 4613 1167 4686 Quemadmo·
1224 4614 1373 4696 pulcrum
1388 4632 1424 4676 ac
1439 4614 1567 4676 Terram
1583 4623 1736 4690 sanctam,
1748 4617 1788 4679 ad
1803 4619 1888 4699 quod
1904 4617 1967 4700 ipsa

420 4714 497 4775 dum
517 4712 601 4774 Deus
622 4712 712 4774 Pater
731 4713 843 4793 genuit
861 4712 969 4774 filium
987 4712 1166 4787 veritatem,
1224 4713 1445 4776 strenuissime
1467 4713 1562 4794 juvit,
1588 4713 1735 4778 fecerunt
1760 4735 1834 4778 eum
1863 4735 1966 4798 regem

419 4812 466 4874 sic
490 4810 636 4902 diabolus
665 4810 773 4893 lapsus
802 4811 912 4892 genuit
942 4811 1033 4892 quasi
1060 4811 1167 4874 filium
1222 4811 1396 4875 Jerusalem
1416 4812 1582 4895 Terraque
1601 4821 1727 4877 sancte.
1744 4815 1965 4878 Verumtamen

419 4911 527 4993 ipsum
547 4909 761 4972 mendacium.
779 4910 866 4972 Unde
884 4909 909 4971 si
930 4909 1102 4991 aliquando
1115 4929 1168 4973 ve·
1223 4931 1262 4974 cx
1277 4911 1417 4974 maxima
1429 4911 1622 4987 humilitate,
1639 4932 1806 4995 nunqnam
1822 4915 1904 4978 ferre
1918 4933 1967 4978 ro

419 5028 491 5073 rum
506 5009 584 5092 quid
599 5009 694 5084 dicat,
710 5025 775 5071 non
795 5007 858 5070 nisi
877 5008 917 5070 ad
933 5007 1080 5071 falsitatis
1095 5026 1169 5071 con·
1223 5010 1283 5072 luit
1297 5010 1420 5090 regium
1435 5010 1706 5086 diadema‚dicens
1722 5031 1757 5075 se
1772 5032 1965 5096 nequaquam

419 5108 637 5172 firmationem
666 5108 698 5170 id
721 5107 857 5181 ordinat,
871 5107 1008 5170 dicente
1034 5107 1167 5192 Chryso·
1222 5108 1304 5172 velle
1328 5127 1457 5172 auream
1480 5109 1563 5172 ferre
1589 5128 1740 5174 coronam
1766 5112 1821 5176 illo
1842 5113 1875 5175 in
1901 5113 1967 5176 loco

419 5216 522 5273 atomo
538 5226 545 5271 :
563 5208 756 5272 Concessum
777 5213 825 5268 cst
846 5205 974 5269 diabolo
995 5205 1167 5289 aliquando
1223 5207 1279 5270 uhi
1300 5209 1454 5271 Dominus
1478 5228 1556 5271 suus
1577 5209 1721 5274 Christus
1741 5211 1843 5288 lesus,
1859 5213 1965 5293 unige

420 5308 525 5372 dicere
547 5326 671 5383 verum,
693 5314 728 5369 ut
750 5306 953 5368 mendacium
978 5324 1072 5368 suum
1098 5325 1169 5370 rara
1222 5307 1308 5370 nitus
1321 5306 1418 5370 filius
1430 5307 1495 5383 llei,
1503 5308 1648 5390 spineam
1662 5312 1965 5392 portavitcoronam.
