4288 6264
447 540 596 589 anamim
617 542 648 589 rr
669 543 742 590 rosr
762 542 891 591 raama.
912 561 952 572 -
972 544 1014 591 an
1034 543 1230 610 narro10s0a3
1252 545 1351 595 sanare
1372 546 1483 595 snxrns
1698 527 1735 592 at

193 714 281 769 ment
303 709 342 771 ad
368 709 552 775 intrandum
576 722 714 777 vestram
738 713 934 795 religionem.
951 715 1065 779 Aciali
1086 734 1124 778 ac
1144 715 1289 798 pacificae
1313 716 1545 780 conversationi
1568 714 1738 779 contraria·

231 805 388 890 Deinceps
407 810 446 874 de
464 810 666 874 observantia
685 821 717 874 et
736 814 937 876 commenda·
991 821 1054 888 tur,
1071 815 1236 896 redditque
1256 815 1419 878 hominem
1440 813 1590 877 fratribus
1609 830 1738 894 gravem

190 903 277 968 tione
292 906 421 982 silentii,
437 909 476 972 de
495 909 696 992 loquacitatis
710 910 881 992 vituperio,
898 910 937 973 de
991 913 1077 974 etad
1097 911 1287 994 portandum
1307 912 1489 985 difficilem,
1506 911 1675 976 Salomone
1694 917 1738 973 te·

190 1002 285 1085 culpa
304 1003 468 1070 fractionis
488 1007 607 1071 silentii
628 1009 720 1090 plura
736 1009 788 1072 hic
808 1017 938 1092 possent
992 1016 1093 1071 stante
1116 1026 1123 1069 :
1145 1008 1299 1091 Spiritum
1323 1007 1361 1072 ad
1384 1009 1584 1071 irascendum
1610 1007 1737 1070 facilem
1751 1028 1885 1081 Ρωωιιιι,

190 1105 446 1178 commemorari,
471 1125 542 1188 quae
566 1106 649 1169 infra
673 1108 822 1188 congruis
847 1107 935 1182 locis,
992 1107 1064 1189 quis
1088 1107 1204 1188 poterit
1228 1108 1406 1170 sustineret
1421 1108 1563 1190 itemque
1580 1124 1587 1168 :
1605 1107 1653 1169 lra
1674 1123 1738 1168 non
1753 1094 1885 1206 'Apum'

190 1199 255 1262 ileo
275 1209 399 1282 agente,
416 1203 667 1268 introducentur.
992 1204 1088 1267 habet
1117 1206 1379 1281 misericordiam,
1404 1225 1464 1270 uec
1490 1225 1662 1288 erumpens
1690 1204 1774 1266 fu-i.

229 1298 392 1376 Praeterea,
414 1320 510 1384 quam
533 1303 614 1366 tardi
633 1323 703 1366 esse
722 1302 876 1366 debemus
898 1305 937 1366 ad
993 1319 1065 1382 r0r;
1090 1311 1122 1365 et
1145 1303 1302 1385 impetum
1327 1305 1476 1366 concitati
1501 1304 1632 1386 spiritus
1656 1302 1739 1365 ferre

191 1395 398 1478 loquendum,
419 1408 484 1463 tam
508 1401 648 1484 prompti
669 1409 701 1464 et
722 1403 847 1466 veloces
869 1423 938 1466 esse
993 1402 1065 1482 quis
1090 1401 1229 1482 poteritl
1245 1403 1427 1465 Passionem
1450 1419 1526 1484 ergo
1551 1409 1616 1464 tam
1641 1401 1740 1482 pessi-

191 1495 346 1559 dcbcmus
361 1499 400 1560 ad
415 1499 610 1562 audiendum
625 1500 722 1563 verba
737 1501 939 1583 salutispraa
995 1519 1079 1562 mam
1094 1501 1293 1563 refrenemus
1306 1519 1312 1562 :
1325 1503 1409 1582 quod
1430 1501 1596 1564 cholericis
1614 1518 1740 1562 summe

191 1595 301 1656 sertim
329 1613 348 1656 a
376 1597 607 1678 superioribus,
633 1598 879 1680 sapientioribus
907 1605 939 1660 et
993 1606 1041 1660 cst
1057 1599 1343 1672 necessarium.Qui
1358 1599 1455 1662 Deum
1469 1599 1586 1681 jugiter
1601 1598 1742 1661 invocan-

192 1691 388 1755 melioribus.
406 1694 571 1776 Siquidem
585 1695 705 1760 auditio
720 1696 855 1778 diligens
871 1717 939 1759 ver·
994 1696 1045 1769 do,
1055 1695 1171 1758 Christi
1186 1696 1378 1778 passionem,
1392 1697 1588 1778 patientiam,
1601 1714 1741 1758 mansue-

192 1788 225 1850 bi
247 1789 303 1852 Dei
329 1791 526 1855 intellectum
553 1793 723 1868 illuminat,
743 1796 939 1857 voluntatem
994 1793 1138 1856 tudinem
1154 1795 1555 1878 intuendo,Scripturarum
1568 1794 1743 1857 doctrinam

190 1888 346 1963 accendit,
362 1890 506 1953 animum
529 1891 665 1966 roborat,
682 1900 714 1955 et
733 1893 839 1956 reficit
855 1894 976 1956 men-B
995 1892 1235 1968 considerando,
1261 1893 1385 1956 discant
1413 1894 1467 1956 iraa
1494 1894 1742 1957 commotionem

191 1995 267 2060 tem,
291 1995 322 2050 et
347 1996 461 2070 purgat
486 1990 615 2052 avitiis
639 1991 805 2071 animum3
829 1999 940 2074 estque
996 1991 1188 2072 reprimere3
1213 1999 1245 2053 et
1269 2011 1309 2054 ne
1332 1999 1483 2074 appareat
1505 1992 1539 2054 in
1564 1991 1656 2066 facie,
1684 2009 1742 2054 nec

191 2085 319 2165 signum
350 2087 514 2168 probabile
545 2089 831 2170 praedestinationis
860 2090 940 2152 divi·
995 2107 1052 2171 per
1067 2089 1165 2151 verba
1180 2099 1338 2172 erumpat,
1354 2097 1386 2152 et
1407 2092 1544 2152 maxime
1560 2109 1600 2152 ne
1615 2088 1671 2152 diu
1686 2089 1743 2151 du·

192 2202 250 2246 nae.
276 2184 385 2248 Cordis
414 2204 541 2268 quoque
570 2188 721 2250 duritiam
746 2187 888 2270 frangit;
911 2197 942 2252 et
996 2195 1044 2250 ret
1065 2195 1121 2249 aut
1147 2189 1179 2249 in
1205 2189 1360 2251 ultionem
1383 2187 1541 2272 procedat.

192 2281 320 2362 signum
341 2290 390 2344 est
410 2283 527 2346 indolis
549 2285 640 2348 boma
662 2293 694 2348 et
716 2286 860 2360 humilis,
877 2294 942 2348 stu·
1036 2285 1144 2367 ltaque
1160 2304 1198 2349 ex
1214 2286 1373 2367 praedictis
1388 2287 1513 2349 studeat
1527 2284 1702 2366 religiosus,
1711 2285 1743 2347 in

193 2378 290 2442 diosae
313 2399 349 2442 ac
374 2381 487 2444 docilis
510 2383 636 2457 animae,
659 2402 758 2467 quum
786 2386 941 2466 scriptum
996 2382 1216 2445 observatione
1232 2383 1352 2446 silentii
1367 2403 1436 2446 esse
1456 2382 1631 2446 custoditus
1649 2402 1685 2446 ac
1700 2383 1745 2444 di·

52 2491 132 2534 e'ccu.
148 2505 179 2542 ιιι,
194 2479 236 2540 sit
251 2479 282 2540 in
299 2479 540 2543 Ecclesiastico:
557 2481 651 2544 Auris
666 2481 749 2544 bona
764 2501 838 2545 cum
854 2484 941 2546 omni
998 2482 1109 2562 ligans,
1127 2481 1231 2544 sciens
1246 2483 1330 2563 quod
1347 2483 1396 2546 vir
1411 2482 1576 2564 linguosus
1591 2499 1654 2544 non
1670 2481 1746 2544 diri·
1759 2499 1891 2550 Ριιιιιιι,

34 2557 71 2596 ³¹·
194 2577 453 2658 concupiscentia
467 2579 575 2642 audiet
590 2581 788 2661 sapientiam.
806 2581 893 2644 Unde
910 2582 941 2643 in
996 2586 1089 2660 getur
1109 2578 1141 2640 in
1164 2587 1258 2654 terra,
1275 2588 1306 2642 et
1328 2581 1412 2663 quod
1435 2581 1490 2663 qui
1513 2579 1623 2642 multis
1645 2581 1746 2642 utitur
1761 2563 1891 2676 gen-'ms'

33 2687 178 2730 Jacob-aaa-
194 2675 327 2756 epistola
343 2676 402 2738 ista
415 2677 549 2740 lacobus
566 2678 707 2760 loquitur
724 2696 730 2740 :
746 2679 942 2760 Abjicientes
998 2677 1116 2750 verbis,
1134 2678 1220 2742 laedit
1239 2677 1379 2740 animam
1401 2696 1510 2756 suam;
1526 2685 1558 2740 et
1580 2697 1680 2760 qnum
1703 2677 1746 2741 lo-

193 2791 322 2837 omnem
338 2773 576 2837 immunditiam
592 2783 623 2838 et
637 2775 864 2840 abundantiam
881 2797 943 2840 ma·
997 2776 1116 2857 quendi
1136 2777 1228 2838 datur
1250 2775 1389 2850 licentia,
1405 2776 1507 2838 nihilo
1527 2776 1633 2838 minus
1652 2794 1687 2839 se
1705 2775 1744 2838 ab

193 2871 280 2945 litiae,
304 2872 337 2934 in
361 2873 604 2936 mansuetudine
630 2875 783 2957 suscipite
808 2875 940 2938 insitum
997 2875 1085 2938 omni
1109 2873 1219 2937 illicito
1240 2873 1379 2936 refrenet
1400 2891 1556 2940 sermone.
1573 2873 1653 2935 Hinc
1673 2891 1746 2936 con-

192 2969 339 3044 verbum,
358 2971 443 3051 quod
469 2977 572 3052 potest
596 2971 717 3034 salvare
741 2973 863 3036 animas
888 2993 941 3036 ve·
997 2975 1132 3036 suetudo
1148 2971 1337 3054 pravissima
1353 2972 1490 3035 faciliter
1505 2980 1536 3034 et
1553 2972 1622 3035 sine
1637 2990 1745 3034 neces-

192 3075 281 3130 stras.
957 3069 1088 3134 Csitate
1112 3089 1149 3132 ac
1171 3070 1308 3132 utilitate
1337 3069 1487 3152 loquendi
1513 3069 1609 3132 verba
1633 3088 1744 3152 pauca,

232 3167 404 3242 Postremo,
420 3168 511 3248 juxta
530 3168 706 3232 doctrinam
727 3169 828 3231 sancti
844 3169 940 3251 hujus
998 3186 1127 3250 prorsus
1146 3166 1327 3248 abjiciatur,
1343 3186 1443 3249 quum
1462 3166 1568 3230 omnis
1587 3167 1687 3230 oratio
1701 3168 1748 3229 in-

192 3265 346 3346 Apostoli,
363 3264 464 3327 simus
490 3265 570 3327 tardi
591 3266 629 3328 ad
655 3266 746 3340 iram,
763 3267 938 3348 pracsertim
997 3265 1200 3348 telligibilem
1224 3264 1344 3327 habens
1370 3283 1511 3337 sensum,
1528 3264 1596 3326 sine
1618 3264 1748 3328 licentia

194 3381 294 3443 quum
319 3363 365 3425 ira
390 3381 428 3425 en
453 3380 511 3425 suo
539 3381 655 3444 genere
685 3365 767 3426 inter
796 3363 941 3428 mortalia
998 3365 1093 3437 dicta,
1110 3363 1223 3426 fractio
1240 3363 1402 3443 judicetur
1420 3362 1551 3437 silentii,
1568 3369 1603 3424 ut
1622 3362 1649 3424 si
1665 3363 1748 3426 dica-

194 3459 367 3523 collocetur
395 3469 534 3543 peccata.
561 3462 609 3525 lra
633 3481 771 3544 namque
801 3471 941 3526 mentem
998 3461 1148 3536 lunonis
1163 3469 1211 3523 est
1226 3461 1300 3524 illel
1316 3461 1463 3543 quamvis
1478 3459 1650 3522 necessitas
1665 3460 1748 3522 fran-

194 3557 393 3634 obtenebrat,
410 3560 588 3634 confundit,
605 3560 781 3642 perturbat,
798 3568 830 3624 et
844 3562 944 3624 homi·
998 3567 1050 3642 gat
1065 3560 1186 3640 legem3
1203 3560 1258 3622 scd
1275 3579 1346 3641 quae
1365 3559 1407 3620 sit
1421 3576 1495 3620 vcra
1515 3556 1747 3641 sufficiensque

195 3675 270 3718 nem
286 3656 383 3718 stulto
397 3675 433 3719 ac
454 3657 572 3720 furenti
594 3658 733 3720 similem
754 3660 866 3722 reddit.
884 3661 944 3722 Un-
998 3659 1181 3732 necessitas,
1205 3658 1264 3720 rite
1287 3665 1447 3740 pensetur.

49 3761 180 3810 Ereta-⁷¹¹·
195 3755 234 3816 de
259 3763 290 3816 et
314 3754 462 3818 Salomon
486 3756 553 3818 ait:
570 3756 615 3818 Ne
640 3757 684 3818 sis
706 3757 798 3819 velox
822 3759 861 3820 ad
885 3759 943 3820 ira·
1038 3758 1154 3819 Verum
1171 3757 1209 3819 de
1226 3756 1284 3819 ista
1300 3754 1441 3829 materia,
1453 3755 1485 3816 in
1501 3771 1648 3816 sermone
1663 3754 1747 3816 circa

39 3829 72 3866 '⁰'
196 3853 443 3934 scendum,qnia
459 3853 504 3916 ira
519 3855 552 3916 in
567 3855 639 3916 sinu
655 3855 744 3917 stulti
759 3857 941 3937 requiescit.
999 3855 1167 3919 dominicae
1201 3854 1363 3936 sequentis
1396 3853 1564 3935 epistolam
1598 3853 1748 3915 diffusior

55 3957 99 4001 1⁰⁶
110 3959 167 4009 „a
196 3950 230 4013 ln
262 3949 342 4014 libro
372 3950 430 4014 Job
461 3969 588 4034 quoque
618 3953 770 4016 asseritur
798 3971 805 4016 :
832 3954 943 4018 Virum
999 3954 1060 4016 erit
1083 3953 1253 4015 declaratio
1278 3951 1385 4033 hujus,
1406 3959 1438 4013 et
1461 3951 1638 4014 exhortatio
1662 3951 1746 4013 circa

196 4048 330 4112 stultum
351 4049 505 4112 interficit
524 4051 697 4113 iracundia.
715 4051 763 4113 lra
782 4052 878 4115 etiam
896 4071 943 4116 so·
1000 4052 1069 4114 ista.

746 4479 939 4566 SERMO
979 4480 1198 4567 SEXTUS

350 4745 499 4802 Quatltltlt
521 4747 656 4793 scitellus
678 4746 810 4793 SANCTUS
833 4746 890 4793 rita
911 4747 1025 4794 ramas
1047 4747 1159 4794 anuuit
1179 4747 1385 4794 Naourohnras
1405 4749 1588 4797 nattolosos.

259 5028 943 5104 ARACLETUSarquetmondumdepec-
958 5031 982 5093 D
998 5037 1078 5104 ctus,
1096 5030 1241 5113 protinus
1266 5036 1301 5090 ut
1320 5028 1445 5090 infusus
1470 5036 1517 5090 est
1541 5029 1573 5091 in
1593 5030 1645 5092 die
1668 5030 1744 5092 Pen-

274 5135 355 5196 cato,
382 5134 411 5185 et
440 5127 480 5184 dc
500 5126 651 5202 justitio,
681 5136 710 5185 et
739 5131 779 5186 de
799 5129 941 5204 jndicio.
997 5136 1132 5191 tecostes
1162 5127 1262 5190 beatis
1287 5126 1457 5208 Apostolis,
1481 5128 1578 5208 coepit
1606 5147 1664 5210 per
1691 5146 1745 5190 eos

198 5225 305 5288 loann.
324 5241 387 5296 rvr,
403 5224 431 5285 8.
1000 5228 1156 5289 mundum
1177 5245 1319 5306 arguere,
1337 5231 1368 5286 et
1391 5224 1537 5286 homines
1563 5235 1744 5307 peccatores

239 5322 511 5396 Quemadmodum
528 5323 705 5403 paracletus
720 5324 856 5404 Spiritus
872 5325 945 5387 San·
999 5327 1031 5388 in
1048 5326 1164 5388 mundo
1178 5325 1236 5387 hoc
1251 5323 1429 5385 habitantes
1444 5324 1607 5404 increpare
1622 5324 1661 5384 de
1678 5342 1746 5405 pec·
