4214 6254
296 879 423 933 racana.
438 885 538 947 quum
563 867 681 930 dicitur
705 869 738 930 in
763 867 845 931 libro
867 869 961 930 losue
985 884 992 929 :
1016 866 1096 940 Quid
1121 866 1182 929 sibi
1237 866 1400 928 caritative
1416 866 1617 949 corripiendo
1631 885 1667 929 ac
1682 866 1975 939 admonendoeum·
2085 933 2086 964 ,

436 473 496 542 108
744 497 891 547 hommes
913 498 957 546 ss.
976 496 1157 544 mnvnnrrs.
1178 514 1218 526 -
1238 495 1414 545 massano
1433 497 1466 544 m
1486 497 1682 545 marsuam!

437 667 517 730 solvi
543 676 684 752 possent,
710 670 784 752 quia
813 669 976 752 Scriptura
1000 667 1184 750 frequenter
1197 667 1223 731 Α
1238 676 1359 731 nuntur
1377 667 1541 752 baptismi.
1559 668 1648 743 Quod
1669 685 1744 750 ergo
1764 667 1809 730 ait
1829 666 1973 742 Salvator,

437 767 590 832 adscribit
610 769 805 832 voluntatem
826 768 922 832 rebus
940 767 1133 842 inanimatis,
1148 775 1184 830 ut
1237 768 1283 829 Tu
1305 787 1339 830 es
1364 768 1525 848 magister,
1542 775 1615 843 ete,
1632 785 1696 831 non
1719 767 1911 842 insultando,
1926 768 1974 829 sed

437 966 550 1028 volunt
573 967 694 1049 lapides
723 967 798 1030 istit
823 966 976 1030 Similiter
998 984 1123 1039 vocem,
1149 973 1183 1026 ut
1237 983 1300 1046 que
1322 964 1532 1038 humiliando,
1549 964 1675 1028 locutus
1696 972 1752 1027 est.

298 1079 368 1126 icor.
379 1095 422 1134 m,
437 1084 537 1147 quum
552 1066 591 1128 ad
607 1065 786 1129 Corinthios
806 1066 884 1128 dicit
898 1065 1067 1148 Apostolus
1085 1083 1092 1126 ε
1109 1064 1183 1139 Quat
1277 1063 1397 1125 Deinde
1413 1062 1556 1126 Christus
1575 1064 1714 1127 ostendit
1731 1083 1827 1146 quam
1848 1071 1933 1127 certa
1948 1073 1975 1128 et

289 1145 310 1189 7.

436 1163 505 1226 sine
520 1164 626 1226 anima
640 1173 715 1227 sunt
731 1183 841 1228 vocem
856 1165 973 1228 dantia.
989 1164 1067 1226 ltem
1084 1163 1183 1225 nesci·
1237 1180 1312 1223 vera
1335 1161 1380 1236 sit,
1399 1181 1456 1224 sua
1480 1163 1633 1225 doctrina.
1651 1167 1769 1234 Amen,
1793 1183 1889 1223 amen
1911 1166 1975 1223 dico

436 1281 508 1324 mus
531 1263 778 1326 determinatum
803 1263 999 1345 principium
1025 1261 1079 1324 ubi
1105 1262 1182 1323 inei·
1239 1261 1311 1331 tibi,
1329 1263 1408 1340 quia
1432 1265 1519 1340 quod
1542 1264 1661 1322 seimus
1681 1280 1739 1325 nos
1764 1281 1819 1324 rex
1842 1261 1975 1334 Messias,

436 1360 494 1443 pit,
511 1367 700 1442 certumque
721 1361 821 1424 finem
843 1360 897 1422 ubi
919 1360 1035 1422 desinit
1056 1367 1181 1434 ventus,
1237 1358 1336 1421 Filius
1360 1359 1427 1433 Dei,
1444 1359 1732 1442 universorumque
1756 1359 1921 1434 Dominus,
1938 1363 1976 1420 lo-

435 1457 582 1540 quamvis
596 1458 735 1520 sciamus
757 1459 789 1520 in
810 1459 950 1540 generali
969 1458 1054 1540 quod
1073 1457 1114 1520 ab
1129 1457 1184 1520 ali·
1238 1459 1375 1535 quimur
1397 1457 1436 1519 de
1461 1457 1653 1538 evangelicae
1677 1457 1756 1539 legis
1777 1458 1976 1522 sacramentis

434 1576 497 1639 qua
526 1564 615 1639 parte
644 1557 741 1639 hujus
766 1557 816 1620 vel
848 1557 934 1618 illius
964 1557 1064 1639 plaga
1092 1564 1183 1620 terre
1236 1572 1273 1616 ac
1289 1555 1489 1618 documentis
1499 1565 1554 1635 3et
1569 1559 1656 1635 quod
1669 1557 1815 1616 vidimus
1828 1555 1922 1619 oculo
1936 1556 1978 1617 in·

435 1655 580 1737 incipiat.
1237 1653 1356 1726 teriori,
1373 1653 1433 1717 hoc
1448 1661 1505 1729 est,
1522 1655 1700 1718 certissime
1713 1655 1873 1730 novimus,
1891 1666 1978 1716 testa·
2086 1711 2087 1740 ,

472 1755 650 1831 Respondit
666 1755 874 1824 Nicodemus,
889 1763 919 1814 et
934 1755 1024 1813 dr'reit
1039 1756 1092 1814 ei:
1102 1757 1184 1822 Quo·
1239 1772 1326 1821 mur,
1342 1752 1402 1814 hoc
1418 1759 1475 1827 est,
1488 1751 1625 1820 firmiter
1637 1752 1841 1816 affirmamus
1855 1773 1893 1817 ac
1909 1775 1979 1836 prae
2086 1809 2087 1838 ξ

433 1856 526 1914 modo
546 1863 682 1929 possunt
706 1854 774 1912 trac
797 1872 867 1934 quae
889 1853 928 1914 de
952 1851 1109 1934 spirituali
1134 1871 1183 1912 re·
1200 1850 1224 1912 B
1239 1849 1382 1912 dicamus
1398 1851 1436 1912 de
1452 1851 1686 1933 pertinentibus
1701 1852 1741 1914 ad
1757 1852 1979 1916 salutemllaec

434 1951 637 2032 generatione
662 1959 693 2014 et
720 1950 821 2014 libera
847 1951 984 2033 Spiritus
1009 1950 1182 2032 spiratione
1238 1949 1345 2010 omnia
1360 1948 1503 2038 Christus
1518 1951 1666 2031 cognovit
1684 1967 1748 2014 non
1763 1951 1868 2014 solum
1884 1951 1981 2014 scien·
2086 1969 2087 1976 ¹

433 2049 623 2124 disseruisti,
649 2052 738 2128 fieri,
766 2049 797 2112 id
823 2056 872 2112 est
895 2049 999 2111 taliter
1026 2067 1060 2111 se
1087 2048 1182 2110 habe·
1238 2047 1282 2108 tia
1302 2048 1450 2122 increata,
1467 2049 1642 2112 secundum
1663 2049 1748 2130 quod
1768 2049 1863 2125 Deus,
1879 2051 1935 2112 sed
1952 2057 1981 2112 et

435 2152 491 2211 rel
511 2148 702 2211 Nicodemus
724 2149 755 2210 in
780 2147 907 2210 litterali
930 2167 1024 2209 sensu
1049 2146 1127 2228 legis
1146 2165 1182 2209 ac
1238 2152 1342 2206 creata
1362 2146 1505 2222 scientia,
1523 2147 1555 2209 in
1576 2154 1731 2229 quantum
1753 2147 1860 2211 homo.
1878 2151 1923 2210 Et
1942 2159 1980 2208 te·

387 2261 392 2275 ·
433 2245 662 2329 Prophetarum
696 2247 871 2308 instructus
899 2264 935 2307 ae
968 2245 1113 2318 usitatus,
1143 2245 1182 2306 ad
1237 2244 1427 2305 stimonium
1442 2255 1590 2306 nostrum
1606 2265 1669 2306 non
1684 2247 1979 2323 accipitismocest,

434 2344 636 2427 spiritualem
650 2362 686 2405 ac
702 2343 873 2426 mysticum
893 2343 1090 2406 intellectum
1107 2343 1181 2405 faci·
1238 2340 1345 2403 verbis
1366 2342 1599 2423 predicationis
1622 2350 1736 2406 nostrae
1755 2361 1820 2406 non
1841 2344 1979 2406 creditis.

435 2443 509 2505 liter
523 2440 602 2523 erigi
623 2459 686 2504 non
701 2440 826 2504 valebat
843 2459 850 2504 :
867 2442 1018 2523 quoniam
1040 2461 1116 2504 usus
1136 2450 1183 2504 est
1238 2439 1387 2511 Quamvis
1403 2441 1522 2504 etenim
1537 2442 1635 2522 aliqui
1653 2442 1858 2505 crediderunt
1872 2443 1981 2517 illi,ta·

434 2540 524 2603 velut
539 2539 636 2602 altera
652 2547 771 2602 natura.
790 2540 863 2602 ldeo
878 2540 954 2602 satis
970 2540 1120 2629 audacter
1136 2540 1182 2601 in·
1239 2555 1312 2598 men
1335 2540 1570 2622 comparatione
1592 2539 1829 2604 incredulorum
1855 2540 1982 2604 fuerunt

434 2645 573 2721 terrogat
592 2640 752 2721 quomodo
773 2647 890 2721 queant
911 2639 977 2702 haec
999 2637 1081 2701 fieri.
1238 2637 1401 2718 perpauci.

476 2737 620 2801 Christus
635 2754 711 2798 vero
726 2737 870 2800 cordium
887 2736 1182 2818 cognitor,cernens
1275 2741 1316 2800 Si
1332 2749 1464 2798 terrena
1484 2738 1560 2796 diei
1575 2738 1673 2808 vobis,
1688 2747 1719 2797 et
1737 2757 1803 2798 aon
1822 2741 1959 2799 creditis
1972 2760 1982 2798 :

435 2835 514 2918 legis
530 2836 691 2898 doctorem
707 2836 746 2898 de
762 2852 819 2897 suo
839 2835 1021 2916 magisterio
1037 2835 1183 2916 aliquali·
1238 2839 1394 2920 quomodo
1415 2837 1445 2895 si
1465 2838 1582 2895 dimero
1604 2837 1691 2895 vobis
1709 2839 1863 2907 coelestia,
1877 2840 1984 2897 crede·
2087 2829 2088 2840 ¹

434 2943 482 2998 ter
497 2933 715 3009 tumidum‚ad
730 2934 944 2996 humilitatem
961 2952 1033 2996 eum
1049 2934 1180 3006 reducit,
1239 2939 1281 2997 tis
1293 2938 1307 2996 t
1321 2936 1394 3008 Quae
1419 2939 1494 2995 sunt
1516 2933 1574 2995 ista
1598 2942 1724 2996 terrena
1746 2953 1818 3015 quae
1841 2933 1983 2998 Christus

433 3041 591 3117 quatenus
606 3032 720 3094 instrui
736 3039 900 3094 mereatur.
910 3032 1181 3105 Quemadmodum
1199 3030 1221 3093 C
1238 3035 1318 3097 dixit
1337 3032 1510 3096 Nicodemo
1532 3039 1626 3113 atque
1646 3031 1786 3094 Judaeisl
1801 3031 1983 3094 Secundum

433 3133 520 3196 onim
541 3131 695 3214 superbia
714 3131 959 3194 excecationem
979 3129 1181 3202 diabolicam,
1237 3132 1450 3213 Augustinum
1479 3137 1510 3191 et
1534 3130 1661 3204 bedam,
1688 3129 1749 3191 ista
1771 3136 1898 3193 terrena
1923 3148 1983 3193 non

434 3233 477 3294 ita
496 3228 659 3292 humilitas
681 3227 949 3308 illuminationem
971 3236 1112 3289 meretur
1128 3246 1182 3289 an·
1238 3239 1311 3293 sunt
1326 3229 1432 3311 aliqua
1447 3229 1532 3290 dicta
1547 3227 1579 3290 in
1595 3228 1656 3290 isto
1671 3228 1820 3310 capitulo,
1828 3230 1884 3291 sed
1899 3230 1983 3311 quod

432 3329 566 3412 gelicam
586 3346 623 3389 ac
643 3326 795 3388 divinam.
818 3327 927 3407 ltaque
949 3329 1115 3402 respondit
1134 3329 1183 3386 Je·
1237 3335 1310 3391 ante
1333 3327 1412 3389 dixit
1432 3325 1548 3388 ludaris
1565 3343 1572 3388 :
1590 3326 1708 3388 Solvite
1729 3327 1887 3408 templum
1913 3327 1981 3400 hoc,
2009 3341 2040 3382 aa

434 3529 471 3586 in
495 3527 612 3593 Israel,
636 3521 667 3584 id
692 3529 740 3584 est
765 3522 916 3604 magister
938 3522 1131 3596 ludaeorum,
1152 3532 1181 3582 et
1237 3523 1357 3605 quippe
1373 3520 1506 3604 protulit
1520 3519 1559 3582 de
1578 3520 1709 3602 proprio
1727 3537 1859 3602 corpore
1878 3521 1983 3583 adhuc

434 3625 512 3693 lroec,
528 3640 599 3704 qua
615 3621 654 3682 de
673 3620 835 3702 Baptismo
855 3620 981 3681 locutus
996 3638 1078 3694 sum,
1096 3621 1183 3697 i'pno·
1237 3619 1450 3701 corruptibili,
1476 3624 1602 3680 terreno
1624 3625 1657 3679 et
1684 3619 1793 3681 mixto.
1820 3618 1983 3701 Tanquam

435 3722 514 3782 ras?
528 3720 602 3795 Qum
625 3727 730 3782 tamen
753 3718 785 3780 in
806 3717 897 3780 libris
918 3718 1032 3801 lloysis
1054 3737 1090 3780 ac
1111 3719 1182 3781 Pro·
1237 3719 1321 3780 dicat
1338 3735 1345 3780 :
1362 3717 1393 3779 Si
1419 3734 1481 3779 non
1507 3715 1636 3779 creditis
1660 3717 1745 3798 quod
1769 3717 1889 3798 possim
1915 3735 1984 3800 pro·

434 3819 603 3901 phetarum
618 3816 798 3898 figuraliter
816 3835 852 3878 ac
869 3815 1047 3878 litteraliter
1066 3817 1182 3879 descri-
1237 3816 1344 3899 prium
1375 3833 1491 3896 corpus
1515 3814 1624 3876 divina
1647 3814 1765 3877 virtute
1790 3815 1945 3878 suscitare
1968 3835 1986 3878 a

433 3916 665 3989 huntur:ideo,
682 3934 783 3997 quum
799 3915 842 3977 sis
860 3914 937 3995 legis
953 3915 1182 3988 doctor,dehes
1237 3921 1350 3986 morte,
1375 3912 1535 3994 quomodo
1564 3912 1700 3976 credetis
1729 3913 1815 3995 quod
1838 3913 1985 3976 homines

434 4015 502 4078 haec
523 4013 615 4089 scire,
631 4014 682 4076 vel
703 4013 815 4076 saltem
837 4011 973 4075 faciliter
994 4013 1180 4094 intelligere.
1237 4013 1360 4075 valeam
1381 4031 1419 4074 ex
1434 4030 1516 4093 aqua
1535 4019 1567 4072 et
1585 4011 1705 4093 Spiritu
1724 4011 1839 4074 Sancto
1858 4031 1986 4094 regene-

434 4111 578 4176 Doctoris
599 4112 720 4194 quippe
740 4130 836 4174 sacrae
857 4112 1026 4194 Scriptura
1047 4119 1095 4174 est
1113 4112 1183 4192 ejus
1237 4131 1318 4185 rare,
1338 4119 1370 4172 et
1393 4110 1515 4172 animas
1537 4110 1746 4192 spiritualiter
1766 4117 1907 4174 mortuas
1930 4131 1987 4194 per

437 4212 588 4295 mysteria
602 4219 633 4274 et
651 4211 772 4293 figuras
787 4229 823 4272 ac
844 4209 991 4272 diflicilia
1005 4210 1183 4292 intelligere
1197 4210 1223 4273 ll
1237 4210 1345 4292 gratiae
1361 4208 1554 4272 inlusionem
1571 4207 1759 4272 vivificaret
1773 4245 1814 4255 —
1828 4210 1890 4272 Alii
1907 4211 1986 4274 refe-

437 4311 515 4374 loca.
533 4310 714 4392 Baptismus
734 4318 839 4372 autem
861 4308 988 4382 Christi,
1006 4328 1063 4390 per
1085 4317 1183 4372 trans·
1239 4315 1315 4370 runt
1328 4307 1367 4369 ad
1387 4306 1596 4388 baptismum,
1613 4307 1669 4389 qui
1684 4307 1748 4369 dici
1768 4315 1872 4390 potest
1888 4316 1985 4372 terre·

436 4409 516 4472 itum
533 4410 627 4471 maris
642 4409 739 4472 Rubri
756 4417 787 4470 et
802 4426 859 4489 per
873 4406 1051 4469 ablutiones
1067 4407 1183 4488 legales
1239 4425 1310 4479 nus,
1327 4406 1477 4488 quoniam
1494 4405 1664 4468 exhibetur
1678 4406 1710 4467 in
1730 4425 1823 4488 aqua,
1840 4406 1900 4469 sub
1916 4427 1985 4471 sen·

305 4529 421 4581 umas
437 4506 712 4590 praefigurabatur,
732 4505 858 4568 dicente
878 4504 1027 4587 apostolo
1044 4523 1050 4566 :
1068 4505 1183 4568 Omnes
1239 4503 1326 4566 sibili
1346 4503 1448 4566 forma
1464 4503 1644 4565 verborum.
1663 4505 1782 4585 ltaque,
1800 4505 1832 4567 Si
1849 4505 1929 4568 mihi
1947 4508 1985 4569 de

294 4915 367 4960 Zuclv.
378 4931 412 4960 xru

437 4605 469 4668 in
485 4606 589 4687 Moyse
605 4604 752 4686 baptizati
768 4612 843 4666 sunt
863 4605 894 4666 in
915 4604 1000 4666 nube
1020 4604 1102 4666 etin
1118 4623 1182 4665 ma·
1239 4604 1289 4666 his
1313 4603 1448 4666 terrenis
1474 4603 1615 4685 loquenti
1640 4622 1703 4666 non
1734 4605 1864 4667 creditis
1887 4606 1986 4688 (quod

437 4703 474 4765 ri.
501 4702 664 4784 Propheta
693 4720 821 4784 quoque
849 4702 887 4764 ad
918 4701 1054 4764 litteram
1086 4701 1182 4764 locuti
1239 4711 1344 4765 lamen
1369 4702 1512 4765 Christus
1537 4719 1601 4765 non
1630 4703 1710 4766 dixit
1734 4704 1773 4767 de
1800 4704 1984 4778 Nicodemo‚

437 4808 512 4864 sunt
527 4801 565 4864 de
581 4800 698 4864 Christi
713 4801 916 4882 Baptismate,
933 4807 968 4860 ut
986 4819 1086 4881 quum
1107 4800 1183 4862 dici·
1239 4802 1293 4864 sed
1310 4801 1349 4863 de
1367 4800 1483 4863 ludaeis
1506 4800 1704 4882 incredulis),
1718 4803 1879 4884 quomodo
1896 4805 1922 4867 si
1942 4805 1986 4866 di·

416 4907 489 4967 ‚tur
513 4919 571 4982 per
593 4899 775 4963 Zachariam
793 4899 850 4960 :ln
875 4899 927 4961 die
951 4898 1005 4960 illa
1029 4899 1090 4960 erit
1113 4899 1184 4961 lons
1239 4917 1314 4962 xero
1336 4898 1427 4961 vobis
1448 4899 1599 4973 ccelesiis,
1616 4900 1655 4962 de
1677 4899 1897 4964 invisibilibus
1917 4903 1984 4976 Ilei,

437 5006 549 5082 patens
564 4999 673 5062 domui
694 4998 792 5061 David
812 5005 844 5061 et
863 4996 1080 5059 habitantibus
1097 4998 1185 5060 Jeru-
1238 4999 1278 5060 de
1302 4997 1423 5060 unitate
1445 4997 1618 5072 Trinitatis,
1635 5005 1666 5060 et
1687 4998 1829 5061 trinitate
1851 4999 1883 5061 in
1908 5001 1986 5063 divi-

437 5096 545 5170 salem,
557 5097 587 5159 iu
602 5097 798 5160 ablutionem
817 5096 1086 5179 peccatorislliuc
1100 5097 1184 5178 apud
1239 5097 1300 5170 nis,
1313 5097 1352 5158 de
1367 5095 1567 5158 emanatione
1582 5095 1761 5159 divinarum
1777 5098 1985 5162 Personarum

316 5212 402 5259 useel.
438 5196 638 5260 Ezechielem
664 5195 764 5258 multa
788 5196 939 5258 dicuntur
960 5195 999 5256 de
1023 5195 1113 5276 aquis
1138 5214 1185 5256 re·
1240 5196 1278 5258 ad
1296 5195 1388 5268 intra,
1406 5195 1445 5256 de
1466 5194 1649 5256 immediata
1668 5195 1791 5258 visione
1810 5195 1927 5260 divinat
1941 5217 1986 5260 es-

288 5289 350 5320 Klel·

439 5294 658 5358 dundantibus
678 5295 801 5378 templi,
825 5313 895 5377 quae
917 5294 956 5356 de
979 5293 1071 5377 aquis
1092 5311 1186 5376 expo
1242 5291 1351 5356 sentiae
1366 5312 1384 5355 a
1398 5293 1562 5368 BeatiS‚de
1576 5292 1775 5370 hierarchiis,
1791 5293 1927 5377 aliisque
1941 5313 1987 5360 se·

2041 3331 2089 3396 aq

433 3449 488 3488 sus
502 3425 685 3498 NicodemO,
702 3435 731 3484 et
747 3426 835 3484 dimit
852 3426 884 3483 ei
893 3445 904 3483 .·
917 3429 965 3485 Tu
980 3445 1012 3483 es
1027 3427 1183 3502 magister
1237 3424 1324 3487 etin
1355 3422 1457 3484 tribus
1485 3421 1599 3483 diebus
1628 3421 1773 3484 excitabo
1801 3421 1891 3485 illud.
1920 3407 2052 3485 Hoo¹⁹'³''
