4206 6258
346 549 495 597 oculatus
517 549 577 596 XXV
598 550 673 596 eost
692 549 885 596 satanam.
906 566 946 577 ··
967 549 1009 595 AD
1029 548 1224 612 anastase&
1246 549 1345 596 SERMO
1365 547 1492 604 QUINTUS

1633 529 1693 592 cot

674 961 866 1048 SERMO
904 959 1156 1062 QUINTUS

280 1228 319 1273 DE
340 1227 411 1272 vira
434 1226 470 1272 ΕΤ
491 1225 698 1273 PERFEGTIONE
720 1228 763 1273 AD
784 1225 948 1302 EQNAGHOS
969 1227 1170 1282 altumaltum,
1191 1227 1350 1274 SECUNDUM
1372 1227 1548 1274 uectatus!

780 1324 878 1370 Dllel
899 1324 1045 1371 otohusu.

211 1606 447 1669 CCEDAMUS
467 1625 541 1667 cum
562 1609 657 1666 corde
676 1626 751 1666 vero
772 1609 808 1666 ia
824 1609 891 1682 ple·
906 1603 931 1666 A
949 1607 1051 1687 quoad
1080 1607 1339 1670 consecutionem
1366 1624 1487 1680 aarum,
1514 1603 1569 1667 sed
1597 1602 1694 1666 etiam

223 1705 380 1764 nitudine
393 1707 485 1782 fidei,
502 1707 652 1782 adspersi
664 1708 764 1765 corda
785 1725 805 1764 a
819 1724 892 1764 corr-

139 1803 278 1860 scientio
301 1805 401 1873 mola,
423 1812 565 1864 tenentes
584 1805 653 1878 spei
676 1811 796 1862 nostroe
819 1821 891 1862 con-

137 1901 312 1976 sessionem
332 1902 606 1962 indeclinabilem.
625 1900 718 1963 Hehr.
730 1918 762 1974 x,
778 1898 828 1972 22,
840 1898 888 1988 23.

181 1997 449 2060 Ferventissimus
470 2017 506 2062 ac
524 1997 817 2061 illuminatissimus
836 1997 891 2060 ille

138 2095 331 2176 areopagita
355 2096 535 2178 Dionysius,
559 2097 655 2158 ritum
682 2095 891 2158 institutionis

139 2212 178 2255 ac
193 2193 428 2257 benedictionis
444 2213 500 2257 seu
520 2194 767 2258 consecrationis
784 2211 891 2256 mona·
909 2215 912 2225 ·

139 2293 288 2366 chorum,
305 2301 400 2376 prout
421 2294 454 2354 in
477 2293 641 2375 primitiva
663 2291 762 2356 fiebat
785 2292 892 2355 Eccle-

139 2391 198 2462 sia,
225 2390 258 2453 in
289 2391 372 2453 libro
396 2391 435 2454 de
465 2391 686 2454 Ecclesiastica
714 2391 892 2454 hierarchia

52 2539 57 2548 .
73 2520 106 2550 v..
139 2489 339 2563 describens,
351 2489 433 2551 iuter
449 2498 553 2552 cetera
567 2489 622 2563 ait,
639 2489 724 2570 quod
740 2489 891 2552 intereos

140 2587 198 2668 qui
228 2585 453 2668 perficiuntur,
480 2605 625 2650 summus
650 2595 699 2650 est
726 2587 803 2650 ordo
828 2605 892 2650 mo-

140 2686 331 2759 nachorum,
362 2686 418 2768 qui
450 2686 569 2749 idcirco
600 2685 731 2768 speciali
762 2685 892 2750 nomino

948 1704 1193 1786 cogitationibus
1207 1703 1497 1784 allectionibusque
1512 1701 1652 1780 illarum;
1664 1707 1697 1764 et

947 1803 1096 1885 exposuit
1116 1803 1272 1865 monacho
1290 1801 1520 1885 perfectionem
1538 1798 1611 1863 vita
1630 1815 1696 1861 mo

947 1901 1085 1964 nasticae.
1108 1901 1260 1964 Monacho
1283 1908 1390 1962 autem
1413 1897 1587 1962 confitente
1609 1897 1694 1979 quod

946 1999 1055 2062 omnia
1075 1998 1171 2062 vellet
1190 2017 1327 2072 servare,
1344 1997 1481 2079 signavit
1498 2015 1572 2059 cum
1593 2014 1695 2058 saeer-

947 2098 1003 2160 dos
1027 2098 1131 2160 erucis
1156 2097 1331 2178 signaculo,
1354 2103 1450 2179 atque
1473 2093 1642 2173 tondebat3
1663 2101 1696 2156 et

947 2196 1092 2278 pristinis
1107 2195 1306 2258 vestimentis
1322 2194 1483 2267 extractis,
1501 2193 1605 2255 induit
1620 2210 1695 2255 eum

946 2293 1024 2356 alias
1044 2300 1160 2366 vestes,
1177 2291 1443 2374 osculabaturque
1463 2308 1628 2353 eumcum
1647 2307 1696 2350 ee-

946 2391 1023 2454 teris
1039 2392 1095 2474 qui
1110 2390 1286 2464 adstabant,
1296 2398 1328 2452 et
1342 2389 1429 2452 dedit
1444 2389 1473 2452 ei
1490 2387 1696 2451 Eucharistiae

947 2497 1192 2552 sacramentum.
1209 2489 1381 2551 Monachus
1402 2505 1477 2550 vero
1497 2485 1621 2548 nullum
1643 2502 1695 2566 ge-

947 2609 991 2652 nu
1008 2589 1169 2663 flectebat,
1181 2607 1240 2651 nec
1255 2605 1352 2669 super
1367 2593 1464 2670 caput
1477 2586 1548 2667 ejus
1563 2602 1697 2664 evange·

947 2688 1027 2750 lium
1057 2685 1246 2768 ponebatur,
1275 2685 1315 2748 ad
1346 2684 1579 2765 designandum
1610 2683 1696 2764 quod

140 2783 360 2863 designantur.
394 2783 473 2846 Nam
506 2783 637 2865 quidam
670 2783 891 2866 Apostolorum
907 2784 931 2847 B
947 2803 1010 2848 non
1032 2792 1081 2847 est
1102 2785 1152 2847 sui
1174 2782 1276 2846 oflicii
1298 2783 1434 2846 aliorum
1456 2800 1565 2863 gerere
1585 2800 1696 2844 curam

141 2886 413 2963 nuncupaverunt
432 2898 486 2943 eos
506 2880 562 2942 Dei
587 2880 724 2944 famulos
748 2900 804 2943 seu
825 2881 890 2963 pla·

140 2987 277 3053 catores,
290 2988 420 3062 propter
433 2979 599 3042 assiduum
614 2997 711 3062 quem
727 2980 791 3042 Deo
806 2979 892 3042 exhi-

139 3076 219 3140 bent
249 3076 450 3140 famulatum.
477 3077 540 3140 Alii
569 3078 816 3141 nominaverunt
838 3095 892 3141 eos

140 3175 328 3250 monachos,
344 3195 363 3238 a
383 3176 517 3239 monade
538 3195 594 3238 scu
614 3176 745 3249 unitate,
762 3184 892 3258 propter

139 3275 287 3356 ipsorum
302 3274 496 3356 singularem
513 3275 612 3337 vitam
631 3293 694 3357 qua
712 3275 893 3338 adunantur

138 3389 178 3434 ac
201 3371 454 3455 simplificantur
480 3373 513 3435 in
538 3372 602 3434 Deo
627 3389 684 3455 per
707 3372 892 3435 abstractio-

138 3487 217 3532 nem
233 3487 251 3530 a
267 3469 485 3532 materialibus
500 3486 537 3531 ac
556 3469 763 3532 sensibilibus
783 3470 890 3545 rebus,

138 3573 174 3630 ct
189 3585 246 3649 per
261 3567 445 3630 divinorum
461 3569 762 3650 contemplationem
782 3586 819 3631 ae
834 3587 891 3652 pu-

138 3684 210 3729 ram
226 3664 442 3728 allectionem.
460 3665 549 3728 Unde
568 3665 719 3728 dicuntur
734 3674 766 3728 et
785 3683 891 3729 mona-

138 3762 205 3837 chi,
222 3762 315 3845 quasi
336 3763 514 3844 singulares
536 3782 572 3825 ac
592 3763 724 3826 solitarii
747 3771 778 3825 et
797 3764 890 3838 uniti,

138 3861 217 3943 quia
231 3879 341 3924 eorum
355 3861 421 3922 vita
436 3878 497 3923 non
512 3861 607 3923 debet
622 3861 653 3922 in
669 3861 892 3942 temporalibus

947 2902 1003 2946 seu
1019 2883 1249 2965 prelationem,
1265 2889 1297 2944 et
1316 2881 1496 2942 animarum
1516 2879 1697 2961 gubernati·

947 2999 1040 3044 onem
1063 2980 1191 3054 hahere,
1213 2980 1267 3043 sed
1290 2979 1341 3042 sui
1363 2979 1465 3061 ipsius
1487 2996 1557 3040 esse
1578 2976 1697 3040 sollici·

946 3088 1014 3142 tum
1043 3085 1075 3141 et
1105 3078 1265 3141 custodire
1293 3096 1405 3152 unum,
1432 3075 1555 3139 scilicet
1583 3075 1695 3149 Deum,

947 3179 1054 3260 ipsum
1079 3179 1203 3240 sincere
1225 3176 1368 3250 colendo,
1385 3174 1437 3238 vel
1459 3193 1492 3238 se
1508 3175 1626 3256 ipsum,
1643 3191 1697 3236 cor

947 3296 1064 3359 purum
1081 3275 1201 3358 ubique
1216 3274 1382 3338 servando.
1396 3272 1484 3336 Unde
1499 3273 1617 3335 dicitur
1633 3290 1697 3335 mo·

946 3376 1078 3448 nachus,
1096 3374 1187 3456 quasi
1209 3379 1315 3436 custos
1338 3372 1443 3434 unius.

986 3473 1150 3544 Praeterea,
1169 3471 1273 3533 crucis
1297 3469 1433 3550 signatio
1457 3468 1563 3530 innuit
1588 3485 1695 3531 mona-

947 3570 1043 3632 chum
1058 3589 1076 3631 a
1092 3567 1279 3632 carnalibus·
1292 3566 1459 3630 desideriis
1478 3572 1624 3648 oportere
1644 3583 1697 3648 pe-

946 3668 1033 3730 nitus
1062 3667 1233 3740 abstinere,
1259 3673 1294 3727 ut
1318 3683 1392 3727 cum
1416 3663 1541 3727 Christo
1565 3681 1842 3740 crucemmaaxaa

947 3785 1036 3829 suam
1065 3773 1169 3848 portet
1197 3763 1351 3847 quotidie,
1382 3779 1498 3845 eorpus
1527 3762 1695 3844 proprium

947 3864 1130 3946 castigando
1144 3882 1181 3926 ac
1201 3862 1346 3945 proprias
1360 3861 1540 3924 voluntates
1560 3861 1695 3924 mortiti-

139 3977 212 4021 esse
228 3958 341 4032 divisa,
358 3959 413 4020 scd
430 3959 463 4020 in
479 3960 578 4021 Deum
596 3959 736 4033 reducta,
752 3979 793 4022 ue
809 3961 893 4041 cogi·
908 3961 930 4026 G
947 3963 1056 4025 cando.
1088 3961 1283 4043 (lapillorum
1312 3977 1388 4023 vero
1417 3958 1562 4022 detonsio
1592 3959 1696 4040 signat

138 4056 317 4119 talionibus
345 4064 376 4118 et
404 4055 630 4119 affectionibus
656 4065 711 4118 aut
739 4057 891 4120 sollicitu-

138 4155 274 4218 dinibus
303 4173 361 4236 per
384 4155 573 4237 temporalia
599 4155 815 4217 distrahantur
836 4165 891 4218 aut

9 4311 16 4322 .
34 4291 61 4328 x,
76 4277 119 4320 aa.
138 4261 328 4334 evagentur,
345 4253 401 4315 sed
417 4253 449 4314 in
465 4271 529 4315 uno
544 4271 671 4315 summo
686 4255 770 4335 quod
786 4254 889 4317 solum

138 4351 360 4416 necessarium
383 4358 440 4425 est,
464 4351 674 4414 stabiliantur.

182 4449 315 4524 Deinde,
334 4449 368 4511 in
388 4449 551 4531 primitiva
571 4449 721 4524 Ecclesia,
744 4451 889 4514 sacerdos

137 4547 335 4612 monachum
356 4547 549 4611 benedicens
568 4566 604 4610 ac
625 4566 812 4611 consecrans
831 4557 891 4611 ste-

136 4647 179 4710 tit
198 4653 272 4708 ante
292 4646 402 4720 altare,
419 4664 492 4708 eum
513 4653 608 4708 cantu
629 4646 729 4709 Deum
747 4665 805 4729 pro
824 4665 889 4711 mo·

136 4744 243 4808 nacho
274 4745 437 4819 invocans,
463 4745 577 4820 idest,
602 4745 726 4826 aliquos
751 4746 889 4828 psalmos

137 4844 187 4906 illi
209 4843 390 4906 ministerio
409 4844 635 4906 convenientes
654 4843 842 4924 decantans3
858 4852 890 4907 et

137 4942 377 5004 consecrandus
403 4941 434 5003 in
461 4941 666 5016 monachum,
691 4942 778 5004 stetit
807 4950 890 5005 retro

136 5039 350 5103 sacerdotem.
377 5039 435 5112 Qui
463 5038 655 5101 monachum
686 5039 891 5121 interrogavit

948 4061 1111 4133 mundam,
1128 4059 1247 4121 nudam
1267 4066 1299 4121 et
1323 4076 1385 4121 non
1410 4057 1519 4120 fictam
1546 4057 1693 4120 monachi

947 4157 1232 4230 conversationem,
1245 4175 1285 4218 ne
1300 4155 1489 4237 simplicitas
1506 4155 1633 4228 mentis,
1644 4173 1695 4217 eo·

948 4275 1018 4318 rum
1039 4255 1188 4318 exteriori
1209 4253 1439 4335 compositione
1459 4252 1534 4314 fiete
1551 4260 1692 4328 ornetur,

946 4354 1001 4417 sed
1018 4371 1097 4436 pure
1113 4352 1253 4432 erigatur
1266 4351 1305 4413 ad
1325 4352 1426 4413 Deum
1444 4368 1450 4412 :
1468 4350 1619 4432 quoniam
1635 4351 1694 4413 sic-

946 4460 982 4514 ut
1003 4453 1036 4513 in
1059 4451 1141 4513 libro
1161 4450 1218 4512 lob
1235 4449 1390 4531 scriptum
1410 4455 1468 4523 est,
1486 4449 1693 4530 congregatio
1715 4469 1841 4524 rosiers.

946 4549 1184 4633 hypocritarum
1206 4553 1255 4610 est
1279 4547 1407 4620 sterilis,
1430 4547 1490 4611 hoc
1513 4555 1561 4610 est
1585 4565 1692 4610 coram

946 4649 1010 4710 Deo
1032 4646 1241 4719 infructuosa,
1259 4645 1384 4708 Christo
1408 4645 1440 4706 in
1460 4643 1632 4726 Evangelio
1653 4648 1693 4709 de

946 4746 1063 4808 talibus
1085 4751 1290 4818 contestante,
1307 4743 1382 4825 quia
1401 4751 1591 4827 receperunt
1613 4755 1694 4808 mer·
1716 4764 1840 4820 narrum,

946 4845 1056 4907 eedem
1073 4860 1173 4904 suam.
1192 4841 1231 4904 Et
1250 4841 1364 4904 iterum
1381 4841 1426 4902 ait
1444 4841 1607 4923 Scriptura
1624 4859 1631 4904 :
1648 4843 1693 4906 Si·
1707 4831 1841 4944 'pjffigm'

946 4943 1117 5006 mulatores
1139 4948 1171 5003 et
1192 4939 1300 5003 callidi
1324 4946 1498 5021 provocant
1520 4939 1600 5002 iram
1625 4941 1690 5004 Dei.
1709 4957 1741 4997 aa.

945 5042 1076 5113 Rursus,
1099 5039 1175 5121 quia
1199 5037 1307 5120 capilli
1329 5036 1534 5119 superfluunt
1556 5039 1692 5121 corpori,

135 5159 180 5201 an
196 5137 295 5201 vellet
314 5137 497 5200 renuntiare
516 5136 666 5200 omnibus
686 5139 890 5203 saecularibus
907 5144 931 5205 D
947 5158 1004 5222 per
1019 5157 1129 5201 eorum
1150 5137 1350 5199 abrasionem
1371 5135 1560 5216 intelligitur
1575 5155 1696 5199 reseca-

136 5235 438 5300 conversationibus
463 5253 500 5296 ac
525 5235 710 5316 phantasiis,
736 5237 892 5299 saeculari-

138 5336 204 5398 hus
219 5352 349 5417 quoque
368 5333 463 5396 rebus
484 5351 540 5394 seu
560 5333 687 5415 opibus,
704 5352 766 5397 non
787 5336 889 5399 solum

266 5466 299 5517 T.
318 5467 358 5518 30.

947 5237 992 5299 tio
1007 5235 1257 5318 superfluorum,
1275 5242 1311 5296 ut
1330 5232 1478 5296 monachi
1498 5233 1637 5316 simplici
1658 5255 1694 5298 ac

947 5334 1035 5397 tenui
1053 5333 1138 5396 victu
1154 5341 1249 5414 atque
1264 5332 1378 5395 vestitu
1394 5331 1455 5393 sint
1471 5333 1696 5416 contenti,pro

1537 5466 1568 5516 42
