4192 6258
347 513 496 562 murrum
517 513 582 560 mr
603 512 676 560 rosr
697 511 890 560 susurramus.
912 529 952 542 -
971 513 1015 558 an
1033 511 1208 560 aaarorosos
1219 511 1228 576 ;
1251 511 1349 560 sarno
1368 512 1496 568 oomrus
1634 491 1694 558 599

143 703 205 768 per
232 702 287 748 eos
316 685 470 750 vanitates
500 684 749 768 passionumque
777 690 894 759 motus,
908 681 935 745 A
949 681 1061 763 injusti
1080 688 1154 745 ante
1171 682 1281 746 oeulos
1300 688 1380 746 tuos.
1397 684 1471 746 ldeo
1488 682 1515 746 si
1530 701 1548 745 a
1561 681 1697 746 Domino

144 783 252 847 cordis
267 783 488 848 distractiones
502 784 607 846 varias
621 781 896 846 hauriamustlou·
949 780 1013 844 Deo
1042 787 1149 844 nostro
1177 781 1326 863 cupimus
1354 781 1457 864 diligi,
1481 781 1511 844 ei
1537 780 1634 854 uniri,
1659 796 1696 842 eo

143 881 292 945 formiter
327 891 437 965 turpes
473 881 727 963 imaginationes,
765 879 894 943 inutiles
948 879 1140 944 eternaliter
1154 878 1230 955 lrui,
1246 879 1392 943 odiamus
1407 879 1615 962 etfugiamus
1630 895 1698 941 orn·

142 981 328 1063 phantasias
350 988 382 1044 et
404 981 521 1045 mentis
544 980 744 1062 evagationes
768 998 895 1062 semper
948 997 989 1041 ne
1004 985 1171 1061 peceatum
1192 986 1321 1061 propter
1341 978 1441 1060 ipsius
1462 977 1649 1051 faeditatem,
1666 984 1698 1039 et

142 1087 179 1142 et
198 1080 336 1143 maxime
359 1079 392 1142 in
413 1079 531 1142 divinis
551 1086 675 1161 oportet
695 1077 846 1159 abjicere,
863 1085 895 1140 et
948 1078 1024 1160 quia
1042 1075 1238 1141 ostensivum
1253 1084 1285 1139 et
1300 1076 1558 1140 inhonorativurn
1576 1082 1626 1138 est
1640 1075 1697 1138 Dei

142 1187 286 1241 mentem
319 1178 353 1240 in
381 1178 701 1252 Dominoaneorare,
726 1178 894 1259 nequead
948 1195 984 1239 ae
1008 1175 1225 1256 elongativum
1248 1175 1288 1238 ab
1313 1193 1360 1238 eo.
1386 1176 1504 1238 Verum
1529 1175 1604 1257 quia
1632 1191 1697 1236 non

142 1277 288 1359 aliquam
302 1295 371 1342 rem
388 1277 468 1340 citra
482 1277 582 1340 ileum
598 1274 688 1338 allici
704 1275 892 1350 inordinate,
948 1274 1072 1339 suflicit
1100 1292 1206 1337 eoram
1232 1275 1296 1338 Deo
1325 1273 1492 1338 sinceriter
1519 1271 1694 1347 ambulare,

143 1376 202 1438 sed
223 1376 327 1439 solum
353 1376 386 1439 in
409 1376 484 1450 llao,
503 1393 607 1458 nequa
627 1374 792 1456 superflua
818 1372 895 1438 alle-
949 1373 1011 1436 nisi
1027 1381 1059 1436 et
1073 1373 1158 1435 eirca
1177 1372 1339 1454 proximos
1360 1370 1442 1435 bene
1457 1389 1491 1434 se
1505 1369 1622 1434 haheat
1639 1369 1695 1432 ho-

144 1481 232 1536 ctare
253 1481 309 1536 aut
327 1475 453 1537 curiosa
470 1473 593 1536 sectari.
949 1489 1002 1534 mo
1024 1471 1215 1553 (secundum
1240 1471 1325 1552 quod
1347 1468 1425 1533 alibi
1449 1469 1567 1532 dicitur
1593 1485 1600 1530 :
1625 1468 1696 1531 Pro
1724 1483 1789 1528 aaa.
1803 1494 1841 1532 xri,

189 1572 357 1654 Deinceps,
375 1572 417 1634 ita
439 1590 497 1635 nos
520 1590 613 1653 agere
635 1579 744 1634 monet
763 1572 894 1653 Aposto
948 1572 1093 1634 videntes
1113 1569 1196 1632 bona
1215 1587 1279 1632 non
1298 1568 1402 1631 solum
1423 1586 1529 1632 eoram
1549 1568 1623 1642 Deo,
1640 1566 1696 1630 sed
1710 1550 1743 1590 ¹⁷·

2 1687 102 1743 correp.
112 1702 130 1737 1,
146 1669 210 1744 lus,
237 1679 272 1732 ut
296 1671 397 1733 simus
421 1669 549 1744 sinceri,
574 1671 606 1732 id
631 1678 679 1733 est
707 1687 813 1733 coram
836 1671 894 1733 Do·
949 1669 1044 1732 etiam
1073 1686 1180 1731 eoram
1208 1667 1358 1730 omnibus
1387 1666 1595 1746 hominibus),
1626 1665 1697 1728 ideo

2 1755 129 1858 {mm
146 1769 237 1834 mino
257 1769 339 1852 puri.
356 1769 520 1852 Siquidem
544 1768 627 1832 beati
650 1769 769 1831 mundo
789 1770 894 1843 corde,
950 1768 1042 1831 docet
1065 1766 1098 1828 in
1128 1766 1262 1848 epistola
1291 1765 1440 1848 presenti
1463 1763 1633 1846 Apostolus
1662 1770 1698 1824 ut

101 1859 104 1865 ’
147 1867 302 1950 quoniam
323 1868 384 1950 ipsi
405 1868 506 1930 Deum
524 1866 688 1930 videbunt.
707 1867 746 1929 Et
767 1874 895 1930 sanctus
911 1864 1047 1929 Batiam
1071 1865 1172 1928 simus
1196 1865 1265 1926 sine
1288 1863 1423 1938 oflensa,
1444 1861 1524 1925 nulli
1548 1860 1699 1924 videlieet

147 1967 234 2028 Deus
252 1966 393 2028 animam
413 1967 482 2028 sine
501 1973 632 2048 peccato
652 1965 786 2047 requirit
799 1984 836 2028 ae
851 1965 896 2027 di·
951 1962 1185 2028 offendiculum
1205 1961 1430 2026 scandalumve
1450 1966 1614 2042 ponentes.
1631 1959 1698 2021 lmo

2 2089 131 2142 tamo.
148 2064 221 2146 ligit
237 2082 244 2128 :
261 2065 334 2128 odio
353 2065 441 2128 enim
461 2073 536 2128 sunt
555 2065 585 2128 ei
600 2064 719 2146 impius
735 2071 768 2127 et
786 2064 897 2146 impie·
953 2061 1101 2144 exemplo
1125 2068 1157 2123 et
1178 2060 1276 2123 verbo
1297 2066 1329 2122 et
1349 2058 1434 2121 fama
1459 2076 1580 2132 omnes,
1602 2076 1699 2140 quan·

2 2184 62 2234 aa,
74 2187 97 2236 r,
108 2187 131 2230 a.
150 2173 199 2226 tas
221 2164 302 2245 ejus.
325 2164 383 2226 Cui
405 2163 450 2226 ait
470 2162 648 2246 Propheta:
665 2163 764 2227 Odisti
786 2179 897 2226 omnes
953 2169 1021 2223 tum
1038 2161 1070 2222 in
1086 2159 1178 2222 nobis
1194 2166 1252 2233 est,
1269 2176 1396 2240 semper
1412 2156 1622 2230 aedificemus,
1638 2155 1698 2217 sie·

150 2263 207 2345 qui
224 2270 398 2345 operantur
418 2262 638 2344 iniquitatem;
655 2280 759 2343 nequa
777 2259 898 2324 hahita·
953 2266 988 2322 ut
1003 2258 1148 2341 praecipit
1163 2257 1323 2320 Christus:
1338 2256 1390 2318 Sia
1405 2255 1510 2318 luceat
1525 2254 1579 2316 lux
1594 2261 1699 2317 vestra
1726 2264 1845 2314 uaeas.

149 2361 199 2424 bit
220 2362 311 2442 juata
335 2367 366 2424 te
390 2361 560 2442 malignus,
583 2379 642 2424 nac
665 2359 900 2442 permanebunt
953 2376 1060 2421 eoram
1080 2355 1276 2420 hominibus.
1714 2330 1746 2370 ¹⁰·

683 2786 876 2875 SERldO
914 2786 1168 2890 QUINTUS

442 3056 526 3114 ousta
547 3054 737 3103 Necessariis
759 3055 805 3101 sir
825 3055 868 3100 Al)
890 3052 1028 3100 SALUTEH
1048 3052 1190 3099 aunrsslo
1212 3050 1406 3098 ratumenna.

210 3343 273 3404 ER
282 3342 338 3404 ΥΕ
350 3357 501 3418 nequam,
516 3357 609 3398 omae
623 3337 768 3396 debitum
783 3335 898 3394 dimisi
913 3332 935 3397 C
951 3332 1021 3395 onis
1042 3329 1398 3412 compendiosissimum
1422 3329 1551 3392 modum
1575 3328 1699 3392 conier-

227 3441 299 3510 tior,
310 3439 466 3517 quoniam
481 3436 604 3512 reposti
618 3453 668 3494 ma
679 3452 808 3494 :norma
821 3451 896 3508 erpo
951 3449 985 3492 re
1002 3427 1198 3502 hominihus
1213 3427 1310 3508 jussit
1330 3433 1361 3489 et
1374 3427 1484 3489 docuit
1502 3435 1538 3489 ut
1558 3427 1697 3491 invicem

145 3539 295 3616 oportuit
310 3546 340 3597 et
356 3545 386 3596 tc
400 3535 552 3596 miserari
568 3534 716 3592 conservi
735 3534 797 3600 tui,
813 3533 897 3590 sicut
950 3527 1012 3590 sibi
1037 3527 1213 3608 ignoscant,
1239 3545 1273 3588 se
1299 3532 1411 3588 mutuo
1436 3525 1580 3606 diligant,
1605 3526 1698 3588 alter·

144 3646 180 3696 et
204 3655 260 3712 eqo
290 3636 341 3695 tui
368 3635 522 3694 misertus
550 3632 653 3692 acm?
675 3630 783 3693 ldatth.
809 3645 895 3702 rvrrr,
950 3633 1058 3688 utrum
1083 3643 1142 3707 pro
1163 3624 1287 3688 viribus
1312 3623 1524 3698 benefaciant,
1541 3631 1698 3706 quatenus

143 3733 199 3807 32,
216 3733 265 3796 33.
951 3726 1034 3788 oeus
1063 3724 1110 3786 eis
1139 3723 1291 3804 ignoscat,
1318 3722 1404 3805 ipsos
1431 3729 1527 3797 amat,
1553 3723 1599 3786 eis
1628 3741 1697 3786 suc·

189 3831 273 3894 Deus
297 3827 484 3892 naturaliter
512 3826 616 3890 bonus
639 3834 671 3890 et
694 3825 778 3908 pius,
805 3823 897 3904 eujus
951 3830 1065 3886 currat.

144 3931 275 3994 bonitas
290 3948 327 3991 aa
342 3927 499 4009 sapientia
514 3926 615 3988 linem
635 3943 697 3988 non
715 3923 821 3997 habet,
838 3923 898 3985 sci·
991 3921 1029 3982 Et
1052 3920 1137 3983 istud
1161 3927 1210 3982 est
1233 3918 1514 4002 superpiissimum
1539 3919 1595 3982 Dei
1621 3938 1699 4001 prae-

141 4049 205 4092 ens
229 4026 433 4110 fragilitatem
463 4024 654 4089 conditionis
682 4022 829 4086 humana
857 4022 896 4083 ad
951 4026 1080 4102 ceptum
1109 4027 1205 4100 atque
1234 4017 1424 4080 laeillimum
1457 4018 1696 4080 documentum.

143 4145 245 4190 omne
263 4125 381 4188 malum
401 4123 588 4206 proclivem,
605 4122 747 4202 regulam
767 4138 897 4202 prorsus
951 4119 1054 4192 Quum
1077 4117 1163 4179 enim
1186 4115 1310 4179 oflensa
1332 4116 1364 4178 in
1387 4115 1527 4197 aliquem
1551 4123 1639 4178 tanto
1658 4117 1700 4178 sit

145 4224 323 4305 benignam
338 4229 370 4284 et
384 4240 459 4284 vere
479 4220 656 4303 piissimam
679 4219 785 4301 posuit
799 4218 898 4281 homi·
951 4217 1078 4298 gravior
1102 4223 1220 4297 quanto
1245 4215 1299 4296 qui
1329 4212 1506 4276 offenditur
1531 4213 1629 4276 luerit
1652 4214 1698 4276 di-

144 4323 185 4386 ni
201 4324 235 4385 in
250 4322 396 4404 proximo
410 4337 479 4393 suo,
492 4327 526 4381 ut
541 4318 664 4381 scilicet
679 4318 722 4381 ita
736 4336 769 4379 se
785 4316 899 4380 habeat
952 4315 1054 4397 gnior,
1072 4321 1103 4376 et
1118 4313 1201 4375 Deus
1218 4312 1306 4374 omni
1323 4319 1468 4374 ereatura
1483 4311 1516 4372 in
1532 4310 1698 4374 inlinitum

147 4421 239 4484 eirca
258 4419 348 4482 illum
369 4417 528 4500 quomodo
543 4417 613 4478 vult
626 4416 710 4478 circa
729 4434 763 4477 sa
782 4414 899 4477 habere
953 4420 1055 4476 exstet
1069 4410 1278 4494 prestantior,
1295 4417 1417 4472 constat
1431 4409 1516 4490 quod
1532 4417 1699 4492 peccatum

148 4520 266 4584 Deum.
284 4517 371 4580 Unde
392 4524 424 4578 et
445 4515 589 4578 Christus
610 4515 642 4576 in
663 4513 834 4594 Evangelio
856 4513 899 4575 lo·
914 4511 939 4573 ll
955 4512 986 4573 in
1007 4511 1114 4592 ipsum
1130 4508 1349 4581 commissum,
1367 4507 1400 4569 in
1416 4515 1571 4589 quantum
1590 4509 1700 4589 hujus-

150 4618 291 4700 quitur:
309 4615 424 4677 Eadem
451 4631 599 4676 mensura
621 4630 684 4694 que
708 4611 809 4674 mensi
832 4611 900 4673 lue·
955 4610 1052 4682 modi,
1069 4609 1129 4671 hoo
1149 4614 1196 4670 est
1211 4605 1387 4668 secundum
1402 4607 1487 4688 qnod
1501 4607 1576 4682 tale,
1592 4607 1701 4670 inlini·

149 4715 236 4789 ritis,
252 4713 436 4776 remetietur
457 4711 557 4774 vobis.
578 4711 680 4784 Quum
705 4710 811 4791 itaque
836 4716 900 4770 tarn
954 4717 985 4770 te
1001 4709 1042 4770 sit
1056 4706 1183 4788 gravius
1199 4705 1286 4767 omni
1303 4705 1336 4766 in
1350 4705 1534 4787 proximum
1554 4707 1701 4770 commis-

147 4813 340 4894 l'requenter
362 4817 492 4891 tamque
516 4808 689 4871 enormiter
713 4816 822 4890 peccet
846 4807 900 4869 ho·
955 4826 990 4871 so
1005 4813 1145 4889 peccato,
1163 4803 1339 4866 secuudum
1359 4806 1444 4887 quod
1458 4804 1520 4868 tale
1540 4813 1597 4868 est.
1614 4806 1701 4880 Quod

149 4930 208 4976 nro
228 4911 261 4972 in
280 4908 445 4991 proprium
466 4908 657 4981 Creatorem,
675 4913 709 4966 ut
729 4923 786 4988 pro
805 4905 901 4968 unius
956 4906 1026 4969 ideo
1050 4905 1143 4978 addo,
1169 4903 1245 4985 qnia
1271 4910 1436 4984 peecatum
1460 4903 1494 4965 in
1518 4904 1700 4986 proximum

148 5009 296 5075 hominis
311 5007 449 5090 peccatis
468 5004 650 5068 satisfacere
666 5023 729 5067 non
749 5004 900 5080 sulliciat,
956 5005 1088 5078 laetum,
1105 5003 1138 5064 in
1160 5009 1315 5083 quantum
1339 5007 1387 5063 est
1411 5008 1520 5064 contra
1544 5001 1597 5063 Dei
1623 5021 1702 5083 pre·

148 5107 332 5173 seeundum
347 5105 484 5186 rigorem
497 5103 640 5184 justitiae,
652 5110 737 5166 totus
752 5103 899 5179 mundus,
956 5108 1096 5184 ceptum,
1118 5101 1213 5163 etiarn
1239 5108 1287 5162 est
1311 5106 1419 5162 eontra
1443 5099 1561 5179 Deum3
1582 5117 1641 5162 nee
1667 5108 1703 5163 ut

148 5207 266 5272 volens
286 5203 603 5267 misericordissimus
622 5201 772 5265 Conditor
790 5202 901 5263 salutis
956 5200 1029 5274 tale,
1046 5201 1078 5260 in
1100 5197 1265 5261 inlinitum
1285 5206 1333 5261 est
1349 5197 1454 5259 minus
1475 5197 1613 5279 peccatis
1633 5218 1702 5280 per-

148 5301 484 5378 remediurn,salubre
500 5299 681 5374 consilium,
695 5291 904 5363 reconciliati?
957 5297 1088 5381 patratis
1109 5297 1141 5358 in
1161 5297 1272 5359 Deum.
1291 5295 1448 5357 illucescit
1467 5314 1541 5377 ergo
1560 5297 1645 5379 quod
1668 5297 1702 5360 in
