4164 6258
341 513 489 562 bouttttttt
511 513 542 560 Vl
562 513 636 560 rost
655 511 851 560 tumtum.
872 529 912 544 ···
934 511 977 560 Ab
997 509 1192 576 paleroso&
1213 511 1313 559 emo
1332 511 1461 568 QUINTUS
1612 492 1674 560 255

129 686 299 762 climacus,
325 706 363 752 ex
392 687 528 772 pedibus
557 687 658 751 sancti
683 687 770 750 illius
793 686 874 751 duos
888 685 914 751 A
928 703 991 750 uon
1006 683 1127 768 aliquid
1142 683 1298 748 libertatis
1314 692 1370 747 aut
1388 683 1523 747 carnalis
1537 701 1674 748 commo-

128 786 232 850 lontes
247 805 407 862 emanare,
423 795 456 850 et
475 787 566 870 quasi
586 787 741 870 unguenti
759 785 873 870 optimi
927 784 1035 847 ditatis
1049 783 1264 846 transitoriive
1279 782 1409 847 honoris
1423 783 1590 866 exquirere
1596 799 1674 864 ;nec

128 886 258 950 odorem
279 883 470 949 diffundere.
488 885 576 948 Tunc
598 883 801 948 beatissimus
820 884 873 947 ab
926 884 967 946 ad
992 882 1102 947 ollicia
1130 881 1238 944 habita
1260 889 1315 944 aut
1343 881 1489 946 habenda
1511 881 1672 965 quispiam

129 984 183 1048 bas
198 985 280 1047 dixit
295 1001 303 1046 ι
318 983 441 1058 Videte,
457 984 591 1058 Fratres,
607 1001 682 1046 ecce
697 983 827 1046 sudores
843 991 875 1046 et
929 981 1106 1044 inordinate
1134 978 1307 1054 alliciatur,
1335 979 1486 1063 quoniam
1510 981 1672 1043 numerari

129 1082 251 1146 labores
274 1081 392 1165 pedum
419 1081 506 1146 illius
529 1099 604 1144 vere
626 1081 710 1144 siout
734 1099 875 1164 unguen·
928 1079 1031 1162 culpe
1047 1096 1110 1143 nou
1126 1085 1249 1162 queunt
1267 1096 1339 1161 quae
1353 1097 1392 1142 ex
1407 1077 1582 1142 ambitione
1600 1094 1672 1161 pro·

129 1189 196 1244 tum
212 1179 388 1244 lieooblati
408 1187 494 1254 sunt,
509 1179 584 1242 etei
601 1179 872 1262 complacuerunt.
929 1179 1055 1240 cedunt.
1073 1177 1134 1240 Sed
1158 1177 1278 1240 inliso
1301 1177 1343 1240 sit
1366 1176 1503 1240 salutare
1527 1184 1671 1240 nostrum
1694 1189 1815 1242 reuss.

129 1279 191 1344 lloc
206 1277 355 1362 exemplo
368 1277 494 1340 discant
508 1277 541 1341 iu
560 1276 680 1340 ciliciis
698 1277 874 1352 constituti,
929 1283 961 1340 et
982 1274 1083 1356 gloria
1106 1284 1223 1350 nostra,
1245 1273 1400 1338 auxilium
1425 1282 1580 1349 nostrum,
1601 1291 1674 1357 spes

128 1379 159 1440 in
175 1377 245 1459 ipsa
259 1376 464 1440 exsecutione
479 1376 530 1438 sui
543 1374 646 1440 cilicii
660 1393 724 1440 nou
740 1375 802 1438 uisi
818 1375 874 1438 Dei
929 1381 1047 1450 nostra,
1064 1381 1095 1437 et
1109 1373 1214 1438 omnis
1235 1373 1420 1450 consolatio,
1436 1371 1566 1437 allectio
1580 1380 1675 1454 atque

128 1477 280 1539 bonorem
309 1482 343 1538 et
370 1491 541 1538 commune
569 1491 712 1557 quaerere
739 1473 872 1550 bouum,
929 1472 1064 1538 intentio
1085 1479 1200 1537 nostra.

661 1917 852 2004 stulto
888 1915 1141 2019 QUINTUS

505 2185 544 2230 DE
567 2183 729 2230 vrtuvbttto
755 2183 824 2240 M,
848 2183 885 2228 st
910 2181 1158 2229 nusumuutrtts
1184 2180 1293 2228 olous.

195 2461 313 2524 MNIS
331 2462 392 2541 qui
409 2462 569 2521 irascitur
585 2461 694 2537 fratri
711 2479 780 2530 suo,
797 2479 873 2520 reus
889 2459 913 2524 B
929 2459 1131 2534 miserabilis,
1149 2478 1280 2542 pauper,
1297 2478 1399 2524 caecus
1423 2469 1455 2524 et
1475 2459 1602 2523 nudusl
1618 2461 1673 2524 Ta·

209 2560 276 2619 erit
289 2559 432 2636 judicio.
456 2556 562 2620 ldattb.
586 2575 616 2632 v,
640 2555 689 2621 22.
927 2557 973 2620 les
989 2558 1086 2639 igitur
1098 2558 1210 2638 grandi
1226 2565 1320 2639 egent
1335 2558 1554 2622 instructione.

163 2657 319 2720 Mmiuus
344 2664 377 2720 et
400 2655 543 2720 Salvator
566 2657 600 2719 in
629 2655 795 2738 evangello
819 2655 873 2719 bo
966 2657 1100 2740 iusuper
1123 2655 1267 2720 Christus
1291 2657 1455 2732 Dominus,
1480 2657 1672 2738 evangelicae

123 2756 236 2818 diemo
263 2755 406 2818 districte
435 2772 493 2818 uos
522 2755 661 2829 instruit,
687 2754 873 2818 terribiliter
926 2753 1005 2835 legis
1034 2754 1277 2828 districtionem,
1309 2754 1538 2838 perlectionem
1568 2757 1670 2818 excel-

124 2853 354 2933 comminatum
366 2860 399 2916 et
413 2873 509 2937 quam
525 2862 611 2916 arcta
626 2853 667 2916 sit
681 2853 733 2916 via
747 2853 870 2926 salutis,
926 2852 1120 2935 lentiamque
1136 2852 1355 2916 demonstraus
1368 2871 1375 2915 ε
1387 2853 1671 2936 Audistis(inquit)
1700 2877 1786 2922 uarat.
1796 2894 1817 2930 v,

123 2959 257 3015 testatur
279 2951 313 3014 in
335 2952 506 3034 principio,
529 2951 638 3015 diceus
656 2951 746 3014 :Nisi
770 2950 870 3014 abuu-
924 2951 1000 3032 quia
1023 2950 1145 3012 dictum
1170 2957 1218 3013 est
1241 2951 1409 3033 antiquis:
1431 2951 1499 3014 Nou
1516 2951 1667 3031 occides,
1682 2943 1798 3046 ffiqx

8 3051 22 3075 ’·
122 3049 247 3114 daverit
261 3050 388 3132 justitia
408 3058 513 3114 vestra
533 3049 606 3134 plus
627 3069 723 3132 quam
746 3048 869 3112 Scriba·
924 3047 979 3129 qui
994 3056 1101 3111 autem
1117 3048 1280 3122 occiderit,
1298 3067 1370 3111 rcus
1386 3048 1590 3130 eritjudicio.
1605 3049 1669 3132 Ego
1685 3067 1717 3108 tn.
1801 3035 1806 3054 '

122 3167 191 3210 mm
224 3156 256 3212 et
284 3145 525 3223 Pharisaeorum,
555 3166 619 3212 nou
647 3147 806 3211 intrabitis
836 3147 869 3210 in
923 3155 1029 3209 autem
1045 3148 1116 3210 dico
1132 3145 1317 3229 vobis,quia
1331 3148 1436 3210 omnis
1451 3148 1506 3231 qui
1523 3148 1670 3211 irascitur

120 3265 258 3328 regnum
287 3246 452 3311 coelorum.
479 3247 531 3310 Sic
559 3254 592 3310 et
619 3245 776 3328 religiosis
805 3245 869 3308 dici
923 3244 1012 3308 tratri
1029 3263 1097 3322 suo,
1114 3265 1187 3309 reus
1202 3247 1263 3308 erit
1276 3247 1414 3327 judicio;
1431 3247 1485 3329 qui
1501 3249 1669 3311 autemdi-

120 3351 226 3431 potest
252 3361 260 3407 :
286 3344 353 3408 Nisi
380 3344 590 3408 abundaverit
612 3345 736 3426 justitia
765 3351 869 3408 vestra
923 3344 1005 3406 xerit
1024 3345 1113 3408 fratri
1139 3362 1207 3418 suo,
1230 3346 1321 3420 lleca,
1339 3363 1412 3408 reus
1434 3345 1494 3408 erit
1515 3347 1668 3426 oonsili03

120 3443 192 3525 plus
218 3461 316 3526 quam
341 3442 508 3507 hominum
533 3445 779 3517 mundanorum,
805 3460 868 3506 nou
922 3444 978 3524 qui
992 3451 1098 3505 autem
1121 3443 1247 3518 dixerit,
1264 3445 1369 3518 Fatue,
1386 3462 1459 3508 reus
1478 3444 1669 3526 eritgehen-

120 3541 296 3606 introibitis
312 3542 345 3604 iu
360 3560 495 3623 reguum
516 3541 679 3605 coelorum.
697 3541 764 3604 Nou
780 3540 867 3604 euim
922 3561 971 3605 nm
987 3541 1076 3624 iguis.
1086 3542 1166 3605 Ecce
1181 3551 1331 3625 quautam
1346 3543 1567 3617 sinceritatem,
1575 3563 1670 3627 quau-

119 3639 339 3703 claustralium
362 3647 410 3703 est
431 3639 516 3702 circa
536 3639 720 3703 communia
740 3639 904 3720 langue-G
922 3648 986 3702 tam
1003 3641 1108 3704 cordis
1124 3641 1325 3716 munditiam,
1342 3648 1493 3723 quantam
1509 3642 1669 3724 patientie

119 3755 169 3818 re;
186 3745 220 3801 et
242 3745 349 3801 tamen
370 3738 472 3800 sancti
493 3737 599 3801 Patres
620 3757 694 3801 vere
717 3737 866 3812 latentur,
921 3758 958 3802 ac
979 3739 1234 3802 mausuetudinis
1253 3740 1405 3802 virtutem
1427 3740 1526 3821 exigit
1546 3741 1630 3804 Deus
1651 3759 1670 3803 a

117 3837 203 3918 quod
237 3837 299 3898 uisi
332 3835 500 3918 religiosus
531 3835 672 3917 quotidie
702 3836 804 3898 discat
834 3855 868 3898 se
921 3836 1023 3900 nobis.

116 3935 278 4018 lrangere,
296 3935 441 4019 proprias
454 3933 634 3997 voluntates
648 3932 799 4015 abjicere,
811 3954 868 4018 per
962 3935 1116 4018 Denique,
1133 3955 1233 4019 quum
1251 3937 1296 3999 ira
1311 3937 1352 4000 sit
1367 3955 1467 3999 unum
1487 3937 1668 4002 mortalium

116 4033 275 4117 regularis
290 4033 468 4116 discipline
482 4032 611 4096 semitas
627 4031 800 4115 proficisci,
817 4052 869 4096 cu·
920 4033 1084 4108 vitiorum,
1101 4041 1224 4098 constat
1237 4043 1392 4116 quantum
1409 4035 1451 4098 sit
1465 4035 1625 4117 fugienda,
1638 4045 1669 4100 et

115 4133 234 4196 stodite
257 4139 289 4194 et
311 4131 457 4194 timorate
479 4148 586 4195 coram
608 4130 771 4194 Altissimo
796 4148 867 4194 cou-
921 4132 1059 4195 maxime
1074 4132 1270 4196 cousuetudo
1285 4151 1341 4196 seu
1356 4133 1521 4197 assiduitas
1536 4135 1669 4198 irascen-

114 4229 251 4304 versari‚
268 4229 370 4293 multo
390 4230 529 4293 deterior
549 4230 588 4292 lit
609 4247 705 4312 quam
730 4229 792 4292 luit
812 4237 867 4292 aut
921 4228 963 4291 di.
982 4230 1096 4294 Contra
1111 4249 1208 4313 quam
1229 4232 1450 4314 uuusquisque
1466 4240 1552 4296 tauto
1568 4233 1668 4297 inces-

113 4347 185 4392 osse
200 4327 308 4412 potuit
323 4326 355 4390 iu
371 4327 607 4410 mundo:quod
624 4346 734 4391 revera
749 4335 797 4391 cst
812 4346 868 4391 uo
921 4328 1053 4391 sabillus
1081 4348 1118 4392 ac
1146 4329 1260 4392 lortius
1290 4329 1461 4412 praelietur‚
1486 4338 1606 4413 quanto
1628 4333 1666 4395 ad

114 4427 164 4489 bis
196 4443 327 4508 semper
357 4426 568 4508 pensandum,
598 4433 693 4508 atque
723 4427 866 4490 terribile
921 4447 991 4490 eam
1007 4447 1041 4492 se
1060 4447 1130 4492 esse
1151 4427 1374 4510 procliviorem
1394 4448 1433 4493 ex
1454 4431 1589 4494 naturali
1604 4432 1667 4494 dis·

113 4523 266 4599 verbum,
282 4523 459 4608 presertim
475 4523 524 4587 bis
544 4525 600 4609 qui
621 4524 818 4608 negligenter
832 4543 866 4587 se
921 4525 1079 4608 positione
1102 4534 1157 4589 aut
1181 4546 1241 4589 usu
1267 4528 1416 4610 maligno,
1437 4528 1668 4612 experimenta-

112 4623 247 4687 habent.
264 4623 426 4707 Sed‚proh
442 4623 551 4689 dolort
568 4625 696 4706 quidam
712 4625 779 4688 suis
795 4642 868 4707 pec·
922 4623 994 4688 liter
1020 4625 1171 4688 intuetur.
1202 4626 1429 4690 Verumtamen
1458 4635 1507 4690 est
1535 4627 1582 4691 ira
1611 4647 1668 4711 per

113 4721 194 4784 catis
211 4728 245 4782 et
260 4719 462 4802 negligentiis
477 4723 508 4784 iu
523 4728 646 4783 tentum
661 4720 868 4784 obtenebrau·
921 4723 1035 4798 zelum,
1053 4742 1124 4805 qum
1143 4741 1182 4786 ex
1201 4724 1332 4787 rationis
1348 4725 1470 4806 judicio
1490 4735 1603 4810 sponte
1621 4747 1668 4790 as·

113 4827 178 4894 tur,
195 4827 234 4881 ut
248 4816 312 4881 dici
327 4819 391 4882 sibi
405 4819 459 4882 vix
474 4819 620 4892 tolerent,
634 4819 687 4882 vix
701 4819 749 4882 eis
764 4819 867 4882 valeat
881 4825 906 4886 l)
921 4822 1068 4895 sumitur,
1079 4829 1114 4884 ut
1128 4829 1237 4885 contra
1251 4823 1330 4885 vitia
1345 4821 1459 4886 lortius
1474 4823 1666 4907 insurgatur,

113 4918 315 5000 persuaderi,
331 4918 414 5001 quod
435 4916 632 5000 negligenter
651 4937 684 4981 se
701 4917 840 4982 babeant
857 4935 863 4980 :
921 4927 953 4982 et
967 4937 1047 5002 opus
1062 4920 1190 4983 virtutis
1203 4919 1370 4984 efficacius
1384 4929 1585 5006 exsequatur.
1596 4924 1667 4987 Haec

113 5015 182 5078 imo
207 5033 244 5078 se
267 5033 336 5078 esso
360 5014 480 5097 aliquid
505 5015 711 5088 arbitrantur,
730 5033 793 5078 nou
818 5035 866 5078 re-
920 5025 967 5080 est
992 5021 1039 5081 ira
1060 5019 1239 5093 laudabilis,
1257 5039 1328 5102 qum
1342 5021 1533 5101 (secuudum
1553 5022 1666 5104 Grego-

112 5115 284 5179 volventes
315 5113 399 5195 quod
434 5113 467 5175 iu
498 5113 689 5197 Apocalypsi
724 5113 866 5196 loquitur
920 5115 1020 5196 rium)
1043 5117 1197 5180 rationem
1223 5117 1369 5200 sequitur
1397 5126 1432 5181 ut
1459 5119 1585 5191 ancilla,
1608 5138 1667 5182 nec

8 5215 212 5288 manulleus,
236 5213 398 5287 Quomodo
422 5211 503 5276 dicis
527 5213 602 5296 quia
625 5211 714 5274 dives
738 5231 809 5274 sum
834 5221 866 5275 et
920 5215 1098 5296 precedere
1129 5215 1223 5278 debet
1254 5224 1289 5279 ut
1318 5216 1457 5279 domina.
1488 5218 1666 5280 Bernardus

112 5311 240 5376 nullius
255 5329 342 5394 egeo,
358 5317 391 5375 et
405 5311 511 5376 nescis
526 5311 601 5394 quia
617 5317 651 5374 tu
666 5329 699 5373 es
717 5310 815 5374 miser
833 5320 866 5376 et
919 5329 1046 5395 quoque
1071 5313 1110 5375 de
1136 5313 1181 5375 ira
1205 5313 1262 5376 hac
1288 5315 1421 5397 loquens
1441 5331 1448 5376 :
1466 5314 1665 5398 Occupemus
