4140 6258
488 526 636 578 ooamrca
656 527 701 574 ιιι
721 525 795 573 rosr
814 522 1009 574 minuam.
1028 541 1068 554 -
1088 524 1188 572 sasso
1208 525 1319 574 rorans
1618 501 1680 570 879

133 699 276 776 Domine,
301 719 373 784 quae
398 719 468 764 mea
492 699 670 764 substantia
692 718 699 762 :
723 697 1037 780 numquidrllegem
1062 697 1314 762 Christianorum
1338 698 1479 762 latentur
1506 717 1576 761 esse
1600 697 1679 762 divi-

135 799 218 861 enim
234 817 315 862 vane
336 798 528 863 constituisti
544 817 656 862 omnes
674 797 762 860 lilios
778 796 879 860 homi·
933 815 1019 871 nam,
1035 804 1067 859 et
1085 797 1194 859 lesum
1219 815 1288 860 osse
1312 797 1473 862 Christum
1497 796 1565 871 Dei,
1585 803 1680 878 prout

136 900 239 960 numl
263 898 351 961 Unde
376 897 408 960 in
433 897 516 960 libro
538 896 596 960 Job
621 895 776 978 scriptum
801 903 848 957 est
871 912 877 956 :
934 895 969 956 in
984 895 1141 958 Alcorano
1160 895 1305 968 habetur,
1321 903 1353 960 et
1368 896 1564 959 llahometus
1581 893 1678 972 dixit3

23 992 361 1064 larmirliniversorum
376 994 476 1060 linem
497 996 566 1078 ipse
581 995 768 1058 considerat.
785 992 880 1057 Porro
934 994 988 1056 sed
1014 994 1085 1057 ideo
1107 995 1275 1058 adstruunt
1299 994 1494 1058 Christianos
1516 1013 1585 1056 esse
1610 1011 1679 1075 pra·

14 1082 28 1120 ³·
134 1112 234 1174 genus
255 1094 432 1157 humanum
448 1094 531 1157 Deus
553 1092 673 1156 creavit
693 1098 822 1174 propter
840 1090 880 1152 li·
934 1092 1094 1167 vissimos,
1121 1093 1272 1175 quoniam
1301 1093 1404 1174 legem
1433 1093 1480 1156 eis
1509 1111 1527 1156 a
1555 1091 1680 1156 Christo

136 1210 206 1254 nem
227 1210 283 1254 seu
300 1191 486 1254 felicitatem
505 1189 792 1273 supernaturalem,
809 1208 880 1271 quae
934 1189 1039 1252 datam
1059 1208 1122 1252 non
1143 1197 1279 1252 servant.
1298 1189 1336 1252 Et
1351 1190 1498 1273 quamvis
1518 1190 1551 1251 in
1569 1189 1679 1252 multis

136 1298 182 1352 est
196 1289 281 1352 clara
296 1297 328 1352 et
342 1289 492 1352 beatifica
506 1289 589 1352 visio
603 1289 659 1352 Dei
677 1306 684 1350 :
702 1288 774 1350 ideo
792 1287 880 1349 dedit
934 1287 1006 1350 aliis
1029 1287 1234 1362 mentiantur,
1251 1296 1358 1351 tamen
1380 1297 1535 1370 quantum
1556 1288 1595 1348 ad
1619 1287 1679 1350 hoc

136 1388 319 1451 hominibus
339 1386 442 1469 legem
457 1387 712 1460 convenientem,
729 1405 792 1469 qua
812 1405 880 1468 per·
935 1404 1048 1448 vorum
1074 1385 1171 1448 locuti
1197 1393 1271 1448 sunt
1294 1405 1301 1448 :
1325 1387 1501 1469 praesertim
1523 1403 1623 1468 quum
1648 1393 1679 1446 et

136 1487 256 1566 tingere
277 1486 399 1568 possint
418 1486 457 1548 ad
474 1484 574 1547 linem
594 1485 690 1547 hunc.
707 1484 880 1548 Israelitico
934 1484 1104 1568 Apostolus
1134 1504 1172 1547 ex
1202 1485 1261 1548 hoc
1291 1485 1404 1569 probet
1433 1494 1679 1566 transgressores

135 1591 240 1646 autem
269 1584 388 1666 populo
412 1584 451 1647 de
475 1585 609 1666 AEgypto
631 1600 769 1665 egresso,
793 1583 881 1645 dedit
936 1583 1126 1664 evangelice
1147 1583 1226 1665 legis
1246 1602 1315 1646 osse
1336 1584 1524 1665 gravissime
1546 1583 1680 1664 punien-

137 1683 217 1744 llous
242 1681 344 1763 legem
369 1701 426 1764 per
447 1682 593 1792 Moysen3
614 1682 669 1744 sed
691 1682 879 1744 adveniente
935 1682 1003 1756 dos,
1025 1683 1176 1764 quoniam
1202 1691 1449 1763 transgressores
1472 1683 1615 1746 llosaicae
1640 1681 1681 1743 le·

15 1797 94 1839 olam
92 1780 334 1861 ,splenitudine
356 1780 520 1863 temporis,
540 1781 574 1842 in
599 1797 662 1862 quo
687 1780 770 1843 Deus
791 1779 881 1842 Pater
935 1783 983 1864 gis
1012 1781 1219 1864 corporaliter
1247 1781 1483 1844 occidebantur.
1515 1780 1679 1890 Siquidem

136 1879 221 1940 misit
238 1877 440 1959 Unigenitum
456 1897 551 1941 suum
555 1879 638 1961 ,ipse
653 1879 766 1940 unicus
782 1877 880 1940 Filius
897 1877 920 1939 Β
935 1880 973 1943 ιιι
999 1880 1145 1943 llcbraeos
1174 1879 1330 1962 scriptum
1354 1887 1434 1942 est:
1459 1879 1583 1942 lrritam
1608 1879 1731 1998 quis²e
1696 1893 1781 1997 quoa
1784 1895 1828 1944 ιι,

137 1975 189 2037 Uei
209 1976 339 2058 proprio
353 1993 407 2039 ore
423 1995 538 2040 novam
553 1984 584 2038 et
599 1975 843 2058 evangelicam
835 1995 880 2037 ιιι-
935 1976 1056 2040 iaciens
1076 1978 1178 2058 legem
1194 1978 1320 2060 Moysis
1336 1978 1456 2060 absque
1475 1978 1541 2040 ulla
1558 1958 1730 2040 contra-²⁹·

136 2073 238 2135 stituit
252 2082 283 2136 et
299 2074 409 2137 docuit
424 2075 535 2156 legem.
552 2074 647 2138 Porro
668 2075 717 2136 lex
737 2082 785 2137 est
802 2092 881 2156 prae·
935 2076 1085 2150 dictione,
1107 2076 1231 2140 duobus
1255 2083 1311 2138 aut
1332 2076 1434 2138 tribus
1456 2076 1591 2138 testibus
1617 2093 1681 2139 mo-

136 2179 263 2252 ceptum
277 2190 314 2234 ac
330 2173 438 2253 regula
459 2191 625 2255 perquam
646 2172 830 2252 regulantur
844 2190 880 2234 ac
936 2175 1017 2236 ritur
1048 2191 1055 2236 :
1086 2181 1206 2256 quanto
1237 2175 1337 2256 magis
1371 2175 1489 2256 putatis
1524 2175 1681 2237 deteriora

135 2269 316 2350 diriguntur
334 2277 424 2332 actus
443 2289 553 2334 eorum
572 2270 689 2353 quibus
710 2270 760 2332 lex
777 2270 878 2343 datur,
936 2272 1052 2336 mereri
1075 2273 1245 2355 supplicia,
1262 2273 1316 2355 qui
1337 2273 1452 2334 Filium
1475 2273 1529 2335 Dei
1555 2272 1681 2336 concul-

136 2367 311 2430 secundum
336 2367 530 2449 exigentiam
557 2368 634 2431 linis
658 2388 678 2431 a
702 2367 879 2450 legislatore
936 2371 1066 2444 caverit,
1076 2378 1107 2434 et
1122 2371 1311 2452 sanguinem
1327 2371 1508 2433 testamenti
1523 2370 1682 2453 pollutum

136 2465 258 2528 intenti.
935 2469 1074 2543 duxerit,
1100 2476 1132 2530 et
1160 2469 1289 2552 spiritui
1317 2469 1425 2551 gratim
1455 2469 1681 2532 coutumeliam

172 2565 261 2638 Quod
276 2571 382 2627 autem
397 2564 605 2629 excellentior
625 2565 665 2628 sit
681 2563 731 2628 lox
748 2584 880 2646 evange·
936 2567 1071 2630 leceritl
1086 2567 1231 2650 Denique
1250 2567 1397 2630 videmus
1420 2567 1453 2630 in
1473 2567 1590 2631 saeculo
1610 2567 1681 2642 isto,

135 2663 192 2725 lica
206 2681 305 2745 quam
319 2662 460 2745 antiqua,
469 2671 555 2746 patet
567 2663 671 2745 primo
685 2683 724 2726 ex
738 2671 826 2745 parte
842 2663 882 2726 le
936 2666 1020 2748 quod
1036 2673 1155 2747 quanto
1171 2666 1271 2746 mngis
1288 2665 1491 2727 immediatus
1507 2674 1684 2747 praeceptor

133 2761 300 2842 gislatoris.
318 2760 382 2824 Les
397 2762 484 2824 enim
500 2761 684 2842 evangelica
699 2762 881 2826 immediate
936 2783 992 2826 seu
1018 2763 1180 2845 legislator
1203 2771 1252 2825 est
1275 2762 1378 2837 altior,
1404 2771 1492 2824 tanto
1520 2764 1683 2826 enormius

135 2861 202 2921 data
213 2867 264 2922 est
274 2859 315 2922 ab
328 2859 492 2942 unigenito
505 2860 560 2922 Dei
573 2860 652 2924 Filio
663 2861 735 2922 lesu
749 2860 879 2934 Christo,
936 2869 984 2923 est
1009 2861 1210 2943 praevaricari
1235 2860 1305 2940 ejus
1335 2868 1531 2942 praeceptum
1561 2879 1617 2922 seu
1643 2861 1684 2922 le-

134 2975 206 3020 vero
221 2957 287 3020 Deo
302 2965 333 3019 et
347 2958 493 3037 homine;
505 2958 561 3020 sed
576 2959 626 3022 lex
642 2966 733 3020 vetus
749 2958 820 3021 data
834 2967 882 3022 est
936 2977 1018 3041 gem.
1036 2958 1139 3033 Quum
1163 2975 1238 3038 ergo
1261 2957 1465 3020 immediatus
1491 2957 1683 3022 Christiano·

135 3073 152 3116 a
171 3055 248 3129 Deo,
268 3055 485 3118 mediantibus
505 3057 627 3138 angelis
648 3057 759 3120 multis
780 3066 811 3118 et
830 3057 882 3120 ho
900 3055 922 3120 C
938 3075 1009 3119 rum
1040 3054 1201 3137 legislator
1230 3055 1271 3117 sit
1294 3055 1438 3119 Christus
1462 3074 1556 3119 verus
1587 3056 1681 3131 Deus,

136 3153 220 3216 mine
245 3172 320 3229 uno,
337 3154 488 3218 videlicet
509 3155 625 3238 Moyse,
643 3155 695 3218 cui
718 3156 752 3217 in
774 3164 881 3219 monte
937 3161 1060 3217 constat
1075 3155 1160 3236 quod
1181 3154 1251 3234 ejus
1272 3154 1374 3236 legem
1396 3155 1595 3236 prevaricari
1617 3173 1684 3238 gra·

135 3250 219 3314 Sinai
245 3251 349 3334 angeli
375 3252 598 3334 loquebantur,
619 3261 651 3315 et
674 3253 777 3335 legem
799 3259 882 3315 vete·
937 3253 1107 3314 vissimum
1128 3252 1179 3314 sit.

136 3366 201 3412 rem
225 3350 459 3425 iudicaverunt,
482 3359 576 3434 prout
597 3351 680 3414 Deus
703 3351 781 3435 ipsis
806 3369 883 3434 prae-
971 3350 1114 3412 Secundo
1128 3350 1479 3432 probatnrexcellentia
1493 3352 1684 3433 evangelicae

13 3459 85 3510 veum,
95 3463 122 3503 ιι.
136 3448 228 3529 cepit.
238 3447 324 3511 Unde
338 3448 377 3510 ad
392 3447 516 3512 Galatas
531 3449 738 3514 dicitur:Lex
753 3457 883 3532 propter
939 3447 1028 3527 legis,
1044 3448 1120 3529 quia
1136 3447 1185 3510 lex
1200 3447 1315 3530 llloysis
1329 3448 1519 3530 disponebat
1533 3450 1572 3512 ad
1586 3469 1657 3512 eam
1675 3470 1682 3514 :

136 3553 384 3627 transgressores
403 3547 505 3628 posita
525 3556 584 3622 est,
599 3549 744 3612 ordinata
759 3567 817 3631 per
830 3567 883 3610 an·
938 3546 1010 3609 ideo
1034 3554 1237 3628 comparatur
1264 3547 1303 3608 ad
1329 3565 1400 3609 cam
1429 3547 1513 3610 siout
1536 3547 1685 3630 imperie-

134 3643 220 3724 gelos
237 3645 272 3706 in
289 3664 385 3708 manu
401 3646 594 3709 mediatoris.
607 3646 687 3708 Hinc
703 3647 735 3708 in
751 3647 882 3710 Actibus
938 3653 1026 3706 etum
1049 3644 1088 3706 ad
1110 3644 1301 3726 perlectum,
1319 3645 1402 3706 sicut
1423 3645 1564 3708 modium
1587 3647 1627 3709 ad
1648 3646 1685 3708 li·

136 3743 253 3824 legitur
268 3743 447 3826 Stephanus
462 3745 657 3827 exprobrans
677 3746 808 3827 ingratis
827 3747 883 3808 im·
938 3761 1023 3816 nem,
1040 3749 1072 3804 et
1093 3743 1176 3804 sicut
1197 3741 1364 3824 dispositio
1385 3744 1424 3805 ad
1448 3743 1611 3824 habitum3
1634 3743 1684 3808 lex

13 3858 121 3910 reverse.
135 3841 262 3923 piisque
285 3841 401 3905 ludaeis
418 3859 425 3903 :
441 3842 617 3925 decepistis
631 3844 765 3926 (inquit)
779 3844 882 3924 legem
937 3849 1043 3904 autem
1064 3841 1248 3922 evangelica
1266 3849 1468 3923 comparatur
1486 3843 1526 3905 ad
1544 3851 1683 3907 veterem

135 3940 165 4002 in
190 3940 402 4022 dispositione
424 3941 620 4021 angelorum,
640 3949 672 4004 et
691 3959 754 4004 non
778 3951 881 4005 custo·
938 3938 1040 4020 legem
1066 3941 1150 4002 sicut
1171 3939 1321 4003 meridies
1342 3940 1382 4002 ad
1403 3959 1561 4015 auroram,
1583 3949 1618 4003 ut
1640 3943 1685 4005 lu·

133 4037 234 4101 distis.
267 4037 390 4102 Idcirco
419 4038 458 4102 de
488 4039 674 4103 immediato
703 4040 882 4122 legislatore
938 4057 1012 4100 men
1033 4038 1072 4100 ad
1093 4038 1251 4113 umbram,
1267 4039 1383 4101 veritas
1404 4040 1443 4103 ad
1465 4040 1613 4122 liguram,
1630 4042 1684 4104 do·

15 4150 111 4196 vome
113 4136 387 4206 Christianorum
413 4137 477 4200 dici
501 4145 605 4220 potest
627 4139 707 4203 illud
727 4140 809 4204 Job:
827 4140 882 4203 Ec·
938 4137 1025 4198 mina
1043 4136 1082 4198 ad
1102 4136 1262 4200 ancillam.
1279 4137 1382 4210 Ouum
1403 4138 1489 4200 enim
1508 4137 1585 4200 finis
1606 4139 1683 4220 legis

133 4255 168 4298 ce
192 4236 279 4299 Deus
309 4236 492 4299 excelsus
484 4256 517 4299 ιιι
545 4236 734 4301 fortitudine
757 4258 824 4314 sua,
850 4247 882 4302 et
898 4237 923 4300 b
937 4235 1065 4309 divinas,
1074 4235 1224 4297 videlicet
1237 4236 1377 4317 antiquae
1391 4255 1426 4298 ac
1442 4255 1541 4310 nova,
1554 4239 1595 4300 sit
1610 4257 1684 4300 vera

132 4333 286 4396 nullus'
258 4353 288 4396 e1
309 4333 454 4396 similis'
447 4354 480 4396 ιιι
499 4334 743 4416 legislatoribus.
760 4338 879 4420 ltaque,
937 4335 1085 4407 lelicitas‚
1102 4333 1157 4396 illa
1179 4334 1229 4397 lex
1253 4334 1362 4397 divina
1381 4343 1471 4397 vocat
1473 4356 1511 4399 ur
1531 4337 1682 4418 perlecta,

132 4432 216 4494 sicut
232 4431 379 4496 Christus
393 4431 456 4494 luit
469 4433 573 4516 lloyse
588 4434 882 4517 incomparabiliter
938 4455 1008 4518 quae
1033 4433 1088 4496 illa
1112 4432 1248 4494 includit
1272 4452 1329 4515 per
1354 4453 1424 4516 qua
1449 4435 1611 4501 beatitudo
1635 4458 1683 4501 ac-

131 4530 246 4611 maJ'or,
264 4531 450 4613 sapientior,
466 4531 613 4607 sanctior,
631 4533 677 4595 sic
692 4534 800 4597 decuit
813 4536 881 4598 dari
938 4533 1086 4615 quiritur,
1107 4532 1146 4594 ad
1171 4548 1267 4614 quam
1291 4531 1413 4614 absque
1435 4535 1535 4616 gratia
1558 4544 1683 4618 gratnm

130 4629 298 4692 aCbristo
319 4628 422 4711 legem
447 4631 548 4694 multo
569 4631 794 4713 perfectiorem
814 4634 882 4714 loge
937 4631 1074 4695 lacieute
1094 4649 1189 4694 nemo
1209 4632 1405 4714 perducitur.
1422 4634 1518 4696 Vetus
1538 4654 1614 4700 vero
1634 4637 1684 4700 lex

131 4747 188 4811 per
210 4729 342 4812 lloysen
366 4730 446 4792 data.
468 4729 554 4793 Unde
577 4737 609 4792 et
628 4730 790 4794 Avicenna
814 4733 882 4814 phi·
936 4731 1070 4813 gratiam
1087 4748 1150 4793 non
1167 4731 1396 4804 continuit,sed
1413 4734 1576 4814 promisit;
1593 4755 1685 4799 evan-

132 4827 289 4910 losopbus
313 4827 424 4902 Arabs,
451 4829 597 4909 quamvis
623 4829 662 4891 de
688 4829 756 4908 lege
784 4830 882 4893 luerit
937 4829 1038 4910 gelica
1058 4837 1166 4893 autem
1187 4829 1237 4892 lex
1257 4830 1391 4912 gratiam
1411 4831 1548 4896 includit
1564 4843 1595 4897 et
1610 4854 1683 4899 con·

129 4925 315 5000 ldahometl,
333 4925 434 4988 nihilo
457 4925 564 4989 minus
589 4927 671 4990 libro
694 4927 883 5011 ldetapbysi-
937 4929 1009 5004 lert,
1041 4929 1193 5010 quoniam
1223 4937 1420 4993 sacramenta
1449 4932 1520 5013 ejus
1549 4934 1680 5014 gratiam

130 5043 175 5087 ca
197 5045 267 5088 suae
289 5023 417 5107 prmlert
438 5024 541 5107 legem
561 5026 676 5089 Christi
699 5026 761 5107 legi
781 5027 883 5090 llaho
936 5046 1000 5090 nou
1024 5027 1129 5090 solum
1154 5025 1305 5107 ligurant,
1326 5027 1380 5089 sed
1405 5029 1501 5091 etiam
1524 5031 1681 5108 tribuunt,

131 5123 209 5186 meti
234 5123 425 5204 legislatoris
448 5123 510 5197 sui,
531 5131 563 5186 et
583 5125 696 5186 asserit
720 5125 881 5189 Christum
936 5125 1148 5208 efficiuntque
1168 5126 1252 5207 quod
1268 5125 1442 5207 designant.
1462 5129 1547 5190 Unde
1566 5130 1604 5192 ad
1625 5131 1682 5193 lle-

131 5222 312 5284 llabometo
340 5221 439 5284 luisse
468 5222 694 5304 sapientiorem
718 5243 754 5286 ac
782 5225 881 5305 magis
935 5226 1036 5289 braeos
1061 5225 1217 5306 scriptum
1242 5232 1291 5286 est
1306 5243 1313 5288 ι
1331 5225 1415 5287 Nihil
1440 5227 1479 5288 ad
1504 5228 1680 5308 perlectum
1696 5254 1828 5308 rosamo.

131 5320 301 5387 moralem.
331 5320 495 5386 Sarraceni
524 5338 651 5404 quoque
682 5324 881 5387 concorditer
934 5324 1068 5389 adduxit
1098 5324 1177 5404 lex3
1209 5323 1402 5388 introductio
1432 5343 1507 5389 vero
1538 5327 1681 5393 melioris
