4164 6258
435 481 496 546 ²62
791 501 937 549 nouimus
958 503 991 548 vr
1011 501 1085 547 rosr
1104 487 1299 546 mmr'rnrau.
1319 515 1360 527 -
1381 498 1480 544 scano
1499 498 1624 545 munus

478 672 559 735 Ecce
584 691 680 755 quam
706 673 834 736 infinita
855 680 886 735 et
910 690 1039 756 prorsus
1064 673 1184 734 incom·
1199 669 1224 733 Α
1240 677 1344 732 cetera
1360 688 1430 751 quaa
1445 667 1603 732 debentur
1617 669 1778 743 Ecclesia,
1795 675 1868 730 sunt
1881 687 1968 750 prom·

438 771 665 852 prehensibilis
689 778 738 832 est
762 771 885 844 caritas,
912 770 1129 833 misericordia
1154 777 1186 831 et
1239 777 1293 851 pte
1308 788 1345 831 ac
1361 767 1551 831 fidelissime
1566 767 1857 850 persolvendalt'ec
1872 768 1967 830 exhor

438 867 611 931 liberalitas
627 868 680 932 Dei
696 869 735 931 ad
751 869 904 942 homines,
916 876 948 930 et
962 876 1080 950 quanta
1093 886 1185 930 econ·
1239 867 1355 949 aliquis
1376 868 1622 948 depauperatur,
1639 867 1736 929 imoa
1753 865 1818 928 Deo
1834 867 1967 948 copiosis·

437 966 534 1030 trario
554 975 603 1029 est
621 967 788 1030 bominum
809 966 1012 1048 ingratitudo,
1029 965 1184 1048 perversi·
1240 965 1320 1027 sime
1345 972 1567 1027 remuneratur
1590 983 1597 1027 :
1622 965 1737 1048 primo,
1763 964 1967 1045 temporalium

436 1073 484 1127 tas
506 1072 601 1147 atque
620 1065 836 1128 inobedientia
855 1065 1070 1138 circaDeum,
1092 1065 1184 1145 eujus
1239 1082 1345 1126 rerum
1364 1063 1517 1144 majorem
1533 1063 1760 1125 abundantiam
1776 1062 1967 1144 acquirendo;
2066 1125 2067 1128 ,

437 1163 571 1244 vestigia
595 1163 686 1245 sequi
712 1170 932 1236 contemnunt,
953 1162 1045 1243 cujus
1070 1180 1185 1244 praece-
1239 1162 1390 1235 secundo,
1408 1160 1605 1243 corporalem
1625 1161 1793 1224 sanitatem
1809 1159 1967 1240 adipiscen-

437 1269 491 1342 pta
506 1262 794 1342 transgrediuntur,
813 1279 870 1342 pro
887 1261 979 1341 cujus
997 1278 1104 1322 amore
1122 1259 1184 1322 sibi
1239 1260 1295 1338 do;
1308 1260 1627 1340 tertio,peccatorum
1644 1257 1969 1339 remissionem3quar

438 1358 577 1420 invicem
607 1366 747 1421 renuunt
776 1357 950 1438 indulgere.
976 1359 1184 1420 Attendamus
1239 1357 1399 1437 to,gratiae
1414 1376 1450 1418 ae
1466 1357 1620 1419 virtutum
1638 1355 1968 1437 infusionem3quinto,

289 1456 523 1538 arcevesquod
542 1455 587 1518 ait
605 1456 797 1538 Apostolus:
819 1455 987 1535 Legatione
1007 1455 1182 1537 fungimur,
1239 1463 1364 1518 aeternae
1394 1454 1502 1535 gloriae
1535 1454 1766 1517 beatitudinem
1800 1454 1968 1517 obtinendo.
2066 1467 2067 1470 ’

436 1561 586 1636 tauquam
603 1555 667 1616 Deo
682 1554 866 1617 exhortante
882 1573 938 1636 per
954 1571 1026 1631 nos3
1042 1553 1185 1616 obsecra·
1240 1553 1320 1615 Ecce
1336 1572 1426 1634 quam
1441 1559 1529 1634 grata
1543 1561 1575 1614 et
1590 1553 1706 1634 placita
1719 1560 1766 1615 est
1781 1553 1909 1616 Domino
1922 1553 1971 1614 ileo

437 1672 509 1715 mus
529 1670 586 1734 pro
606 1653 741 1726 Christo,
758 1653 1010 1716 reconciliamini
1028 1652 1100 1715 Deo.
1119 1652 1183 1715 Gir·
1239 1652 1351 1713 devota
1366 1650 1495 1724 oblatio,
1512 1650 1708 1713 deeimarum
1725 1651 1855 1722 solutio,
1866 1659 1896 1712 ct
1909 1651 1971 1712 alie

436 1769 473 1812 ca
493 1771 563 1833 quae
588 1750 685 1813 verba
707 1752 751 1812 ait
775 1750 808 1812 in
832 1751 964 1812 homilia
988 1749 1180 1830 Gregorius:
1239 1768 1308 1811 rum
1326 1769 1397 1831 quae
1412 1750 1451 1811 ad
1467 1748 1641 1811 Ecclesiam
1657 1749 1819 1831 pertinent
1835 1747 1971 1810 exhibitio

436 1847 610 1911 Erubescat
632 1849 773 1911 bumana
791 1848 952 1931 superbia,
969 1846 1183 1910 confundatur
1201 1846 1224 1908 B
1239 1847 1414 1909 caritativa.

435 1947 667 2028 unusquisque,
686 1947 711 2009 si
733 1965 796 2010 non
817 1947 904 2028 prior
923 1945 1095 2008 satisfaciat
1112 1964 1182 2027 pro·
1278 1945 1435 2028 Deinceps
1469 1963 1509 2007 ex
1540 1945 1746 2027 praeinductis
1780 1952 1970 2015 monstratur,

435 2043 533 2118 ximo,
555 2063 655 2126 quum
679 2044 746 2126 ipse
766 2045 821 2125 qui
846 2043 990 2106 offensus
1014 2051 1063 2105 est
1087 2043 1181 2116 Deus,
1239 2063 1334 2125 quam
1351 2043 1496 2105 districta
1515 2051 1547 2104 ct
1566 2043 1665 2105 ardua
1683 2043 1725 2106 sit
1740 2043 1859 2106 Christi
1874 2043 1972 2106 doctri·

435 2161 493 2224 per
514 2161 588 2205 suos
609 2160 667 2205 nos
689 2151 777 2224 rogat
799 2142 916 2223 legatos
938 2150 973 2204 ut
992 2142 1021 2204 ei
1042 2142 1182 2204 reconci-
1238 2161 1393 2225 nequam
1409 2141 1550 2224 perfecta
1565 2142 1606 2204 sit
1622 2141 1672 2204 lex
1687 2142 1970 2223 evangelica‚quam

435 2240 562 2315 liemur,
576 2241 615 2303 de
631 2241 745 2303 uostris
766 2239 902 2302 dolendo
922 2239 1071 2322 peccatis,
1087 2247 1182 2322 atque
1237 2258 1311 2303 vere
1326 2248 1459 2322 augusta
1473 2249 1504 2302 ct
1521 2247 1608 2302 arcta
1629 2240 1670 2303 sit
1690 2240 1802 2304 salutis
1817 2241 1870 2303 via
1887 2242 2048 2322 :quarm

436 2339 474 2400 dc
496 2345 601 2401 cetero
624 2339 805 2400 inherendo
825 2337 1009 2400 virtutibus.
1237 2344 1300 2399 tam
1318 2337 1454 2400 faciliter
1470 2346 1607 2400 meretur
1622 2338 1715 2402 bomo
1730 2357 1860 2420 poenam
1874 2339 1971 2420 geben·
1982 2327 2004 2363 ¹⁸·

469 2435 626 2518 Amplius,
632 2437 722 2517 juxta
737 2437 867 2499 modum
884 2435 1073 2498 offensionis
1088 2434 1183 2499 debet
1238 2455 1296 2508 uae,
1314 2443 1443 2517 tamque
1463 2435 1637 2510 caritative,
1656 2445 1820 2499 mansuete
1843 2456 1880 2499 ac
1899 2437 1971 2518 juste

435 2553 504 2596 esse
526 2535 637 2596 modus
659 2534 936 2608 reconciliationis,
954 2541 989 2595 ut
1007 2535 1062 2616 qui
1082 2534 1181 2597 alium
1237 2542 1386 2596 tenentur
1408 2533 1554 2597 homines
1578 2535 1714 2597 invicem
1736 2536 1926 2608 conversari,
1941 2555 1972 2598 ne

435 2632 542 2695 verbis
557 2632 703 2706 offendit,
719 2632 826 2695 verbis
847 2633 1031 2706 satisfaciat,
1048 2641 1080 2695 et
1099 2633 1182 2695 ultro
1238 2639 1350 2694 mutuo
1369 2651 1403 2695 se
1422 2631 1599 2706 offendant,
1615 2650 1655 2695 ne
1676 2633 1867 2708 irascantur,
1884 2653 1920 2695 nc
1936 2653 1974 2695 re·

435 2731 494 2793 hoc
515 2739 586 2812 agat
606 2732 692 2813 qnod
714 2731 847 2812 requirit
865 2731 998 2812 justitia.
1016 2732 1103 2793 Unde
1126 2733 1182 2813 qui
1238 2727 1401 2789 conciliari
1434 2736 1466 2790 ct
1494 2728 1678 2791 satisfacere
1709 2729 1882 2810 negligant.
1912 2729 1974 2803 Oua
2067 2759 2068 2806 t

434 2829 533 2891 alium
553 2828 690 2890 offendit
709 2828 914 2902 detrahendo,
931 2828 1112 2891 satisfacere
1132 2831 1183 2891 de·
1237 2825 1345 2888 omnia
1366 2825 1600 2888 studiosissime
1619 2827 1822 2909 impleamus,
1839 2835 1931 2910 atquc
1947 2829 1974 2889 in
2067 2859 2068 2866 κ

435 2926 489 2988 bct
503 2926 622 2988 famam
644 2926 672 2988 ei
695 2927 909 3005 restituendo;
926 2933 957 2988 et
976 2927 1031 3008 qui
1051 2927 1183 2989 abstulit
1238 2923 1326 2986 omni
1346 2924 1487 2998 caritate,
1504 2923 1622 3006 pietate
1645 2933 1676 2986 et
1697 2925 1848 3007 aequitate
1871 2926 1975 3008 pariter

433 3024 700 3099 aliena,restituat
715 3043 761 3086 ca.
779 3024 1038 3106 Generaliterque
1054 3025 1182 3107 loquen-
1199 3023 1222 3086 C
1238 3040 1474 3085 conversemur.

436 3123 487 3198 do,
511 3122 601 3203 juxta
624 3123 707 3204 juris
732 3130 875 3185 tenorem
899 3122 950 3185 vel
976 3123 1180 3205 prudentium
1277 3120 1406 3200 Legitur
1433 3121 1517 3201 quod
1546 3121 1740 3183 sanctissimi
1770 3129 1890 3204 patres,
1914 3121 1975 3203 Epi-

434 3223 576 3284 virorum
591 3221 750 3302 judicium
771 3219 945 3282 satisfactio
965 3238 1021 3282 seu
1042 3221 1181 3284 reconci-
1238 3219 1375 3301 phanius
1400 3219 1570 3302 episcopus
1595 3219 1701 3301 Cypri,
1727 3227 1759 3282 et
1781 3219 1881 3282 abbas
1906 3220 1975 3282 llila-

437 3319 524 3382 liatio
545 3327 593 3380 est
613 3319 744 3399 agenda.
1238 3317 1319 3390 rion,
1350 3317 1486 3398 quadam
1516 3316 1587 3379 vice
1616 3317 1736 3400 pariter
1763 3317 1975 3381 vescebantur.

475 3417 638 3491 Preterea,
654 3434 693 3479 ex
709 3415 759 3478 bis
780 3435 850 3497 quaa
865 3433 883 3476 a
900 3415 962 3478 ileo
976 3425 1180 3497 acceperunt,
1237 3415 1405 3496 Quumque
1425 3415 1455 3477 S.
1474 3415 1672 3497 Epiphanius
1691 3415 1853 3498 posuisset
1867 3415 1976 3497 aliquid

436 3514 669 3577 christifideles
684 3514 802 3576 debent
817 3514 956 3577 Creatori
971 3531 1029 3576 suo
1045 3514 1182 3576 liberali·
1238 3521 1334 3576 cocta
1359 3513 1463 3574 carnis
1485 3522 1557 3575 ente
1578 3513 1612 3575 B.
1634 3512 1842 3588 llilarionem,
1866 3514 1976 3576 dicens.

305 3632 421 3685 rasas.
435 3620 484 3675 ter
498 3631 534 3675 ac
550 3613 663 3676 devote
676 3612 795 3675 offerre
812 3631 819 3674 :
836 3631 899 3675 non
920 3612 1005 3694 quod
1027 3612 1108 3674 Deus
1128 3613 1183 3675 bo-
1237 3610 1337 3684 Abba,
1359 3611 1536 3690 manduca3
1562 3612 1726 3694 respondit
1749 3611 1892 3675 llilarion
1914 3630 1921 3674 :
1940 3611 1976 3672 lix

436 3729 552 3773 norum
576 3718 758 3774 nostrorum
782 3711 933 3792 indigeat,
958 3712 1014 3773 sed
1038 3711 1071 3772 in
1096 3728 1181 3773 reco·
1237 3727 1301 3790 quo
1324 3709 1426 3771 factus
1456 3728 1527 3770 sum
1558 3709 1744 3784 monachus,
1770 3727 1835 3772 non
1864 3709 1976 3792 gustavi

435 3809 611 3891 gnitionem
625 3809 837 3890 gratissimam
854 3810 939 3890 quod
954 3826 1048 3871 omne
1064 3809 1181 3870 bonum
1237 3807 1358 3888 aliquid
1378 3807 1440 3870 tale
1459 3816 1596 3870 coctum.
1614 3808 1671 3871 Cui
1693 3807 1894 3891 Epiphanius
1909 3827 1976 3891 pre

435 3907 475 3970 ab
491 3907 561 3987 ipso
575 3906 726 3969 collatum
741 3915 799 3982 est,
816 3914 848 3969 et
864 3908 903 3969 ad
919 3907 1181 3969 sustentationem
1238 3905 1287 3967 sul
1312 3906 1476 3988 respondit
1502 3923 1509 3968 ε
1536 3907 1574 3968 Et
1597 3924 1657 3988 ego
1684 3927 1723 3969 ex
1751 3925 1816 3989 quo
1841 3907 1977 3970 habitum
2068 3941 2069 3990 p

437 4003 658 4068 ministrorum
678 4004 838 4079 Ecclesia,
854 4012 949 4085 atque
964 4004 1002 4066 ad
1018 4004 1097 4068 alios
1112 4005 1181 4086 pios
1237 4004 1334 4066 istum
1351 4005 1472 4086 accepi,
1489 4023 1553 4067 non
1569 4006 1701 4088 permisi
1720 4006 1862 4090 dormire
1878 4025 1978 4089 quem·

437 4122 524 4165 usus.
542 4103 579 4165 Et
598 4103 774 4186 presertim
795 4101 968 4166 offerendae
985 4105 1181 4166 suntanimo
1237 4121 1333 4184 quam
1358 4102 1527 4165 habentem
1552 4103 1672 4185 aliquid
1699 4113 1809 4166 contra
1838 4123 1901 4178 me,
1926 4123 1977 4165 nec

437 4209 585 4284 prompto
613 4220 649 4264 ac
682 4201 752 4264 laeto
781 4201 895 4264 debitae
924 4201 1112 4276 oblationes,
1142 4202 1294 4282 adDego
1324 4200 1459 4264 dormivi
1490 4201 1612 4284 aliquid
1641 4202 1762 4266 babens
1792 4213 1902 4266 contra
1928 4202 1977 4264 ali·

435 4319 514 4382 quas
535 4301 660 4363 cunctis
680 4299 880 4383 temporibus
901 4299 1083 4381 obligantur
1105 4297 1182 4362 fide·
1236 4319 1342 4382 quem.
1360 4301 1448 4362 'lunc
1463 4300 1545 4364 dixit
1559 4300 1656 4364 abbas
1671 4301 1813 4365 Hilarion
1831 4320 1839 4365 ι
1855 4303 1978 4383 lgnosce

436 4399 491 4460 les.
514 4398 668 4462 Similiter
692 4399 824 4462 decimae
847 4405 943 4481 atque
966 4398 1127 4481 primitiae,
1150 4406 1182 4460 et
1237 4399 1328 4474 mihi,
1351 4400 1426 4483 quia
1447 4402 1645 4465 conversatio
1666 4409 1721 4465 tua
1743 4403 1846 4484 major
1866 4411 1923 4464 est.
