4164 6258
455 507 602 556 oourmon
622 507 654 556 vr
675 507 748 555 rosr
767 506 960 554 rainnnrau.
981 525 1021 536 -
1042 507 1141 556 annuo
1161 508 1314 558 aaoonnus
1600 488 1661 554 259

118 671 246 749 confert,
262 693 359 756 quem
383 675 568 738 sevissimis
589 675 726 756 exagitat
748 675 859 738 stimu-
874 678 900 742 Α
917 675 1019 738 lorum
1040 695 1111 758 quae
1131 674 1227 739 homo
1246 676 1402 759 perirem
1423 673 1566 738 incurrit.
1581 671 1660 734 Nam

119 770 164 844 lis,
179 777 212 832 et
227 771 269 833 ita
284 771 324 834 ab
338 771 426 834 omni
442 772 576 836 consilio
590 771 693 854 eflicit
706 772 858 848 alienum,
915 771 1060 854 quaedam
1082 774 1231 855 quamvis
1254 773 1285 835 in
1309 792 1342 834 se
1363 772 1428 834 sint
1450 769 1586 833 multum
1609 767 1661 830 de-

118 875 149 929 ut
170 867 247 930 dum
273 869 431 945 irascitur,
458 870 598 933 insanire
623 871 797 934 credatur?
822 871 860 933 Et
915 869 1075 932 lectahilia
1090 877 1185 952 atque
1200 870 1438 944 suavia,tamen
1452 874 1583 952 propter
1599 885 1662 928 ma-

118 966 156 1026 ita
171 984 227 1046 per
242 966 322 1028 iraru
338 965 433 1030 homo
448 967 527 1030 alios
542 968 859 1051 scandalizat,sicque
916 965 945 1028 la
965 984 1089 1029 annexa
1112 969 1252 1030 vitantur
1269 987 1276 1032 :
1293 975 1413 1050 quanto
1434 965 1534 1047 magis
1557 963 1602 1025 ira
1627 963 1660 1024 in

117 1072 145 1125 et
158 1063 228 1125 aliis
248 1064 388 1145 graviter
401 1073 504 1128 nocet.
521 1101 561 1112 —
576 1065 691 1139 Tertio,
708 1067 783 1148 quia
802 1084 860 1148 per
915 1083 948 1126 se
975 1063 1043 1146 ipsa
1069 1082 1176 1127 amara
1201 1065 1328 1128 vitanda
1352 1072 1410 1138 est,
1436 1081 1536 1146 quum
1561 1079 1599 1122 ex
1623 1078 1662 1122 ea

116 1163 191 1224 iram
212 1161 253 1224 fit
271 1163 368 1228 homo
386 1163 458 1226 aliis
477 1181 631 1228 onerosus
650 1172 682 1227 ot
700 1165 740 1226 ad
761 1164 859 1227 socia·
914 1169 961 1225 tot
979 1163 1062 1225 mala
1081 1166 1277 1246 sequantur?
1297 1163 1479 1226 Securmum
1497 1168 1557 1236 est,
1573 1177 1662 1222 aver-

117 1259 175 1321 lem
190 1259 289 1322 vitam
309 1261 449 1343 ineptus,
467 1261 670 1344 impacificus
685 1278 813 1343 quoque
828 1268 860 1323 et
914 1260 962 1324 sio
980 1261 1243 1325 considerationis
1265 1279 1376 1326 eorum
1396 1278 1467 1344 quaa
1488 1265 1662 1342 provocant

118 1356 328 1434 turbulentus,
351 1359 442 1440 juxta
471 1358 551 1422 illud
580 1359 857 1423 Proverhiorum:
915 1359 1006 1434 iram,
1033 1366 1067 1421 ut
1096 1359 1220 1422 scilicet
1248 1359 1345 1423 homo
1373 1365 1475 1422 cesset
1498 1356 1661 1421 attendere

44 1499 103 1532 ano.
117 1455 267 1539 Spiritum
287 1458 326 1520 ad
347 1459 549 1521 irascendum
565 1458 693 1520 facilem
712 1457 786 1540 quis
804 1475 860 1540 po-
916 1456 999 1520 mala
1021 1457 1083 1521 sihi
1107 1465 1162 1520 aut
1185 1459 1252 1522 suis
1274 1458 1372 1533 illata,
1392 1455 1606 1521 convertendo
1628 1471 1662 1516 se

18 1581 22 1590 ·
117 1556 436 1619 toritsustinerolEt
453 1557 568 1619 iterum
589 1557 737 1620 Salomon
758 1555 859 1638 loqui·
914 1557 953 1618 ad
972 1555 1050 1618 alias
1073 1558 1293 1620 meditationes
1316 1565 1348 1618 et
1368 1556 1593 1638 occupationes
1615 1573 1663 1616 sa-

117 1662 197 1716 tur:
223 1654 273 1716 lra
301 1671 364 1717 non
394 1654 490 1717 hahet
515 1655 778 1728 misericordiam,
801 1672 860 1716 nec
916 1654 1033 1718 luhres.
1051 1657 1154 1730 Quum
1177 1657 1264 1720 enim
1287 1657 1333 1719 ira
1356 1657 1398 1718 sit
1417 1655 1563 1738 quaedam
1584 1652 1663 1716 afle—

10 1781 11 1786 κ
116 1771 285 1835 erumpens
301 1752 447 1832 luror;et
460 1753 617 1835 impetum
632 1751 781 1816 concitati
796 1753 860 1834 spi·
915 1754 989 1828 ctio,
1006 1762 1115 1838 utpote
1135 1755 1296 1838 appetitus
1321 1755 1481 1828 vindictas,
1498 1753 1600 1816 oritur
1623 1771 1662 1814 ox

115 1851 192 1912 ritus
217 1851 291 1934 quis
319 1852 436 1933 poterit
465 1852 650 1914 sustineret
674 1851 753 1914 ilinc
782 1850 898 1920 dioitB
915 1853 1023 1935 aliqua
1045 1854 1151 1936 prima
1174 1853 1446 1936 apprehensione;
1472 1851 1583 1934 etqui
1607 1869 1662 1934 ap-

116 1948 282 2030 Gregorius
303 1967 311 2012 :
333 1950 390 2012 Per
411 1951 492 2013 iram
511 1949 635 2031 justitia
655 1949 859 2032 relinquitur,
915 1951 1163 2034 prehensionem
1184 1953 1271 2015 illam
1294 1952 1465 2026 abscindit,
1489 1969 1522 2013 se
1541 1949 1663 2012 adalia

114 2048 301 2128 gratiavitae
320 2049 447 2112 socialis
465 2050 634 2124 amittitur,
652 2048 861 2111 mansuetudo
916 2050 1141 2124 convertendo,
1171 2050 1309 2113 faciliter
1338 2050 1439 2113 vincit
1467 2050 1558 2124 iram,
1588 2047 1664 2129 quia

116 2147 268 2227 perditur,
285 2146 340 2209 lux
360 2147 504 2211 veritatis
525 2148 700 2230 repellitur.
720 2147 806 2210 Unde
827 2147 861 2208 in
917 2157 1060 2210 cessante
1090 2168 1185 2212 causa
1213 2156 1316 2212 cessat
1344 2148 1489 2211 effectus.
1520 2147 1662 2210 Tertium

29 2269 71 2310 aa.
116 2244 338 2309 Ecclesiastico
362 2247 499 2309 hahetur
514 2267 521 2310 :
538 2247 593 2308 Vir
617 2246 789 2308 iracundas
814 2246 861 2307 in·
917 2254 975 2321 est,
988 2248 1200 2311 consideratio
1219 2246 1472 2310 mansuetudinis
1492 2253 1524 2308 et
1543 2245 1665 2328 patien-

11 2344 46 2372 *¹¹¹·
78 2361 83 2372 ·
116 2342 222 2403 cendit
242 2342 342 2416 litem,
359 2350 391 2405 et
413 2343 460 2406 vir
481 2351 629 2425 peccator
647 2341 789 2404 turbabit
808 2360 860 2424 pa·
918 2346 969 2409 tiae
993 2346 1108 2409 Christi
1138 2355 1233 2429 atque
1263 2347 1462 2420 Sanctorum,
1488 2343 1664 2426 presertim

115 2459 193 2502 oem.
212 2476 251 2488 -
271 2443 398 2516 Quarto
420 2443 496 2524 quia
520 2459 577 2524 per
601 2442 681 2505 iram
706 2440 745 2502 lit
766 2440 862 2504 homo
917 2445 1039 2508 intenta
1064 2446 1228 2508 meditatio
1253 2444 1411 2528 passionis
1435 2444 1613 2507 dominicae.
1632 2443 1664 2505 Si

115 2539 312 2602 daemonihus
342 2539 468 2603 similis.
494 2539 549 2600 Est
576 2557 725 2620 namque,
752 2545 787 2600 ut
817 2539 862 2600 di·
917 2544 1004 2606 enim
1025 2545 1305 2608 mansuetudinem
1324 2551 1357 2605 et
1376 2543 1562 2626 patientiam
1579 2541 1665 2604 Chri·

54 2669 78 2678 ··
115 2637 209 2700 vinus
235 2638 405 2722 Dionysius
433 2637 579 2711 adstruit,
606 2637 639 2700 in
661 2636 861 2700 damonibus
918 2643 957 2704 sti
983 2643 1042 2706 rite
1071 2663 1256 2726 pensemus,
1283 2650 1315 2706 et
1338 2649 1457 2724 quanta
1484 2658 1542 2724 pro
1570 2639 1664 2703 nobis

10 2743 92 2774 ΜΝ·
114 2754 224 2799 amens
251 2737 350 2810 furor,
371 2736 537 2819 phantasia
558 2743 715 2819 proterva,
732 2744 764 2798 et
785 2735 861 2798 irra-
917 2743 1095 2824 pertulerit,
1122 2743 1325 2816 meditemur,
1347 2759 1478 2804 omnem
1501 2740 1581 2801 iram
1607 2739 1664 2800 im-

113 2835 563 2918 tionahilisconcupisoentia.
581 2835 735 2898 Similiter
756 2834 787 2896 in
807 2835 862 2898 ho·
918 2840 1168 2922 patientiamque
1202 2839 1400 2922 repellimus,
1436 2838 1501 2900 imo
1533 2838 1666 2899 adversa

113 2934 257 2997 minibus
287 2935 448 2998 iracundis
472 2935 582 3016 vigent
608 2934 748 2996 amentia
778 2952 861 3015 quse·
918 2956 992 3000 oum
1005 2939 1121 3020 gaudio
1136 2939 1343 3000 sustinemus.
1356 2938 1509 3010 Quartum
1525 2941 1583 3008 est,
1593 2953 1666 2996 con-

112 3032 197 3108 dam,
224 3033 316 3096 furor
344 3040 376 3096 et
403 3032 571 3116 phantasia
600 3040 756 3115 proterva.
788 3031 862 3094 ldeo
881 3043 903 3106 c
919 3037 1069 3100 sideratio
1091 3037 1281 3119 multiplicis
1302 3035 1426 3100 fructus
1448 3043 1480 3098 et
1499 3033 1607 3116 gratia
1628 3051 1665 3096 ac

113 3131 210 3196 etiam
234 3133 380 3195 iracundi
406 3133 520 3196 merito
543 3131 623 3194 fatui
646 3131 860 3214 appellantur,
919 3135 1041 3209 salutis,
1067 3154 1162 3217 quam
1193 3136 1272 3197 iram
1296 3134 1437 3209 vitando,
1463 3132 1664 3206 refrenando,

112 3231 267 3312 quoniam
294 3232 328 3293 in
352 3230 576 3294 Ecclesiastico
599 3231 755 3312 scriptum
780 3237 828 3292 est
852 3245 860 3290 :
919 3233 1087 3308 vincendo,
1102 3233 1309 3315 acquirimus.
1331 3233 1383 3296 Ait
1401 3250 1540 3314 namque
1562 3231 1666 3294 Salva-

10 3347 97 3394 -tnc
112 3329 181 3391 Non
207 3337 257 3392 est
280 3348 393 3392 sensus
422 3329 477 3392 uhi
504 3329 646 3392 abundat
670 3328 859 3390 amaritudo.
919 3331 1080 3395 tor:Bcati
1096 3331 1362 3412 mites,quoniam
1378 3330 1439 3413 ipsi
1456 3328 1666 3411 possidebunt
1679 3353 1813 3406 unam,

10 3483 90 3515 ,M
110 3427 192 3490 llinc
217 3427 299 3490 dicit
320 3427 490 3510 Apostolus
512 3427 650 3490 :Omnis
672 3426 861 3500 amaritudo,
920 3436 1052 3508 torram3
1073 3436 1106 3491 et
1126 3428 1291 3491 Psalmista
1306 3447 1313 3492 ε
1331 3427 1485 3490 Mansueti
1509 3425 1664 3490 heredita·
1692 3452 1812 3504 marm,

92 3506 143 3587 'et
164 3525 357 3606 indignatio,
374 3535 406 3589 et
429 3527 486 3602 ira,
503 3533 534 3588 et
555 3525 676 3588 clamor
697 3525 826 3588 tollatur
844 3542 863 3586 a
920 3527 1000 3590 hunt
1015 3534 1143 3602 terram,
1159 3534 1190 3590 et
1204 3526 1448 3589 delectabuntur
1468 3526 1501 3588 in
1521 3526 1664 3588 multitu·
1680 3518 1713 3558 ¹¹·

111 3624 271 3688 vohis.—
285 3625 412 3700 Quinto,
428 3645 486 3708 per
510 3625 590 3688 iram
613 3623 653 3686 fit
674 3623 770 3687 homo
791 3641 861 3706 spe·
918 3625 994 3687 dinc
1017 3626 1115 3708 pacis.
1142 3625 1245 3700 Quum
1272 3626 1359 3688 enim
1384 3625 1430 3687 ira
1454 3624 1496 3686 sit
1520 3624 1665 3707 quaedam

110 3723 241 3787 cialiter
268 3725 396 3807 ineptus
424 3724 463 3786 ad
492 3723 638 3806 gratiam,
665 3731 697 3784 et
725 3721 862 3805 Spiritus
919 3723 1018 3786 animi
1039 3723 1228 3799 amaritudo,
1249 3723 1446 3786 turbulentia
1466 3731 1498 3785 ct
1518 3720 1664 3797 afflictio,

110 3821 220 3886 Sancti
254 3819 485 3885 inhabitatione
516 3821 678 3903 indignus,
710 3820 862 3902 quoniam
919 3824 1078 3886 mansueti
1109 3823 1164 3906 qui
1196 3823 1275 3886 iram
1307 3823 1451 3897 vincunt,
1484 3821 1666 3904 specialiter

10 3943 94 3997 raam,
109 3921 255 4004 Spiritus
273 3922 406 3984 Sanctus
426 3938 524 4004 super
541 3921 687 4002 quietum
707 3927 739 3982 ot
757 3919 863 3981 humi·
918 3922 1058 4003 gaudent
1073 3940 1150 4004 pace
1166 3923 1300 3996 interna,
1316 3929 1348 3984 et
1362 3921 1472 3983 dulces
1487 3927 1563 3983 sunt
1578 3937 1666 3982 men-

10 4035 95 4118 ·mm·
110 4019 176 4082 lem
195 4019 383 4102 requiescit,
398 4028 431 4083 et
446 4020 479 4081 in
499 4038 577 4102 paee
591 4018 695 4082 faetus
710 4025 758 4080 est
774 4017 863 4080 locus
919 4028 959 4082 te.
980 4021 1113 4083 Sanctus
1135 4037 1262 4103 quoque
1284 4019 1454 4102 Dionysius
1474 4019 1507 4080 in
1531 4017 1666 4101 epistola
1689 4040 1813 4098 liphtmr.

10 4134 93 4184 tersa.
108 4119 195 4201 ojus,
213 4119 383 4201 diligitque
405 4117 568 4202 pacificos.
589 4118 694 4192 Quum
717 4135 792 4198 ergo
816 4118 863 4179 ira
919 4119 957 4181 ad
986 4118 1211 4200 Demophilum
1240 4117 1431 4180 monachum
1460 4123 1663 4201 protestatur,

106 4217 209 4280 faciat
235 4217 400 4280 hominem
424 4216 657 4290 turbulentum,
682 4216 861 4298 inquietum
878 4227 903 4290 ι)
920 4219 1003 4300 quod
1024 4217 1155 4300 ldoyseS,
1177 4217 1293 4299 loseph
1317 4223 1349 4278 et
1375 4215 1485 4290 David,
1506 4214 1577 4277 ideo
1600 4232 1664 4276 ma·

106 4325 140 4379 et
161 4316 362 4390 animosum,
378 4323 501 4380 constat
522 4316 607 4397 quod
629 4314 767 4398 Spiritus
789 4315 863 4378 San·
919 4318 1037 4380 rimam
1063 4316 1146 4398 apud
1172 4316 1273 4377 Deum
1296 4315 1431 4396 gratiam
1460 4314 1663 4388 invenerunt,

106 4417 151 4478 cti
172 4415 444 4478 inhabitationem
460 4423 493 4478 et
505 4415 639 4497 gratiam
656 4415 863 4477 vehementer
919 4416 1070 4498 quoniam
1098 4415 1190 4477 mites
1220 4413 1360 4476 luerunt.
1388 4413 1475 4478 Unde
1498 4412 1665 4475 Psalmista

105 4515 279 4599 impediat.
309 4515 382 4580 ldeo
411 4515 542 4598 quidam
571 4522 700 4578 sanctus
728 4514 863 4576 eremita
920 4515 1052 4596 loquens
1070 4514 1110 4576 de
1128 4514 1192 4576 Deo
1214 4530 1221 4574 :
1246 4511 1403 4574 Exaltahit
1420 4512 1554 4595 (inquit)
1577 4529 1664 4574 man·
1678 4543 1808 4598 stam„

103 4615 274 4679 asseruit:
291 4616 465 4679 iracundus
490 4615 586 4680 homo
608 4614 755 4698 quamvis
779 4632 861 4678 mor·
918 4621 1034 4696 suetos,
1047 4612 1079 4675 in
1101 4612 1245 4675 salutem.

103 4724 179 4779 tuos
203 4714 350 4790 suscitet,
366 4715 431 4778 Deo
451 4714 578 4797 placore
600 4732 664 4777 non
686 4721 808 4797 potest;
831 4720 863 4776 ct
958 4713 1110 4786 Quintum
1125 4719 1184 4788 ost,
1200 4713 1352 4796 quoniam
1368 4731 1480 4776 omnes
1496 4713 1528 4774 in
1546 4712 1663 4777 saeculo
1689 4732 1692 4738 ’

104 4816 200 4890 item,
229 4813 319 4877 Siout
341 4815 502 4896 hospitem
531 4814 640 4877 fumus
668 4813 801 4896 expellit
823 4812 862 4874 de
919 4812 980 4874 isto
1003 4830 1114 4874 sumus
1138 4812 1371 4895 comperegrini
1395 4819 1428 4873 et
1451 4811 1661 4886 conviatores,

103 4918 220 4989 domo,
243 4915 289 4976 sio
313 4914 360 4976 ira
381 4914 514 4996 expellit
535 4915 688 4997 Spiritum
711 4914 862 4976 Sanctum
918 4913 957 4974 ad
973 4930 1069 4975 unam
1084 4911 1291 4974 beatitudinis
1307 4911 1442 4994 patriam
1457 4910 1664 4994 proficiscen·

104 5016 146 5077 de
169 5013 282 5078 cordis
302 5012 495 5076 habitaculo.
919 5019 966 5074 tes
983 5031 990 5075 :
1008 5011 1127 5075 idcirco
1146 5011 1301 5074 debemus
1323 5011 1443 5074 mititer
1463 5012 1503 5073 ad
1525 5011 1664 5074 invicem

148 5113 217 5178 Sed
243 5131 329 5174 nunc
354 5112 495 5175 breviter
517 5111 639 5194 aliquid
663 5120 712 5174 est
734 5119 864 5192 tangen-
919 5111 1213 5193 conversari‚atque
1228 5112 1267 5173 ad
1283 5111 1547 5193 progrediendum
1565 5111 1598 5173 in
1613 5111 1666 5174 via

105 5216 191 5278 dum
224 5213 265 5276 de
289 5212 439 5277 remediis
468 5220 577 5274 contra
605 5212 696 5274 iram.
723 5211 863 5286 Quorum
919 5209 1075 5272 virtutum
1105 5217 1216 5273 mutuo
1243 5210 1362 5291 jugiter
1390 5210 1558 5272 exhortari.
1585 5210 1665 5272 Hinc

104 5317 262 5401 primum
275 5323 332 5392 ast,
339 5312 550 5378 consideratio
563 5311 788 5395 praedictorum
803 5329 865 5374 ma·
918 5309 1034 5392 loseph
1049 5308 1201 5372 fratribus
1221 5309 1287 5371 suis
1307 5308 1498 5391 profecturis
1514 5308 1639 5372 dicebat
1655 5327 1662 5374 ε
