4154 6258
324 534 472 582 nonrmca
492 537 546 583 xlv
565 537 638 584 ross
658 536 852 584 mmrrarnar.
873 555 913 566 —
933 538 976 585 an
996 538 1190 606 amrerosos3
1213 543 1312 592 senno
1332 545 1459 601 curuans
1603 529 1664 594 tae

120 703 273 785 psallendi
294 723 327 767 se
348 706 564 771 subtrahendo
584 727 642 790 per
660 715 788 791 tempus
807 726 861 772 no·
876 709 901 772 Α
916 709 1134 793 omnipotente
1152 712 1215 776 lieo
1232 713 1394 796 indigeant
1408 717 1663 799 supportari‚pa-

117 801 222 864 labile.
240 802 307 866 lmo
332 805 358 866 si
384 804 457 887 quis
480 804 599 868 facerat
623 805 683 869 boc
707 807 798 888 quasi
822 806 861 869 ad
915 808 1079 872 tientiores
1095 813 1255 874 essentad
1271 812 1383 876 fratres
1403 833 1486 877 suos.
1504 814 1663 897 Quidquid

116 901 359 964 ostentationem
382 922 446 966 sue
469 922 590 985 magnas
613 904 786 986 diligentie
808 910 863 966 aut
916 905 1014 986 igitur
1034 907 1066 970 in
1086 908 1136 970 bis
1151 916 1182 971 et
1197 910 1419 974 consimilibus
1439 912 1541 994 culpe
1561 911 1665 974 incur·

117 997 231 1061 strictae
247 1000 462 1074 conscientie,
479 1009 564 1064 esset
583 1019 646 1065 non
667 1021 780 1085 parum
796 1003 861 1064 cul·
916 1003 1029 1078 rimus,
1045 1005 1219 1071 confessori
1241 1009 1432 1091 aperiamus.

116 1095 231 1178 pabile.
956 1101 1123 1186 Deinceps,
1139 1105 1166 1168 si
1180 1106 1279 1188 (quod
1298 1106 1395 1188 absit)
1408 1107 1536 1189 aliquod
1552 1127 1590 1171 ex
1606 1125 1664 1170 suo

152 1193 383 1268 Pretereanon
399 1213 470 1259 raro
485 1198 638 1278 contingit
651 1197 861 1281 psallentibus
915 1217 1031 1281 genere
1052 1203 1183 1266 mortale
1202 1204 1372 1287 quisquam
1393 1206 1598 1282 commiserit,
1611 1205 1665 1270 de-

117 1297 146 1352 et
160 1292 411 1367 cantantibus,ut
425 1295 464 1358 de
481 1295 715 1360 inordinatione
729 1295 863 1359 aliorum
915 1300 1072 1374 tractoria,
1078 1302 1307 1366 contumeliosa
1321 1311 1375 1366 aut
1390 1304 1594 1368 seminatoris
1607 1305 1666 1368 dis·

117 1390 148 1453 in
162 1391 319 1454 cantando
334 1399 365 1456 et
380 1394 556 1474 psallendo,
573 1394 624 1456 vel
639 1413 724 1469 vera,
741 1394 792 1457 vel
807 1412 862 1477 ap·
917 1397 1032 1460 cordia
1047 1397 1144 1460 verba
1164 1398 1330 1481 loquendo,
1347 1409 1402 1463 aut
1416 1400 1560 1463 debitum
1575 1401 1664 1464 omit·

116 1491 340 1570 parente,satis
355 1499 519 1555 tententur
533 1500 566 1556 et
581 1492 797 1574 indignentur,
809 1500 864 1556 aut
917 1495 1024 1567 tendo,
1041 1497 1109 1560 sive
1127 1499 1326 1580 prohibitum
1349 1501 1588 1576 committendo,
1604 1501 1664 1565 hoa

115 1588 220 1663 etiam,
244 1590 328 1672 quod
349 1590 570 1655 detestabilius
592 1599 651 1667 est,
671 1592 704 1656 in
725 1592 863 1675 quadam
917 1594 1130 1659 avenialibus
1149 1597 1381 1680 sapientialiter
1402 1607 1528 1682 separet
1548 1607 1580 1662 et
1602 1599 1665 1662 dis·

114 1688 277 1752 aversione
298 1691 524 1754 attentatione
547 1710 603 1755 seu
626 1691 773 1774 passione
794 1710 864 1774 per·
918 1701 1037 1768 cernat,
1054 1701 1085 1757 et
1099 1701 1250 1777 tanquam
1271 1696 1392 1780 lepram
1411 1698 1597 1761 horribilem
1613 1689 1683 1762 su-'

114 1794 269 1850 maneam.
279 1788 337 1862 Qui
352 1789 379 1850 si
395 1790 540 1873 pmprios
554 1790 637 1854 bene
652 1791 864 1872 ponderarent
919 1792 1036 1874 periori
1052 1792 1197 1856 confiteri
1213 1814 1277 1860 non
1293 1795 1430 1860 diflerat.
1446 1798 1482 1860 ln
1498 1815 1572 1881 quo,
1584 1797 1664 1880 proh

114 1901 190 1968 quos
211 1885 329 1950 habent
352 1887 386 1950 in
407 1895 502 1952 cantu
527 1896 558 1952 et
579 1890 756 1972 psalmodia
779 1891 864 1955 defe-
881 1888 904 1950 B
919 1891 1028 1954 dolori
1045 1892 1176 1974 quidam
1191 1901 1265 1956 snnt
1280 1895 1550 1977 periculosissime
1566 1896 1666 1977 negli-

114 1993 190 2059 ctus,
214 1987 425 2068 evagationes,
448 1988 680 2064 irreverentiae
707 1990 862 2066 levitates,
917 1997 1039 2071 gentes,
1069 1992 1145 2073 quia
1173 2011 1273 2075 quum
1303 1995 1367 2056 sint
1394 1993 1500 2057 taliter
1528 1994 1666 2077 qualiter

114 2084 397 2166 pigritias,tantum
412 2087 621 2171 sibimetipsis
637 2087 806 2151 salubriter
820 2089 864 2152 in·
918 2089 1069 2172 religiosi,
1091 2097 1156 2153 tam
1180 2093 1411 2155 inconsiderate
1432 2101 1465 2156 et
1483 2093 1665 2156 intimorate

115 2183 331 2265 dignarentur,
352 2186 437 2269 quod
456 2187 527 2250 aliis
550 2187 677 2250 facilius
700 2187 862 2271 placaren-
917 2197 1151 2270 pertranseunt,
1167 2191 1258 2273 quasi
1275 2193 1450 2256 mortaliter
1464 2210 1528 2256 non
1542 2193 1667 2276 possint

116 2289 175 2358 tur,
191 2303 253 2347 naa
272 2291 337 2348 tam
358 2285 422 2349 aito
441 2293 472 2349 et
490 2286 737 2351 immoderanter
753 2295 864 2351 contra
917 2305 1061 2367 peccare,
1078 2293 1110 2350 et
1124 2287 1221 2351 verba
1238 2309 1296 2352 sua
1312 2309 1348 2353 ac
1364 2290 1447 2354 facta
1461 2299 1557 2373 atque
1571 2290 1666 2354 omis·

115 2381 190 2445 alios
206 2392 465 2466 provocarentur.
473 2386 508 2448 ln
522 2385 641 2449 divinis
655 2403 730 2468 ergo
745 2394 777 2450 et
791 2387 862 2450 aliis
917 2387 1023 2449 siones
1039 2407 1078 2450 ex
1098 2405 1214 2469 genere
1236 2389 1392 2464 mortalia,
1409 2408 1472 2453 non
1493 2390 1555 2452 nisi
1574 2389 1664 2473 quasi

116 2490 225 2545 mutuo
241 2492 525 2567 supportemus3et
539 2485 676 2568 quilibet
691 2486 794 2548 nibilo
809 2485 863 2548 mi·
916 2485 1054 2549 venialia
1069 2495 1217 2570 reputant
1233 2495 1264 2550 et
1278 2489 1478 2552 confitentur.
1488 2488 1608 2563 Quibus
1621 2489 1666 2551 in·

117 2599 173 2643 nus
189 2599 320 2644 ornnem
340 2581 540 2664 diligentiam
561 2602 651 2646 suam
669 2591 807 2666 apponat
823 2585 861 2648 ad
917 2584 1041 2646 cumbit
1053 2592 1088 2648 ut
1102 2604 1209 2649 coram
1223 2586 1286 2649 lieo
1301 2587 1437 2650 sollicite
1452 2586 1663 2663 ambulantes,

116 2679 183 2753 boe,
205 2698 249 2741 ne
270 2680 370 2742 Deum
391 2680 545 2756 offendat,
567 2689 623 2744 aut
643 2682 774 2745 fratrem
795 2701 863 2764 gra·
917 2682 1015 2746 verba
1037 2691 1069 2747 et
1092 2703 1189 2768 opera
1208 2705 1244 2748 ac
1265 2685 1475 2767 negligentias
1499 2705 1572 2749 suas
1591 2705 1664 2749 acu-

114 2786 175 2852 vet,
190 2779 394 2854 scandalizet,
410 2779 478 2843 sive
492 2780 694 2844 devotionem
710 2780 862 2864 impediat
916 2781 980 2844 tius
996 2790 1236 2864 perscrutentur
1252 2802 1289 2846 ac
1302 2783 1420 2864 justins
1438 2784 1662 2847 confiteantur.

114 2876 259 2940 aliorum.
276 2878 436 2961 Quidquid
450 2896 524 2960 erge
540 2886 571 2941 et
585 2879 861 2963 qualitercumque
957 2880 1128 2954 Postremo,
1148 2880 1175 2942 si
1198 2880 1289 2962 juxta
1310 2881 1446 2946 formam
1471 2881 1564 2945 istam
1587 2901 1664 2965 prae-

115 2974 145 3036 in
161 2978 320 3058 pretactis
336 2977 513 3060 culpabiles
528 2978 860 3053 fuerimus,sacerdoti
915 2978 1067 3061 scriptam
1087 2978 1230 3062 quotidie
1250 2980 1424 3043 confessori
1444 2997 1502 3044 suo
1518 2999 1552 3044 se
1568 3001 1664 3044 unus-

114 3073 145 3136 in
163 3074 364 3139 confessione
386 3077 572 3159 plenissime
593 3077 784 3160 aperiamus.
878 3077 1045 3160 equisque
1059 3078 1280 3151 ostenderitet
1295 3097 1349 3141 sua
1364 3086 1493 3161 peccata
1507 3079 1663 3162 condigne

151 3173 297 3256 lnsuper,
313 3175 549 3258 perpendamus
569 3175 707 3259 qualiter
726 3176 758 3239 in
778 3176 860 3239 cele·
914 3175 1090 3257 ponderare
1114 3176 1283 3252 studuerit,
1307 3196 1407 3260 eaque
1432 3196 1506 3240 cum
1531 3178 1663 3241 cordiali

114 3271 308 3335 brandones
328 3272 535 3338 habuerimus
553 3293 560 3338 ε
576 3293 617 3336 an
633 3275 782 3338 decenter
801 3291 860 3357 pro
915 3275 1105 3338 contritione
1128 3283 1160 3338 et
1185 3276 1320 3359 sapienti
1348 3276 1538 3340 confiteatur
1562 3277 1661 3359 pudo·

112 3387 204 3452 posse
224 3388 285 3435 nos
303 3372 342 3434 ad
362 3379 427 3435 tam
446 3372 682 3436 divinissimum
704 3391 859 3456 praepara·
914 3392 960 3447 re,
984 3374 1160 3456 presertim
1180 3374 1373 3438 erubescens
1389 3375 1598 3438 et¹confitens
1622 3376 1662 3438 de

112 3468 216 3532 vimus
238 3486 321 3551 opus
343 3471 512 3552 agendum,
528 3490 568 3534 an
592 3471 624 3534 in
647 3471 860 3534 celebratione
914 3471 974 3535 boc
998 3474 1084 3556 quod
1108 3474 1201 3537 toties
1226 3473 1390 3549 recidivat,
1416 3481 1448 3537 et
1470 3475 1581 3537 eadem
1604 3474 1661 3537 ite-

110 3567 148 3628 ad
162 3567 291 3650 singula
305 3568 408 3632 verba·
421 3569 480 3632 rite
497 3570 609 3632 attenti
624 3570 815 3645 exstitimus,
832 3569 859 3632 si
914 3578 961 3633 rat
985 3571 1073 3634 omni
1103 3571 1165 3648 die,
1191 3591 1250 3636 nee
1276 3573 1423 3636 idoneam
1451 3573 1491 3635 ad
1512 3573 1660 3636 emenda-

111 3681 183 3727 cum
202 3665 313 3729 debita
335 3667 452 3730 actuali
471 3668 650 3742 devotione,
666 3668 858 3743 humilitate,
913 3669 1033 3732 tionem
1058 3671 1191 3753 apponit
1209 3671 1426 3753 diligentiam
1447 3679 1524 3734 tuna
1550 3673 1662 3755 ntique

110 3765 290 3827 reverentia
309 3771 341 3828 et
359 3765 485 3829 fervore
507 3765 755 3830 celebrationem
775 3784 859 3830 corn·
914 3787 1060 3850 magnam
1081 3769 1114 3831 in
1139 3769 1229 3833 brevi
1249 3770 1364 3833 sentiet
1382 3770 1514 3852 gratiam
1531 3770 1661 3833 mirabi-

110 3861 282 3941 plevimus
307 3863 442 3927 Vitanda
465 3871 514 3926 est
537 3865 681 3946 evagatio
705 3865 801 3928 etiam
825 3865 858 3927 in
913 3865 1035 3949 lemque
1065 3867 1257 3949 profectum,
1282 3877 1315 3931 et
1342 3868 1433 3933 bonae
1457 3869 1660 3933 consciencie

111 3961 287 4036 memoriis,
304 3971 336 4024 et
358 3963 385 4026 si
407 3963 470 4027 duo
492 3963 724 4026 celebraverint
748 3962 856 4039 simul,
913 3966 1094 4029 relevamen
1114 3985 1150 4029 aa
1169 3968 1333 4049 gaudium,
1354 3969 1511 4032 cautelam
1532 3985 1659 4051 quoque

109 4059 365 4145 alterutrumque
387 4061 566 4137 servierint,
587 4062 758 4144 diligenter
778 4063 858 4126 invi·
913 4071 945 4126 et
966 4065 1070 4128 cordis
1093 4067 1270 4130 custodiam
1288 4067 1321 4129 in
1340 4066 1485 4130 futurum
1503 4073 1535 4130 et
1554 4085 1660 4130 ernen-

109 4175 177 4220 cem
197 4158 263 4223 sibi
283 4160 476 4236 ministrent,
492 4168 525 4224 et
540 4168 651 4224 mutuo
672 4162 858 4244 patientiam
912 4163 1072 4226 dationem
1090 4183 1238 4246 magnam
1265 4165 1297 4227 in
1322 4164 1481 4228 omnibus.
1508 4165 1560 4228 Sic
1584 4183 1658 4246 ergo

109 4257 257 4321 babeant.
274 4259 408 4333 Quidam
428 4279 503 4324 vero
521 4261 620 4323 nimis
637 4260 775 4324 faciliter
792 4269 858 4324 ten·
872 4269 898 4334 1)
912 4280 1053 4344 agamus,
1078 4269 1111 4325 et
1134 4263 1216 4326 bona
1244 4281 1315 4346 qua
1340 4263 1482 4346 quotidie
1510 4262 1658 4340 facimus,

105 4361 215 4419 tantur
235 4357 270 4419 in
285 4364 372 4421 tanto
391 4357 503 4422 officio
519 4377 526 4422 :
544 4364 580 4421 ut
593 4358 620 4421 si
637 4358 735 4422 irater
750 4359 856 4423 forsan
912 4377 976 4423 non
992 4361 1083 4443 quasi
1100 4359 1347 4443 superficialiter
1365 4367 1397 4424 et
1416 4379 1455 4423 en
1476 4360 1565 4425 arido
1585 4381 1657 4438 usn,

105 4455 291 4538 aliqualiter
310 4457 351 4521 sit
370 4458 513 4540 prolixus
533 4457 566 4521 in
586 4458 787 4533 celebrando,
803 4467 858 4522 aut
913 4459 968 4522 sed
989 4459 1131 4542 quotidie
1151 4479 1224 4522 cum
1244 4459 1409 4542 diligentia
1428 4459 1588 4545 ampliori,
1604 4462 1658 4526 do·

106 4555 139 4618 in
158 4554 272 4638 aliquo
285 4555 377 4619 aliter
391 4575 425 4619 se
439 4555 554 4620 babeat
568 4576 664 4639 quam
680 4557 858 4640 complacet
912 4558 1038 4622 votione
1063 4559 1183 4622 maenti
1206 4565 1238 4622 et
1259 4557 1455 4641 perfectione
1475 4559 1657 4625 efficiamus

106 4655 161 4717 eis.
183 4655 247 4730 Qui
272 4655 299 4718 si
323 4657 418 4738 digne
443 4664 615 4738 pensarent
636 4663 793 4739 quantum
816 4657 868 4728 ab,
912 4657 1035 4739 majori.
