4164 6258
411 493 558 541 nortuum
580 494 610 540 tv
631 493 704 541 rosr
723 491 919 539 xamrrarau.
940 509 979 520 —
1000 491 1174 540 nummrro
1195 493 1227 540 m
1247 493 1414 541 nrrsrotarx
1627 477 1686 542 tae

10 685 126 738 nattam,
139 672 187 730 tas
202 666 245 730 ait
262 684 269 729 :
287 665 466 748 Fulgebunt
478 665 556 746 justi
574 664 658 728 sicut
673 663 720 727 sol
738 663 770 727 in
788 679 886 744 regno
900 659 927 724 A
941 661 1107 744 potissime
1132 661 1311 736 bominum,
1333 671 1512 738 moventur,
1528 669 1560 727 et
1580 663 1614 726 in
1637 683 1688 746 ge·

11 753 38 792 ⁸³·
139 765 237 828 Patris
259 783 382 828 eorum.
942 761 1161 824 nerationibus
1184 761 1356 824 mixtorum
1378 762 1536 824 elementa
1556 781 1688 826 concur-

177 865 255 928 llibi
280 864 411 938 interea,
428 863 516 926 salvo
539 880 666 944 semper
690 860 814 924 meliori
836 860 886 942 ju·
942 866 1024 921 runt.
1051 859 1186 942 Hacque
1211 859 1370 941 subjectio
1394 859 1477 922 facta
1501 866 1549 923 est
1576 861 1608 924 in
1633 879 1689 942 spe

138 961 233 1035 dicio,
256 962 395 1035 videtur,
420 961 504 1043 quod
528 961 610 1023 sicut
635 977 773 1042 prasens
797 958 886 1019 locus
943 956 1171 1020 meliorationis
1189 957 1327 1040 praefatae
1346 957 1575 1022 elementorum
1594 965 1690 1040 atque

137 1079 202 1142 quo
217 1059 502 1133 dicitur,«scimus
518 1058 602 1140 quod
619 1057 723 1120 omnis
742 1063 886 1118 creatura
942 1055 1119 1118 coelestium
1139 1074 1322 1138 corporum,
1341 1079 1357 1115 u
1373 1057 1449 1139 quia
1467 1064 1499 1120 et
1519 1058 1588 1140 ipsa
1606 1077 1690 1120 crea-

138 1158 321 1239 ingemiscit
343 1164 375 1220 ct
395 1157 531 1239 parturit
550 1174 651 1238 usquc
667 1154 771 1217 adhuc
787 1175 815 1226 n,
833 1172 885 1215 ex·
941 1161 1044 1215 tura»
1065 1153 1203 1218 coelestis
1223 1172 1259 1216 ac
1279 1153 1483 1218 elementaris
1506 1155 1690 1218 «liberabi-

137 1257 268 1338 ponitur
283 1257 322 1319 de
338 1255 497 1338 praedictis
518 1253 716 1336 corporibus,
734 1253 776 1315 ita
790 1261 822 1314 et
836 1271 886 1314 su·
941 1260 993 1314 tur
1016 1271 1034 1314 a
1057 1252 1210 1315 servitute
1235 1253 1449 1335 corruptionis
1465 1276 1494 1328 n,
1518 1253 1578 1316 boc
1602 1261 1651 1316 est
1671 1273 1690 1316 a

137 1355 264 1437 periore
279 1353 320 1416 ab
337 1370 376 1416 eo
396 1353 466 1416 loco
480 1370 544 1435 quo
564 1353 760 1423 dictumest,
778 1368 884 1411 «nam
941 1358 1023 1413 statu
1046 1369 1110 1414 sure
1129 1351 1363 1426 variabilitatis,
1380 1359 1411 1413 et
1432 1370 1451 1413 a
1471 1353 1688 1415 transmutati·

136 1451 333 1533 exspectatio
353 1457 503 1512 creaturae
519 1471 548 1522 n,
567 1449 606 1511 de
625 1448 744 1511 eisdem
764 1447 887 1530 possint
940 1466 1001 1512 one
1022 1467 1059 1511 ac
1080 1457 1179 1523 motu,
1196 1450 1314 1532 quibus
1336 1450 1599 1532 corruptibilibus
1620 1451 1688 1514 istis

136 1549 255 1631 exponi
272 1567 279 1610 :
297 1547 473 1631 praesertim
490 1547 566 1631 quia
584 1547 764 1629 Apostolus,
781 1546 886 1608 dicen·
940 1547 1087 1610 deservit.

136 1649 187 1721 do,
215 1669 233 1706 u
256 1645 450 1728 exspectatio
478 1652 630 1708 creatura
659 1643 884 1706 revelationem
980 1647 1054 1708 Nem
1071 1651 1174 1707 solum
1193 1655 1303 1707 autem
1323 1650 1394 1717 illc,
1411 1647 1443 1709 id
1463 1655 1522 1721 est,
1538 1665 1601 1710 non
1622 1655 1689 1710 tan·

137 1746 281 1809 filiorum
298 1745 354 1808 Dei
369 1751 540 1825 exspectat,
557 1751 588 1806 et
608 1743 676 1824 ipsa
689 1749 835 1804 creatura
851 1741 886 1802 li·
941 1751 1009 1805 tum
1025 1744 1130 1806 omnis
1151 1752 1295 1808 creatura
1315 1745 1444 1826 praefata
1464 1745 1645 1826 ingemiscit
1658 1753 1691 1807 et

137 1845 302 1908 berabitur
316 1862 333 1905 a
349 1843 500 1906 servitute
516 1841 723 1924 corruptionis
743 1841 775 1902 in
795 1839 925 1908 liber-B
944 1842 1090 1925 parturit,
1106 1847 1162 1903 scd
1182 1853 1211 1904 et
1237 1863 1293 1904 nos
1318 1845 1384 1920 ipsi
1403 1843 1556 1925 Apostoli,
1572 1843 1691 1926 quibus

138 1951 232 2005 tatem
249 1942 357 2024 gloriae
373 1940 514 2003 liliorum
531 1939 586 2001 Dei
603 1962 632 2010 a,
654 1937 822 2001 manifeste
842 1938 887 1998 vi·
944 1941 1003 2003 boc
1027 1940 1135 2003 minus
1163 1941 1336 2004 convenire
1362 1941 1499 2014 videtur,
1519 1943 1692 2018 primitias

136 2043 231 2104 detur
244 2041 440 2120 distinguere
457 2039 539 2101 inter
554 2045 730 2100 creaturam
751 2042 782 2098 et
803 2035 887 2098 filios
944 2041 1095 2116 Spiritus
1111 2041 1272 2110 tabentes,
1289 2040 1320 2102 id
1336 2047 1385 2102 est
1404 2040 1526 2121 majora'
1540 2058 1576 2103 ac
1591 2040 1691 2102 abun·

138 2141 191 2202 [lei
215 2139 392 2220 adoptivos.
943 2137 1087 2200 dantiora
1102 2135 1293 2200 charismata
1312 2137 1449 2220 Spiritus
1469 2138 1574 2200 Sancti
1593 2155 1600 2200 τ
1617 2137 1693 2219 quia

178 2238 247 2300 Erit
272 2237 378 2319 itaque
403 2254 516 2298 sensus
537 2252 544 2296 :
568 2257 583 2294 c
601 2233 801 2315 Exspectatio
823 2251 888 2294 cre·
945 2255 1008 2318 praa
1024 2235 1139 2297 ceteris
1159 2235 1272 2317 repleti
1291 2235 1422 2299 fuerunt
1436 2236 1556 2318 Spiritu
1578 2237 1692 2298 Sancto

137 2345 236 2398 aturae
260 2357 277 2394 »
300 2341 364 2396 tam
390 2332 592 2395 elementaris
616 2349 712 2413 quam
737 2329 886 2402 coelestis,
946 2332 1097 2414 Apostoli.
1122 2332 1251 2414 Propter
1274 2334 1358 2414 quod
1383 2334 1428 2396 ait
1451 2334 1691 2418 Hieronymus:

139 2457 154 2492 a
170 2433 401 2496 revelationem
417 2429 560 2493 filiorum
576 2430 632 2492 llei
646 2451 674 2502 n,
686 2429 747 2492 boc
760 2436 808 2491 est
824 2447 888 2489 ma·
945 2428 1100 2492 Omnibus
1122 2429 1286 2511 Prophetis
1309 2430 1509 2494 confidenter
1527 2431 1693 2515 Apostolos

138 2533 290 2596 nifestam
306 2529 572 2612 glorificationem
590 2528 757 2590 bominum
774 2526 889 2588 electo·
946 2525 1089 2608 praefero.
1107 2529 1151 2588 Et
1171 2529 1237 2603 ipsi
1254 2529 1418 2588 intranea
1434 2531 1606 2606 gemimus,
1623 2549 1693 2613 pro·

138 2651 223 2704 rum,
253 2653 269 2689 <r
292 2635 454 2711 exspectat
475 2649 505 2700 n,
530 2627 707 2689 secundum
736 2625 821 2708 quod
850 2643 888 2686 ex
946 2633 1016 2707 pter
1032 2625 1176 2687 miserias
1196 2625 1268 2688 vitae
1288 2625 1464 2706 praesentis,
1481 2634 1513 2689 et
1533 2646 1597 2708 prae
1611 2629 1692 2692 desi-

137 2729 249 2791 divina
263 2727 461 2790 ordinatione
478 2725 650 2787 inclinatur
664 2724 703 2785 ad
718 2723 889 2805 quamdam
945 2724 1033 2786 derio
1052 2723 1167 2786 futurae
1187 2722 1348 2786 felicitatis
1367 2725 1533 2806 cupientes
1549 2726 1691 2802 dissolvi,
1713 2747 1838 2804 rarrrppn,

140 2826 405 2897 meliorationem,
422 2841 518 2906 quam
535 2822 567 2885 iu
583 2822 649 2884 fine
665 2820 775 2883 mundi
792 2821 890 2882 susci·
945 2823 1149 2897 adoptionem
1169 2823 1317 2898 filiorum
1334 2825 1395 2883 Dei
1414 2833 1644 2899 eoespectontm,
1660 2825 1693 2887 id
1707 2813 1741 2854 ²²·

140 2926 219 3007 piet,
238 2924 292 2986 llei
309 2922 388 2985 liliis
404 2921 551 2984 revelatis
566 2939 622 2982 seu
639 2919 780 3001 plenarie
794 2918 889 2999 glori·
945 2927 993 2981 est
1008 2918 1134 3000 plenam
1155 2918 1345 2982 filiationem
1365 2920 1544 3002 adoptionis
1563 2921 1691 2996 divina,

59 3101 60 3104 Ἴ
138 3023 255 3086 ficatis.
282 3020 350 3082 Non
379 3019 465 3082 enim
495 3016 734 3080 innovabuntur
757 3025 926 3098 corporat}
946 3017 1095 3080 videlicet
1110 3015 1291 3079 beatificam
1306 3017 1486 3080 Divinitatis
1501 3018 1692 3083 fruitionem.

138 3118 347 3184 elementaria
361 3126 456 3200 atque
470 3115 690 3188 coelestianisi
705 3114 888 3197 corporibus
946 3115 1008 3178 Nec
1031 3115 1133 3177 solum
1157 3115 1271 3178 animan
1293 3115 1559 3196 glorificationem
1584 3137 1693 3201 exspe-

140 3220 318 3281 electorum
334 3215 532 3298 glorificatis,
544 3213 594 3276 vel
611 3213 707 3276 simul
724 3231 796 3274 cum
813 3211 887 3274 illis.
945 3222 1079 3288 ctamus,
1097 3213 1152 3275 scd
1167 3222 1198 3276 et
1214 3217 1466 3290 redemptionem
1480 3219 1626 3292 corporis
1640 3238 1693 3278 no·

138 3317 251 3380 Merito
264 3323 371 3377 autem
387 3319 547 3394 exspectat
563 3329 569 3373 :
588 3309 746 3372 «vanitati
762 3309 888 3382 enim»,
944 3316 1020 3382 stri,
1037 3314 1068 3375 id
1089 3319 1137 3374 est
1155 3312 1376 3376 liberationem
1396 3314 1538 3398 corporis
1556 3317 1654 3379 nostri
1674 3335 1693 3378 a

140 3417 171 3477 id
205 3421 257 3477 est
293 3410 547 3475 transmutationi
581 3429 637 3472 seu
672 3408 888 3481 mutabilitati,
946 3411 1146 3484 mortalitate,
1163 3410 1267 3492 poenis
1287 3418 1383 3492 alque
1406 3413 1554 3488 miseriis,
1573 3413 1692 3496 quibus

139 3514 273 3596 praefata
295 3534 311 3570 ι(
331 3517 475 3572 creatura
498 3508 642 3588 subjecta
666 3515 725 3578 est,
749 3525 811 3568 non
836 3524 889 3568 vo·
945 3509 978 3571 in
994 3509 1059 3570 vita
1079 3508 1138 3570 ista
1158 3506 1325 3589 affligitur.
1343 3511 1473 3592 Propter
1491 3512 1577 3592 quod
1592 3512 1691 3574 David

139 3613 208 3674 lens
226 3633 256 3683 a,
273 3609 333 3672 boc
353 3616 401 3670 est
421 3625 483 3669 non
500 3625 538 3668 ex
553 3624 587 3668 se
607 3605 676 3687 ipsa
692 3611 747 3666 aut
760 3605 889 3686 propria
943 3607 982 3669 ad
1008 3608 1107 3668 Deum
1132 3607 1282 3670 clamavit
1307 3625 1314 3670 :
1341 3608 1446 3671 Sitivit
1470 3609 1503 3670 in
1528 3617 1559 3672 te
1584 3611 1691 3673 anima
1716 3629 1838 3680 reuma.

140 3708 360 3779 inclinatione,
383 3705 542 3788 loquendo
565 3704 604 3766 de
628 3723 665 3766 ea
689 3711 782 3785 prout
805 3703 888 3765 ordi·
945 3723 1033 3782 mea;
1051 3722 1145 3786 quam
1173 3705 1395 3788 multipliciter
1417 3706 1475 3769 tibi
1498 3726 1572 3771 caro
1596 3717 1688 3771 meat

139 3817 212 3871 nata
228 3813 277 3870 est
291 3824 310 3867 a
325 3806 388 3868 Deo
407 3804 445 3866 ad
465 3810 582 3866 statum
600 3800 789 3884 perfectum,
808 3801 888 3882 pari·
944 3804 1029 3865 Hanc
1050 3821 1178 3885 quoque
1195 3804 1448 3887 redemptionem
1468 3815 1690 3888 exspectamus

139 3906 304 3970 ficandum
325 3902 421 3966 statui
441 3901 614 3965 electorum
635 3908 707 3982 post
726 3899 822 3961 finale
838 3900 888 3979 ju·
945 3904 979 3960 in
1000 3904 1128 3962 Christo
1146 3905 1222 3962 lesu
1242 3905 1380 3964 Domino
1402 3913 1522 3974 nostro,
1539 3905 1615 3986 quia
1633 3925 1690 3988 per

138 4006 273 4077 dicium,
295 4025 312 4062 <r
336 4003 392 4064 sed
418 4007 547 4082 propter
571 4017 643 4060 eum
665 3997 725 4078 ·qui
750 3996 888 4077 subjecit
945 3999 1094 4061 meritum
1117 4018 1182 4062 suaa
1206 4000 1362 4081 passionis
1386 4001 1545 4066 tribuetur
1566 4003 1687 4076 electis,

138 4123 208 4166 eam
228 4103 260 4164 in
277 4120 333 4183 spe
350 4123 379 4173 n,
396 4099 426 4161 id
443 4106 501 4173 est,
513 4117 550 4160 ex
567 4098 764 4160 ordinatione
780 4097 888 4158 divina
943 4098 1068 4161 dicente
1083 4098 1452 4179 ApostolozSalvatorem
1468 4109 1689 4183 exspectamus
1703 4125 1835 4181 antippla.

138 4203 286 4283 subjecta
308 4208 356 4263 est
380 4199 455 4260 buic
477 4197 608 4260 vanitati
634 4204 763 4278 propter
786 4195 887 4258 bomi-
903 4201 928 4262 D
944 4197 1114 4259 Dominum
1128 4197 1235 4259 lesum
1252 4196 1486 4279 Christum,qui
1503 4199 1689 4262 reformabit
1703 4191 1737 4238 ²⁰·
1748 4191 1780 4232 ²¹·

138 4323 226 4376 nem,
258 4308 293 4362 ut
322 4299 351 4362 ei
381 4297 548 4362 deserviat.
580 4299 718 4380 Corpora
749 4316 886 4380 namque
943 4315 1059 4379 corpus
1089 4295 1278 4358 humilitatis
1303 4305 1427 4372 nostrae,
1454 4299 1687 4382 configuratum

137 4400 282 4464 coelestia
297 4405 426 4481 propter
439 4397 675 4478 generationem
691 4396 886 4470 inferiorum,
943 4396 1067 4478 corpori
1089 4393 1241 4458 claritatis
1262 4414 1335 4459 suaa.
