4288 6264
445 481 594 530 noxrxrcx
616 484 646 530 xv
668 483 740 531 rosr
762 483 890 530 ausona.
911 499 951 512 -
972 485 1014 530 sn
1035 482 1230 546 xntrcmscs3
1252 483 1351 530 sanxo
1371 483 1499 539 curxrus
1706 461 1745 526 19

199 666 263 711 uno
277 649 405 712 volendi
420 659 493 714 actu
509 653 576 714 vult
591 653 775 728 omnia,ncc
790 653 872 717 actio
888 672 945 716 sua
959 653 984 718 Α
1000 652 1109 735 probis
1126 659 1269 736 paveret
1288 653 1408 715 borror.
1426 651 1473 714 Ab
1489 651 1559 732 ipso
1578 651 1678 713 averti
1697 657 1745 712 est

197 765 215 808 a
237 766 295 810 sua
315 748 551 812 diversificatur
571 751 717 814 essentia.
1000 752 1123 826 cadere,
1138 751 1177 813 ad
1203 751 1309 834 ipsum
1334 749 1487 823 converti,
1504 765 1688 829 resurgere3
1712 747 1745 808 in

237 844 409 920 Postremo,
431 867 532 928 quum
555 849 624 931 ipse
644 850 685 910 sit
708 848 849 931 primum
875 869 942 924 ens,
999 867 1063 932 quo
1089 868 1217 912 manere
1242 856 1289 910 est
1314 851 1432 921 vivere,
1457 867 1476 909 a
1501 864 1564 930 quc
1587 847 1675 909 exire
1698 853 1746 908 est

198 942 302 1006 solum
332 943 510 1027 perfectum
540 953 572 1008 ct
601 947 778 1021 infinitum,
804 948 845 1010 ab
875 949 945 1030 ipsc
1001 948 1099 1026 mori3
1117 948 1150 1010 in
1174 965 1271 1028 quem
1293 947 1397 1009 redire
1418 952 1466 1008 est
1489 944 1691 1018 reviviscere,
1713 943 1746 1006 in

198 1041 348 1104 universa
371 1041 545 1118 fluxerunt,
571 1044 867 1128 incessabiliterque
892 1046 944 1108 de·
999 1063 1063 1128 quo
1078 1045 1220 1108 habitare
1235 1053 1283 1107 est
1299 1045 1478 1128 perdurare.
1497 1043 1540 1105 lle
1555 1058 1620 1125 quo
1635 1048 1666 1104 et
1681 1061 1748 1104 san-

199 1140 339 1220 pendent
354 1158 361 1202 :
379 1141 445 1204 imo
463 1150 594 1205 eatenus
616 1143 759 1224 indigent
780 1161 945 1207 conserva·
1000 1151 1070 1204 ctus
1093 1143 1300 1205 concionatur
1321 1142 1498 1204 Bernardus
1515 1157 1522 1202 ι
1540 1141 1639 1214 Quam
1659 1139 1748 1201 dives

199 1236 284 1300 tione
301 1237 413 1321 ipsius,
429 1241 514 1322 qnod
530 1259 589 1303 neo
605 1241 642 1304 ad
663 1249 861 1304 momentum
877 1242 945 1304 sine
1000 1259 1034 1302 es
1050 1242 1083 1302 in
1100 1239 1327 1314 misericordia,
1345 1259 1440 1322 quam
1457 1237 1648 1319 magnificus
1662 1255 1696 1299 es
1716 1237 1748 1298 in

199 1335 270 1416 ejus
293 1339 531 1400 manutenentia
552 1339 675 1421 possint
698 1339 870 1402 consistere
892 1347 946 1401 aut
999 1339 1134 1420 justitia,
1145 1357 1241 1420 quam
1258 1339 1430 1401 munificus
1446 1338 1477 1400 in
1493 1335 1749 1418 gratia,llominc

199 1435 323 1496 durare.
347 1433 395 1496 Ab
420 1435 490 1517 ipso
513 1454 588 1516 ergo
613 1437 752 1500 manavit
774 1454 869 1500 omne
895 1437 946 1500 bc
1000 1438 1223 1500 Deusnosterl
1241 1437 1309 1500 Non
1325 1436 1502 1499 estsimilis
1518 1435 1588 1510 tibi,
1606 1453 1750 1496 munera-

201 1551 279 1594 num
301 1541 433 1607 naturae,
453 1552 548 1597 omne
569 1535 689 1598 donum
708 1537 828 1617 gratiae,
844 1555 862 1598 a
883 1553 947 1618 quo
1002 1545 1051 1599 tor
1069 1535 1301 1618 copiosissime,
1318 1541 1536 1598 remunerator
1554 1533 1747 1616 aequissime,

201 1631 268 1694 solo
295 1649 390 1694 omne
419 1633 539 1696 donum
568 1635 676 1716 glorian
704 1635 880 1714 derivatur;
906 1633 946 1696 ab
1002 1633 1152 1696 liberator
1174 1634 1328 1716 piissime.

201 1731 271 1814 ipso
291 1739 341 1794 est
361 1733 439 1795 ordo
464 1753 569 1797 rerum
594 1742 625 1796 et
650 1735 856 1798 consistentia
878 1735 946 1796 uni·
1043 1733 1151 1814 igitur,
1170 1732 1260 1812 juxta
1281 1731 1463 1815 prehabito,
1485 1730 1585 1792 Deum
1605 1727 1748 1812 superdi·

200 1831 306 1910 versi;
337 1831 405 1914 ipse
435 1832 584 1896 universa
611 1833 767 1916 gubernat
793 1840 824 1894 et
852 1837 985 1900 omneB
1002 1831 1192 1912 guissimum
1215 1830 1480 1912 contemplemur,
1498 1829 1530 1890 in
1554 1828 1624 1911 ipso
1647 1829 1749 1890 aciem

200 1930 353 1992 saeculum
376 1931 587 2006 administrat,
609 1933 717 1994 omnia
742 1931 893 2004 intuetur,
917 1938 948 1994 et
1004 1929 1120 1991 mentis
1144 1928 1244 2010 figere
1274 1929 1467 1990 studeamus.
1494 1928 1532 1989 lit
1556 1945 1655 2009 quum
1684 1933 1749 1989 lam

201 2035 315 2090 cuncta
330 2029 508 2092 rectissime
521 2030 651 2111 judicat.
671 2031 769 2112 Cujus
785 2031 949 2113 provideri·
1005 2027 1296 2110 incomparabiliter
1311 2035 1342 2090 et
1358 2027 1512 2090 immense
1529 2027 1596 2109 ipse
1612 2045 1676 2108 pre
1691 2043 1752 2088 cm·

200 2128 278 2190 tiam
294 2127 421 2211 plenam
436 2137 468 2190 et
483 2130 591 2192 omnia
606 2129 848 2192 distinctissime
863 2147 948 2192 com·
1004 2127 1099 2190 nibus
1123 2125 1237 2201 bonns,
1258 2126 1416 2199 amabilis,
1437 2125 1611 2208 speciosus,
1632 2125 1750 2200 suavis,

203 2227 395 2308 plectentem
428 2228 483 2310 qui
515 2235 720 2310 negaverunt,
752 2228 840 2290 stulti
873 2227 948 2290 facti
1003 2225 1104 2298 dives,
1135 2225 1219 2307 pius,
1250 2233 1388 2298 sanctus,
1420 2223 1496 2286 felix
1526 2231 1558 2284 et
1589 2222 1751 2305 perfectus

202 2325 326 2388 suntin
342 2326 586 2408 sapientiasua3
602 2334 633 2388 et
652 2344 763 2389 eorum
781 2327 948 2409 sapientia,
1005 2324 1165 2396 consistat,
1185 2343 1204 2385 a
1222 2341 1286 2406 quo
1307 2323 1404 2385 etiam
1424 2341 1519 2386 omne
1540 2320 1660 2384 bonum
1681 2338 1752 2404 pro

203 2423 335 2486 stultitia
359 2423 496 2486 maxima
519 2423 589 2486 fuit.
607 2425 867 2508 Sapientissimus
888 2425 949 2488 Au·
1005 2423 1110 2497 fluxit,
1128 2430 1159 2484 et
1174 2422 1330 2505 quidquid
1346 2421 1501 2484 babemus
1516 2429 1548 2482 et
1563 2439 1685 2494 sumus,
1700 2438 1751 2482 ac·

202 2521 349 2602 gostinus
363 2523 485 2605 optime
500 2523 581 2585 dixit
598 2540 605 2584 :
623 2523 705 2585 lleus
721 2524 816 2585 estin
832 2541 866 2585 se
882 2523 950 2606 ipso
1006 2522 1162 2603 cepimus,
1180 2521 1286 2603 ipsum
1307 2539 1403 2602 super
1422 2519 1529 2583 omnia
1546 2519 1706 2582 ferventer
1721 2525 1753 2580 et

201 2620 285 2682 sicut
299 2619 401 2703 Alphe
420 2629 453 2683 et
467 2620 594 2702 Omega,
612 2621 644 2684 in
666 2619 786 2684 mundo
805 2622 888 2683 sicut
904 2639 950 2683 rc·
1007 2618 1300 2701 incomparabiliter
1319 2617 1500 2699 diligamus
1517 2634 1611 2680 omne
1632 2616 1751 2679 bonum

202 2725 270 2781 otor
294 2726 325 2780 et
349 2727 470 2794 auctor,
496 2719 528 2782 in
552 2719 674 2801 angelis
698 2720 781 2782 sicut
803 2737 896 2802 sapor
920 2727 951 2782 et
1006 2719 1034 2782 ci
1050 2718 1272 2790 attribuamus
1289 2717 1395 2800 ipsum
1410 2717 1485 2779 totis
1500 2715 1623 2778 viribus
1638 2716 1751 2789 colere,

202 2818 308 2892 decor,
333 2818 365 2881 in
392 2817 533 2880 Ecclesia
557 2819 640 2880 sicut
665 2818 892 2900 paterfamilias
917 2819 950 2880 in
1006 2817 1162 2890 venerari,
1185 2816 1311 2878 laudare
1335 2834 1499 2898 nunquam
1526 2832 1698 2888 cessemus,
1720 2814 1752 2876 in

202 2915 308 2990 domo,
325 2916 357 2979 in
373 2916 479 2978 anima
494 2917 576 2979 sicut
596 2935 732 3000 sponsus
748 2919 781 2979 in
799 2917 948 3000 thalamo,
1006 2917 1075 2998 ipso
1104 2913 1251 2988 stabiliri,
1278 2912 1419 2977 roborari
1447 2921 1541 2995 atque
1571 2911 1754 2976 immobiles

203 3014 345 3095 injustis
365 3014 448 3076 sicut
466 3013 593 3096 adjutor
611 3023 644 3077 et
664 3023 833 3098 protector,
850 3015 883 3076 in
903 3033 949 3076 re·
969 3013 1079 3080 flfieri
1100 3031 1228 3095 semper
1249 3031 1411 3076 conemur.

743 3445 934 3532 SERMO
968 3443 1221 3547 QUINTUS

496 3711 535 3756 ott
557 3709 759 3758 noosxumc
780 3709 812 3756 m
832 3707 991 3766 locustum
1012 3711 1049 3756 ΕΤ
1069 3709 1298 3758 OBSERVATIONE
1319 3708 1458 3757 Slbllll'l'll.

265 3995 314 4054 IT
334 4000 443 4052 cutem
468 3991 687 4052 omnishomo
712 3995 804 4050 vetos
828 3993 872 4050 act
892 4011 950 4052 au·
1004 3991 1087 4064 dosa,
1098 3993 1153 4054 sed
1169 3993 1265 4056 ctiam
1280 3995 1374 4056 certis
1389 4014 1427 4056 ex
1443 3995 1556 4069 causis,
1567 3994 1752 4076 quibusdam

278 4091 449 4160 dierectum,
475 4092 593 4150 tardus
616 4099 724 4150 cutem
749 4091 793 4149 ad
821 4093 950 4168 toquen-
1005 4089 1037 4151 in
1054 4089 1130 4152 locis
1145 4099 1176 4152 et
1191 4091 1404 4156 determinatis
1420 4092 1613 4176 temporibus
1628 4112 1646 4155 a
1662 4093 1751 4156 bonis

204 4193 296 4260 dum,
312 4197 343 4250 et
359 4191 476 4249 tardus
489 4189 533 4248 cd
548 4189 645 4248 iram.
661 4187 765 4250 Jacob.
783 4205 804 4262 1,
822 4186 869 4251 tc.
965 4191 990 4253 b
1005 4188 1229 4250 abstinendum
1250 4197 1298 4252 est
1320 4191 1437 4266 verbis,
1457 4191 1549 4273 juxta
1567 4190 1646 4254 illud
1668 4191 1750 4254 Psal-

245 4289 329 4352 lnter
344 4288 504 4371 precipua
523 4287 561 4350 ad
577 4305 648 4370 qnae
665 4287 696 4348 in
717 4286 808 4349 libris
824 4287 951 4370 Sapien·
1007 4287 1050 4348 mi
1069 4304 1075 4349 :
1092 4286 1255 4362 Obmutui,
1271 4296 1303 4351 et
1322 4289 1508 4352 humiliatus
1528 4309 1611 4366 sum,
1628 4297 1660 4352 et
1676 4290 1749 4353 silui
1764 4322 1899 4378 p,‚„„„,‚

204 4389 336 4452 tialibns
358 4387 568 4450 admonemur
590 4394 622 4450 ct
645 4387 821 4462 erudimur,
844 4395 892 4450 est
917 4395 950 4450 ut
1005 4404 1023 4448 a
1039 4384 1139 4448 bonis.
1157 4386 1192 4448 lu
1208 4385 1429 4451 Ecclesiastico
1444 4405 1571 4471 qnoque
1590 4387 1725 4451 babetur
1741 4407 1748 4452 :
1765 4390 1786 4430 ³·

205 4489 346 4570 linguam
376 4507 466 4550 suam
497 4487 716 4568 unusquisqne
746 4487 894 4562 refrenet,
920 4495 952 4550 et
1006 4485 1064 4549 tbi
1080 4504 1143 4549 non
1163 4495 1211 4549 est
1229 4488 1367 4564 auditus,
1385 4507 1448 4552 non
1467 4487 1615 4552 effundas
1632 4508 1750 4554 sermo·
1764 4519 1899 4574 gaam„

204 4604 268 4650 non
293 4587 355 4649 nisi
381 4586 472 4649 utilia
496 4603 553 4648 suo
577 4586 645 4648 loco
663 4604 699 4648 ac
722 4595 864 4668 tempore
885 4604 950 4649 mo·
1006 4605 1089 4647 nem.
1116 4585 1271 4668 Denique,
1297 4589 1379 4650 sicut
1406 4588 1579 4671 loquacitas
1608 4588 1786 4655 stultitiasl·

204 4687 351 4749 deranter
381 4685 536 4767 loquatur.
562 4685 834 4758 Quemadmodum
864 4686 949 4748 enim
1006 4685 1132 4765 signum
1147 4691 1206 4758 est,
1218 4685 1385 4749 Salomone
1400 4687 1536 4762 dicente,
1548 4688 1670 4752 Stultus
1683 4709 1752 4752 ver·
1764 4715 1900 4770 nauata.

204 4803 244 4848 cx
260 4783 375 4866 linguae
396 4784 637 4846 irrefrenatione
657 4783 903 4846 innumerabilia
919 4791 951 4846 et
1006 4783 1046 4845 ba
1065 4783 1275 4865 multiplicat3
1291 4792 1333 4860 et,
1351 4786 1462 4849 Totum
1485 4785 1634 4869 spiritum
1656 4807 1750 4851 suum
1765 4815 1900 4868 remus,

205 4883 349 4948 enormia
379 4883 461 4946 mala
490 4889 678 4964 sequuntur,
705 4881 747 4944 ita
771 4901 810 4944 ex
835 4883 950 4963 lingue
1006 4883 1127 4966 profert
1151 4885 1266 4946 stultus
1290 4904 1297 4948 :
1322 4885 1367 4948 sic
1393 4886 1591 4950 taciturnitas
1615 4887 1751 4951 circum·
1768 4881 1801 4923 ¹¹·

205 4981 397 5046 coercitione
418 4990 450 5044 et
468 4981 683 5044 moderatione
704 4981 847 5063 loquelae,
868 4981 951 5044 bona
1005 4989 1124 5064 specta,
1142 5001 1263 5064 magnae
1280 4985 1443 5066 sapientiae
1464 4993 1564 5048 exstat
1584 4986 1751 5062 indicium,

205 5089 383 5164 sequuntur
397 5081 575 5154 innumera,
593 5099 705 5161 magna
721 5088 752 5142 et
766 5079 857 5142 valde
872 5079 952 5142 salu·
1006 5082 1276 5163 quemadmodum
1297 5083 1512 5166 conscriptum
1533 5091 1591 5156 est,
1608 5085 1666 5158 Qui
1687 5103 1752 5148 mo·
1768 5109 1826 5154 nra.
1837 5111 1901 5162 att·

205 5179 283 5242 bria.
300 5179 364 5242 Nec
379 5180 482 5242 solum
503 5179 642 5242 cavenda
658 5186 732 5240 sunt
746 5178 844 5241 verba
859 5179 950 5241 illici·
1006 5181 1134 5242 deretur
1150 5179 1233 5243 labia
1248 5201 1315 5256 sua,
1333 5182 1600 5265 prudentissimus
1618 5191 1674 5246 est.
1692 5185 1752 5247 Uu-

204 5285 247 5354 ta,
263 5277 440 5362 pungitiva,
456 5277 655 5352 detractoria,
672 5277 841 5354 turbativa,
864 5296 950 5341 men·
1006 5279 1045 5340 de
1059 5287 1187 5341 sanctus
1202 5279 1259 5342 lob
1275 5279 1508 5362 loquacioribus
1523 5281 1619 5343 dixit:
1631 5281 1753 5346 Utinam
1781 5302 1901 5358 corales.
