4206 6258
452 477 512 544 622
655 495 803 544 uoururca
824 497 901 543 ιιιιιιι
922 498 995 544 rosr
1014 497 1207 544 mrumnrnu.
1229 515 1269 528 —-
1288 498 1331 544 an
1351 497 1544 562 murarosos3
1566 499 1662 548 sanun
1682 500 1786 547 snxrns

1005 912 1197 998 suello
1237 911 1454 999 SEXTUS

538 1177 578 1226 DE
599 1178 649 1224 uls
671 1177 738 1232 QUAE
760 1177 976 1223 suruurontuus
998 1176 1168 1234 baburrus,
1189 1177 1268 1222 PUTA
1289 1177 1484 1234 oaaoluurrt,
1504 1176 1707 1234 nemausis,
1727 1178 1815 1237 uon,
1832 1181 1885 1226 HC.

522 1455 693 1518 aberra
705 1471 777 1532 quoe
797 1461 873 1512 sunt
893 1453 1042 1522 Ccesoris,
1059 1452 1239 1520 Cesarea
1294 1453 1455 1526 Praeterea,
1481 1471 1577 1534 qnam
1605 1452 1738 1527 sincere,
1762 1463 1913 1518 reverenter
1928 1466 1950 1520 et

535 1561 565 1614 et
580 1571 653 1634 quae
667 1560 744 1611 sunt
758 1553 832 1621 Dei,
843 1555 917 1612 Deo.
931 1550 1037 1612 llatth.
1054 1567 1130 1622 xxvi,
1147 1547 1196 1611 al.
1253 1570 1397 1616 amorosc
1412 1551 1542 1614 obedire
1562 1551 1677 1614 debeat
1695 1552 1857 1634 religiosus,
1870 1575 1949 1636 quau·
2049 1627 2050 1630 Ἴ

319 1676 420 1730 rnna.
488 1652 597 1716 Justus
613 1650 767 1713 Dominus
783 1648 967 1729 etjustitias
985 1648 1132 1729 diligens,
1148 1647 1197 1728 ju·
1252 1652 1302 1714 vis
1316 1670 1355 1712 ex
1370 1650 1556 1713 Sanctorum
1573 1658 1680 1732 pateat
1694 1651 1873 1716 documentis
1885 1663 1950 1718 etre-
2049 1675 2050 1704 t

449 1748 504 1812 bet
522 1757 558 1812 ut
580 1749 754 1830 unicuique
775 1767 846 1831 quaa
866 1747 895 1809 ei
919 1747 1073 1809 debemus
1097 1746 1197 1809 solva·
1251 1748 1346 1830 gulis,
1363 1757 1395 1811 et
1409 1748 1594 1832 frequenter
1609 1749 1652 1811 sit
1666 1749 1836 1830 allegatum,
1849 1751 1949 1814 clarissi-

449 1866 530 1912 mus.
557 1847 679 1911 Idcirco
698 1854 730 1910 et
754 1863 811 1909 nos
836 1845 987 1926 religiosi,
1011 1863 1029 1906 a
1054 1844 1197 1907 saeculari
1253 1865 1304 1910 me
1319 1854 1426 1910 tamen
1446 1847 1478 1909 id
1499 1848 1605 1929 ipsum
1625 1848 1797 1930 poterimus
1815 1849 1920 1923 discere,
1931 1852 1949 1913 si

448 1953 602 2030 potestate
618 1944 767 2028 exempti,
775 1942 994 2026 superioribus
1010 1943 1122 2006 nostris
1138 1943 1199 2025 spi·
1252 1945 1509 2008 beatissimorum
1530 1946 1746 2028 apostolorum
1764 1947 1835 2010 Petri
1852 1956 1877 2010 et
1888 1949 1949 2010 Pauli
2049 1999 2050 2028 ι

448 2045 618 2110 ritualibus
639 2044 785 2127 patribus
804 2043 920 2105 nostris
941 2042 1197 2123 reddamusque
1251 2043 1349 2106 verba
1361 2063 1397 2106 ac
1409 2044 1498 2125 jussa
1511 2043 1759 2109 intueamurdit
1773 2045 1896 2128 equidem
1905 2047 1950 2126 glo

448 2162 559 2208 eorum
585 2151 669 2216 sunt,
695 2161 766 2224 quaa
792 2142 838 2204 eis
863 2148 1020 2214 tenemur,
1046 2140 1195 2203 obedien·
1251 2142 1446 2205 riesissimus
1470 2143 1638 2225 apostolici
1662 2144 1793 2225 agminis
1815 2145 1948 2227 princeps:
2048 2173 2050 2190 ι

448 2243 537 2317 tiam,
564 2241 787 2315 reverentiam,
815 2238 1031 2314 dilectionem,
1062 2238 1197 2301 fidelita·
1251 2240 1483 2314 Servi,subditi
1499 2249 1598 2305 estote
1614 2241 1648 2304 in
1665 2243 1751 2306 omni
1768 2243 1865 2306 timore
1877 2243 1948 2306 domi·
1967 2269 2027 2310 vem

448 2349 525 2416 tem,
541 2340 742 2422 obsequium.
760 2338 978 2401 Obedientiam
994 2356 1134 2419 namque
1149 2337 1196 2399 eis
1251 2339 1312 2414 nis,
1338 2357 1402 2403 non
1424 2347 1549 2403 tantum
1578 2340 1673 2404 bonis
1702 2349 1734 2405 et
1755 2341 1892 2416 modestis,
1910 2333 1977 2402 sed¹⁸·

300 2463 434 2514 rectane.
450 2439 668 2523 promisimus,
684 2445 716 2500 et
735 2438 855 2500 scimus
875 2437 949 2519 qnia
969 2436 1117 2520 displicet
1131 2437 1196 2498 beo
1250 2438 1346 2500 etiam
1371 2438 1519 2520 dyscolis.
1542 2439 1656 2502 Paulus
1682 2458 1803 2522 quoque
1817 2457 1823 2502 :
1838 2441 2023 2514 Quicum-m.

449 2537 545 2602 stulta
571 2544 604 2601 et
632 2535 773 2599 infidelis
799 2535 978 2617 promissio.
1003 2535 1071 2597 lmo
1094 2552 1194 2616 quum
1250 2554 1312 2617 qne
1327 2535 1460 2617 (inquit)
1476 2536 1628 2618 subjugo
1646 2546 1723 2600 sunt
1740 2537 1948 2612 servi‚dominoa

447 2644 569 2710 votnm,
592 2635 768 2698 secundnm
792 2634 957 2706 Thornam,
979 2633 1051 2715 plns
1076 2631 1196 2713 obliget
1211 2633 1234 2696 B
1250 2652 1324 2699 suos
1346 2635 1433 2698 omni
1457 2636 1576 2699 bonore
1601 2636 1717 2718 dignos
1739 2637 1948 2713 arbitrentur;et

448 2753 545 2816 quam
572 2731 803 2814 juramentum,
830 2737 952 2793 constat
975 2730 1060 2812 quod
1087 2729 1195 2792 inobe-
1250 2733 1366 2808 denuo,
1387 2733 1488 2809 Servi,
1509 2733 1636 2798 obedite
1657 2735 1791 2798 dominis
1809 2733 1948 2798 carnalibus
1962 2749 2026 2804 ram.

447 2831 567 2896 dientia
582 2831 650 2895 sive
664 2829 798 2894 rebellio
811 2829 940 2911 gravius
959 2829 1081 2890 crimen
1102 2829 1143 2891 sit
1162 2829 1195 2891 in
1251 2850 1324 2894 cum
1354 2832 1469 2895 timore
1494 2841 1526 2894 et
1554 2841 1707 2908 tremore,
1729 2835 1761 2897 in
1788 2834 1948 2916 simplicitate
1957 2816 1985 2859 ⁵³·

448 2930 596 3012 religioso
611 2947 707 3012 quam
723 2929 829 3010 ipsum
845 2926 1034 3009 perjurium.
1052 2926 1195 2989 Vitemns
1250 2930 1355 2993 cordis
1378 2931 1487 3006 vestri,
1504 2949 1567 2994 non
1592 2932 1632 2995 ad
1656 2931 1783 2995 oculum
1805 2932 1948 3002 servientes,

448 3047 522 3110 ergo
537 3047 612 3092 cum
627 3026 755 3090 infinito
773 3026 904 3089 horrore
920 3033 984 3088 tam
999 3024 1194 3088 diabolicum
1249 3028 1341 3110 qnasi
1365 3029 1551 3092 bominibus
1575 3030 1750 3112 placentes,
1772 3031 1821 3093 sad
1842 3037 1871 3091 ut
1889 3027 1948 3090 servi

448 3125 735 3209 scelus.Siquidem
751 3125 842 3207 quasi
858 3132 1025 3207 peccatum
1040 3123 1195 3187 ariolandi
1250 3126 1377 3200 Christi,
1394 3127 1547 3190 iacientes
1571 3128 1768 3192 voluntatem
1790 3128 1839 3192 [lei
1857 3145 1888 3190 er
1904 3125 1951 3188 ani·

329 3238 334 3250 ·
447 3234 506 3300 est,
522 3242 711 3308 repugnare,
726 3230 757 3285 et
772 3223 862 3305 quasi
878 3222 983 3285 scelus
998 3222 1193 3296 idololatria,
1249 3243 1312 3288 mo.
1330 3226 1362 3289 Si
1377 3243 1452 3308 ergo
1466 3234 1531 3289 tam
1547 3236 1743 3302 reverenter,
1758 3235 1816 3290 tam
1830 3227 1948 3295 timorate,

447 3324 532 3388 nolle
547 3324 759 3406 acquiescere.
776 3321 850 3384 ldeo
865 3321 1031 3384 Salomone
1046 3328 1193 3396 testante,
1249 3331 1313 3386 tam
1334 3323 1516 3388 cordialiter
1534 3325 1656 3389 servire
1676 3334 1709 3389 et
1726 3325 1844 3391 obedire
1859 3327 1951 3406 oportet

447 3424 534 3489 Mens
548 3423 626 3505 justi
643 3421 814 3485 meditatur
828 3419 1053 3484 obedientiam.
1069 3419 1127 3494 Qui
1142 3439 1195 3482 au·
1250 3422 1431 3485 carnalibus
1456 3423 1605 3498 dominis,
1631 3425 1765 3488 terrenis
1793 3421 1950 3507 principibus

447 3531 512 3586 tem
542 3521 659 3585 mentis
688 3528 737 3583 est
764 3520 852 3583 dnrae
879 3525 974 3601 atque
1003 3519 1037 3581 in
1065 3519 1194 3601 proprio
1250 3521 1346 3583 etiam
1366 3521 1485 3604 pravis,
1506 3522 1539 3585 in
1563 3522 1614 3584 bis
1640 3542 1712 3605 quae
1735 3524 1772 3586 ad
1790 3539 1884 3585 eornm
1902 3535 1951 3600 spe-

329 3661 334 3672 ·
447 3622 592 3704 pertinax
612 3639 719 3694 seusu,
736 3619 769 3680 in
791 3619 917 3680 diversa
934 3624 1030 3699 atque
1051 3617 1194 3679 enormia
1250 3626 1336 3681 etant
1350 3619 1640 3703 dominium,quam
1656 3619 1951 3692 reverenter,timorate

448 3728 574 3783 corruet
602 3718 694 3781 mala.
726 3716 869 3799 Denique
899 3722 987 3778 tanta
1017 3723 1065 3778 est
1093 3715 1194 3777 virtus
1249 3724 1280 3780 et
1295 3716 1470 3781 allectnose
1488 3737 1620 3781 necesse
1641 3727 1691 3782 est
1705 3719 1828 3782 obedire
1840 3716 1951 3799 spiritua-

446 3817 647 3892 obedientiae,
668 3823 754 3878 unta
782 3824 831 3878 est
854 3814 1028 3878 eminentia
1052 3807 1084 3877 et'
1108 3821 1193 3896 pote·
1211 3813 1233 3878 C
1249 3816 1334 3880 libus
1363 3816 1507 3899 patribus
1531 3817 1816 3899 ecclesiasticisque
1837 3812 1949 3897 prelatis,

447 3925 511 3980 stas
530 3916 643 3998 ipsius,
660 3923 695 3976 ut
717 3914 859 3996 plenarie
881 3913 1076 3988 obedientes,
1093 3913 1193 3975 Deum
1248 3915 1452 3998 potissimum
1475 3914 1651 3996 religiosos,
1668 3915 1725 3998 qui
1746 3933 1807 3978 uon
1826 3913 1908 3976 solun
1924 3926 1950 3970 er

447 4014 566 4078 faciant
593 4012 655 4075 sibi
685 4012 898 4086 obedientem,
924 4011 1194 4094 quemadmodum
1247 4014 1319 4095 jure
1334 4013 1443 4076 divino
1463 4022 1495 4076 et
1514 4014 1678 4076 communi
1699 4020 1857 4095 praecepto,
1870 4008 1950 4071 seder

300 4126 433 4178 rotenia,
448 4115 531 4176 lleus
556 4111 699 4176 obedivit
722 4110 984 4174 obedientissime
1007 4110 1112 4184 Josue,
1134 4109 1194 4172 soli
1248 4112 1372 4175 solenni
1392 4129 1520 4195 quoque
1535 4120 1608 4176 voto
1627 4113 1667 4174 ad
1681 4111 1880 4176 obedientiam
1895 4104 1950 4169 obli·

301 4194 334 4234 ¹³·
447 4231 484 4276 ac
511 4211 594 4275 lunae
618 4229 659 4273 ne
685 4217 888 4273 moverentur
909 4207 1045 4289 jubenti.
1064 4209 1194 4291 Propter
1248 4214 1385 4293 ganturl
1400 4211 1577 4294 presertim
1597 4230 1710 4293 quum,
1730 4218 1804 4273 teste
1820 4203 1949 4274 Bernardo,

447 4311 532 4394 quod
547 4309 648 4373 sancti
663 4309 768 4371 Patres
785 4306 881 4370 locuti
898 4313 982 4380 sunt,
994 4307 1078 4388 quod
1095 4326 1193 4389 quan·
1248 4315 1367 4391 quanto
1393 4309 1494 4390 major
1517 4318 1566 4372 est
1589 4310 1738 4390 dignitas,
1758 4315 1864 4392 quatuo
1881 4301 1950 4366 subli·
2045 4373 2046 4380 ἵ

444 4417 513 4472 tum
537 4426 594 4471 nos
616 4406 832 4470 obedierimus
849 4405 924 4478 lleo,
941 4406 1140 4467 tantumdem
1162 4413 1194 4468 et
1249 4409 1331 4471 mior
1359 4415 1460 4471 exstat
1489 4409 1672 4482 auctoritas,
1698 4415 1785 4470 tanto
1805 4406 1831 4469 ei
1855 4399 1951 4468 obedire

446 4509 515 4590 ipse
529 4506 656 4570 obediet
672 4504 821 4587 precibus
841 4503 967 4566 nostris.
986 4504 1025 4565 Et
1044 4503 1126 4566 sient
1145 4524 1192 4568 re·
1249 4508 1349 4588 magis
1364 4515 1412 4570 est
1428 4507 1642 4571 necessarium
1659 4507 1821 4590 magisque
1833 4502 1950 4568 debitum,

446 4606 631 4687 ligiosornm
655 4612 703 4667 est
726 4603 868 4685 quotidie
897 4603 936 4665 ad
961 4602 1191 4684 perlectionem
1247 4615 1340 4688 atque
1356 4606 1460 4670 eidem
1475 4605 1640 4669 inobedire
1653 4614 1741 4670 tanto
1755 4603 1883 4668 vitiosius
1894 4600 1952 4662 darn

445 4703 832 4788 procedere,pvoliciendo
847 4702 879 4763 in
895 4702 982 4764 omni
997 4702 1134 4782 virtute;
1149 4704 1193 4765 ita
1247 4705 1451 4788 nabiliusque
1481 4705 1635 4769 consistit.
1661 4705 1792 4778 Rursus,
1815 4699 1951 4765 secundun

445 4821 555 4867 eorum
579 4810 628 4864 est
648 4801 789 4884 qnotidie
813 4820 851 4862 ex
874 4800 1063 4882 promptiori
1088 4801 1192 4864 cordis
1247 4805 1408 4879 eumdem,
1427 4811 1546 4887 quanto
1570 4811 1766 4886 preceptum
1790 4807 1878 4865 exstat
1896 4795 1953 4858 salu

445 4902 603 4965 desiderio
634 4899 775 4973 obedire,
805 4898 960 4960 humilius
992 4899 1191 4981 celeriusque
1247 4902 1347 4976 brius,
1364 4901 1584 4966 rationabilius
1598 4921 1635 4964 ac
1654 4903 1805 4974 divinius,
1820 4906 1894 4962 tanto
1908 4909 1952 4954 nou

446 5019 567 5084 parere,
584 5005 616 5062 et
635 5004 753 5081 quanto
772 4997 892 5058 diutins
912 4996 1031 5059 luerint
1051 4997 1084 5059 in
1103 4997 1191 5061 Ordi—
1207 5005 1232 5068 Ι)
1246 5000 1376 5064 obedire
1397 4999 1497 5080 magis
1517 4999 1665 5083 iniquum
1688 5007 1746 5063 est,
1768 4999 1797 5062 Si
1817 5012 1881 5077 ergo
1896 4999 1952 5053 tem·

446 5118 497 5172 ne,
519 5106 606 5160 tento
631 5097 663 5159 in
689 5095 776 5158 omni
801 5094 992 5170 obedientia,
1011 5095 1191 5159 humilitate
1246 5098 1409 5182 poralibus
1425 5097 1563 5162 dominis
1578 5099 1754 5181 corporalia
1768 5087 1954 5176 obsequiaeri·

447 5196 624 5278 ceterisque
639 5193 811 5258 virtutibus
829 5193 1074 5275 exemplariores
1091 5213 1124 5258 se
1139 5213 1192 5258 ex·
1245 5197 1394 5280 gentibus
1413 5215 1477 5260 non
1498 5216 1620 5280 parere,
1637 5205 1784 5260 censetur
1797 5186 1952 5257 damnabile,
2043 5207 2044 5210 ¹

447 5296 567 5360 hibere.
1245 5315 1341 5379 quam
1358 5295 1623 5360 inestimabiliter
1637 5293 1844 5359 damnabilius
1856 5295 1896 5352 est
1907 5301 1953 5347 non
