4154 6258
456 525 604 574 normico
624 528 665 573 xv
685 525 758 573 rosr
777 524 972 573 mmrmrnn.
992 545 1032 556 -
1053 527 1152 575 suario
1173 528 1325 576 sncuunus
1488 559 1492 569 .
1605 512 1665 576 447

114 716 187 759 rum
209 697 285 780 quia
304 696 523 772 manducabis,
540 696 651 761 beatus
671 717 717 772 es,
734 706 764 760 et
782 698 864 761 bene
879 697 905 761 Α
919 697 1033 762 Paulus
1056 698 1169 762 asserit
1190 719 1223 763 se
1248 702 1459 782 perpessumt
1474 699 1513 761 llt
1537 716 1665 782 respon·
1694 715 1811 772 irrorat,

2 820 99 866 unu.
114 796 174 858 tibi
200 795 271 859 erit.
297 795 467 878 Apostolus
492 814 619 880 quoque
643 813 650 858 :
672 796 719 859 Ad
745 816 782 860 ea
803 797 865 878 (in-
918 796 1071 872 dandum,
1088 797 1173 880 quod
1195 798 1312 880 saepius
1334 797 1564 861 subtrabuntur
1588 816 1667 880 pra·
1679 781 1700 832 ⁹·
1711 781 1745 827 ²⁷·

113 895 199 978 quit)
214 913 284 977 quae
300 894 380 956 mihi
395 895 573 958 necessaria
588 902 689 970 erant,
706 896 865 959 ministra·
920 895 1004 958 dieta
1032 896 1142 960 electis
1171 898 1209 959 ad
1240 896 1459 980 probationem
1488 915 1610 970 eorum,
1636 902 1669 958 et

113 1001 231 1056 rerunt
247 1012 360 1056 manus
376 993 453 1057 istae.
470 993 538 1057 Non
558 1012 634 1075 ergo
649 994 695 1056 sic
710 994 866 1076 adjiciun-
920 995 1026 1057 meriti
1058 995 1246 1077 praemiique
1275 1003 1492 1077 augmentum.
1524 979 1667 1059 Christus

111 1101 177 1166 tur,
204 1093 289 1175 quod
317 1093 413 1156 homo
440 1093 505 1157 otio
534 1093 630 1156 debet
657 1111 781 1167 vacare,
805 1111 865 1156 nec
919 1111 996 1156 vero
1018 1112 1103 1155 nunc
1124 1093 1265 1177 loquitur
1288 1094 1320 1156 in
1340 1094 1565 1168 communiet
1585 1091 1669 1155 sicut

113 1192 201 1273 quod
225 1191 258 1255 in
283 1211 317 1254 se
341 1199 390 1254 est
413 1191 529 1255 iacere.
550 1192 611 1256 Sed
636 1209 741 1255 nonne
765 1192 866 1274 aliqui
920 1191 1120 1274 frequentius
1139 1193 1265 1255 accidit.
1281 1192 1365 1255 Deus
1385 1200 1491 1255 tamen
1509 1211 1547 1255 ex
1563 1191 1667 1254 causis

113 1297 270 1373 martyres
285 1290 370 1353 ieme
385 1291 533 1354 exstincti
554 1299 639 1364 sunt,
656 1299 688 1354 et
707 1291 801 1353 multi
816 1290 867 1372 ju·
920 1288 982 1352 sibi
999 1290 1134 1372 cognitis
1150 1291 1340 1373 quandoque
1361 1290 1453 1352 aliter
1467 1289 1533 1370 agit
1548 1289 1579 1351 in
1600 1308 1668 1371 par-

112 1389 152 1450 sti
178 1389 333 1452 maximas
358 1390 524 1472 patiuntur
548 1389 710 1471 penurias,
727 1389 810 1453 siout
834 1398 866 1452 et
920 1388 1058 1451 ticulari.

625 1817 816 1904 SERMO
855 1816 1154 1906 SECUNDUS

377 2085 416 2132 DE
438 2083 656 2132 minuimus
678 2085 775 2131 DlVlNl
797 2084 947 2142 cosroen,
969 2085 1005 2131 ΕΤ
1026 2083 1195 2132 nuntientur
1216 2084 1390 2132 SERVl'l'U'l'E.

172 2367 436 2428 RAEPARATE
454 2365 554 2424 cordo
578 2372 685 2424 vestra
708 2362 860 2432 Domina,
876 2361 991 2426 Btidie
1006 2363 1091 2444 quod
1107 2362 1198 2425 multi
1213 2363 1360 2427 homines
1376 2363 1568 2447 quibusdam
1586 2383 1668 2429 mor·

189 2473 221 2524 et
236 2467 354 2525 servite
374 2464 430 2524 illi
443 2464 516 2533 soli,
532 2472 562 2523 et
583 2463 735 2522 liberabit
752 2482 805 2522 vos
821 2463 861 2522 de
914 2460 1032 2523 talibus
1056 2461 1224 2541 subjacent
1238 2462 1336 2536 vitiiS,
1354 2470 1385 2526 et
1401 2471 1508 2528 tamen
1524 2465 1669 2528 serviunt

109 2555 265 2625 manitas
292 2564 502 2623 inimicorum
530 2569 720 2622 vestrorum.
747 2560 759 2622 l
783 2560 858 2640 lleg.
915 2561 989 2634 Deo,
1010 2559 1170 2623 audiendo
1188 2560 1310 2636 Missas,
1331 2562 1462 2638 orando,
1476 2563 1663 2644 ieiunando,

109 2681 164 2738 vu,
185 2661 216 2724 3.
914 2658 1132 2741 eleemosynas
1152 2658 1256 2722 dando
1272 2666 1303 2722 et
1322 2660 1390 2723 dies
1410 2660 1600 2725 celebrando
1618 2661 1664 2726 ie·

150 2763 216 2824 lsta
245 2767 320 2822 aunt
347 2758 446 2822 verbe
473 2757 668 2820 sanctissimi
697 2756 860 2839 propbetae
915 2757 1014 2819 stivos
1041 2773 1048 2818 t
1074 2757 1140 2819 imo
1165 2776 1184 2819 a
1209 2757 1319 2821 multis
1341 2758 1502 2822 abstinent
1524 2762 1665 2843 peccatis

109 2859 282 2932 Samuelis,
299 2859 331 2920 in
352 2856 471 2940 quibus
490 2857 529 2918 ad
549 2857 613 2918 duo
632 2856 776 2918 hortatur
790 2872 858 2918 nos.
916 2854 1115 2930 mortalibus,
1142 2856 1198 2918 Dei
1224 2855 1342 2920 intuitu
1368 2876 1405 2920 ac
1434 2859 1558 2922 timore.
1586 2859 1667 2922 Sunt

108 2961 255 3023 Primum
274 2964 332 3032 est,
350 2963 386 3019 ut
404 2956 499 3019 corda
518 2961 626 3018 nostra
646 2973 860 3037 preparemus
915 2954 1036 3036 quippe
1056 2953 1202 3016 nonnulli
1225 2955 1280 3037 qui
1303 2954 1379 3018 lieet
1401 2957 1582 3039 simplicem
1604 2957 1666 3020 ior·

107 3058 249 3122 Domino
268 3057 343 3132 Deo,
360 3055 392 3118 id
412 3061 470 3129 est,
492 3054 530 3117 ad
553 3053 623 3135 ojus
643 3053 807 3116 caritatem
830 3060 862 3114 et
915 3049 1108 3115 nicationem
1133 3069 1197 3115 non
1217 3053 1329 3128 vitent,
1345 3053 1540 3117 adulterium
1560 3063 1666 3118 tamen

107 3156 246 3238 gratiam
264 3154 498 3236 gratiosamque
512 3151 787 3225 inhabitationem,
804 3169 860 3214 seu
915 3151 1115 3214 committere
1137 3150 1259 3214 nolunt.
1277 3151 1411 3225 Quidam
1433 3153 1530 3215 etiam
1554 3173 1665 3237 quam·

106 3255 221 3337 gratia
237 3261 268 3316 et
281 3253 437 3316 virtutum
451 3257 671 3333 augmentum,
683 3267 741 3313 nos
755 3249 861 3332 dispo·
911 3247 964 3311 ,vis
987 3249 1117 3330 propria
1136 3248 1219 3312 bona
1237 3250 1354 3332 cupide
1374 3258 1513 3326 servent,
1529 3251 1665 3316 aliorum

107 3372 237 3416 namus.
255 3351 438 3415 Secundum
458 3356 517 3424 est,
533 3356 570 3411 ut
588 3348 648 3412 soli
664 3348 728 3412 beo
748 3347 862 3411 altissi-
915 3353 1022 3409 tamen
1047 3347 1131 3411 bona
1155 3366 1219 3411 non
1244 3349 1390 3432 cupiunt.
1410 3351 1448 3412 Et
1471 3352 1666 3433 responden·

108 3471 163 3516 mo
180 3451 359 3515 serviamus
376 3467 383 3512 ε
400 3449 484 3532 quod
501 3447 744 3529 intelligendum
760 3455 808 3510 est
822 3448 861 3509 de
915 3445 1219 3527 dum,quodnullus
1235 3446 1409 3510 inmortali
1425 3449 1581 3512 exsistens
1598 3469 1668 3532 pec-

108 3552 214 3615 lntriae
229 3549 394 3623 servitute,
410 3567 481 3631 quae
496 3546 555 3610 soli
571 3547 635 3609 Deo
650 3547 792 3610 debetur.
805 3546 861 3608 La·
877 3546 899 3610 (l
916 3552 986 3607 cato
1000 3563 1075 3607 vere
1090 3564 1126 3607 ac
1141 3545 1270 3628 proprie
1284 3547 1383 3609 servit
1396 3548 1566 3611 beoNunc
1581 3549 1667 3612 enim

106 3651 172 3713 tria
198 3665 337 3730 namque
361 3654 409 3710 est
429 3645 531 3709 virtus
556 3664 627 3727 quac
650 3644 715 3708 Deo
739 3644 861 3707 cultum
916 3661 1022 3707 sermo
1041 3651 1089 3707 est
1109 3643 1148 3706 de
1169 3644 1322 3708 servitute
1342 3645 1397 3708 Dei
1420 3665 1490 3728 qua
1510 3654 1559 3709 est
1577 3655 1666 3712 actus

108 3749 397 3828 cerimoniamque
412 3744 578 3828 impendit.
597 3744 684 3806 Unde
700 3743 732 3805 in
747 3743 861 3806 Deute-
916 3741 1043 3804 virtutis
1073 3749 1105 3805 et
1128 3743 1330 3806 meritorium
1359 3761 1440 3828 opus
1467 3763 1506 3808 ex
1535 3746 1666 3810 caritate

1 3847 261 3922 u.‹1,i³.ronomio
281 3845 440 3908 habetur:
457 3842 628 3906 bominum
649 3843 749 3904 Deum
769 3848 861 3904 tuum
916 3842 1101 3922 procedens.
1119 3841 1176 3915 Qui
1198 3849 1306 3906 autem
1326 3843 1360 3904 in
1383 3843 1508 3906 mortali
1532 3851 1580 3907 est
1601 3845 1667 3907 oul-

107 3947 245 4012 timebis
260 3954 292 4008 et
307 3943 368 4026 ipsi
383 3942 442 4006 soli
462 3941 591 4004 servies.
608 3940 723 4014 Tertio,
741 3940 774 4003 in
792 3959 862 4002 ver·
916 3957 967 4020 pa,
991 3939 1112 4002 nullam
1137 3940 1234 4004 habet
1258 3942 1410 4005 virtutem
1436 3945 1540 4025 quoad
1565 3944 1667 4026 perie-

107 4049 161 4110 bis
195 4042 403 4128 praeinductis
434 4039 534 4121 tangit
562 4039 689 4103 Samuel
720 4037 862 4101 fructum
916 4043 999 4100 ctam
1016 4039 1171 4102 rationem
1187 4039 1326 4116 virtutis,
1343 4058 1402 4103 nec
1420 4042 1667 4105 caritatembn·

106 4165 167 4208 seu
185 4142 357 4206 utilitatem
378 4138 619 4222 provenientem
639 4135 732 4199 nobis
751 4154 791 4199 ex
805 4135 861 4199 Dei
916 4136 956 4198 de
980 4137 1036 4218 qui
1061 4137 1094 4199 in
1118 4136 1307 4200 mortalibus
1332 4146 1406 4200 sunt
1430 4140 1581 4222 peccatis,
1603 4159 1665 4205 non

105 4241 280 4326 obsequio,
297 4239 373 4323 quia
397 4236 546 4301 liberabit
567 4254 625 4299 nos
650 4237 688 4298 de
714 4234 862 4298 manibus
917 4235 978 4297 nisi
999 4235 1174 4318 improprie
1194 4236 1258 4299 Deo
1278 4237 1397 4300 servire
1419 4238 1579 4302 dicuntur.
1596 4239 1665 4303 Non

105 4343 320 4408 inimicorum
340 4344 533 4410 nostrorum,
549 4334 700 4398 videlicet
718 4333 863 4397 invisibi-
917 4333 1003 4395 enim
1023 4333 1177 4396 obediunt
1196 4334 1272 4410 Deo,
1289 4335 1439 4418 quoniam
1460 4335 1531 4417 ejus
1546 4356 1664 4419 prace-

105 4443 192 4504 linm
209 4437 362 4510 hostiurn,
378 4434 417 4496 de
433 4433 551 4516 quibus
566 4432 603 4494 ad
621 4431 774 4514 Ephesios
790 4432 864 4513 legi·
917 4438 971 4513 pta
985 4449 1049 4494 non
1066 4431 1202 4513 implent
1221 4451 1258 4496 eo
1274 4433 1368 4496 modo
1388 4452 1452 4515 quo
1467 4435 1550 4499 Deus
1565 4454 1603 4500 ea
1614 4437 1664 4518 ju·

1 4565 88 4618 ‚aaa
105 4549 161 4604 tur
187 4556 196 4601 ε
217 4537 288 4600 Non
313 4541 360 4598 est
384 4531 477 4596 nobis
497 4530 685 4600 ¹colluctatio
710 4528 861 4592 adversus
916 4529 971 4592 bet
991 4529 1129 4612 impleri,
1145 4539 1222 4614 puta
1242 4551 1281 4594 ex
1296 4532 1433 4612 [caritate
1457 4541 1489 4596 et
1512 4543 1598 4598 recta
1620 4536 1665 4600 in-

104 4655 246 4703 carnem
264 4641 297 4698 et
315 4631 511 4713 sanguinem,
528 4629 583 4692 sed
603 4629 755 4691 adversus
777 4627 862 4710 prin·
915 4630 1058 4693 tentione
1090 4631 1129 4692 ad
1163 4631 1296 4712 gloriam
1328 4630 1573 4716 Omnipotentis,
1604 4656 1663 4702 neo

103 4741 202 4822 cipes
227 4743 260 4799 et
284 4739 465 4815 potestates.
488 4729 574 4792 lstud
599 4728 684 4790 idem
708 4727 801 4790 docet
828 4727 861 4790 in
876 4734 901 4795 D
916 4729 1017 4792 vitant
1036 4737 1165 4812 peccata
1180 4749 1219 4793 ex
1238 4731 1368 4794 caritate
1387 4739 1442 4794 aut
1460 4731 1553 4797 iiliali
1573 4736 1664 4800 timo

1 4859 49 4903 cia.
61 4875 89 4912 u,
104 4833 282 4916 evangetio
296 4831 449 4895 hodierno
464 4828 617 4902 Salvator,
628 4827 765 4890 dicendo
781 4843 788 4888 :
805 4826 862 4890 Ne·
915 4847 960 4901 re,
978 4828 1033 4890 sed
1054 4828 1162 4892 servili
1182 4827 1352 4892 formidine
1374 4837 1430 4892 aut
1448 4834 1585 4896 naturali
1607 4835 1662 4898 Dei

106 4954 163 5000 mo
185 4939 293 5018 potest
314 4928 439 4992 duobus
458 4927 597 4990 dominis
617 4926 755 5006 servire;
772 4927 862 4990 item·
915 4944 1032 4990 amore.
1060 4927 1216 4990 Dicuntur
1244 4934 1351 4990 tamen
1380 4929 1445 4992 Deo
1474 4932 1604 5009 servire,
1629 4934 1663 4997 in

1 5054 75 5099 uam
104 5054 186 5118 que,
206 5031 275 5095 Nou
290 5028 421 5111 potestis
440 5027 505 5090 beo
520 5024 639 5089 servire
659 5033 691 5088 et
711 5043 863 5091 mammo·
916 5033 1071 5108 quantum
1094 5025 1216 5089 iaciunt
1236 5027 1381 5109 quaedam
1403 5045 1500 5111 opera
1521 5030 1604 5094 bona
1624 5051 1663 5095 ex

103 5155 168 5199 nae.
188 5133 227 5194 ln
248 5128 366 5211 quibus
385 5125 491 5189 verbis
510 5125 655 5188 bortatur
674 5143 730 5189 nos
748 5133 783 5189 ut
802 5125 861 5190 soli
915 5144 1043 5206 genere,
1060 5133 1092 5189 et
1110 5126 1215 5209 quoad
1234 5126 1445 5191 substantiam
1461 5129 1537 5192 iacti
1556 5131 1664 5194 viden-

104 5231 253 5298 Domino
273 5227 460 5290 serviamus.
916 5232 968 5286 tur
982 5225 1117 5308 implere
1133 5226 1493 5308 pracceptahonorando
1508 5226 1661 5311 parentes,

146 5329 218 5396 Sed
233 5324 284 5390 bis
299 5325 395 5407 objici
410 5330 524 5408 potest,
535 5321 611 5406 quia
625 5323 771 5387 videmus
787 5339 863 5407 quo
916 5323 1017 5387 Deum
1043 5343 1155 5388 verum
1181 5324 1381 5394 solummodo
1405 5327 1581 5404 adorantes,
1598 5345 1662 5392 non
