4192 6258
472 486 617 535 noumrcs
638 487 705 534 xxu
724 486 797 534 rosr
817 486 1010 535 mrurrarru.
1031 504 1072 516 —
1091 488 1190 536 sanxo
1211 488 1364 536 sucunnus
1632 472 1693 537 593

142 654 369 719 Altissirnuml
385 657 445 721 Sed
463 665 495 720 et
509 677 605 741 quam
626 658 842 722 irrationabile
862 659 934 722 eth
988 658 1161 733 Postremo,
1184 677 1357 741 pensemus
1381 665 1499 742 quanta
1522 659 1564 722 sit
1587 666 1694 722 nostra

144 771 278 818 enorme
298 755 340 818 sit
359 757 455 830 istud,
472 764 595 820 constat
611 776 650 820 ex
665 757 802 839 eoquod
822 756 894 820 suh·
948 756 1150 837 perversitas.
1175 757 1254 820 Nam
1283 757 1430 840 quamvis
1453 756 1560 820 omnia
1584 756 1697 839 praein-

35 872 89 914 ωε.
144 852 233 915 ditur
248 853 291 916 ibi
306 854 401 928 :Quis
415 855 557 918 exorabit
572 874 630 937 pro
644 855 770 918 delictis
786 855 894 918 illiusl
948 853 1043 916 ducta
1067 855 1110 916 ita
1134 874 1168 917 se
1191 854 1340 928 habeant,
1360 855 1462 918 nihilo
1487 855 1594 916 minus
1618 853 1698 915 mul-

14 949 49 976 Η
85 967 89 976 ·
187 951 330 1033 Denique
350 953 497 1035 qualiter,
514 971 610 1035 quam
630 961 778 1036 prompte
793 971 830 1016 ac
849 953 894 1014 in·
948 951 973 1013 ti
1000 953 1186 1034 pronissimi
1216 961 1291 1016 sunt
1318 954 1358 1016 ad
1389 952 1631 1035 indignandum,
1658 952 1698 1015 ad

144 1049 344 1113 cessahiliter
359 1050 586 1133 indulgendum
602 1051 643 1114 sit
657 1051 894 1134 proximiscon·
948 1049 1162 1124 irascendum,
1188 1051 1227 1113 ad
1256 1051 1484 1114 vindicandum
1511 1068 1518 1112 :
1546 1050 1612 1112 imo
1640 1065 1699 1132 pro

145 1155 207 1212 stat
230 1167 268 1210 ex
290 1150 435 1231 eoquod
457 1150 534 1212 dum
557 1149 760 1212 beatissimus
784 1151 893 1213 Petrus
949 1148 1076 1211 modico
1094 1149 1203 1224 verbo,
1220 1149 1311 1231 signo
1331 1169 1387 1213 seu
1405 1149 1470 1210 ictu
1489 1167 1618 1230 gravem
1644 1167 1699 1211 cu·

144 1245 278 1309 dixisset
292 1248 331 1309 ad
347 1247 519 1322 Christum,
529 1247 673 1321 Domine,
683 1248 807 1330 quoties
823 1266 894 1330 pec·
948 1247 1042 1329 piunt
1062 1246 1180 1310 inlerre
1200 1248 1386 1322 vindictam,
1404 1247 1534 1329 suisque
1559 1264 1696 1329 conque-

15 1347 43 1382 '¹¹·
85 1366 92 1378 ·
145 1344 233 1407 cabit
251 1346 284 1408 in
305 1365 356 1408 me
377 1346 473 1408 irater
492 1365 593 1422 meus,
611 1355 642 1409 et
657 1346 816 1409 dimittam
835 1347 893 1410 eil
949 1353 1063 1408 runtur
1093 1347 1218 1422 amicis,
1250 1346 1439 1429 propinquis
1469 1364 1507 1408 ac
1540 1345 1635 1420 notis,
1664 1353 1698 1408 et

145 1461 249 1524 usque
268 1443 404 1526 septiest
420 1444 480 1508 hoc
496 1450 554 1520 cst,
570 1465 610 1508 an
626 1445 773 1527 proximo
791 1445 823 1508 in
842 1464 893 1508 me
949 1444 1035 1527 ipsos
1058 1444 1098 1507 ad
1122 1445 1243 1508 similia
1267 1445 1469 1508 inflammant
1493 1453 1633 1527 peccata,
1659 1463 1696 1507 ao

144 1542 291 1623 peccanti
313 1560 377 1606 non
402 1543 464 1606 nisi
488 1544 606 1627 septies
631 1543 825 1625 indulgebol
845 1543 893 1606 illi
948 1542 1017 1605 sine
1033 1561 1182 1606 mensura
1199 1544 1414 1627 multiplicant
1428 1544 1520 1607 mala.
1536 1544 1599 1607 Alii
1616 1543 1697 1606 mul·

145 1640 291 1704 Christus
312 1643 475 1725 respondit
491 1663 498 1706 :
517 1641 586 1706 Non
604 1643 676 1706 dico
696 1643 767 1717 tibi,
788 1643 893 1725 Usque
947 1641 988 1703 tis
1010 1641 1160 1723 precibus
1179 1643 1233 1705 vix
1253 1650 1375 1725 queunt
1395 1642 1504 1705 induci
1526 1649 1561 1704 ut
1579 1642 1618 1705 ad
1639 1643 1695 1706 ali-

145 1740 276 1822 septies,
293 1742 360 1813 sed,
377 1742 480 1823 Usque
501 1742 681 1824 septuagies
706 1741 832 1824 septies.
854 1742 893 1804 Et
948 1747 1026 1821 quot
1040 1739 1107 1802 dies
1123 1741 1277 1804 ultionem
1293 1741 1499 1823 suspendant,
1511 1759 1568 1803 seu
1583 1759 1694 1824 pacem

145 1837 277 1919 ponitur
292 1837 337 1900 ibi
353 1857 506 1902 numerus
521 1839 749 1903 determinatus
765 1857 822 1922 pro
837 1859 891 1902 nu·
909 1839 933 1902 B
949 1839 1133 1902 concedant.
1151 1838 1175 1902 0
1190 1840 1284 1923 quale
1297 1840 1467 1920 judicium,
1479 1858 1574 1922 quarn
1590 1839 1695 1902 distri·

143 1953 232 2000 mero
253 1936 508 2011 indeterminato,
524 1955 561 2000 ac
581 1937 607 2000 si
627 1937 712 2000 dicat
728 1955 735 2000 :
752 1937 894 2011 Quoties·
949 1944 1036 2000 ctum
1055 1945 1087 2000 et
1103 1938 1357 2020 perhorrendum
1377 1939 1524 2002 imminet
1542 1938 1623 2014 istis,
1640 1939 1696 2021 qui

144 2053 286 2117 cumque
307 2035 487 2118 peccaverit
502 2036 535 2098 in
550 2043 593 2110 te,
610 2036 738 2118 ignosce
753 2036 794 2111 ei,
811 2037 894 2100 sieut
949 2036 1008 2098 etsi
1030 2036 1157 2099 nullum
1177 2037 1264 2100 aliud
1285 2036 1440 2101 haherent
1460 2044 1640 2120 peecatum,
1657 2037 1697 2101 is·

144 2140 177 2194 et
192 2139 227 2194 tu
242 2133 291 2196 vis
307 2133 366 2196 tibi
381 2135 478 2198 allec
493 2135 613 2216 ignosci
630 2136 893 2219 quotiescumque
949 2136 1005 2198 tud
1025 2136 1129 2199 solum
1150 2135 1269 2200 laceret
1283 2155 1337 2200 eos
1357 2138 1421 2200 lleo
1440 2137 1568 2218 penitus
1588 2137 1697 2220 displi-

142 2231 179 2294 in
207 2249 282 2295 oum
313 2233 505 2314 peccaveris.
531 2235 756 2297 Verumtamen
785 2243 894 2299 contra
950 2240 1057 2297 centes
1086 2242 1182 2316 atque
1210 2245 1328 2298 aterna
1356 2235 1558 2297 damnatione
1588 2235 1696 2299 condi-

142 2330 214 2394 haec
235 2330 334 2412 objici
356 2340 468 2414 potest.
486 2333 519 2396 Si
539 2334 627 2396 enirn
650 2350 713 2397 non
734 2332 809 2396 licet
828 2334 894 2396 vin·
948 2339 1052 2414 gnosl
1079 2331 1263 2397 Econtrario
1286 2334 1348 2396 viri
1372 2333 1506 2397 virtuosi
1535 2341 1567 2397 ct
1595 2334 1697 2397 sancti

143 2429 253 2491 dicare
273 2429 436 2511 injuriam,
453 2438 485 2495 et
505 2431 530 2494 si
552 2432 639 2495 omni
660 2432 827 2513 injurianti
846 2441 895 2495 est
950 2431 1193 2512 injuriatoribus
1222 2433 1289 2496 suis
1318 2450 1381 2496 nou
1411 2432 1516 2496 solum
1544 2450 1608 2496 non
1638 2432 1698 2496 ira-

143 2527 388 2607 ignosceudum,
414 2530 533 2612 peribit
556 2550 618 2613 pax
642 2531 893 2604 communitatis,
950 2530 1166 2604 scuntur,imo
1181 2531 1288 2613 potius
1303 2531 1563 2612 regratiantur,et
1578 2531 1611 2593 in
1626 2549 1698 2594 cou-

143 2626 265 2707 peribit
280 2627 365 2708 rigor
378 2628 522 2709 justitiae,
538 2627 615 2692 boni
631 2629 773 2712 undique
787 2629 895 2711 oppri-
950 2627 1092 2690 tumeliis
1117 2629 1184 2692 suis
1205 2649 1242 2692 ac
1264 2628 1509 2693 adversitatibus
1532 2631 1695 2711 gaudent:

144 2733 275 2788 mantus
289 2745 326 2788 ac
341 2726 576 2810 spoliabuntur,
592 2736 624 2791 et
637 2728 699 2791 lilii
716 2729 894 2811 iniquitatis
949 2727 1220 2808 quemadmodum
1249 2735 1377 2790 sanctus
1407 2726 1504 2790 relert
1528 2727 1697 2808 Gregorius

141 2823 332 2888 audaciores
352 2824 433 2889 lient
456 2827 495 2888 ad
517 2844 614 2909 opera
637 2826 813 2910 pravitatis,
835 2845 894 2890 nec
949 2824 988 2886 de
1003 2826 1139 2906 quodam
1160 2825 1308 2908 religioso
1328 2827 1494 2900 monacho,
1511 2826 1566 2907 qui
1586 2826 1648 2889 luit
1663 2825 1696 2888 in

142 2921 276 2986 stabunt
293 2923 424 3004 judicia.
443 2924 482 2987 Et
496 2926 754 3008 respondendum
774 2926 813 2988 ad
828 2943 894 2989 om·
951 2921 1097 2985 coenobio
1118 2923 1259 2997 sacrista,
1275 2931 1307 2986 et
1327 2923 1390 2987 fuit
1411 2923 1461 2987 vir
1482 2941 1604 3004 magnae
1628 2941 1698 2985 san-

142 3020 200 3084 nia
216 3021 378 3104 ista,quod
394 3042 523 3106 semper
536 3023 726 3088 dimittenda
740 3033 789 3087 est
803 3025 895 3108 eulpa
913 3024 934 3088 C
951 3020 1078 3095 etitatis,
1095 3020 1235 3104 lecitque
1251 3022 1414 3085 miracula.
1432 3020 1554 3084 ldcirco
1568 3021 1607 3083 ad
1622 3039 1698 3083 eum

141 3127 178 3182 et
198 3121 313 3186 caritas
335 3123 562 3185 conservanda.
584 3121 644 3185 Sed
665 3122 805 3186 debitam
831 3141 895 3205 pm·
949 3119 1123 3182 videndum
1139 3120 1233 3183 multi
1249 3120 1391 3204 quotidie
1406 3119 1700 3183 confluebantllrat

141 3236 220 3281 nam
239 3219 402 3282 dimittere
424 3220 457 3282 in
478 3220 606 3284 casibus
626 3221 737 3284 multis
756 3239 820 3285 non
840 3241 895 3284 ex·
949 3224 1056 3280 autem
1078 3237 1184 3300 parvo
1204 3227 1340 3283 statura.
1358 3220 1525 3301 Quumque
1548 3234 1612 3281 uno
1634 3218 1699 3281 die·

141 3317 245 3398 pedit,
271 3317 355 3380 sicut
381 3318 448 3400 jam
477 3325 599 3382 tactum
628 3326 677 3382 est
702 3337 709 3381 :
736 3327 771 3381 ut
799 3321 827 3382 si
855 3339 895 3382 ex
950 3334 1022 3377 rum
1043 3315 1126 3378 inter
1144 3316 1222 3380 alios
1239 3317 1379 3380 venisset
1393 3316 1524 3398 quidam
1540 3317 1590 3379 vir
1605 3316 1699 3378 rusti·

141 3432 248 3496 poenae
272 3415 459 3480 dimissione
489 3416 637 3480 turbetur
665 3416 786 3481 bonum
811 3436 895 3481 com·
949 3432 1048 3476 canus
1072 3421 1103 3476 et
1127 3415 1225 3490 rudis,
1248 3423 1281 3478 et
1304 3415 1410 3478 virum
1435 3415 1527 3478 illum
1552 3422 1698 3479 sanctum

141 3531 255 3588 mune,
276 3515 327 3576 vel
351 3515 429 3578 ordo
453 3523 564 3598 pereat
587 3516 766 3599 disciplina
790 3535 826 3579 ac
851 3525 895 3580 te·
949 3513 1077 3576 eminus
1092 3514 1319 3597 conspexisset,
1331 3514 1476 3597 despexit
1491 3532 1576 3590 eum,
1588 3522 1621 3578 et
1634 3516 1695 3578 ait:

141 3629 205 3675 nor
226 3613 369 3694 justitia,
396 3633 452 3678 seu
475 3615 531 3678 alii
556 3615 819 3691 scandalizentur,
840 3624 895 3679 aut
949 3611 1010 3674 lste
1030 3610 1112 3674 nihil
1131 3610 1227 3674 habet
1246 3612 1285 3676 de
1301 3613 1381 3688 viro,
1398 3631 1456 3676 cur
1474 3612 1514 3676 ad
1534 3613 1630 3676 istum
1649 3613 1696 3675 vi-

140 3712 266 3794 impius
280 3712 392 3776 fiatad
407 3712 606 3796 peccandum
622 3716 796 3796 procacior.
805 3714 896 3777 Nem·
949 3710 1090 3773 dandum
1110 3712 1306 3774 conveniunt
1324 3712 1494 3775 hominesl
1508 3712 1580 3776 llaec
1598 3710 1696 3774 verba

140 3827 187 3892 pe
204 3810 236 3871 in
251 3810 379 3874 casibus
398 3810 467 3874 istis
488 3810 647 3893 infligitur
667 3811 757 3888 ultio,
774 3829 836 3876 non
855 3830 894 3875 ex
948 3807 1030 3871 dixit
1053 3815 1118 3870 tarn
1147 3808 1210 3872 alte
1234 3809 1319 3892 quod
1347 3827 1459 3873 omnes
1485 3809 1541 3892 qui
1564 3810 1696 3872 aderant

140 3907 230 3972 mala
251 3908 368 3984 radice,
385 3911 441 3973 sed
462 3909 531 3974 zelo
552 3910 709 3992 aequitatis
733 3917 828 3993 atque
849 3909 895 3972 al·
949 3907 1060 3969 eadem
1079 3907 1259 3982 audierunt,
1275 3908 1424 3972 similiter
1440 3908 1489 3972 vir
1508 3916 1636 3971 sanctus
1656 3909 1695 3971 de

138 4007 232 4071 fectu
248 4007 399 4084 caritatis,
417 4016 451 4070 ut
466 4027 539 4072 reus
560 4008 591 4070 in
608 4009 674 4071 vita
690 4009 749 4071 hac
765 4009 894 4090 castige-
949 4023 1013 4087 quo
1027 4005 1225 4089 loquebatur.
1242 4006 1368 4070 Auditis
1380 4007 1477 4090 igitur
1491 4007 1598 4070 verbis
1613 4007 1694 4082 istis,

136 4115 208 4181 tur,
220 4124 260 4168 ne
275 4105 308 4169 in
324 4114 479 4170 aternum
495 4107 671 4171 damnetur.
689 4108 752 4170 Aut
766 4107 792 4170 si
809 4125 895 4190 pror·
950 4111 1077 4166 sanctus
1093 4105 1147 4167 ille
1162 4105 1304 4168 cucurrit
1318 4105 1357 4167 ad
1372 4124 1446 4168 eum
1463 4105 1519 4187 qui
1533 4105 1614 4167 dixit
1628 4106 1695 4170 haec

140 4223 201 4268 sus
230 4203 458 4288 incorrigibilis
487 4213 545 4280 est,
570 4205 641 4268 ideo
664 4205 827 4288 puniatur,
854 4224 894 4269 ne
908 4204 934 4266 D
949 4201 1057 4277 verba,
1077 4203 1352 4286 apprehenditque
1375 4223 1449 4266 eum
1473 4221 1510 4266 ac
1533 4203 1696 4267 osculaba-

141 4301 269 4366 diutius
293 4303 405 4366 vivens
425 4305 552 4387 gravius
575 4311 686 4388 peccet
710 4311 742 4367 et
765 4304 893 4367 damna·
949 4309 1012 4377 tur,
1028 4307 1060 4363 et
1073 4300 1173 4365 dixit:
1186 4301 1306 4364 Gratias
1321 4319 1379 4384 ago
1394 4300 1453 4364 tibi
1468 4301 1544 4385 quia
1558 4310 1593 4365 tu
1608 4302 1694 4366 solus

141 4401 268 4466 tionem
284 4401 426 4466 incurrat
441 4404 606 4486 maiorem,
622 4411 654 4468 et
668 4421 708 4468 ne
724 4422 894 4468 commune
949 4400 1115 4465 veritatem
1140 4401 1265 4463 locutus
1289 4419 1323 4464 es
1347 4401 1386 4464 de
1411 4419 1473 4478 me,
1493 4410 1526 4465 et
1548 4409 1583 4464 tu
1606 4402 1694 4466 solus

140 4500 269 4566 bonum
292 4502 430 4585 patiatur
447 4503 614 4584 jacturam.
949 4499 1058 4564 oculos
1079 4497 1176 4562 habes
1197 4507 1323 4583 apertos
1345 4501 1378 4563 in
1400 4519 1461 4564 me.
