4192 6258
351 515 499 564 acutulas
518 517 573 564 xxr
594 517 668 565 rosr
688 517 882 566 tntillum.
903 537 943 550 -
964 521 1007 567 sn
1026 520 1221 586 nsurerosos3
1244 524 1342 573 snano
1362 525 1490 582 qumans
1634 506 1694 572 tel

143 703 211 749 suaa
227 685 434 768 perfectionis
453 687 550 751 bomo
564 689 603 752 ad
618 688 751 770 gloriam
773 689 935 754 moveo-A
951 709 1003 752 am
1026 691 1161 773 eupiunt
1179 692 1271 757 nobis
1290 694 1458 776 infligcro;
1478 694 1552 758 hinc
1572 712 1697 778 perma-

142 790 198 845 tur
212 783 349 860 inanem,
356 795 408 849 aut
422 786 598 870 periculosa
613 788 783 851 securitate
797 798 896 870 torpe
950 789 1036 852 xime
1056 789 1236 871 indigemus
1258 793 1467 875 spiritualiter
1485 810 1542 856 nos
1561 811 1696 866 armare,

143 890 223 956 scat,
235 893 291 946 aut
305 885 516 949 incustoditus
532 886 691 948 reddatur.
705 887 760 949 llis
775 886 894 950 etenim
950 895 983 948 et
996 906 1081 949 arma
1095 896 1203 952 nostra
1217 891 1464 966 consolidarent
1478 891 1566 955 omni
1581 891 1699 956 virtute

144 981 251 1044 modis
266 991 297 1045 et
317 984 421 1046 causis
441 984 528 1047 cedri
544 984 657 1047 Libani
676 986 833 1049 corruisse
854 984 895 1048 le·
950 990 983 1046 et
1006 985 1107 1066 gratia
1136 987 1345 1068 proficiendo,
1370 997 1527 1071 quatenus
1555 988 1698 1070 quotidie

142 1087 273 1160 guntur.
292 1081 459 1164 Propterea
477 1090 587 1145 sancta
605 1083 684 1145 dixit
704 1083 906 1166 Synelctica,¹
950 1083 1149 1161 humiliores,
1172 1086 1387 1168 patientiores,
1410 1087 1563 1162 mitiores,
1580 1087 1699 1150 discre-

144 1179 232 1260 quod
255 1197 312 1243 nos
333 1180 474 1262 religiosi
496 1181 587 1264 quasi
612 1181 645 1244 in
670 1182 843 1264 tranquillo
863 1189 895 1246 et
950 1181 1058 1258 tiores,
1076 1183 1241 1266 magisque
1256 1185 1366 1260 sobrii,
1384 1185 1484 1267 magis
1504 1186 1644 1248 timorati
1661 1203 1699 1248 ac

142 1283 215 1340 tuto
229 1278 427 1360 navigamus,
444 1281 612 1344 seculares
626 1298 702 1344 vero
722 1281 755 1343 in
774 1281 896 1364 procel·
950 1277 1066 1343 fervidi
1091 1283 1202 1356 simus,
1222 1291 1254 1346 et
1275 1302 1332 1366 per
1354 1283 1414 1348 boc
1437 1302 1567 1348 omnem
1591 1284 1699 1346 elatio·

145 1374 214 1438 loso
231 1393 239 1438 :
255 1383 288 1438 et
307 1383 413 1441 tamen
437 1377 613 1460 sepissime
633 1379 789 1460 contingit
808 1387 843 1441 ut
862 1379 895 1441 in
949 1397 1035 1454 nem,
1052 1382 1336 1464 presumptionem
1358 1389 1391 1445 et
1413 1382 1547 1464 gloriam
1571 1401 1699 1457 vanam,

143 1474 320 1556 tranquillo
354 1475 551 1558 navigantes,
582 1495 638 1558 per
670 1477 895 1560 negligentiam
949 1495 1078 1541 omnem
1100 1479 1308 1562 impatientiae
1323 1489 1356 1544 et
1375 1481 1547 1545 iracundiae
1563 1487 1698 1554 motum,

144 1579 296 1652 pereant;
313 1572 346 1636 in
370 1572 548 1655 procelloso
569 1583 676 1637 autern
698 1576 894 1657 navigantes,
949 1593 1078 1640 ornnem
1114 1578 1385 1653 indiscretionem,
1420 1578 1698 1642 immoderantiam

143 1688 204 1752 per
224 1670 423 1753 diligentiam
445 1692 536 1736 suam
557 1673 700 1736 evadant.
949 1674 1012 1737 cibi
1042 1683 1074 1738 et
1102 1684 1208 1758 potus,
1233 1677 1487 1752 dissolutionem,
1512 1678 1696 1752 vanitatem,

186 1768 331 1854 Denique
356 1789 395 1834 ex
419 1771 469 1834 bis
495 1780 628 1846 constat,
649 1774 809 1855 quomodo
833 1773 894 1837 viri
953 1773 1106 1849 acediam,
1127 1775 1214 1838 omni
1233 1775 1285 1838 die
1305 1775 1431 1838 facilius
1450 1793 1647 1858 superemus,
1665 1783 1697 1839 et

144 1869 249 1931 sancti
279 1869 312 1931 in
343 1870 543 1951 gravissimis
572 1871 834 1935 tribulationibus
863 1880 895 1935 et
910 1871 933 1933 B
949 1871 1013 1935 Deo
1033 1871 1268 1936 inavertibilius
1290 1874 1517 1948 adhereamus,
1534 1875 1578 1936 ita
1597 1881 1633 1936 ut
1650 1874 1696 1938 fa·

143 1967 375 2030 tentationibus
399 1975 465 2030 tam
487 1968 719 2051 insuperabiles
744 1977 775 2032 ct
797 1970 894 2033 victo·
949 1968 976 2030 ri
1001 1970 1161 2051 possimus
1187 1987 1194 2032 :
1218 1971 1293 2046 Quis
1314 1989 1370 2034 nos
1394 1971 1554 2054 separabit
1577 1992 1595 2035 a
1619 1971 1696 2034 cari·
1722 1990 1843 2044 nomm,

143 2065 222 2128 riosi
240 2065 486 2148 immobilesque
500 2065 641 2142 fuerunt,
659 2076 754 2150 prout
768 2067 806 2131 de
822 2068 894 2131 bea·
949 2074 1012 2130 tate
1037 2069 1115 2131 Deil
1131 2069 1257 2133 Etenim
1280 2071 1386 2134 hostes
1408 2071 1507 2134 nostri
1529 2089 1694 2153 nunquam
1709 2056 1743 2097 ³⁵·

143 2163 281 2227 tissimis
294 2164 440 2246 patribus
454 2165 602 2242 Antonio,
620 2165 790 2240 Hilarione,
801 2166 895 2229 Fran·
949 2167 1113 2229 dormiunt
1136 2175 1191 2231 aut
1215 2168 1385 2250 quiescunt
1410 2187 1417 2231 :
1444 2168 1563 2232 ideirco
1584 2176 1616 2230 et
1638 2186 1696 2233 nos

143 2262 233 2324 ciseo
248 2280 284 2324 ac
305 2262 376 2325 aliis
396 2261 522 2344 legitur.
539 2261 602 2326 Nos
621 2269 727 2326 autem
747 2272 811 2326 tam
831 2265 894 2328 cito
949 2273 1104 2345 quantum
1122 2265 1193 2329 fieri
1210 2266 1449 2348 potest,vigiliis
1465 2274 1497 2329 et
1511 2266 1629 2329 sanctis
1644 2285 1697 2329 ex·

143 2360 330 2440 dejicimur,
356 2368 420 2423 tam
448 2359 542 2424 facile
567 2361 803 2443 perturbamur,
829 2370 893 2425 tam
949 2363 1069 2425 ercitiis
1085 2363 1281 2438 insistamus,
1298 2365 1495 2428 orationibus
1511 2372 1543 2427 et
1557 2364 1698 2428 lacrimis

143 2456 331 2540 frequenter
363 2457 594 2522 tentationibus
628 2479 828 2542 superamur,
862 2470 895 2524 et
949 2469 1059 2523 contra
1074 2461 1145 2524 illos
1161 2480 1351 2543 pugnemus.
1368 2462 1430 2526 Nos
1447 2462 1532 2545 ipsos
1548 2462 1581 2525 in
1597 2462 1699 2525 omni·

143 2556 293 2638 protinus
322 2557 360 2618 ad
386 2556 476 2632 iram,
502 2556 747 2639 impatientiam,
772 2559 895 2622 tristiti-
949 2558 1010 2621 bus
1025 2577 1100 2621 vere
1115 2566 1147 2622 ot
1161 2559 1319 2642 profunde
1333 2560 1700 2634 humiliando,accusan-

142 2673 210 2728 am,
235 2654 490 2730 dissolutionem,
516 2662 701 2738 ceterasque
731 2657 894 2738 passiones
950 2656 1002 2730 do,
1018 2656 1234 2739 despiciendo,
1251 2666 1346 2740 atque
1367 2658 1399 2720 in
1420 2659 1484 2722 Deo
1503 2658 1646 2721 filialiter
1662 2676 1699 2720 ac

142 2760 176 2816 et
199 2753 308 2834 culpas
330 2770 509 2828 movemur,
526 2753 677 2817 videlicet
690 2755 766 2837 quia
786 2755 818 2817 in
833 2755 895 2818 vir·
949 2754 1165 2818 sincerissime
1180 2755 1372 2819 confidendo
1386 2774 1423 2819 ac
1437 2773 1512 2818 eum
1529 2755 1696 2831 laudando,

142 2849 270 2912 tutibus
285 2849 416 2912 radicati
432 2857 464 2912 et
479 2849 616 2914 roborati
632 2869 695 2914 non
711 2854 894 2926 sumus,sed
949 2853 1181 2935 prosternimus
1207 2853 1289 2928 illos,
1316 2861 1410 2936 prout
1434 2853 1590 2936 scriptum
1614 2860 1663 2916 est
1689 2871 1695 2917 :

143 2948 256 3031 pusilli
271 2956 303 3010 et
318 2947 495 3011 imbecilles
511 2967 688 3025 manemus,
700 2969 759 3013 nee
774 2951 813 3014 de
828 2959 894 3014 tan-
949 2949 1093 3013 Laudans
1113 2951 1269 3014 invocabo
1289 2951 1472 3025 Dominum,
1489 2958 1521 3014 et
1534 2950 1575 3014 ab
1591 2951 1697 3014 inimi·
1718 2970 1844 3022 renui.

142 3056 176 3110 ta
191 3054 300 3110 nostra
314 3047 568 3129 imperfectione,
580 3048 758 3111 calamitate
774 3057 805 3112 et
819 3070 894 3132 pue·
911 3047 934 3111 C
949 3049 995 3110 cis
1016 3049 1095 3111 meis
1115 3049 1221 3111 salvus
1242 3067 1305 3113 ero.
1322 3048 1457 3112 Jacobns
1477 3067 1604 3131 quoque
1622 3067 1697 3132 apo-

143 3146 264 3208 rilitatc
284 3145 540 3208 verecundamur
556 3163 563 3208 ε
581 3147 646 3208 imo
665 3146 691 3209 si
711 3147 829 3210 illatam
847 3149 893 3210 in·
949 3146 1049 3209 stolus
1066 3164 1073 3209 :
1090 3147 1237 3210 Resistite
1251 3147 1385 3230 (inquit)
1399 3146 1538 3222 diabolo,
1550 3155 1581 3210 et
1596 3147 1697 3229 lugiet
1710 3162 1844 3214 resana.

141 3244 264 3328 juriam
293 3245 333 3306 ad
361 3250 471 3308 votum
501 3243 559 3306 ulti
590 3244 756 3320 fuerimus,
783 3246 809 3308 si
837 3265 895 3329 per
949 3245 1083 3307 avobis.
1096 3246 1230 3328 lusuper
1244 3263 1373 3308 omnem
1387 3245 1581 3309 otiositatem
1596 3246 1697 3308 vitan·

142 3341 247 3406 verba
266 3342 346 3404 dura
367 3341 458 3405 fratri
482 3350 537 3406 aut
557 3342 653 3405 etiam
676 3344 832 3426 superiori
855 3346 894 3408 si·
949 3343 1000 3420 do,
1016 3352 1047 3406 et
1062 3363 1190 3426 semper
1209 3343 1285 3407 boni
1301 3343 1423 3426 aliquid
1442 3344 1629 3418 exercendo,
1646 3344 1698 3406 ad·

144 3441 283 3504 lentium
310 3441 501 3523 imposuisse
524 3440 683 3516 videmur,
707 3442 892 3523 gloriamur,
950 3440 1029 3503 itum
1056 3440 1283 3524 praecludimus
1307 3441 1390 3505 bosti
1415 3442 1556 3524 antiquo.
1581 3441 1697 3504 Sedet

142 3538 238 3623 quasi
264 3537 346 3602 bene
370 3538 529 3620 egerimus
553 3537 636 3601 facta
659 3547 774 3603 nostra.
800 3541 892 3617 ilinc,
949 3539 1066 3602 Christi
1095 3539 1286 3622 passionem,
1313 3547 1344 3602 et
1374 3557 1502 3603 omnem
1531 3539 1634 3622 ipsius
1663 3539 1696 3602 in

143 3640 222 3712 beu,
235 3637 318 3699 heut
335 3637 478 3719 quotidie
493 3636 649 3712 laedimnr,
667 3638 809 3720 quotidie
824 3639 893 3702 vin·
949 3637 1066 3700 seculo
1085 3638 1146 3700 isto
1163 3637 1388 3712 humilitatem,
1406 3637 1694 3712 mansuetudinem,

144 3737 262 3810 cimur,
281 3735 423 3818 quotidie
442 3755 460 3798 a
482 3737 600 3799 nostris
619 3737 825 3800 atrocissimis
841 3739 894 3801 ho·
949 3735 1148 3818 patientiam,
1169 3745 1400 3818 paupertatem,
1423 3737 1587 3800 caritatem
1609 3755 1695 3818 saga-

143 3833 250 3898 stibus
278 3833 460 3908 irridemur,
485 3833 540 3915 qui
564 3833 708 3897 videntes
738 3853 795 3899 nos
824 3855 893 3899 esse
949 3835 1029 3898 citer
1053 3835 1299 3910 reminiscendo,
1320 3853 1383 3899 non
1409 3835 1612 3898 mediocriter
1635 3836 1695 3900 daa-

144 3942 213 3997 tam
236 3932 440 4015 imperfectos
461 3951 497 3995 ac
523 3933 725 4015 impotentes,
741 3925 893 3998 derisioni
949 3951 1059 3996 mones
1076 3932 1291 3996 molestamus.
1309 3933 1369 3996 Sed
1389 3940 1421 3996 ot
1436 3941 1573 4016 quatuor
1591 3935 1695 3997 novis-

144 4041 178 4096 et
193 4031 407 4115 aspernationi
427 4049 484 4095 nos
504 4032 629 4094 habent.
647 4033 672 4096 Α
692 4052 755 4115 qua
775 4034 893 4098 irrisio·
949 4032 1030 4094 sima
1045 4031 1452 4114 praemeditandoomnium
1468 4031 1698 4096 diabolicarum

143 4150 187 4194 ne
203 4139 235 4194 et
253 4131 474 4212 aspernatione
494 4132 679 4212 preservari
698 4133 820 4214 optavit
835 4133 892 4215 qui
949 4130 1160 4193 tentationum
1186 4131 1325 4212 sagittas,
1342 4131 1487 4193 omnium
1511 4131 1695 4212 passionum

13 4271 54 4308 ιιι,
82 4287 89 4306 ,
114 4285 121 4296 .
143 4230 291 4294 exoravit
314 4247 321 4291 :
344 4228 494 4291 lllumina
517 4229 625 4292 oculos
651 4247 749 4304 meos,
772 4249 813 4293 ne
836 4251 893 4293 un·
909 4231 933 4292 D
949 4230 1108 4313 impulsus
1123 4229 1297 4310 rejicimus.
1311 4229 1473 4310 Virginem
1490 4247 1617 4312 quoque
1632 4230 1696 4312 glo

143 4347 243 4412 quarn
256 4327 453 4391 obdormiam
469 4328 501 4389 in
518 4329 796 4410 mortenequando
809 4329 893 4392 dicat
948 4330 1076 4404 riosam,
1094 4337 1126 4391 et
1143 4329 1272 4409 angelos
1294 4336 1419 4391 sanctos
1440 4328 1619 4391 animarum
1641 4347 1695 4393 no-

144 4427 299 4491 inimicus
324 4444 426 4500 meus,
444 4425 596 4488 Praevalui
620 4427 772 4489 adversus
796 4445 892 4506 eum3
949 4435 1086 4490 strarum
1117 4427 1274 4500 custodes,
1304 4445 1340 4490 ac
1369 4426 1448 4489 alios
1476 4427 1616 4502 Sanctos,
1641 4446 1695 4492 eos

15 4567 84 4600 mv.
112 4582 121 4602 ‚
143 4525 390 4608 itemque,Deus
404 4525 545 4599 meus,in
559 4532 589 4586 te
603 4525 811 4600 confido,non
827 4545 895 4589 eru·
950 4527 1126 4610 praesertim
1145 4527 1185 4588 ad
1205 4542 1284 4608 quos
1304 4525 1458 4606 majorem
1478 4525 1633 4588 habemus
1651 4526 1696 4590 af-

142 4626 287 4699 bescam,
304 4642 408 4705 neque
424 4622 577 4686 irrideant
592 4642 642 4686 me
659 4624 781 4686 inimici
798 4626 870 4686 mei.
951 4625 1082 4700 fectum,
1109 4625 1322 4697 devotionem,
1352 4623 1517 4698 fiduciam,
1542 4624 1697 4688 instanter

186 4723 291 4798 Quum
307 4721 403 4804 igitur
418 4728 527 4783 contra
542 4722 790 4797 crudelissimos,
808 4723 893 4786 calli·
951 4724 982 4785 in
1014 4731 1158 4786 nostrum
1187 4722 1344 4785 auxilium
1373 4721 1562 4797 invocando,
1587 4731 1697 4786 contra

142 4822 307 4895 dissimos,
324 4819 562 4884 robustissimos
586 4821 791 4897 adversarios,
814 4822 895 4885 invi·
951 4830 1065 4886 nostrae
1085 4822 1197 4884 salutis
1218 4821 1350 4884 emulos
1372 4820 1599 4884 confortamur.

141 4921 259 4984 sibiles
284 4919 614 5001 malitiosissimosquc
638 4919 769 5001 spiritus
793 4920 895 4983 inces-
989 4923 1152 4996 Preterea,
1168 4921 1208 4983 de
1232 4919 1271 4982 iis
1295 4919 1516 5001 spiritualibus
1537 4920 1635 4982 armis
1658 4939 1694 4982 ac

140 5019 257 5084 sabilis
274 5036 379 5101 pugna
394 5017 436 5080 sit
450 5016 554 5092 nobis,
571 5017 625 5099 qui
641 5034 703 5080 non
719 5020 894 5100 temporale
950 5021 1140 5084 resistentiis
1155 5018 1267 5082 scribit
1287 5017 1318 5080 in
1337 5019 1484 5100 praesenti
1503 5019 1637 5100 epistola
1653 5018 1695 5082 fe·
1729 5075 1734 5083 .

141 5121 312 5191 damnum,
343 5115 538 5198 corporalem
569 5135 605 5178 ac
640 5124 894 5180 momentaneam
951 5119 994 5182 lix
1009 5119 1190 5201 Apostolus,
1207 5117 1311 5200 primo
1330 5117 1500 5179 exhortans
1518 5123 1554 5177 ut
1572 5117 1695 5179 succin·
1722 5141 1842 5198 eptem,

142 5223 296 5291 mortem,
315 5216 370 5278 sed
391 5222 515 5278 eterne
535 5214 741 5277 beatitudinis
756 5214 896 5296 spoliati·
950 5215 992 5278 cti
1008 5216 1073 5278 sint
1087 5216 1188 5279 lumbi
1205 5216 1303 5279 nostri
1323 5215 1451 5297 cingulo
1470 5214 1633 5289 castitatis,
1650 5224 1694 5277 at·
1710 5209 1742 5250 ¹⁴·

140 5333 243 5381 onem
258 5321 353 5396 atque
369 5319 530 5396 perpetua
544 5312 756 5376 damnationis
772 5314 893 5377 miseri·
950 5335 1011 5398 que
1028 5315 1129 5378 induti
1144 5317 1241 5379 simus
1257 5315 1385 5378 loricam
1398 5313 1695 5397 justitie,quatenus
