4164 6258
475 527 622 576 nounuaa
644 527 674 575 ra
695 527 769 574 sosr
788 525 982 574 minuamur.
1002 545 1042 556 -
1062 525 1161 574 scano
1181 527 1318 584 ouaarus
1610 507 1671 574 tlt

125 701 231 764 lratris
252 699 311 778 tui,
328 703 410 764 etat
426 700 516 764 Circa
535 699 619 783 quod
639 697 738 780 queri
756 704 870 781 potest,
886 696 912 761 Α
926 705 981 760 aut
996 697 1172 782 increpare,
1185 705 1289 782 potest
1303 716 1376 761 cum
1393 697 1506 762 timore
1522 705 1554 761 et
1567 697 1672 761 humi·

126 819 162 863 an
186 799 282 863 liceat
303 800 418 862 vitioso
440 799 579 883 prelato,
597 817 653 861 seu
673 796 871 879 predicatori
927 795 1013 859 litate
1029 797 1089 859 hoc
1108 797 1224 871 lacere,
1243 798 1286 860 ita
1305 805 1340 858 ut
1359 797 1453 860 corde
1471 797 1622 880 paeniteat
1640 804 1672 860 ct

124 907 177 962 ant
190 898 313 962 doctori
329 898 411 960 male
425 895 734 980 viventi,praedicare
748 903 780 958 et
793 895 872 978 alios
926 895 1181 960 emendationem
1211 902 1367 978 proponat
1394 903 1564 978 antequam
1588 895 1672 976 judi-

125 997 290 1078 increpare
304 1003 400 1078 atque
415 996 582 1077 corrigere.
593 994 632 1058 Et
645 993 773 1057 videtur
786 993 871 1074 qnod
925 1000 976 1056 cet
990 993 1057 1056 sive
1072 993 1232 1076 corripiat.
1243 993 1404 1068 Prfflterea,
1412 993 1503 1074 juxta
1517 991 1672 1074 Theophi-

125 1112 198 1168 non,
225 1113 263 1157 ex
293 1093 400 1156 verbis
425 1092 540 1158 Christi
567 1092 634 1174 jam
663 1091 767 1154 tactis.
792 1091 870 1154 ltem
925 1089 1004 1166 lum,
1022 1091 1054 1154 in
1075 1091 1281 1172 preinductis
1300 1093 1406 1156 verbis
1422 1091 1539 1156 Christi
1554 1092 1671 1174 quihus

125 1192 260 1255 ’ihomas
281 1198 548 1274 superquartam
568 1189 802 1254 Sententiarum
828 1189 872 1250 la·
925 1189 978 1264 ait,
995 1189 1075 1264 Ouid
1095 1190 1184 1252 vides
1205 1188 1371 1264 festucam,
1392 1193 1471 1254 etei
1489 1190 1671 1272 percutiun-

125 1298 219 1364 tetur,
237 1290 321 1373 quod
343 1289 439 1372 isqui
458 1307 521 1351 non
542 1289 655 1371 implet
673 1287 758 1370 quod
778 1287 870 1350 docet
924 1294 978 1348 tur
991 1287 1112 1370 praelati
1132 1295 1164 1350 et
1183 1289 1388 1369 presidentes
1406 1287 1461 1371 qui
1481 1307 1581 1371 quum
1597 1287 1670 1350 suh·

125 1397 155 1452 et
179 1389 342 1472 praedicat,
366 1389 541 1452 mortaliter
564 1395 683 1471 peccat.
707 1387 868 1461 Preterea,
925 1385 1063 1448 (litorum
1079 1394 1209 1469 peccata
1228 1387 1364 1449 minima
1380 1387 1526 1469 puniant,
1543 1387 1671 1469 propria

122 1487 283 1561 Alhertns,
299 1487 445 1560 Thomas,
461 1487 668 1560 hisimundus,
684 1485 803 1568 aliique
818 1485 870 1548 do
925 1483 1084 1566 impunita
1104 1484 1300 1568 relinquunt.

124 1593 237 1659 ctores,
258 1585 457 1649 concorditer
475 1585 597 1658 dicunt,
618 1584 704 1665 quod
724 1583 870 1646 sacerdos
964 1582 1003 1646 Ut
1024 1590 1130 1647 autem
1152 1583 1373 1666 unusquisque
1395 1583 1539 1646 ordinate
1561 1601 1594 1644 se
1616 1583 1670 1645 ha-

124 1684 156 1747 in
178 1685 268 1748 omni
289 1692 360 1747 actu
381 1682 484 1746 oiiicii
506 1683 556 1746 sui
576 1701 673 1765 quem
694 1681 769 1745 facit
789 1681 869 1744 indi·
924 1679 996 1744 heat
1019 1681 1098 1744 alios
1127 1682 1339 1764 corripiendo,
1366 1683 1424 1744 ista
1453 1680 1609 1746 observet.
1634 1681 1670 1744 ln

123 1801 194 1864 gne,
212 1790 322 1866 utpote
346 1781 378 1844 in
402 1781 526 1844 mortali
548 1779 703 1844 exsistens
728 1787 868 1862 peccato,
925 1779 1039 1862 primis
1063 1781 1212 1844 emendet
1235 1801 1268 1844 se
1294 1781 1412 1864 ipsum,
1429 1781 1504 1865 quia
1528 1789 1563 1844 ut
1584 1781 1669 1845 Salo-

32 1903 35 1912 ·
58 1917 83 1944 a
124 1889 235 1963 peccat
251 1879 426 1944 mortaliter
438 1898 445 1943 ε
457 1887 489 1943 et
502 1880 562 1941 hoc
577 1897 615 1942 ex
632 1877 738 1942 verbis
756 1877 785 1942 S.
797 1877 868 1941 llio·
886 1878 909 1941 B
924 1896 999 1942 mon
1025 1879 1176 1962 loquitur,
1191 1881 1298 1942 lustus
1323 1880 1411 1962 prior
1433 1888 1598 1945 accusator
1621 1888 1669 1944 est
1683 1897 1816 1946 aarum.

123 1979 205 2060 nysii
227 1977 391 2041 evidenter
410 1979 654 2041 demonstratur.
671 1975 870 2040 Ambrosius·
923 1977 983 2040 sui.
1003 1979 1090 2042 Unde
1105 1979 1160 2061 qui
1177 1979 1209 2042 in
1225 1979 1344 2042 eisdem
1361 1986 1416 2042 aut
1430 1979 1606 2060 majoribus
1621 1987 1669 2042 est
1685 1963 1717 2004 ¹⁷·

123 2095 184 2158 quo
202 2094 209 2138 :
226 2075 350 2140 ludicot
371 2075 505 2158 (inquit)
526 2075 565 2138 de
590 2092 696 2138 erroro
720 2083 752 2137 et
775 2073 869 2157 culpa
924 2077 1074 2159 peccatis,
1091 2077 1239 2158 indignus
1255 2085 1303 2140 est
1317 2078 1476 2160 corripere
1490 2078 1599 2141 alium.
1617 2077 1669 2142 Se·

122 2172 265 2246 alterius,
286 2173 341 2254 qui
368 2173 400 2234 in
425 2190 459 2235 se
483 2173 553 2255 ipso
577 2189 640 2234 uon
665 2171 760 2233 hahet
784 2170 868 2254 quod
923 2175 1039 2250 cundo,
1064 2175 1117 2258 pie
1141 2183 1173 2238 et
1197 2185 1360 2240 mansuete
1388 2177 1449 2240 hoc
1478 2175 1581 2252 iaciat,
1607 2177 1668 2239 nisi

120 2271 254 2351 judicet,
280 2289 444 2353 nequam
470 2270 508 2333 de
532 2270 596 2334 alio
619 2269 752 2352 judicat,
777 2269 809 2332 in
835 2289 868 2332 se
923 2271 1004 2334 lorte
1028 2273 1101 2356 quis
1125 2273 1216 2355 quasi
1244 2273 1472 2354 incorrigibilis
1495 2274 1667 2348 videretur,

121 2369 229 2451 ipsum
254 2369 334 2431 ierat
357 2369 557 2432 sententiam.
576 2368 614 2431 Et
637 2369 714 2431 item
738 2367 869 2452 Chryso
922 2378 977 2432 aut
991 2371 1140 2451 specialis
1155 2389 1250 2435 causa
1264 2371 1405 2454 exigeret
1418 2371 1515 2435 aliud.
1528 2371 1608 2435 llinc
1623 2391 1669 2434 se-

120 2475 243 2530 stomus
260 2485 268 2530 :
285 2467 395 2531 Omnis
409 2467 481 2550 (ait)
495 2467 641 2530 sacerdos
661 2466 716 2549 qui
733 2466 801 2528 vult
817 2465 869 2528 do
923 2469 1064 2532 eundum
1087 2470 1312 2552 Augustinum,
1328 2488 1399 2534 raro
1416 2478 1448 2534 et
1464 2489 1527 2533 non
1547 2470 1609 2533 nisi
1629 2490 1667 2534 ex

120 2585 191 2630 cere
208 2565 376 2650 populum,
393 2565 498 2648 primo
512 2567 623 2628 doceat
637 2565 866 2647 semetipsum:
924 2586 1037 2649 magna
1059 2567 1247 2630 necessitate
1270 2567 1506 2650 objurgationes
1528 2577 1603 2632 sunt
1624 2568 1667 2631 ia·

118 2666 240 2748 alioqui
257 2683 315 2728 neo
330 2665 430 2728 alium
450 2664 662 2746 reprehendat
676 2671 731 2725 aut
744 2663 866 2736 doceat,
922 2665 1052 2728 ciendae.
1075 2665 1191 2740 Tertio,
1215 2686 1253 2728 ex
1278 2667 1407 2730 caritate
1436 2674 1468 2730 et
1481 2667 1559 2762 ‚zelo
1576 2669 1668 2749 justi-

120 2771 153 2826 ut
167 2765 194 2826 si
209 2763 369 2845 judicium
384 2763 440 2826 Dei
457 2780 520 2826 non
535 2761 868 2844 evadit,opprohrium
922 2764 973 2827 tiae
996 2771 1067 2844 agat
1096 2763 1168 2839 hoc,
1190 2781 1255 2827 non
1283 2783 1322 2827 eu
1349 2765 1470 2847 impetu
1499 2767 1665 2847 passionis.

118 2861 289 2924 hominurn
319 2879 383 2924 non
415 2861 562 2944 patiatur.
593 2860 865 2935 Quemadmodum
921 2861 1048 2936 Quarto,
1071 2863 1341 2944 opportunitatem
1366 2863 1426 2926 loci
1451 2864 1668 2947 temporisque

117 2960 204 3022 enim
228 2959 372 3022 medicus
393 2967 540 3040 aegrotus,
556 2967 780 3040 argumentum
803 2978 867 3022 suae
922 2961 1106 3042 perpendat.
1132 2961 1240 3043 ltaque
1264 2960 1319 3042 qui
1344 2961 1443 3024 alium
1465 2962 1533 3022 vult
1557 2980 1668 3044 purge·

118 3057 290 3140 imperitia
314 3058 346 3120 in
372 3057 501 3140 proprio
524 3065 626 3139 gestat
650 3074 800 3139 corpore;
821 3057 866 3120 sic
882 3059 903 3121 C
921 3077 966 3132 re,
991 3057 1161 3139 corripere,
1183 3058 1338 3139 judicare,
1364 3060 1469 3141 primo
1493 3060 1668 3142 perpendat

118 3155 269 3238 praelatus
294 3155 425 3238 iniquus
451 3175 484 3219 se
512 3156 617 3238 ipsum
648 3173 710 3218 non
739 3173 865 3230 curans,
921 3173 961 3218 an
994 3156 1035 3218 sit
1069 3155 1101 3217 in
1132 3155 1243 3218 eadem
1275 3155 1326 3220 vel
1357 3157 1469 3238 majori
1501 3157 1606 3241 culpa,
1636 3166 1667 3220 et

116 3273 182 3318 sue
203 3253 349 3318 stultitiae
370 3253 525 3316 indicium
547 3273 656 3318 secum
679 3261 791 3337 portat.
921 3257 997 3312 ωηο
1012 3251 1117 3334 primo
1132 3252 1269 3333 corrigat
1282 3252 1545 3335 semetipsum;si
1560 3262 1666 3317 autem

155 3353 212 3416 llis
236 3351 480 3416 auctoritatibus
505 3352 597 3414 multi
619 3353 865 3428 consentientes,
921 3366 985 3411 non
1009 3357 1057 3412 est
1080 3349 1114 3412 ia
1138 3351 1250 3413 eadem
1274 3357 1329 3412 aut
1352 3351 1465 3432 majori
1490 3351 1595 3434 culpa,
1611 3353 1666 3414 sed

115 3450 285 3514 ailirmant
299 3450 384 3534 quod
400 3451 426 3512 si
442 3451 564 3532 praelati
580 3470 636 3514 seu
653 3451 866 3534 predicatoris
920 3447 993 3521 luit,
1019 3455 1095 3510 tunc
1121 3447 1371 3512 misericordiam
1401 3448 1463 3511 sihi
1492 3449 1665 3513 exhibitam

115 3557 170 3612 aut
187 3549 310 3631 judicis
332 3556 498 3632 peccatum
520 3549 563 3612 sit
581 3548 758 3631 publicum,
774 3557 804 3612 et
822 3558 867 3613 ta-
921 3543 1069 3607 exhiheat
1084 3545 1241 3628 proximo,
1257 3555 1289 3608 et
1308 3565 1341 3609 se
1357 3547 1521 3610 hominem
1541 3565 1611 3611 esse
1630 3567 1667 3612 ac

115 3666 189 3710 men
207 3647 414 3730 reprehendit
433 3655 487 3710 aut
507 3648 657 3729 predicat
676 3666 732 3710 seu
745 3647 867 3730 judicat
922 3661 1013 3706 ruere
1029 3661 1122 3726 posse
1142 3644 1321 3708 consideret
1337 3663 1344 3707 :
1361 3646 1472 3727 sicque
1489 3647 1666 3710 custoditus

113 3746 228 3820 alium,
254 3752 366 3828 peccat
388 3753 519 3827 peceato
547 3747 806 3828 presumptionis
835 3755 866 3810 et
920 3761 957 3804 aa
972 3742 1104 3806 humilis
1119 3744 1170 3817 sit,
1178 3763 1236 3806 nea
1252 3761 1348 3826 super
1362 3744 1461 3807 alium
1478 3763 1511 3808 se
1527 3746 1664 3819 extollat,

113 3843 280 3923 scandali3
296 3843 323 3906 si
338 3859 414 3906 vero
429 3848 595 3925 peccatum
615 3843 685 3924 ejus
704 3845 865 3908 occultum
921 3841 1097 3923 praesertim
1117 3841 1192 3922 quia
1212 3843 1244 3904 in
1259 3841 1322 3906 alio
1341 3843 1447 3926 aliqua
1466 3843 1598 3908 forsitan
1613 3845 1666 3908 bo·

113 3943 165 4016 sit,
187 3949 303 4025 peccat
322 3949 452 4023 peceato
471 3942 741 4024 presumptionis,
760 3943 786 4006 si
801 3944 866 4026 agit
920 3959 960 4002 na
976 3949 1050 4002 sunt
1069 3947 1199 4024 propter
1213 3959 1283 4024 que
1297 3941 1480 4006 tolerandus
1494 3950 1552 4018 est,
1566 3944 1616 4007 vel
1634 3945 1666 4008 in

113 4060 185 4123 que
200 4040 289 4104 dicta
304 4048 386 4104 sunt.
404 4040 510 4122 Aliqui
526 4049 632 4104 autem
648 4042 769 4116 dicunt,
781 4043 864 4124 quod
920 4040 1196 4123 predestinatione
1218 4041 1327 4104 divina
1347 4041 1428 4106 forte
1450 4048 1498 4105 est
1520 4061 1662 4125 magnus.

112 4147 277 4222 peccator,
299 4144 355 4200 out
378 4137 510 4220 corripit
533 4157 589 4201 sen
614 4139 744 4222 corrigit
766 4140 864 4203 alium
960 4139 1089 4222 Legitur
1108 4140 1141 4202 in
1156 4141 1382 4224 Vitaspatrum,
1399 4145 1484 4225 quod
1504 4143 1593 4206 Pater
1611 4161 1664 4204 ou·

112 4247 148 4300 ut
167 4238 334 4321 prelatus,
350 4245 405 4298 aut
425 4243 460 4298 ut
478 4254 613 4318 persona
633 4237 764 4319 privata.
782 4239 814 4301 Si
830 4247 867 4302 ut
880 4237 905 4302 ll
917 4239 1045 4321 jusdam
1071 4241 1208 4306 coenohii
1230 4244 1373 4307 Fratrum
1399 4245 1485 4308 misit
1508 4245 1546 4308 ad
1570 4245 1665 4309 ahba-

111 4337 280 4420 praelatns,
297 4342 385 4410 tuno,
402 4343 456 4398 aut
475 4343 524 4398 est
543 4345 692 4418 peccator
710 4337 863 4412 notorius,
919 4344 983 4401 tem
999 4341 1137 4424 Moysen,
1155 4350 1188 4404 ut
1204 4343 1327 4406 veniret
1341 4353 1372 4406 et
1385 4345 1543 4426 judicaret
1557 4366 1665 4429 quem·

110 4443 166 4497 aut
180 4433 349 4498 occultus:
364 4433 391 4496 si
407 4433 561 4508 notorius,
574 4443 683 4516 peccat
697 4442 761 4498 mm
778 4455 865 4500 soan-
918 4436 991 4499 dam
1016 4440 1155 4502 Fratrem
1181 4441 1385 4524 culpabilem.
1403 4444 1511 4527 ltaque
1535 4453 1664 4509 sanctus

109 4532 283 4596 dalizando
310 4551 407 4614 quam
436 4551 531 4595 suum
559 4533 705 4597 cilicium
736 4535 865 4618 indigne
918 4534 1016 4598 ahbaa
1030 4537 1150 4618 hloyses
1166 4538 1240 4601 tulit
1258 4547 1398 4621 sportam
1415 4561 1561 4624 magnam
1577 4551 1664 4606 vetu-

109 4631 341 4714 exsequendo;
361 4630 388 4692 si
412 4631 568 4705 occultus,
591 4639 668 4694 tunc
691 4641 801 4714 peccat
820 4634 864 4696 iu·
918 4641 999 4696 stam
1019 4654 1115 4716 quam
1139 4636 1285 4719 implevit
1306 4657 1411 4714 arena,
1428 4649 1460 4703 et
1477 4661 1574 4724 super
1592 4643 1663 4706 dor-

108 4731 207 4812 digne
223 4727 410 4792 olliciando.
428 4729 523 4793 Porro
543 4730 569 4793 si
591 4731 722 4813 corrigit
740 4739 775 4794 ut
793 4752 863 4815 per·
918 4749 989 4793 sum
1019 4753 1113 4795 suum
1142 4753 1212 4797 eam
1237 4738 1393 4818 portavit3
1418 4739 1513 4803 aliam
1536 4759 1663 4823 quoque

108 4847 187 4892 sona
203 4826 413 4911 privata,non
429 4836 547 4910 peccat,
559 4828 621 4892 nisi
637 4827 718 4892 iorte
734 4839 864 4912 peccato
917 4851 1047 4914 parvam
1068 4841 1208 4915 sportam
1230 4855 1303 4898 cum
1327 4837 1452 4901 modica
1473 4858 1570 4902 arena
1590 4849 1663 4902 ante

108 4926 268 5001 scandali,
285 4925 311 4988 si
333 4925 476 4990 notorius
492 4927 533 4989 sit
553 4935 701 5010 peccator
709 4945 717 5008 ;
733 4929 805 4992 aliis
820 4939 865 4992 ta-
917 4949 951 4994 se
976 4930 1139 5012 bajulavit.
1167 4933 1333 5016 Quumque
1358 4937 1540 5001 coenohium
1566 4939 1663 5002 intro-

109 5045 184 5090 men
200 5032 348 5108 apparet,
365 5025 450 5107 quod
470 5035 580 5108 peccet
597 5026 694 5090 etiam
715 5045 772 5109 per
787 5046 864 5109 prae·
917 5029 987 5102 iret,
1009 5029 1158 5093 dixerunt
1178 5031 1217 5093 ad
1238 5050 1312 5095 eum
1330 5051 1337 5094 :
1354 5034 1434 5107 Quid
1454 5045 1502 5098 est
1523 5039 1593 5112 hoc,
1609 5039 1663 5100 Pa·

107 5124 342 5207 sumptionem.
360 5123 496 5186 Thomas
517 5141 592 5188 vero
614 5133 757 5200 testatur,
777 5128 864 5210 quod
917 5131 984 5190 tert
1009 5129 1182 5210 Respondit
1206 5147 1213 5191 :
1238 5131 1298 5193 lsta
1320 5150 1434 5214 magna
1458 5144 1565 5217 sporta
1587 5155 1661 5200 cum

107 5223 133 5286 si
151 5229 326 5306 peccatum
347 5221 469 5304 prelati
489 5230 544 5285 aut
560 5223 679 5304 judicis
700 5223 741 5286 sit
757 5224 862 5288 occul·
917 5245 974 5288 sua
994 5246 1090 5290 arena
1114 5237 1243 5309 peccata
1268 5248 1339 5293 mea
1362 5240 1446 5306 sunt,
1463 5233 1539 5314 quia
1563 5235 1663 5298 mult'a

106 5329 190 5397 tum,
214 5319 448 5404 incumbatque
469 5320 499 5384 ei
523 5339 562 5384 ex
586 5320 696 5386 oliicio
717 5322 862 5405 judicare
917 5333 947 5388 et
972 5346 1087 5408 magna
1111 5334 1195 5402 sunt,
1220 5337 1252 5390 et
1277 5347 1339 5392 non
1364 5329 1506 5415 adspicio
1530 5352 1566 5396 aa
1575 5349 1584 5414 3
1606 5334 1660 5396 sed
