4214 6254
471 531 618 580 norrnnca
639 533 650 580 1
671 531 745 578 rosr
764 529 958 580 ramnnrsrr.
979 549 1018 560 -
1039 529 1138 578 ssnuo
1158 528 1312 578 stanneus
1612 509 1671 576 {39

118 706 248 770 modum
271 705 431 768 desiderat
450 723 564 768 cervus
585 705 624 768 ad
647 703 751 768 lentes
771 721 866 786 aqua·
882 703 907 768 A
924 702 995 766 luce
1029 701 1231 764 discretionis
1261 707 1336 764 sunt
1370 699 1546 763 rectificata
1575 705 1671 780 atque

116 823 201 878 rum,
217 803 261 866 ita
276 802 435 866 desiderat
449 803 557 866 anima
573 821 643 865 mea
657 803 696 864 ad
714 802 866 881 te,Deus;
923 801 1061 876 condita,
1078 809 1110 864 et
1128 819 1233 882 neque
1251 800 1290 862 ad
1312 800 1475 862 dexteram
1495 816 1554 861 nec
1572 797 1612 860 ad
1632 796 1671 860 si·

117 903 218 965 sitivit
233 902 337 965 anima
351 919 422 964 mea
437 902 476 964 ad
492 901 591 964 ileum
607 900 731 974 fortem,
742 899 865 963 vivum:
922 899 1067 972 nistresis,
1085 907 1121 961 ut
1134 917 1193 961 nec
1215 897 1356 962 medium
1377 897 1509 960 rationis
1528 895 1670 969 excedat,

116 1001 246 1083 quando
265 1001 391 1063 veniam
414 1007 446 1062 et
469 999 630 1083 apparebo
653 1006 726 1062 ante
751 999 865 1062 faeiem
923 1017 1026 1080 neque
1042 996 1082 1059 ab
1100 1015 1138 1060 eo
1157 995 1297 1069 deficiat,
1314 996 1369 1059 sed
1387 995 1478 1077 juxta
1492 993 1669 1058 doctrinam

116 1099 192 1161 [leil
208 1097 453 1162 Consideremus
468 1116 544 1179 ergo
559 1095 758 1170 brevitatem,
768 1095 868 1158 incer·
922 1096 1077 1179 Apostoli,
1094 1095 1282 1159 rationabile
1297 1095 1340 1156 sit
1355 1094 1546 1177 obsequium
1562 1112 1666 1156 suum.
1683 1107 1816 1161 aienti.

116 1197 300 1270 titudinem,
323 1195 474 1270 fallacias,
498 1195 651 1279 pericula,
671 1194 749 1258 vitia
772 1201 867 1276 atque
923 1195 1067 1276 Denique
1087 1195 1157 1258 duaa
1177 1202 1252 1256 sunt
1267 1193 1326 1256 visa
1346 1194 1499 1256 ducentes
1513 1192 1551 1256 ad
1569 1193 1668 1255 Deum

115 1295 265 1358 miserias
292 1295 367 1358 vitas
395 1294 582 1377 praesentim
612 1293 867 1377 contemplemur
922 1293 1121 1377 patriamque
1142 1293 1315 1356 eoelestem.
1333 1291 1398 1354 Una
1417 1297 1465 1354 est
1485 1291 1536 1354 via
1553 1307 1669 1373 praece-

116 1395 215 1458 etiam
241 1393 460 1466 aeternitatem,
484 1393 699 1466 securitatem,
721 1392 866 1455 sancum
922 1399 1062 1476 plorum,
1078 1391 1108 1452 id
1125 1399 1173 1454 est
1189 1390 1372 1454 divinomm
1392 1399 1424 1452 et
1441 1387 1671 1451 ecclesiastico·

116 1503 182 1556 tem
199 1491 463 1573 ineflabilemque
479 1490 620 1553 laetitiam
637 1509 781 1572 superne
798 1489 867 1552 leli·
923 1509 994 1552 rum
1016 1488 1195 1552 observatio
1217 1489 1437 1552 mandatorum
1456 1487 1519 1550 ade
1541 1505 1604 1569 qua
1625 1485 1670 1548 ait

117 1591 224 1654 citatis
249 1607 256 1652 :
280 1597 312 1652 et
337 1589 379 1651 ita
404 1588 639 1671 vilipendemus
665 1589 761 1650 vitam
783 1589 866 1650 hanc
922 1588 1075 1662 Salvator,
1102 1587 1132 1648 Si
1163 1587 1211 1650 vis
1236 1586 1353 1649 intrare
1379 1587 1417 1648 ad
1442 1585 1551 1658 vitem,
1578 1604 1668 1647 serva
1681 1601 1817 1652 marram,

117 1689 260 1762 labilem,
282 1705 516 1766 erumnosam3
539 1686 768 1750 beatitudinem
790 1704 867 1768 quo
923 1686 1080 1750 mandata.
1099 1685 1169 1748 llaec
1186 1685 1236 1748 via
1255 1693 1303 1747 est
1321 1684 1471 1748 omnibus
1491 1683 1670 1747 necessaria
1685 1669 1716 1708 ¹⁷·

116 1806 180 1870 que
196 1787 371 1859 coelestem,
388 1793 586 1869 perpetuam,
603 1783 867 1848 inaestimabiliter
922 1785 1131 1848 adsalutem.
1158 1784 1228 1847 Alia
1256 1792 1303 1846 est
1327 1785 1379 1847 via
1407 1803 1463 1846 seu
1492 1782 1671 1846 observatio

116 1886 315 1968 gaudiosam,
337 1883 491 1947 amorosis
514 1884 683 1967 cupiemus
706 1882 865 1964 suspiriis
883 1883 908 1947 B
924 1883 1180 1965 evangelicorum
1198 1881 1313 1946 Christi
1330 1881 1597 1944 consiliorum:et
1612 1881 1672 1944 ista

116 1993 148 2047 et
168 2002 228 2066 pro
246 2003 285 2046 ea
303 1983 460 2046 orationes
481 1982 663 2044 lacrimosas
682 1980 865 2055 fundemus,
923 1983 975 2045 via
997 1981 1170 2064 perfectior
1190 1988 1238 2043 est
1260 1988 1354 2062 atque
1379 1979 1545 2042 salubrior.
1563 1980 1671 2061 ltaque

7 2105 101 2150 rane.
116 2100 191 2144 eum
219 2081 376 2163 Propheta
400 2081 541 2143 dicentes
559 2097 566 2142 :
583 2080 650 2143 lieu
675 2079 867 2161 mibilquia
924 2080 1138 2163 simpliciores
1167 2087 1197 2142 et
1223 2079 1331 2142 minus
1355 2077 1472 2140 eruditi
1497 2096 1533 2140 ac
1563 2077 1670 2140 minus

116 2181 275 2243 incolatus
291 2197 382 2242 meus
397 2178 601 2260 prolongatus
617 2185 675 2252 est,
693 2177 796 2252 idest,
813 2179 866 2240 ha·
923 2179 1045 2262 experti
1062 2179 1094 2240 in
1113 2179 1177 2242 vita
1197 2177 1354 2259 spirituali
1376 2176 1671 2257 tentationibusque

116 2279 233 2341 bitatio
262 2297 333 2340 mea
361 2277 392 2340 in
418 2277 500 2340 valle
529 2277 587 2340 hac
613 2276 827 2350 lacrimarum,
849 2296 867 2340 a
923 2277 1053 2350 diaboli,
1071 2276 1330 2340 informationem
1350 2293 1492 2357 querere
1514 2274 1671 2336 debente

116 2376 242 2440 coelesti
257 2376 451 2440 habitatione
471 2375 558 2438 felici
575 2375 668 2458 longe
684 2383 732 2438 est
746 2376 867 2440 distans
923 2375 1156 2460 spiritualibus,
1187 2373 1386 2456 sapientibus
1415 2381 1446 2435 et
1477 2372 1668 2446 exercitatis,

116 2475 186 2538 sive
203 2473 366 2538 dilatallx
381 2474 436 2536 tali
450 2473 571 2538 ellectu
585 2474 666 2536 dixit
680 2474 865 2556 Apostolus:
923 2475 1098 2558 presertim
1124 2475 1155 2536 in
1179 2473 1285 2536 dubiis
1307 2481 1338 2534 at
1362 2479 1506 2553 tempore
1526 2471 1670 2535 tentatio-

6 2592 102 2632 Μαι
115 2570 234 2634 lnlelix
259 2589 318 2653 ego
341 2571 454 2634 bomol
480 2571 553 2654 quis
579 2589 629 2633 me
654 2571 804 2633 liberabit
827 2572 866 2635 de
922 2575 982 2635 nis.
999 2573 1079 2635 llinc
1095 2572 1127 2634 in
1148 2571 1372 2634 Ecclesiastico
1388 2571 1524 2633 habetur
1541 2587 1548 2632 :
1566 2570 1669 2644 Filia
1696 2587 1767 2630 nean.
1782 2599 1811 2636 n.

116 2687 252 2752 corpore
281 2670 391 2733 mortis
419 2669 536 2750 bujusl
561 2669 659 2742 Unde,
689 2669 866 2732 secundum
920 2671 1089 2753 juventute
1110 2672 1219 2752 accipe
1241 2671 1430 2742 doctrinam,
1449 2676 1481 2731 et
1506 2686 1607 2750 usque
1629 2669 1668 2730 ad
1685 2653 1760 2702 '⁸¹³⁵‘

116 2769 319 2850 Gregorium,
338 2767 499 2830 coelestem
523 2767 611 2830 illam
636 2767 865 2830 beatitudinem
922 2789 1017 2834 canos
1038 2769 1182 2833 invenies
1201 2769 1408 2850 sapientiam3
1424 2768 1457 2830 in
1474 2767 1579 2830 medio
1599 2786 1668 2849 pre·

116 2866 228 2930 nullus
244 2865 399 2948 condigne
415 2865 582 2938 desiderat,
599 2865 661 2927 uisi
682 2865 737 2948 qui
758 2883 815 2948 pro
829 2885 866 2929 ea
921 2870 1121 2951 sbyterorum
1152 2867 1345 2949 sapientium
1371 2874 1429 2940 sta,
1455 2873 1487 2928 et
1511 2884 1550 2928 ex
1575 2866 1668 2928 corde

116 2965 353 3048 quotidianum
373 2963 514 3026 lacrimis
528 2972 606 3026 orat.
624 2964 695 3036 Sed,
713 2965 791 3046 proh
812 2965 864 3026 do·
921 2967 1085 3049 sapientie
1102 2967 1228 3028 illorum
1246 2965 1449 3046 conjungere.
1464 2964 1523 3027 Sed
1540 2972 1571 3026 et
1585 2965 1668 3026 Jere-

116 3063 182 3126 lort
200 3063 300 3145 aliqui
316 3062 381 3126 lide
396 3062 482 3124 nuda
501 3069 532 3124 et
547 3063 676 3126 nomine
696 3063 763 3126 solo
778 3063 865 3127 Chri·
884 3065 905 3130 C
922 3067 1001 3128 mias
1022 3065 1123 3128 dicit:
1140 3065 1331 3144 interrogate
1352 3082 1422 3146 quae
1443 3064 1484 3125 sit
1503 3063 1554 3124 via
1573 3063 1666 3136 bona,
1681 3081 1807 3132 renum.

115 3163 225 3236 stiani,
251 3163 295 3225 ita
319 3161 436 3224 carnali
462 3169 661 3224 exsecantur
686 3179 804 3236 amore,
830 3171 865 3224 ut
921 3173 953 3226 et
974 3162 1135 3226 ambulate
1158 3163 1190 3224 in
1213 3179 1267 3241 ea;
1283 3170 1316 3224 et
1334 3161 1503 3224 invenietis
1523 3161 1666 3243 requiem

115 3261 226 3324 dicant
240 3280 274 3324 se
289 3259 372 3323 velle
389 3259 526 3322 libenter
541 3259 738 3322 beatitudine
758 3279 865 3323 carere
920 3261 1088 3324 animabus
1111 3260 1233 3324 vestris.

115 3359 252 3432 coelesti,
273 3367 306 3421 et
329 3358 394 3422 [leo
414 3358 596 3440 relinquere
614 3376 748 3439 regnum
770 3377 863 3421 suum
960 3360 1086 3433 Quinto,
1103 3358 1240 3441 quilibet
1254 3357 1479 3422 Christilidelis
1499 3357 1599 3420 instar
1614 3377 1667 3441 pe·

115 3458 258 3530 coeleste,
282 3457 309 3519 si
331 3463 461 3540 possent
486 3456 518 3519 in
541 3457 599 3520 hac
621 3457 686 3520 vita
711 3464 865 3540 perpetuo
921 3459 1120 3539 regrinorum
1136 3456 1230 3520 debet
1245 3456 1337 3519 valde
1357 3475 1394 3518 ac
1410 3457 1605 3520 incessanter
1620 3476 1667 3520 es-

114 3574 306 3640 permanere
324 3563 357 3618 et
374 3555 541 3638 temporali
563 3556 772 3638 prosperitate
789 3575 864 3637 gau·
920 3576 953 3620 se
969 3557 1125 3620 sollicitus
1141 3575 1180 3619 ne
1194 3555 1235 3618 ab
1251 3555 1462 3618 infernalibus
1478 3555 1666 3630 latronibus,

113 3655 200 3718 dere.
219 3653 256 3716 lli
272 3653 351 3717 tales
368 3653 476 3716 miseri
492 3661 613 3716 suntet
628 3655 722 3716 corde
737 3653 865 3717 obtene·
920 3658 950 3720 id
971 3665 1019 3719 est
1037 3656 1248 3730 demonibus,
1265 3675 1320 3719 seu
1343 3656 1449 3738 pravis
1468 3655 1665 3730 hominibus,

113 3751 313 3834 brati,atque
329 3752 361 3814 in
377 3757 459 3814 statu
475 3751 687 3814 damnationis
699 3753 863 3826 exsistunt,
920 3773 975 3818 seu
992 3755 1130 3837 propriis
1146 3753 1592 3837 concupiscentiis,spolietur
1607 3755 1667 3817 vir-

113 3851 191 3932 quia
209 3867 321 3912 eorum
337 3867 428 3912 mens
444 3849 515 3932 plus
530 3849 674 3912 allicitur
692 3851 730 3912 ad
749 3857 863 3925 creata,
918 3853 1042 3916 tutibus
1057 3853 1328 3935 spiritualiterque
1343 3852 1547 3929 necetur,hoc
1563 3860 1666 3926 estne

114 3948 289 4022 mundana,
307 3945 454 4020 carnalia,
471 3966 568 4029 quam
584 3948 624 4009 ad
639 3947 817 4010 Creatorem
834 3957 864 4010 et
918 3952 958 4014 ab
973 3949 1081 4032 aliquo
1096 3951 1208 4012 horum
1224 3951 1262 4013 ad
1279 3950 1476 4032 peccandum
1493 3949 1667 4012 mortaliter

112 4047 151 4108 ad
173 4045 259 4108 bona
280 4043 468 4127 spiritualia,
484 4053 640 4127 perpetua
658 4064 694 4107 ac
714 4065 861 4128 superna.
920 4049 1098 4112 inducatur.
1112 4048 1244 4122 idcireo,
1255 4049 1375 4129 jugiter
1391 4048 1603 4111 invocandum
1619 4055 1666 4109 est

113 4145 204 4208 t'nde
224 4143 412 4206 verificatur
433 4143 472 4206 de
493 4143 540 4206 eis
563 4142 643 4205 illud
666 4143 806 4226 Apostoli
825 4146 863 4209 ad
919 4148 974 4210 Dei
999 4147 1167 4220 auxilium,
1193 4155 1224 4209 et
1248 4147 1304 4210 Dei
1331 4153 1487 4229 praecepta
1510 4165 1547 4208 ac
1571 4146 1665 4208 docu-

6 4243 273 4309 rr.1.sr.llomanos
291 4259 298 4304 :
315 4242 417 4315 Quum
439 4241 662 4323 cognovissent
676 4244 788 4318 Deum,
800 4261 863 4306 non
879 4245 905 4308 l)
922 4253 1026 4307 mente
1042 4263 1170 4326 semper
1185 4243 1217 4306 in
1238 4252 1345 4306 mente
1365 4245 1508 4307 habenda
1524 4250 1609 4316 sunt,
1626 4262 1666 4305 ne

113 4341 199 4404 sicut
224 4341 324 4403 Deum
350 4340 623 4422 glorificaverunt,
649 4341 703 4404 sed
728 4361 864 4406 evanue·
919 4343 1038 4406 abillis
1059 4344 1155 4406 homo
1174 4343 1317 4406 divertat.
1336 4345 1368 4406 ln
1392 4344 1496 4406 medio
1516 4344 1665 4426 equidem

114 4448 190 4502 runt
207 4439 500 4520 incogitationibus
519 4439 597 4514 suis,
613 4447 644 4501 et
658 4440 863 4504 obscuratum
919 4443 1118 4524 laqueorum,
1130 4442 1162 4504 in
1180 4442 1284 4504 medio
1299 4442 1509 4506 invisibilium
1526 4443 1664 4505 hostium

113 4547 162 4602 est
192 4538 349 4620 insipiens
378 4555 433 4599 cor
459 4555 596 4616 eorum;
627 4539 706 4601 illud
736 4557 863 4621 quoque
919 4540 1122 4603 ambulamus
1140 4557 1146 4601 :
1165 4541 1284 4602 idcirco
1303 4547 1428 4623 oportet
1447 4559 1504 4603 nos
1523 4541 1665 4624 undique

5 4635 289 4710 ··.1n=l.,Psalmistra
306 4652 314 4697 :
330 4635 429 4698 Homo
450 4653 550 4716 quum
574 4635 606 4697 in
629 4637 748 4700 bonore
768 4645 862 4712 esset,
919 4658 988 4702 esse
1013 4647 1150 4701 armatos
1175 4639 1343 4720 prudentia
1370 4646 1401 4701 et
1425 4639 1609 4714 virtutibus,
1635 4648 1667 4703 et

5 4753 6 4760 ¹
42 4753 47 4763 ·
113 4752 177 4797 non
211 4732 378 4806 intellexit,
409 4741 610 4815 comparatus
639 4744 688 4797 est
708 4735 863 4816 jumentis
918 4737 1665 4817 omnicustodiaoordis‚juxtailludHabacue,

114 4831 355 4915 insipientibus,
371 4839 403 4894 et
424 4832 540 4895 similis
562 4832 665 4897 lactus
685 4843 733 4897 est
754 4834 828 4898 illis.
919 4836 1021 4918 Super
1035 4835 1212 4898 custodiam
1228 4855 1331 4898 meam
1348 4837 1447 4901 stabo.
1460 4838 1547 4902 Unde
1563 4845 1595 4900 et
1610 4840 1666 4920 Ag·
1695 4854 1811 4904 tracen,

153 4932 283 5004 Quarto,
309 4929 403 4992 debet
432 4930 570 5013 quilibet
595 4932 793 4995 Christianus
818 4933 864 4995 in·
918 4953 1003 5014 gens
1031 4934 1123 5015 jubet
1149 4951 1156 4995 :
1182 4934 1289 4996 Ponite
1318 4935 1542 4998 cordavestra
1571 4955 1666 5018 snper
1682 4920 1802 5034 'hym

112 5038 178 5092 star
197 5029 451 5112 peregrinorum,
470 5029 509 5092 de
532 5037 615 5092 recta
638 5029 690 5092 via
711 5031 749 5092 ad
769 5031 863 5094 ooele·
917 5033 985 5094 vias
1001 5041 1133 5106 vestras,
1151 5032 1181 5093 id
1203 5040 1261 5106 est,
1278 5033 1476 5097 considerate
1493 5035 1666 5116 prudenter

112 5136 196 5190 stem
216 5126 351 5209 patriam
371 5127 566 5210 perducente
586 5127 756 5209 diligenter
774 5149 792 5191 a
811 5150 863 5213 pe·
917 5149 1013 5213 opera
1043 5138 1157 5204 vestra,
1183 5149 1222 5192 an
1248 5149 1321 5193 vere
1351 5132 1415 5195 Deo
1444 5132 1509 5194 sint
1538 5133 1662 5214 placita.

112 5227 184 5289 ritis
201 5226 374 5308 inquirere,
392 5233 428 5288 ut
447 5227 533 5308 regia
547 5225 598 5288 via
614 5227 750 5303 incedat,
768 5228 799 5290 id
816 5236 863 5291 est
917 5228 1065 5303 Quaedarn
1087 5229 1173 5291 enirn
1197 5228 1316 5291 habent
1336 5231 1555 5311 apparentiam
1576 5231 1663 5302 boni,

111 5344 172 5409 per
191 5343 289 5410 opera
306 5325 461 5389 veraciter
480 5325 631 5401 virtuosa,
648 5345 718 5408 que
740 5328 805 5390 sale
824 5347 860 5390 ao
917 5334 949 5388 et
964 5334 1070 5390 tamen
1091 5335 1166 5390 sunt
1181 5327 1304 5402 vitiosa,
1322 5329 1591 5409 quemadmodum
1612 5329 1663 5392 Sa-
