<?xml version="1.0" encoding="UTF-8"?>
<!DOCTYPE html PUBLIC "-//W3C//DTD XHTML 1.0 Transitional//EN"
    "http://www.w3.org/TR/xhtml1/DTD/xhtml1-transitional.dtd">
<html xmlns="http://www.w3.org/1999/xhtml" xml:lang="en" lang="en">
 <head>
  <title>
</title>
<meta http-equiv="Content-Type" content="text/html;charset=utf-8" />
  <meta name='ocr-system' content='tesseract 3.04.00' />
  <meta name='ocr-capabilities' content='ocr_page ocr_carea ocr_par ocr_line ocrx_word'/>
</head>
<body>
  <div class='ocr_page' id='page_1' title='image "./doctorisecstati01unkngoog_0348.png"; bbox 0 0 4140 6258; ppageno 0'>
   <div class='ocr_carea' id='block_1_1' title="bbox 485 491 1671 556">
    <p class='ocr_par' dir='ltr' id='par_1_1' title="bbox 485 491 1671 556">
     <span class='ocr_line' id='line_1_1' title="bbox 485 491 1671 556; baseline 0.002 -2"><span class='ocrx_word' id='word_1_1' title='bbox 485 507 632 556; x_wconf 73' lang='lat' dir='ltr'><strong>nonnum</strong></span> <span class='ocrx_word' id='word_1_2' title='bbox 655 507 686 554; x_wconf 84' lang='lat' dir='ltr'><strong>ur</strong></span> <span class='ocrx_word' id='word_1_3' title='bbox 707 507 781 554; x_wconf 84' lang='lat' dir='ltr'><strong>rosr</strong></span> <span class='ocrx_word' id='word_1_4' title='bbox 800 505 993 554; x_wconf 79' lang='lat' dir='ltr'><strong>rummarnu.</strong></span> <span class='ocrx_word' id='word_1_5' title='bbox 1014 524 1056 537; x_wconf 93' lang='lat'>-</span> <span class='ocrx_word' id='word_1_6' title='bbox 1075 507 1175 554; x_wconf 74' lang='lat' dir='ltr'><strong>sunno</strong></span> <span class='ocrx_word' id='word_1_7' title='bbox 1195 507 1305 554; x_wconf 82' lang='lat' dir='ltr'><strong>ramus</strong></span> <span class='ocrx_word' id='word_1_8' title='bbox 1612 491 1671 556; x_wconf 85' lang='lat' dir='ltr'><strong>3l7</strong></span> 
     </span>
    </p>
   </div>
   <div class='ocr_carea' id='block_1_2' title="bbox 123 677 1672 958">
    <p class='ocr_par' dir='ltr' id='par_1_2' title="bbox 123 677 1672 958">
     <span class='ocr_line' id='line_1_2' title="bbox 123 677 1670 762; baseline 0.003 -24"><span class='ocrx_word' id='word_1_9' title='bbox 123 677 346 760; x_wconf 88' lang='lat' dir='ltr'><strong>omnipotentis</strong></span> <span class='ocrx_word' id='word_1_10' title='bbox 360 678 633 742; x_wconf 75' lang='lat' dir='ltr'><strong>honorificentiam</strong></span> <span class='ocrx_word' id='word_1_11' title='bbox 648 678 909 762; x_wconf 78' lang='lat' dir='ltr'><strong>quuruutOmA</strong></span> <span class='ocrx_word' id='word_1_12' title='bbox 926 678 1040 742; x_wconf 91' lang='lat' dir='ltr'><strong>melius</strong></span> <span class='ocrx_word' id='word_1_13' title='bbox 1064 685 1220 753; x_wconf 92' lang='lat' dir='ltr'><strong>nostrum,</strong></span> <span class='ocrx_word' id='word_1_14' title='bbox 1241 686 1272 742; x_wconf 91' lang='lat' dir='ltr'><strong>et</strong></span> <span class='ocrx_word' id='word_1_15' title='bbox 1296 679 1328 742; x_wconf 95' lang='lat' dir='ltr'><strong>in</strong></span> <span class='ocrx_word' id='word_1_16' title='bbox 1353 678 1423 762; x_wconf 89' lang='lat' dir='ltr'><strong>ipso</strong></span> <span class='ocrx_word' id='word_1_17' title='bbox 1446 677 1612 742; x_wconf 89' lang='lat' dir='ltr'><strong>humiliter</strong></span> <span class='ocrx_word' id='word_1_18' title='bbox 1635 697 1670 742; x_wconf 87' lang='lat' dir='ltr'><strong>ac</strong></span> 
     </span>
     <span class='ocr_line' id='line_1_3' title="bbox 124 775 1672 860; baseline 0.003 -24"><span class='ocrx_word' id='word_1_19' title='bbox 124 793 177 838; x_wconf 90' lang='lat' dir='ltr'><strong>nes</strong></span> <span class='ocrx_word' id='word_1_20' title='bbox 198 775 305 858; x_wconf 89' lang='lat' dir='ltr'><strong>itaque</strong></span> <span class='ocrx_word' id='word_1_21' title='bbox 326 777 379 839; x_wconf 92' lang='lat' dir='ltr'><strong>isti</strong></span> <span class='ocrx_word' id='word_1_22' title='bbox 399 777 433 839; x_wconf 94' lang='lat' dir='ltr'><strong>in</strong></span> <span class='ocrx_word' id='word_1_23' title='bbox 453 777 518 840; x_wconf 92' lang='lat' dir='ltr'><strong>suis</strong></span> <span class='ocrx_word' id='word_1_24' title='bbox 533 777 626 840; x_wconf 92' lang='lat' dir='ltr'><strong>bonis</strong></span> <span class='ocrx_word' id='word_1_25' title='bbox 645 778 759 841; x_wconf 89' lang='lat' dir='ltr'><strong>creatis</strong></span> <span class='ocrx_word' id='word_1_26' title='bbox 778 777 869 860; x_wconf 80' lang='lat' dir='ltr'><strong>quasi</strong></span> <span class='ocrx_word' id='word_1_27' title='bbox 925 777 1134 840; x_wconf 80' lang='lat' dir='ltr'><strong>immobiliter</strong></span> <span class='ocrx_word' id='word_1_28' title='bbox 1154 777 1364 841; x_wconf 79' lang='lat' dir='ltr'><strong>confidamus.</strong></span> <span class='ocrx_word' id='word_1_29' title='bbox 1381 777 1497 860; x_wconf 88' lang='lat' dir='ltr'><strong>Sicque</strong></span> <span class='ocrx_word' id='word_1_30' title='bbox 1514 777 1672 859; x_wconf 91' lang='lat' dir='ltr'><strong>nosipsos</strong></span> 
     </span>
     <span class='ocr_line' id='line_1_4' title="bbox 124 872 1672 958; baseline 0.003 -24"><span class='ocrx_word' id='word_1_31' title='bbox 124 873 153 934; x_wconf 92' lang='lat' dir='ltr'><strong>in</strong></span> <span class='ocrx_word' id='word_1_32' title='bbox 183 872 288 947; x_wconf 90' lang='lat' dir='ltr'><strong>idolis,</strong></span> <span class='ocrx_word' id='word_1_33' title='bbox 314 893 442 938; x_wconf 92' lang='lat' dir='ltr'><strong>summo</strong></span> <span class='ocrx_word' id='word_1_34' title='bbox 471 875 535 937; x_wconf 87' lang='lat' dir='ltr'><strong>Deo</strong></span> <span class='ocrx_word' id='word_1_35' title='bbox 564 875 685 948; x_wconf 91' lang='lat' dir='ltr'><strong>relicto,</strong></span> <span class='ocrx_word' id='word_1_36' title='bbox 713 875 867 938; x_wconf 82' lang='lat' dir='ltr'><strong>laetantur.</strong></span> <span class='ocrx_word' id='word_1_37' title='bbox 924 882 956 937; x_wconf 90' lang='lat' dir='ltr'><strong>et</strong></span> <span class='ocrx_word' id='word_1_38' title='bbox 970 876 1079 938; x_wconf 92' lang='lat' dir='ltr'><strong>omnia</strong></span> <span class='ocrx_word' id='word_1_39' title='bbox 1095 883 1212 950; x_wconf 82' lang='lat' dir='ltr'><strong>nostre,</strong></span> <span class='ocrx_word' id='word_1_40' title='bbox 1228 894 1340 958; x_wconf 89' lang='lat' dir='ltr'><strong>preces</strong></span> <span class='ocrx_word' id='word_1_41' title='bbox 1355 883 1387 938; x_wconf 90' lang='lat' dir='ltr'><strong>et</strong></span> <span class='ocrx_word' id='word_1_42' title='bbox 1401 882 1474 938; x_wconf 94' lang='lat' dir='ltr'><strong>vota</strong></span> <span class='ocrx_word' id='word_1_43' title='bbox 1488 875 1518 937; x_wconf 92' lang='lat' dir='ltr'><strong>ei</strong></span> <span class='ocrx_word' id='word_1_44' title='bbox 1538 874 1672 938; x_wconf 81' lang='lat' dir='ltr'><strong>fiducia-</strong></span> 
     </span>
    </p>
   </div>
   <div class='ocr_carea' id='block_1_3' title="bbox 34 971 1817 1056">
    <p class='ocr_par' dir='ltr' id='par_1_3' title="bbox 34 971 1817 1056">
     <span class='ocr_line' id='line_1_5' title="bbox 34 971 1817 1056; baseline 0.001 -26"><span class='ocrx_word' id='word_1_45' title='bbox 34 1001 111 1036; x_wconf 65' lang='lat' dir='ltr'><strong>nter.</strong></span> <span class='ocrx_word' id='word_1_46' title='bbox 124 971 242 1044; x_wconf 84' lang='lat' dir='ltr'><strong>Quibus</strong></span> <span class='ocrx_word' id='word_1_47' title='bbox 257 971 362 1054; x_wconf 93' lang='lat' dir='ltr'><strong>prima</strong></span> <span class='ocrx_word' id='word_1_48' title='bbox 379 973 508 1036; x_wconf 86' lang='lat' dir='ltr'><strong>Joannis</strong></span> <span class='ocrx_word' id='word_1_49' title='bbox 528 973 645 1036; x_wconf 90' lang='lat' dir='ltr'><strong>dicitur</strong></span> <span class='ocrx_word' id='word_1_50' title='bbox 662 991 669 1036; x_wconf 75' lang='grc' dir='ltr'>ε</span> <span class='ocrx_word' id='word_1_51' title='bbox 687 973 801 1046; x_wconf 86' lang='lat' dir='ltr'><strong>Filioli,</strong></span> <span class='ocrx_word' id='word_1_52' title='bbox 818 993 871 1036; x_wconf 90' lang='lat' dir='ltr'><strong>cu·</strong></span> <span class='ocrx_word' id='word_1_53' title='bbox 925 973 997 1035; x_wconf 91' lang='lat' dir='ltr'><strong>liter</strong></span> <span class='ocrx_word' id='word_1_54' title='bbox 1012 975 1461 1048; x_wconf 90' lang='lat' dir='ltr'><strong>committamus,scientes,ut</strong></span> <span class='ocrx_word' id='word_1_55' title='bbox 1475 974 1519 1036; x_wconf 89' lang='lat' dir='ltr'><strong>ait</strong></span> <span class='ocrx_word' id='word_1_56' title='bbox 1534 973 1672 1056; x_wconf 90' lang='lat' dir='ltr'><strong>Scriptu·</strong></span> <span class='ocrx_word' id='word_1_57' title='bbox 1699 989 1817 1046; x_wconf 58' lang='lat' dir='ltr'><strong>statne</strong></span> 
     </span>
    </p>
   </div>
   <div class='ocr_carea' id='block_1_4' title="bbox 1686 1052 1805 1104">
    <p class='ocr_par' dir='ltr' id='par_1_4' title="bbox 1686 1052 1805 1104">
     <span class='ocr_line' id='line_1_6' title="bbox 1686 1052 1805 1104; baseline 0.008 -9"><span class='ocrx_word' id='word_1_58' title='bbox 1686 1066 1722 1104; x_wconf 75' lang='lat' dir='ltr'><strong>nu,</strong></span> <span class='ocrx_word' id='word_1_59' title='bbox 1737 1056 1777 1104; x_wconf 79' lang='lat' dir='ltr'><strong>l³;</strong></span> <span class='ocrx_word' id='word_1_60' title='bbox 1797 1052 1805 1096; x_wconf 83' lang='grc' dir='ltr'>Ι</span> 
     </span>
    </p>
   </div>
   <div class='ocr_carea' id='block_1_5' title="bbox 28 1070 1819 1168">
    <p class='ocr_par' dir='ltr' id='par_1_5' title="bbox 28 1070 1819 1168">
     <span class='ocr_line' id='line_1_7' title="bbox 28 1070 1819 1168; baseline 0.005 -39"><span class='ocrx_word' id='word_1_61' title='bbox 28 1085 31 1096; x_wconf 93' lang='grc'><em>·</em></span> <span class='ocrx_word' id='word_1_62' title='bbox 124 1070 236 1132; x_wconf 92' lang='lat' dir='ltr'><strong>stodite</strong></span> <span class='ocrx_word' id='word_1_63' title='bbox 258 1089 315 1134; x_wconf 88' lang='lat' dir='ltr'><strong>vos</strong></span> <span class='ocrx_word' id='word_1_64' title='bbox 336 1090 354 1133; x_wconf 94' lang='lat' dir='ltr'><strong>a</strong></span> <span class='ocrx_word' id='word_1_65' title='bbox 375 1071 565 1134; x_wconf 81' lang='lat' dir='ltr'><strong>simulacris.</strong></span> <span class='ocrx_word' id='word_1_66' title='bbox 924 1090 969 1146; x_wconf 92' lang='lat' dir='ltr'><strong>ra,</strong></span> <span class='ocrx_word' id='word_1_67' title='bbox 986 1071 1071 1153; x_wconf 90' lang='lat' dir='ltr'><strong>quod</strong></span> <span class='ocrx_word' id='word_1_68' title='bbox 1095 1072 1158 1153; x_wconf 92' lang='lat' dir='ltr'><strong>ipsi</strong></span> <span class='ocrx_word' id='word_1_69' title='bbox 1180 1091 1256 1135; x_wconf 91' lang='lat' dir='ltr'><strong>cura</strong></span> <span class='ocrx_word' id='word_1_70' title='bbox 1279 1080 1327 1134; x_wconf 88' lang='lat' dir='ltr'><strong>est</strong></span> <span class='ocrx_word' id='word_1_71' title='bbox 1350 1073 1389 1134; x_wconf 89' lang='lat' dir='ltr'><strong>de</strong></span> <span class='ocrx_word' id='word_1_72' title='bbox 1410 1071 1514 1146; x_wconf 91' lang='lat' dir='ltr'><strong>nobis,</strong></span> <span class='ocrx_word' id='word_1_73' title='bbox 1531 1080 1563 1134; x_wconf 91' lang='lat' dir='ltr'><strong>et</strong></span> <span class='ocrx_word' id='word_1_74' title='bbox 1586 1073 1671 1154; x_wconf 92' lang='lat' dir='ltr'><strong>quod</strong></span> <span class='ocrx_word' id='word_1_75' title='bbox 1686 1114 1819 1168; x_wconf 41' lang='lat' dir='ltr'><strong>,mn</strong></span> 
     </span>
    </p>
   </div>
   <div class='ocr_carea' id='block_1_6' title="bbox 122 1167 1818 1350">
    <p class='ocr_par' dir='ltr' id='par_1_6' title="bbox 122 1167 1818 1350">
     <span class='ocr_line' id='line_1_8' title="bbox 160 1167 1818 1252; baseline 0.001 -22"><span class='ocrx_word' id='word_1_76' title='bbox 160 1167 265 1231; x_wconf 83' lang='lat' dir='ltr'><strong>Tertio</strong></span> <span class='ocrx_word' id='word_1_77' title='bbox 280 1169 373 1232; x_wconf 90' lang='lat' dir='ltr'><strong>docet</strong></span> <span class='ocrx_word' id='word_1_78' title='bbox 386 1168 568 1252; x_wconf 80' lang='lat' dir='ltr'><strong>Apostolus,</strong></span> <span class='ocrx_word' id='word_1_79' title='bbox 585 1176 621 1231; x_wconf 94' lang='lat' dir='ltr'><strong>ut</strong></span> <span class='ocrx_word' id='word_1_80' title='bbox 635 1169 713 1232; x_wconf 89' lang='lat' dir='ltr'><strong>vitia</strong></span> <span class='ocrx_word' id='word_1_81' title='bbox 727 1169 809 1252; x_wconf 79' lang='lat' dir='ltr'><strong>gulae</strong></span> <span class='ocrx_word' id='word_1_82' title='bbox 825 1169 869 1231; x_wconf 94' lang='lat' dir='ltr'><strong>vi·</strong></span> <span class='ocrx_word' id='word_1_83' title='bbox 924 1176 1088 1250; x_wconf 81' lang='lat' dir='ltr'><strong>sperantes</strong></span> <span class='ocrx_word' id='word_1_84' title='bbox 1110 1168 1142 1230; x_wconf 94' lang='lat' dir='ltr'><strong>in</strong></span> <span class='ocrx_word' id='word_1_85' title='bbox 1162 1188 1196 1232; x_wconf 91' lang='lat' dir='ltr'><strong>se</strong></span> <span class='ocrx_word' id='word_1_86' title='bbox 1217 1168 1357 1232; x_wconf 88' lang='lat' dir='ltr'><strong>linaliter</strong></span> <span class='ocrx_word' id='word_1_87' title='bbox 1376 1186 1440 1232; x_wconf 93' lang='lat' dir='ltr'><strong>non</strong></span> <span class='ocrx_word' id='word_1_88' title='bbox 1460 1169 1628 1252; x_wconf 88' lang='lat' dir='ltr'><strong>relinquet.</strong></span> <span class='ocrx_word' id='word_1_89' title='bbox 1685 1177 1818 1227; x_wconf 60' lang='lat' dir='ltr'><strong>declinat·</strong></span> 
     </span>
     <span class='ocr_line' id='line_1_9' title="bbox 122 1267 1818 1350; baseline -0.001 -23"><span class='ocrx_word' id='word_1_90' title='bbox 122 1274 236 1341; x_wconf 87' lang='lat' dir='ltr'><strong>temus,</strong></span> <span class='ocrx_word' id='word_1_91' title='bbox 253 1267 500 1331; x_wconf 83' lang='lat' dir='ltr'><strong>comessationes</strong></span> <span class='ocrx_word' id='word_1_92' title='bbox 516 1275 548 1330; x_wconf 92' lang='lat' dir='ltr'><strong>et</strong></span> <span class='ocrx_word' id='word_1_93' title='bbox 562 1269 739 1350; x_wconf 90' lang='lat' dir='ltr'><strong>potationes</strong></span> <span class='ocrx_word' id='word_1_94' title='bbox 759 1287 868 1350; x_wconf 92' lang='lat' dir='ltr'><strong>super·</strong></span> <span class='ocrx_word' id='word_1_95' title='bbox 965 1267 1059 1329; x_wconf 84' lang='lat' dir='ltr'><strong>Sexto</strong></span> <span class='ocrx_word' id='word_1_96' title='bbox 1083 1267 1184 1340; x_wconf 87' lang='lat' dir='ltr'><strong>docet,</strong></span> <span class='ocrx_word' id='word_1_97' title='bbox 1207 1286 1247 1330; x_wconf 89' lang='lat' dir='ltr'><strong>ne</strong></span> <span class='ocrx_word' id='word_1_98' title='bbox 1272 1285 1521 1341; x_wconf 90' lang='lat' dir='ltr'><strong>murmuremus,</strong></span> <span class='ocrx_word' id='word_1_99' title='bbox 1538 1268 1594 1330; x_wconf 89' lang='lat' dir='ltr'><strong>sed</strong></span> <span class='ocrx_word' id='word_1_100' title='bbox 1619 1287 1672 1349; x_wconf 89' lang='lat' dir='ltr'><strong>pa·</strong></span> <span class='ocrx_word' id='word_1_101' title='bbox 1686 1283 1818 1335; x_wconf 53' lang='lat' dir='ltr'><strong>leonem.</strong></span> 
     </span>
    </p>
   </div>
   <div class='ocr_carea' id='block_1_7' title="bbox 38 1353 1672 1448">
    <p class='ocr_par' dir='ltr' id='par_1_7' title="bbox 38 1353 1672 1448">
     <span class='ocr_line' id='line_1_10' title="bbox 38 1353 1672 1448; baseline 0.002 -23"><span class='ocrx_word' id='word_1_102' title='bbox 38 1385 110 1433; x_wconf 66' lang='lat' dir='ltr'><strong>omn</strong></span> <span class='ocrx_word' id='word_1_103' title='bbox 124 1364 203 1426; x_wconf 88' lang='lat' dir='ltr'><strong>lluas</strong></span> <span class='ocrx_word' id='word_1_104' title='bbox 218 1364 379 1447; x_wconf 76' lang='lat' dir='ltr'><strong>fugiendo,</strong></span> <span class='ocrx_word' id='word_1_105' title='bbox 387 1373 419 1427; x_wconf 93' lang='lat' dir='ltr'><strong>et</strong></span> <span class='ocrx_word' id='word_1_106' title='bbox 433 1383 473 1427; x_wconf 87' lang='lat' dir='ltr'><strong>ne</strong></span> <span class='ocrx_word' id='word_1_107' title='bbox 489 1372 560 1448; x_wconf 92' lang='lat' dir='ltr'><strong>post</strong></span> <span class='ocrx_word' id='word_1_108' title='bbox 575 1365 684 1428; x_wconf 93' lang='lat' dir='ltr'><strong>cibum</strong></span> <span class='ocrx_word' id='word_1_109' title='bbox 700 1373 731 1428; x_wconf 92' lang='lat' dir='ltr'><strong>et</strong></span> <span class='ocrx_word' id='word_1_110' title='bbox 746 1374 867 1448; x_wconf 90' lang='lat' dir='ltr'><strong>potum,</strong></span> <span class='ocrx_word' id='word_1_111' title='bbox 925 1364 1039 1426; x_wconf 90' lang='lat' dir='ltr'><strong>tientes</strong></span> <span class='ocrx_word' id='word_1_112' title='bbox 1055 1371 1087 1427; x_wconf 93' lang='lat' dir='ltr'><strong>et</strong></span> <span class='ocrx_word' id='word_1_113' title='bbox 1101 1353 1240 1428; x_wconf 85' lang='lat' dir='ltr'><strong>humiles</strong></span> <span class='ocrx_word' id='word_1_114' title='bbox 1261 1366 1371 1428; x_wconf 93' lang='lat' dir='ltr'><strong>simus.</strong></span> <span class='ocrx_word' id='word_1_115' title='bbox 1389 1366 1497 1447; x_wconf 90' lang='lat' dir='ltr'><strong>ltaque</strong></span> <span class='ocrx_word' id='word_1_116' title='bbox 1516 1365 1672 1447; x_wconf 91' lang='lat' dir='ltr'><strong>quidquid</strong></span> 
     </span>
    </p>
   </div>
   <div class='ocr_carea' id='block_1_8' title="bbox 122 1461 1674 1742">
    <p class='ocr_par' dir='ltr' id='par_1_8' title="bbox 122 1461 1674 1742">
     <span class='ocr_line' id='line_1_11' title="bbox 122 1461 1673 1547; baseline 0.002 -23"><span class='ocrx_word' id='word_1_117' title='bbox 122 1463 158 1524; x_wconf 90' lang='lat' dir='ltr'><strong>ad</strong></span> <span class='ocrx_word' id='word_1_118' title='bbox 174 1463 317 1538; x_wconf 88' lang='lat' dir='ltr'><strong>choreas,</strong></span> <span class='ocrx_word' id='word_1_119' title='bbox 335 1463 438 1538; x_wconf 91' lang='lat' dir='ltr'><strong>ludos,</strong></span> <span class='ocrx_word' id='word_1_120' title='bbox 452 1463 553 1544; x_wconf 83' lang='lat' dir='ltr'><strong>jocos,</strong></span> <span class='ocrx_word' id='word_1_121' title='bbox 570 1471 602 1525; x_wconf 91' lang='lat' dir='ltr'><strong>et</strong></span> <span class='ocrx_word' id='word_1_122' title='bbox 621 1464 699 1526; x_wconf 87' lang='lat' dir='ltr'><strong>alias</strong></span> <span class='ocrx_word' id='word_1_123' title='bbox 714 1464 869 1527; x_wconf 87' lang='lat' dir='ltr'><strong>vanitates</strong></span> <span class='ocrx_word' id='word_1_124' title='bbox 924 1461 1124 1526; x_wconf 86' lang='lat' dir='ltr'><strong>adversitatis</strong></span> <span class='ocrx_word' id='word_1_125' title='bbox 1140 1463 1291 1526; x_wconf 91' lang='lat' dir='ltr'><strong>acciderit</strong></span> <span class='ocrx_word' id='word_1_126' title='bbox 1311 1463 1415 1538; x_wconf 93' lang='lat' dir='ltr'><strong>nobis,</strong></span> <span class='ocrx_word' id='word_1_127' title='bbox 1431 1465 1588 1547; x_wconf 93' lang='lat' dir='ltr'><strong>quidquid</strong></span> <span class='ocrx_word' id='word_1_128' title='bbox 1605 1482 1673 1527; x_wconf 92' lang='lat' dir='ltr'><strong>cor-</strong></span> 
     </span>
     <span class='ocr_line' id='line_1_12' title="bbox 122 1560 1674 1644; baseline 0.001 -22"><span class='ocrx_word' id='word_1_129' title='bbox 122 1561 313 1623; x_wconf 85' lang='lat' dir='ltr'><strong>exercendas</strong></span> <span class='ocrx_word' id='word_1_130' title='bbox 327 1580 384 1624; x_wconf 87' lang='lat' dir='ltr'><strong>seu</strong></span> <span class='ocrx_word' id='word_1_131' title='bbox 401 1561 615 1642; x_wconf 89' lang='lat' dir='ltr'><strong>inspiciendas</strong></span> <span class='ocrx_word' id='word_1_132' title='bbox 631 1562 869 1644; x_wconf 80' lang='lat' dir='ltr'><strong>surgamussed</strong></span> <span class='ocrx_word' id='word_1_133' title='bbox 925 1560 1075 1622; x_wconf 90' lang='lat' dir='ltr'><strong>rectionis</strong></span> <span class='ocrx_word' id='word_1_134' title='bbox 1091 1579 1146 1622; x_wconf 89' lang='lat' dir='ltr'><strong>seu</strong></span> <span class='ocrx_word' id='word_1_135' title='bbox 1162 1579 1265 1642; x_wconf 79' lang='lat' dir='ltr'><strong>poene</strong></span> <span class='ocrx_word' id='word_1_136' title='bbox 1279 1568 1333 1623; x_wconf 92' lang='lat' dir='ltr'><strong>aut</strong></span> <span class='ocrx_word' id='word_1_137' title='bbox 1353 1563 1611 1644; x_wconf 91' lang='lat' dir='ltr'><strong>reprehensionis</strong></span> <span class='ocrx_word' id='word_1_138' title='bbox 1627 1563 1674 1625; x_wconf 89' lang='lat' dir='ltr'><strong>lu-</strong></span> 
     </span>
     <span class='ocr_line' id='line_1_13' title="bbox 122 1658 1673 1742; baseline 0.003 -21"><span class='ocrx_word' id='word_1_139' title='bbox 122 1659 227 1722; x_wconf 90' lang='lat' dir='ltr'><strong>sobrie</strong></span> <span class='ocrx_word' id='word_1_140' title='bbox 242 1659 364 1734; x_wconf 88' lang='lat' dir='ltr'><strong>reiecti,</strong></span> <span class='ocrx_word' id='word_1_141' title='bbox 374 1659 438 1722; x_wconf 87' lang='lat' dir='ltr'><strong>Deo</strong></span> <span class='ocrx_word' id='word_1_142' title='bbox 451 1660 568 1741; x_wconf 78' lang='lat' dir='ltr'><strong>gratias</strong></span> <span class='ocrx_word' id='word_1_143' title='bbox 587 1659 771 1722; x_wconf 83' lang='lat' dir='ltr'><strong>referamus.</strong></span> <span class='ocrx_word' id='word_1_144' title='bbox 782 1661 869 1723; x_wconf 91' lang='lat' dir='ltr'><strong>Unde</strong></span> <span class='ocrx_word' id='word_1_145' title='bbox 925 1659 985 1721; x_wconf 91' lang='lat' dir='ltr'><strong>erit</strong></span> <span class='ocrx_word' id='word_1_146' title='bbox 1009 1658 1101 1722; x_wconf 93' lang='lat' dir='ltr'><strong>nobis</strong></span> <span class='ocrx_word' id='word_1_147' title='bbox 1128 1659 1302 1733; x_wconf 78' lang='lat' dir='ltr'><strong>inflictum,</strong></span> <span class='ocrx_word' id='word_1_148' title='bbox 1328 1678 1391 1724; x_wconf 94' lang='lat' dir='ltr'><strong>non</strong></span> <span class='ocrx_word' id='word_1_149' title='bbox 1415 1679 1673 1742; x_wconf 84' lang='lat' dir='ltr'><strong>murmuremus3</strong></span> 
     </span>
    </p>
   </div>
   <div class='ocr_carea' id='block_1_9' title="bbox 1 1756 1675 1841">
    <p class='ocr_par' dir='ltr' id='par_1_9' title="bbox 1 1756 1675 1841">
     <span class='ocr_line' id='line_1_14' title="bbox 1 1756 1675 1841; baseline 0.002 -22"><span class='ocrx_word' id='word_1_150' title='bbox 1 1759 164 1823; x_wconf 64' lang='lat' dir='ltr'><strong>mutescit</strong></span> <span class='ocrx_word' id='word_1_151' title='bbox 189 1757 331 1822; x_wconf 75' lang='lat' dir='ltr'><strong>Salvator</strong></span> <span class='ocrx_word' id='word_1_152' title='bbox 352 1777 359 1822; x_wconf 91' lang='lat'>:</span> <span class='ocrx_word' id='word_1_153' title='bbox 380 1758 491 1821; x_wconf 87' lang='lat' dir='ltr'><strong>Videte</strong></span> <span class='ocrx_word' id='word_1_154' title='bbox 516 1777 556 1821; x_wconf 91' lang='lat' dir='ltr'><strong>ne</strong></span> <span class='ocrx_word' id='word_1_155' title='bbox 579 1767 751 1840; x_wconf 80' lang='lat' dir='ltr'><strong>graventur</strong></span> <span class='ocrx_word' id='word_1_156' title='bbox 774 1759 870 1822; x_wconf 89' lang='lat' dir='ltr'><strong>corda</strong></span> <span class='ocrx_word' id='word_1_157' title='bbox 925 1756 981 1818; x_wconf 91' lang='lat' dir='ltr'><strong>sed</strong></span> <span class='ocrx_word' id='word_1_158' title='bbox 1001 1757 1057 1819; x_wconf 86' lang='lat' dir='ltr'><strong>Dei</strong></span> <span class='ocrx_word' id='word_1_159' title='bbox 1078 1757 1310 1838; x_wconf 90' lang='lat' dir='ltr'><strong>providentiam</strong></span> <span class='ocrx_word' id='word_1_160' title='bbox 1333 1759 1467 1841; x_wconf 86' lang='lat' dir='ltr'><strong>ejusque</strong></span> <span class='ocrx_word' id='word_1_161' title='bbox 1487 1760 1573 1840; x_wconf 89' lang='lat' dir='ltr'><strong>justa</strong></span> <span class='ocrx_word' id='word_1_162' title='bbox 1590 1759 1675 1840; x_wconf 88' lang='lat' dir='ltr'><strong>judi·</strong></span> 
     </span>
    </p>
   </div>
   <div class='ocr_carea' id='block_1_10' title="bbox 121 1854 1674 2040">
    <p class='ocr_par' dir='ltr' id='par_1_10' title="bbox 121 1854 1674 2040">
     <span class='ocr_line' id='line_1_15' title="bbox 122 1854 1674 1941; baseline 0.003 -22"><span class='ocrx_word' id='word_1_163' title='bbox 122 1862 227 1919; x_wconf 88' lang='lat' dir='ltr'><strong>vestra</strong></span> <span class='ocrx_word' id='word_1_164' title='bbox 243 1857 372 1940; x_wconf 92' lang='lat' dir='ltr'><strong>crapula</strong></span> <span class='ocrx_word' id='word_1_165' title='bbox 386 1857 437 1920; x_wconf 91' lang='lat' dir='ltr'><strong>vel</strong></span> <span class='ocrx_word' id='word_1_166' title='bbox 457 1856 621 1932; x_wconf 88' lang='lat' dir='ltr'><strong>ebrietate,</strong></span> <span class='ocrx_word' id='word_1_167' title='bbox 637 1865 692 1920; x_wconf 88' lang='lat' dir='ltr'><strong>aut</strong></span> <span class='ocrx_word' id='word_1_168' title='bbox 711 1859 796 1920; x_wconf 89' lang='lat' dir='ltr'><strong>curis</strong></span> <span class='ocrx_word' id='word_1_169' title='bbox 811 1859 869 1920; x_wconf 92' lang='lat' dir='ltr'><strong>hu·</strong></span> <span class='ocrx_word' id='word_1_170' title='bbox 887 1860 911 1923; x_wconf 89' lang='lat' dir='ltr'>B</span> <span class='ocrx_word' id='word_1_171' title='bbox 927 1854 974 1916; x_wconf 74' lang='lat' dir='ltr'><strong>cit</strong></span> <span class='ocrx_word' id='word_1_172' title='bbox 999 1855 1208 1930; x_wconf 76' lang='lat' dir='ltr'><strong>attendentes,</strong></span> <span class='ocrx_word' id='word_1_173' title='bbox 1229 1874 1401 1938; x_wconf 79' lang='lat' dir='ltr'><strong>pensemus</strong></span> <span class='ocrx_word' id='word_1_174' title='bbox 1427 1875 1484 1920; x_wconf 91' lang='lat' dir='ltr'><strong>nos</strong></span> <span class='ocrx_word' id='word_1_175' title='bbox 1509 1858 1585 1920; x_wconf 87' lang='lat' dir='ltr'><strong>talia</strong></span> <span class='ocrx_word' id='word_1_176' title='bbox 1609 1859 1674 1941; x_wconf 92' lang='lat' dir='ltr'><strong>pati</strong></span> 
     </span>
     <span class='ocr_line' id='line_1_16' title="bbox 121 1954 1674 2040; baseline 0.001 -23"><span class='ocrx_word' id='word_1_177' title='bbox 121 1957 171 2036; x_wconf 89' lang='lat' dir='ltr'><strong>jus</strong></span> <span class='ocrx_word' id='word_1_178' title='bbox 195 1957 313 2020; x_wconf 76' lang='lat' dir='ltr'><strong>seculi.</strong></span> <span class='ocrx_word' id='word_1_179' title='bbox 925 1972 989 2017; x_wconf 90' lang='lat' dir='ltr'><strong>non</strong></span> <span class='ocrx_word' id='word_1_180' title='bbox 1018 1954 1139 2037; x_wconf 88' lang='lat' dir='ltr'><strong>absque</strong></span> <span class='ocrx_word' id='word_1_181' title='bbox 1166 1955 1365 2020; x_wconf 90' lang='lat' dir='ltr'><strong>ordinatione</strong></span> <span class='ocrx_word' id='word_1_182' title='bbox 1394 1957 1514 2032; x_wconf 90' lang='lat' dir='ltr'><strong>divina,</strong></span> <span class='ocrx_word' id='word_1_183' title='bbox 1535 1957 1586 2020; x_wconf 92' lang='lat' dir='ltr'><strong>vel</strong></span> <span class='ocrx_word' id='word_1_184' title='bbox 1616 1974 1674 2040; x_wconf 92' lang='lat' dir='ltr'><strong>pro</strong></span> 
     </span>
    </p>
   </div>
   <div class='ocr_carea' id='block_1_11' title="bbox 1 2053 1673 2138">
    <p class='ocr_par' dir='ltr' id='par_1_11' title="bbox 1 2053 1673 2138">
     <span class='ocr_line' id='line_1_17' title="bbox 1 2053 1673 2138; baseline 0.002 -26"><span class='ocrx_word' id='word_1_185' title='bbox 1 2069 108 2121; x_wconf 59' lang='lat' dir='ltr'><strong>leoena.</strong></span> <span class='ocrx_word' id='word_1_186' title='bbox 160 2054 278 2128; x_wconf 87' lang='lat' dir='ltr'><strong>Quarto</strong></span> <span class='ocrx_word' id='word_1_187' title='bbox 293 2055 395 2130; x_wconf 89' lang='lat' dir='ltr'><strong>docet,</strong></span> <span class='ocrx_word' id='word_1_188' title='bbox 407 2062 443 2117; x_wconf 94' lang='lat' dir='ltr'><strong>ut</strong></span> <span class='ocrx_word' id='word_1_189' title='bbox 457 2063 588 2138; x_wconf 89' lang='lat' dir='ltr'><strong>peccata</strong></span> <span class='ocrx_word' id='word_1_190' title='bbox 604 2054 764 2136; x_wconf 78' lang='lat' dir='ltr'><strong>fugiamus</strong></span> <span class='ocrx_word' id='word_1_191' title='bbox 781 2056 870 2118; x_wconf 85' lang='lat' dir='ltr'><strong>luxu·</strong></span> <span class='ocrx_word' id='word_1_192' title='bbox 925 2053 1054 2134; x_wconf 89' lang='lat' dir='ltr'><strong>propria</strong></span> <span class='ocrx_word' id='word_1_193' title='bbox 1069 2053 1174 2135; x_wconf 85' lang='lat' dir='ltr'><strong>culpa,</strong></span> <span class='ocrx_word' id='word_1_194' title='bbox 1184 2053 1235 2116; x_wconf 92' lang='lat' dir='ltr'><strong>vel</strong></span> <span class='ocrx_word' id='word_1_195' title='bbox 1251 2072 1309 2136; x_wconf 92' lang='lat' dir='ltr'><strong>pro</strong></span> <span class='ocrx_word' id='word_1_196' title='bbox 1323 2055 1423 2136; x_wconf 88' lang='lat' dir='ltr'><strong>gratia</strong></span> <span class='ocrx_word' id='word_1_197' title='bbox 1439 2063 1471 2118; x_wconf 94' lang='grc' dir='ltr'>εῖ</span> <span class='ocrx_word' id='word_1_198' title='bbox 1485 2056 1585 2137; x_wconf 86' lang='lat' dir='ltr'><strong>gloria</strong></span> <span class='ocrx_word' id='word_1_199' title='bbox 1599 2074 1673 2137; x_wconf 90' lang='lat' dir='ltr'><strong>aug-</strong></span> 
     </span>
    </p>
   </div>
   <div class='ocr_carea' id='block_1_12' title="bbox 2 2168 59 2210">
    <p class='ocr_par' dir='ltr' id='par_1_12' title="bbox 2 2168 59 2210">
     <span class='ocr_line' id='line_1_18' title="bbox 2 2168 59 2210; baseline 0.018 -1"><span class='ocrx_word' id='word_1_200' title='bbox 2 2168 59 2210; x_wconf 70' lang='lat' dir='ltr'><strong>Hele.</strong></span> 
     </span>
    </p>
   </div>
   <div class='ocr_carea' id='block_1_13' title="bbox 70 2151 1673 2235">
    <p class='ocr_par' dir='ltr' id='par_1_13' title="bbox 70 2151 1673 2235">
     <span class='ocr_line' id='line_1_19' title="bbox 70 2151 1673 2235; baseline 0.004 -25"><span class='ocrx_word' id='word_1_201' title='bbox 70 2153 421 2220; x_wconf 72' lang='lat' dir='ltr'><strong>111·,riae.Fomicatores</strong></span> <span class='ocrx_word' id='word_1_202' title='bbox 442 2154 529 2216; x_wconf 91' lang='lat' dir='ltr'><strong>enim</strong></span> <span class='ocrx_word' id='word_1_203' title='bbox 553 2160 585 2216; x_wconf 90' lang='lat' dir='ltr'><strong>et</strong></span> <span class='ocrx_word' id='word_1_204' title='bbox 608 2153 768 2217; x_wconf 90' lang='lat' dir='ltr'><strong>adulteros</strong></span> <span class='ocrx_word' id='word_1_205' title='bbox 787 2154 871 2235; x_wconf 84' lang='lat' dir='ltr'><strong>judi·</strong></span> <span class='ocrx_word' id='word_1_206' title='bbox 926 2151 1105 2226; x_wconf 87' lang='lat' dir='ltr'><strong>mentanda,</strong></span> <span class='ocrx_word' id='word_1_207' title='bbox 1127 2159 1181 2213; x_wconf 89' lang='lat' dir='ltr'><strong>aut</strong></span> <span class='ocrx_word' id='word_1_208' title='bbox 1205 2170 1263 2234; x_wconf 95' lang='lat' dir='ltr'><strong>pro</strong></span> <span class='ocrx_word' id='word_1_209' title='bbox 1287 2153 1348 2215; x_wconf 88' lang='lat' dir='ltr'><strong>alia</strong></span> <span class='ocrx_word' id='word_1_210' title='bbox 1372 2153 1552 2216; x_wconf 88' lang='lat' dir='ltr'><strong>rationabili</strong></span> <span class='ocrx_word' id='word_1_211' title='bbox 1578 2172 1673 2216; x_wconf 88' lang='lat' dir='ltr'><strong>causa</strong></span> 
     </span>
    </p>
   </div>
   <div class='ocr_carea' id='block_1_14' title="bbox 1 2247 1674 2334">
    <p class='ocr_par' dir='ltr' id='par_1_14' title="bbox 1 2247 1674 2334">
     <span class='ocr_line' id='line_1_20' title="bbox 1 2247 1674 2334; baseline 0.001 -21"><span class='ocrx_word' id='word_1_212' title='bbox 1 2247 10 2272; x_wconf 84' lang='grc'>”</span> <span class='ocrx_word' id='word_1_213' title='bbox 121 2251 206 2314; x_wconf 83' lang='lat' dir='ltr'><strong>cubit</strong></span> <span class='ocrx_word' id='word_1_214' title='bbox 221 2252 451 2334; x_wconf 84' lang='lat' dir='ltr'><strong>reprobationis</strong></span> <span class='ocrx_word' id='word_1_215' title='bbox 465 2252 585 2333; x_wconf 87' lang='lat' dir='ltr'><strong>judicio</strong></span> <span class='ocrx_word' id='word_1_216' title='bbox 599 2253 869 2326; x_wconf 78' lang='lat' dir='ltr'><strong>Deussecundum</strong></span> <span class='ocrx_word' id='word_1_217' title='bbox 923 2248 1010 2330; x_wconf 87' lang='lat' dir='ltr'><strong>justo</strong></span> <span class='ocrx_word' id='word_1_218' title='bbox 1032 2250 1096 2312; x_wconf 89' lang='lat' dir='ltr'><strong>Deo</strong></span> <span class='ocrx_word' id='word_1_219' title='bbox 1117 2268 1153 2312; x_wconf 89' lang='lat' dir='ltr'><strong>ac</strong></span> <span class='ocrx_word' id='word_1_220' title='bbox 1175 2251 1412 2332; x_wconf 89' lang='lat' dir='ltr'><strong>sapientissimo</strong></span> <span class='ocrx_word' id='word_1_221' title='bbox 1435 2259 1509 2315; x_wconf 90' lang='lat' dir='ltr'><strong>nota</strong></span> <span class='ocrx_word' id='word_1_222' title='bbox 1525 2269 1532 2314; x_wconf 91' lang='lat'>:</span> <span class='ocrx_word' id='word_1_223' title='bbox 1550 2259 1581 2315; x_wconf 92' lang='lat' dir='ltr'><strong>et</strong></span> <span class='ocrx_word' id='word_1_224' title='bbox 1602 2252 1674 2315; x_wconf 92' lang='lat' dir='ltr'><strong>ideo</strong></span> 
     </span>
    </p>
   </div>
   <div class='ocr_carea' id='block_1_15' title="bbox 2 2347 1674 2532">
    <p class='ocr_par' dir='ltr' id='par_1_15' title="bbox 2 2347 1674 2532">
     <span class='ocr_line' id='line_1_21' title="bbox 10 2347 1674 2432; baseline 0.005 -28"><span class='ocrx_word' id='word_1_225' title='bbox 10 2351 318 2432; x_wconf 58' lang='lat' dir='ltr'><strong>ceracertpostolum.</strong></span> <span class='ocrx_word' id='word_1_226' title='bbox 347 2349 405 2424; x_wconf 82' lang='lat' dir='ltr'><strong>Qui</strong></span> <span class='ocrx_word' id='word_1_227' title='bbox 438 2351 554 2413; x_wconf 90' lang='lat' dir='ltr'><strong>iterum</strong></span> <span class='ocrx_word' id='word_1_228' title='bbox 585 2351 629 2412; x_wconf 90' lang='lat' dir='ltr'><strong>ait</strong></span> <span class='ocrx_word' id='word_1_229' title='bbox 656 2367 662 2412; x_wconf 96' lang='lat'><strong>:</strong></span> <span class='ocrx_word' id='word_1_230' title='bbox 689 2351 869 2415; x_wconf 81' lang='lat' dir='ltr'><strong>Fornicato-</strong></span> <span class='ocrx_word' id='word_1_231' title='bbox 925 2347 1081 2429; x_wconf 90' lang='lat' dir='ltr'><strong>patientes</strong></span> <span class='ocrx_word' id='word_1_232' title='bbox 1112 2367 1366 2429; x_wconf 88' lang='lat' dir='ltr'><strong>perseveremus,</strong></span> <span class='ocrx_word' id='word_1_233' title='bbox 1397 2357 1429 2413; x_wconf 91' lang='lat' dir='ltr'><strong>et</strong></span> <span class='ocrx_word' id='word_1_234' title='bbox 1461 2350 1577 2432; x_wconf 80' lang='lat' dir='ltr'><strong>gratias</strong></span> <span class='ocrx_word' id='word_1_235' title='bbox 1609 2351 1674 2413; x_wconf 87' lang='lat' dir='ltr'><strong>Deo</strong></span> 
     </span>
     <span class='ocr_line' id='line_1_22' title="bbox 2 2428 1674 2532; baseline 0.001 -22"><span class='ocrx_word' id='word_1_236' title='bbox 2 2428 52 2474; x_wconf 52' lang='grc' dir='ltr'><strong>Μ’·</strong></span> <span class='ocrx_word' id='word_1_237' title='bbox 120 2468 169 2511; x_wconf 88' lang='lat' dir='ltr'><strong>res</strong></span> <span class='ocrx_word' id='word_1_238' title='bbox 191 2467 326 2532; x_wconf 91' lang='lat' dir='ltr'><strong>regnum</strong></span> <span class='ocrx_word' id='word_1_239' title='bbox 342 2449 397 2512; x_wconf 87' lang='lat' dir='ltr'><strong>Dei</strong></span> <span class='ocrx_word' id='word_1_240' title='bbox 414 2467 477 2512; x_wconf 92' lang='lat' dir='ltr'><strong>non</strong></span> <span class='ocrx_word' id='word_1_241' title='bbox 499 2448 718 2532; x_wconf 91' lang='lat' dir='ltr'><strong>possidebunt.</strong></span> <span class='ocrx_word' id='word_1_242' title='bbox 736 2449 868 2532; x_wconf 87' lang='lat' dir='ltr'><strong>Nempe,</strong></span> <span class='ocrx_word' id='word_1_243' title='bbox 924 2464 1064 2527; x_wconf 90' lang='lat' dir='ltr'><strong>agamus.</strong></span> <span class='ocrx_word' id='word_1_244' title='bbox 1082 2447 1187 2509; x_wconf 89' lang='lat' dir='ltr'><strong>Primo</strong></span> <span class='ocrx_word' id='word_1_245' title='bbox 1208 2455 1315 2510; x_wconf 88' lang='lat' dir='ltr'><strong>autem</strong></span> <span class='ocrx_word' id='word_1_246' title='bbox 1338 2456 1370 2512; x_wconf 91' lang='lat' dir='ltr'><strong>et</strong></span> <span class='ocrx_word' id='word_1_247' title='bbox 1392 2449 1530 2512; x_wconf 82' lang='lat' dir='ltr'><strong>maxime</strong></span> <span class='ocrx_word' id='word_1_248' title='bbox 1554 2457 1602 2512; x_wconf 89' lang='lat' dir='ltr'><strong>est</strong></span> <span class='ocrx_word' id='word_1_249' title='bbox 1625 2469 1674 2512; x_wconf 92' lang='lat' dir='ltr'><strong>ca-</strong></span> 
     </span>
    </p>
   </div>
   <div class='ocr_carea' id='block_1_16' title="bbox 114 2545 1815 3418">
    <p class='ocr_par' dir='ltr' id='par_1_16' title="bbox 117 2545 1672 2927">
     <span class='ocr_line' id='line_1_23' title="bbox 119 2545 1670 2630; baseline -0.001 -21"><span class='ocrx_word' id='word_1_250' title='bbox 119 2567 220 2628; x_wconf 94' lang='lat' dir='ltr'><strong>quum</strong></span> <span class='ocrx_word' id='word_1_251' title='bbox 236 2549 319 2610; x_wconf 86' lang='lat' dir='ltr'><strong>Deus</strong></span> <span class='ocrx_word' id='word_1_252' title='bbox 335 2549 376 2610; x_wconf 93' lang='lat' dir='ltr'><strong>sit</strong></span> <span class='ocrx_word' id='word_1_253' title='bbox 389 2548 511 2630; x_wconf 86' lang='lat' dir='ltr'><strong>puritas</strong></span> <span class='ocrx_word' id='word_1_254' title='bbox 528 2547 655 2610; x_wconf 82' lang='lat' dir='ltr'><strong>infinita</strong></span> <span class='ocrx_word' id='word_1_255' title='bbox 670 2555 702 2610; x_wconf 91' lang='lat' dir='ltr'><strong>et</strong></span> <span class='ocrx_word' id='word_1_256' title='bbox 719 2549 868 2612; x_wconf 90' lang='lat' dir='ltr'><strong>sanctitas</strong></span> <span class='ocrx_word' id='word_1_257' title='bbox 924 2545 1065 2606; x_wconf 90' lang='lat' dir='ltr'><strong>vendum</strong></span> <span class='ocrx_word' id='word_1_258' title='bbox 1081 2563 1120 2608; x_wconf 90' lang='lat' dir='ltr'><strong>ne</strong></span> <span class='ocrx_word' id='word_1_259' title='bbox 1138 2563 1376 2610; x_wconf 89' lang='lat' dir='ltr'><strong>murmuremus</strong></span> <span class='ocrx_word' id='word_1_260' title='bbox 1391 2547 1543 2610; x_wconf 89' lang='lat' dir='ltr'><strong>adversus</strong></span> <span class='ocrx_word' id='word_1_261' title='bbox 1558 2548 1670 2610; x_wconf 89' lang='lat' dir='ltr'><strong>Deum.</strong></span> 
     </span>
     <span class='ocr_line' id='line_1_24' title="bbox 117 2643 1671 2729; baseline 0.001 -22"><span class='ocrx_word' id='word_1_262' title='bbox 117 2664 249 2727; x_wconf 90' lang='lat' dir='ltr'><strong>prorsus</strong></span> <span class='ocrx_word' id='word_1_263' title='bbox 271 2646 612 2729; x_wconf 84' lang='lat' dir='ltr'><strong>immensa,sapientia</strong></span> <span class='ocrx_word' id='word_1_264' title='bbox 634 2647 869 2728; x_wconf 89' lang='lat' dir='ltr'><strong>supersplendi-</strong></span> <span class='ocrx_word' id='word_1_265' title='bbox 923 2643 976 2705; x_wconf 91' lang='lat' dir='ltr'><strong>Ait</strong></span> <span class='ocrx_word' id='word_1_266' title='bbox 1002 2643 1151 2725; x_wconf 87' lang='lat' dir='ltr'><strong>equidem</strong></span> <span class='ocrx_word' id='word_1_267' title='bbox 1181 2644 1378 2725; x_wconf 82' lang='lat' dir='ltr'><strong>Augustinus</strong></span> <span class='ocrx_word' id='word_1_268' title='bbox 1409 2663 1417 2707; x_wconf 76' lang='grc' dir='ltr'><strong>ι</strong></span> <span class='ocrx_word' id='word_1_269' title='bbox 1448 2647 1491 2709; x_wconf 87' lang='lat' dir='ltr'><strong>De</strong></span> <span class='ocrx_word' id='word_1_270' title='bbox 1520 2646 1609 2708; x_wconf 89' lang='lat' dir='ltr'><strong>nulla</strong></span> <span class='ocrx_word' id='word_1_271' title='bbox 1639 2665 1671 2709; x_wconf 90' lang='lat' dir='ltr'><strong>re</strong></span> 
     </span>
     <span class='ocr_line' id='line_1_25' title="bbox 117 2741 1672 2828; baseline 0 -22"><span class='ocrx_word' id='word_1_272' title='bbox 117 2745 251 2808; x_wconf 91' lang='lat' dir='ltr'><strong>dissima</strong></span> <span class='ocrx_word' id='word_1_273' title='bbox 265 2745 446 2828; x_wconf 91' lang='lat' dir='ltr'><strong>veritasque</strong></span> <span class='ocrx_word' id='word_1_274' title='bbox 463 2745 685 2820; x_wconf 89' lang='lat' dir='ltr'><strong>mundissima,</strong></span> <span class='ocrx_word' id='word_1_275' title='bbox 700 2754 820 2828; x_wconf 87' lang='lat' dir='ltr'><strong>quanto</strong></span> <span class='ocrx_word' id='word_1_276' title='bbox 836 2747 869 2808; x_wconf 90' lang='lat' dir='ltr'><strong>in</strong></span> <span class='ocrx_word' id='word_1_277' title='bbox 924 2742 1025 2822; x_wconf 83' lang='lat' dir='ltr'><strong>magis</strong></span> <span class='ocrx_word' id='word_1_278' title='bbox 1050 2742 1151 2804; x_wconf 84' lang='lat' dir='ltr'><strong>Deum</strong></span> <span class='ocrx_word' id='word_1_279' title='bbox 1171 2741 1345 2805; x_wconf 89' lang='lat' dir='ltr'><strong>oliendisse</strong></span> <span class='ocrx_word' id='word_1_280' title='bbox 1364 2744 1514 2807; x_wconf 88' lang='lat' dir='ltr'><strong>Judaicus</strong></span> <span class='ocrx_word' id='word_1_281' title='bbox 1534 2744 1672 2826; x_wconf 93' lang='lat' dir='ltr'><strong>populus</strong></span> 
     </span>
     <span class='ocr_line' id='line_1_26' title="bbox 117 2840 1672 2927; baseline -0.001 -21"><span class='ocrx_word' id='word_1_282' title='bbox 117 2845 259 2924; x_wconf 87' lang='lat' dir='ltr'><strong>peccatis</strong></span> <span class='ocrx_word' id='word_1_283' title='bbox 287 2845 469 2907; x_wconf 91' lang='lat' dir='ltr'><strong>carnalibus</strong></span> <span class='ocrx_word' id='word_1_284' title='bbox 494 2843 596 2926; x_wconf 90' lang='lat' dir='ltr'><strong>major</strong></span> <span class='ocrx_word' id='word_1_285' title='bbox 620 2852 668 2906; x_wconf 91' lang='lat' dir='ltr'><strong>est</strong></span> <span class='ocrx_word' id='word_1_286' title='bbox 691 2845 867 2927; x_wconf 86' lang='lat' dir='ltr'><strong>turpitudo,</strong></span> <span class='ocrx_word' id='word_1_287' title='bbox 923 2840 1027 2902; x_wconf 89' lang='lat' dir='ltr'><strong>dictus</strong></span> <span class='ocrx_word' id='word_1_288' title='bbox 1057 2847 1115 2914; x_wconf 90' lang='lat' dir='ltr'><strong>est,</strong></span> <span class='ocrx_word' id='word_1_289' title='bbox 1142 2859 1238 2922; x_wconf 93' lang='lat' dir='ltr'><strong>quam</strong></span> <span class='ocrx_word' id='word_1_290' title='bbox 1268 2841 1497 2905; x_wconf 89' lang='lat' dir='ltr'><strong>murmurando</strong></span> <span class='ocrx_word' id='word_1_291' title='bbox 1519 2843 1672 2906; x_wconf 91' lang='lat' dir='ltr'><strong>adversus</strong></span> 
     </span>
    </p>

    <p class='ocr_par' dir='ltr' id='par_1_17' title="bbox 116 2939 1672 3124">
     <span class='ocr_line' id='line_1_27' title="bbox 117 2939 1672 3025; baseline 0.001 -23"><span class='ocrx_word' id='word_1_292' title='bbox 117 2942 221 3024; x_wconf 76' lang='lat' dir='ltr'><strong>maior</strong></span> <span class='ocrx_word' id='word_1_293' title='bbox 244 2943 415 3006; x_wconf 80' lang='lat' dir='ltr'><strong>excaecatio</strong></span> <span class='ocrx_word' id='word_1_294' title='bbox 434 2943 550 3006; x_wconf 90' lang='lat' dir='ltr'><strong>mentis</strong></span> <span class='ocrx_word' id='word_1_295' title='bbox 573 2950 604 3006; x_wconf 91' lang='lat' dir='ltr'><strong>et</strong></span> <span class='ocrx_word' id='word_1_296' title='bbox 625 2943 762 3025; x_wconf 93' lang='lat' dir='ltr'><strong>amplior</strong></span> <span class='ocrx_word' id='word_1_297' title='bbox 781 2943 869 3006; x_wconf 87' lang='lat' dir='ltr'><strong>inho</strong></span> <span class='ocrx_word' id='word_1_298' title='bbox 923 2940 1034 3002; x_wconf 88' lang='lat' dir='ltr'><strong>Deum.</strong></span> <span class='ocrx_word' id='word_1_299' title='bbox 1062 2939 1219 3014; x_wconf 90' lang='lat' dir='ltr'><strong>Secundo,</strong></span> <span class='ocrx_word' id='word_1_300' title='bbox 1246 2959 1286 3002; x_wconf 89' lang='lat' dir='ltr'><strong>ne</strong></span> <span class='ocrx_word' id='word_1_301' title='bbox 1315 2948 1424 3003; x_wconf 87' lang='lat' dir='ltr'><strong>contra</strong></span> <span class='ocrx_word' id='word_1_302' title='bbox 1448 2941 1593 3023; x_wconf 65' lang='lat' dir='ltr'><strong>praelatos</strong></span> <span class='ocrx_word' id='word_1_303' title='bbox 1617 2950 1672 3004; x_wconf 92' lang='lat' dir='ltr'><strong>aut</strong></span> 
     </span>
     <span class='ocr_line' id='line_1_28' title="bbox 116 3038 1671 3124; baseline 0.001 -22"><span class='ocrx_word' id='word_1_304' title='bbox 116 3048 235 3115; x_wconf 91' lang='lat' dir='ltr'><strong>nestas,</strong></span> <span class='ocrx_word' id='word_1_305' title='bbox 253 3049 340 3104; x_wconf 89' lang='lat' dir='ltr'><strong>tanto</strong></span> <span class='ocrx_word' id='word_1_306' title='bbox 360 3042 433 3124; x_wconf 88' lang='lat' dir='ltr'><strong>plus</strong></span> <span class='ocrx_word' id='word_1_307' title='bbox 454 3041 627 3124; x_wconf 90' lang='lat' dir='ltr'><strong>displicent</strong></span> <span class='ocrx_word' id='word_1_308' title='bbox 645 3043 709 3106; x_wconf 86' lang='lat' dir='ltr'><strong>Deo</strong></span> <span class='ocrx_word' id='word_1_309' title='bbox 729 3050 760 3104; x_wconf 90' lang='lat' dir='ltr'><strong>et</strong></span> <span class='ocrx_word' id='word_1_310' title='bbox 781 3043 867 3106; x_wconf 89' lang='lat' dir='ltr'><strong>elon·</strong></span> <span class='ocrx_word' id='word_1_311' title='bbox 887 3042 908 3106; x_wconf 83' lang='lat' dir='ltr'>C</span> <span class='ocrx_word' id='word_1_312' title='bbox 923 3038 1139 3120; x_wconf 77' lang='lat' dir='ltr'><strong>presidentes.</strong></span> <span class='ocrx_word' id='word_1_313' title='bbox 1157 3039 1245 3101; x_wconf 91' lang='lat' dir='ltr'><strong>Unde</strong></span> <span class='ocrx_word' id='word_1_314' title='bbox 1259 3040 1379 3122; x_wconf 83' lang='lat' dir='ltr'><strong>Moyses</strong></span> <span class='ocrx_word' id='word_1_315' title='bbox 1395 3039 1473 3102; x_wconf 92' lang='lat' dir='ltr'><strong>liliis</strong></span> <span class='ocrx_word' id='word_1_316' title='bbox 1488 3040 1583 3103; x_wconf 89' lang='lat' dir='ltr'><strong>lsrael</strong></span> <span class='ocrx_word' id='word_1_317' title='bbox 1599 3058 1671 3104; x_wconf 94' lang='lat' dir='ltr'><strong>con-</strong></span> 
     </span>
    </p>

    <p class='ocr_par' dir='ltr' id='par_1_18' title="bbox 114 3136 1815 3320">
     <span class='ocr_line' id='line_1_29' title="bbox 114 3136 1815 3221; baseline -0.002 -21"><span class='ocrx_word' id='word_1_318' title='bbox 114 3146 191 3217; x_wconf 87' lang='lat' dir='ltr'><strong>gant</strong></span> <span class='ocrx_word' id='word_1_319' title='bbox 215 3139 257 3201; x_wconf 94' lang='lat' dir='ltr'><strong>ab</strong></span> <span class='ocrx_word' id='word_1_320' title='bbox 279 3156 317 3202; x_wconf 91' lang='lat' dir='ltr'><strong>eo</strong></span> <span class='ocrx_word' id='word_1_321' title='bbox 340 3155 346 3200; x_wconf 95' lang='lat'><strong>:</strong></span> <span class='ocrx_word' id='word_1_322' title='bbox 368 3138 488 3203; x_wconf 90' lang='lat' dir='ltr'><strong>idcirco</strong></span> <span class='ocrx_word' id='word_1_323' title='bbox 511 3139 715 3221; x_wconf 82' lang='lat' dir='ltr'><strong>potissimum</strong></span> <span class='ocrx_word' id='word_1_324' title='bbox 739 3140 868 3203; x_wconf 87' lang='lat' dir='ltr'><strong>vitanda</strong></span> <span class='ocrx_word' id='word_1_325' title='bbox 923 3145 971 3199; x_wconf 90' lang='lat' dir='ltr'><strong>tra</strong></span> <span class='ocrx_word' id='word_1_326' title='bbox 990 3155 1023 3198; x_wconf 92' lang='lat' dir='ltr'><strong>se</strong></span> <span class='ocrx_word' id='word_1_327' title='bbox 1043 3142 1075 3197; x_wconf 93' lang='lat' dir='ltr'><strong>et</strong></span> <span class='ocrx_word' id='word_1_328' title='bbox 1093 3136 1196 3199; x_wconf 83' lang='lat' dir='ltr'><strong>Aaron</strong></span> <span class='ocrx_word' id='word_1_329' title='bbox 1219 3137 1494 3200; x_wconf 88' lang='lat' dir='ltr'><strong>murmurantibus</strong></span> <span class='ocrx_word' id='word_1_330' title='bbox 1516 3138 1560 3200; x_wconf 89' lang='lat' dir='ltr'><strong>ait</strong></span> <span class='ocrx_word' id='word_1_331' title='bbox 1577 3156 1583 3201; x_wconf 91' lang='lat'>:</span> <span class='ocrx_word' id='word_1_332' title='bbox 1600 3139 1669 3202; x_wconf 93' lang='lat' dir='ltr'><strong>Non</strong></span> <span class='ocrx_word' id='word_1_333' title='bbox 1689 3153 1815 3206; x_wconf 63' lang='lat' dir='ltr'><strong>namra,</strong></span> 
     </span>
     <span class='ocr_line' id='line_1_30' title="bbox 114 3221 1704 3320; baseline 0.001 -22"><span class='ocrx_word' id='word_1_334' title='bbox 114 3243 191 3298; x_wconf 89' lang='lat' dir='ltr'><strong>sunt</strong></span> <span class='ocrx_word' id='word_1_335' title='bbox 215 3237 415 3312; x_wconf 87' lang='lat' dir='ltr'><strong>Christianis,</strong></span> <span class='ocrx_word' id='word_1_336' title='bbox 432 3237 487 3319; x_wconf 93' lang='lat' dir='ltr'><strong>qui</strong></span> <span class='ocrx_word' id='word_1_337' title='bbox 513 3255 577 3319; x_wconf 76' lang='lat' dir='ltr'><strong>praa</strong></span> <span class='ocrx_word' id='word_1_338' title='bbox 603 3237 716 3300; x_wconf 89' lang='lat' dir='ltr'><strong>ceteris</strong></span> <span class='ocrx_word' id='word_1_339' title='bbox 739 3238 867 3320; x_wconf 92' lang='lat' dir='ltr'><strong>populis</strong></span> <span class='ocrx_word' id='word_1_340' title='bbox 923 3242 1033 3297; x_wconf 90' lang='lat' dir='ltr'><strong>contra</strong></span> <span class='ocrx_word' id='word_1_341' title='bbox 1046 3250 1104 3296; x_wconf 89' lang='lat' dir='ltr'><strong>nos</strong></span> <span class='ocrx_word' id='word_1_342' title='bbox 1125 3241 1171 3296; x_wconf 88' lang='lat' dir='ltr'><strong>est</strong></span> <span class='ocrx_word' id='word_1_343' title='bbox 1192 3253 1338 3297; x_wconf 92' lang='lat' dir='ltr'><strong>murmur</strong></span> <span class='ocrx_word' id='word_1_344' title='bbox 1353 3243 1505 3310; x_wconf 89' lang='lat' dir='ltr'><strong>vestrum,</strong></span> <span class='ocrx_word' id='word_1_345' title='bbox 1522 3237 1577 3298; x_wconf 90' lang='lat' dir='ltr'><strong>sed</strong></span> <span class='ocrx_word' id='word_1_346' title='bbox 1596 3255 1668 3300; x_wconf 93' lang='lat' dir='ltr'><strong>con·</strong></span> <span class='ocrx_word' id='word_1_347' title='bbox 1684 3221 1704 3262; x_wconf 83' lang='lat'><strong>⁸·</strong></span> 
     </span>
    </p>

    <p class='ocr_par' dir='ltr' id='par_1_19' title="bbox 114 3332 1667 3418">
     <span class='ocr_line' id='line_1_31' title="bbox 114 3332 1667 3418; baseline 0.002 -23"><span class='ocrx_word' id='word_1_348' title='bbox 114 3334 189 3415; x_wconf 93' lang='lat' dir='ltr'><strong>puri</strong></span> <span class='ocrx_word' id='word_1_349' title='bbox 214 3353 252 3397; x_wconf 92' lang='lat' dir='ltr'><strong>ac</strong></span> <span class='ocrx_word' id='word_1_350' title='bbox 275 3333 469 3417; x_wconf 87' lang='lat' dir='ltr'><strong>spirituales,</strong></span> <span class='ocrx_word' id='word_1_351' title='bbox 486 3335 668 3418; x_wconf 84' lang='lat' dir='ltr'><strong>Christique</strong></span> <span class='ocrx_word' id='word_1_352' title='bbox 693 3336 867 3400; x_wconf 87' lang='lat' dir='ltr'><strong>imitatores</strong></span> <span class='ocrx_word' id='word_1_353' title='bbox 922 3341 971 3395; x_wconf 93' lang='lat' dir='ltr'><strong>tra</strong></span> <span class='ocrx_word' id='word_1_354' title='bbox 985 3332 1166 3396; x_wconf 90' lang='lat' dir='ltr'><strong>Dominum.</strong></span> <span class='ocrx_word' id='word_1_355' title='bbox 1184 3333 1352 3414; x_wconf 88' lang='lat' dir='ltr'><strong>Gregorius</strong></span> <span class='ocrx_word' id='word_1_356' title='bbox 1369 3352 1495 3416; x_wconf 89' lang='lat' dir='ltr'><strong>quoque</strong></span> <span class='ocrx_word' id='word_1_357' title='bbox 1510 3342 1667 3398; x_wconf 90' lang='lat' dir='ltr'><strong>testatur:</strong></span> 
     </span>
    </p>
   </div>
   <div class='ocr_carea' id='block_1_17' title="bbox 2 3432 1669 3516">
    <p class='ocr_par' dir='ltr' id='par_1_20' title="bbox 2 3432 1669 3516">
     <span class='ocr_line' id='line_1_32' title="bbox 2 3432 1669 3516; baseline 0.003 -24"><span class='ocrx_word' id='word_1_358' title='bbox 2 3449 98 3500; x_wconf 56' lang='lat' dir='ltr'><strong>taenea.</strong></span> <span class='ocrx_word' id='word_1_359' title='bbox 113 3451 184 3496; x_wconf 88' lang='lat' dir='ltr'><strong>esse</strong></span> <span class='ocrx_word' id='word_1_360' title='bbox 202 3441 361 3496; x_wconf 90' lang='lat' dir='ltr'><strong>tenentur.</strong></span> <span class='ocrx_word' id='word_1_361' title='bbox 380 3434 467 3497; x_wconf 84' lang='lat' dir='ltr'><strong>Unde</strong></span> <span class='ocrx_word' id='word_1_362' title='bbox 482 3433 560 3496; x_wconf 91' lang='lat' dir='ltr'><strong>alibi</strong></span> <span class='ocrx_word' id='word_1_363' title='bbox 579 3434 671 3497; x_wconf 90' lang='lat' dir='ltr'><strong>docet</strong></span> <span class='ocrx_word' id='word_1_364' title='bbox 685 3434 865 3516; x_wconf 90' lang='lat' dir='ltr'><strong>Apostolus,</strong></span> <span class='ocrx_word' id='word_1_365' title='bbox 922 3432 980 3506; x_wconf 82' lang='lat' dir='ltr'><strong>Qui</strong></span> <span class='ocrx_word' id='word_1_366' title='bbox 1003 3438 1112 3494; x_wconf 87' lang='lat' dir='ltr'><strong>contra</strong></span> <span class='ocrx_word' id='word_1_367' title='bbox 1137 3432 1371 3514; x_wconf 86' lang='lat' dir='ltr'><strong>superpositam</strong></span> <span class='ocrx_word' id='word_1_368' title='bbox 1396 3432 1458 3495; x_wconf 93' lang='lat' dir='ltr'><strong>sibi</strong></span> <span class='ocrx_word' id='word_1_369' title='bbox 1481 3441 1669 3515; x_wconf 85' lang='lat' dir='ltr'><strong>potestatem</strong></span> 
     </span>
    </p>
   </div>
   <div class='ocr_carea' id='block_1_18' title="bbox 110 3529 1670 3909">
    <p class='ocr_par' dir='ltr' id='par_1_21' title="bbox 110 3529 1670 3909">
     <span class='ocr_line' id='line_1_33' title="bbox 114 3529 1668 3614; baseline 0.003 -22"><span class='ocrx_word' id='word_1_370' title='bbox 114 3540 148 3593; x_wconf 89' lang='lat' dir='ltr'><strong>ut</strong></span> <span class='ocrx_word' id='word_1_371' title='bbox 175 3533 237 3594; x_wconf 93' lang='lat' dir='ltr'><strong>ista</strong></span> <span class='ocrx_word' id='word_1_372' title='bbox 261 3551 321 3594; x_wconf 92' lang='lat' dir='ltr'><strong>nec</strong></span> <span class='ocrx_word' id='word_1_373' title='bbox 344 3533 551 3596; x_wconf 87' lang='lat' dir='ltr'><strong>nominentur</strong></span> <span class='ocrx_word' id='word_1_374' title='bbox 575 3534 608 3595; x_wconf 92' lang='lat' dir='ltr'><strong>in</strong></span> <span class='ocrx_word' id='word_1_375' title='bbox 632 3533 735 3597; x_wconf 91' lang='lat' dir='ltr'><strong>nobis.</strong></span> <span class='ocrx_word' id='word_1_376' title='bbox 757 3533 866 3598; x_wconf 86' lang='lat' dir='ltr'><strong>Omnis</strong></span> <span class='ocrx_word' id='word_1_377' title='bbox 922 3539 1111 3604; x_wconf 91' lang='lat' dir='ltr'><strong>murmurat,</strong></span> <span class='ocrx_word' id='word_1_378' title='bbox 1127 3529 1218 3592; x_wconf 91' lang='lat' dir='ltr'><strong>illum</strong></span> <span class='ocrx_word' id='word_1_379' title='bbox 1234 3531 1394 3612; x_wconf 90' lang='lat' dir='ltr'><strong>redarguit</strong></span> <span class='ocrx_word' id='word_1_380' title='bbox 1409 3532 1464 3614; x_wconf 92' lang='lat' dir='ltr'><strong>qui</strong></span> <span class='ocrx_word' id='word_1_381' title='bbox 1480 3540 1668 3614; x_wconf 87' lang='lat' dir='ltr'><strong>potestatem</strong></span> 
     </span>
     <span class='ocr_line' id='line_1_34' title="bbox 112 3628 1670 3713; baseline 0.002 -21"><span class='ocrx_word' id='word_1_382' title='bbox 112 3632 224 3713; x_wconf 87' lang='lat' dir='ltr'><strong>itaque</strong></span> <span class='ocrx_word' id='word_1_383' title='bbox 248 3631 447 3694; x_wconf 83' lang='lat' dir='ltr'><strong>Christianus</strong></span> <span class='ocrx_word' id='word_1_384' title='bbox 468 3631 508 3694; x_wconf 89' lang='lat' dir='ltr'><strong>ad</strong></span> <span class='ocrx_word' id='word_1_385' title='bbox 532 3631 762 3696; x_wconf 88' lang='lat' dir='ltr'><strong>continentiam</strong></span> <span class='ocrx_word' id='word_1_386' title='bbox 786 3633 865 3696; x_wconf 93' lang='lat' dir='ltr'><strong>obli·</strong></span> <span class='ocrx_word' id='word_1_387' title='bbox 922 3629 1060 3692; x_wconf 89' lang='lat' dir='ltr'><strong>instituit</strong></span> <span class='ocrx_word' id='word_1_388' title='bbox 1089 3646 1126 3690; x_wconf 87' lang='lat' dir='ltr'><strong>ac</strong></span> <span class='ocrx_word' id='word_1_389' title='bbox 1155 3628 1305 3708; x_wconf 84' lang='lat' dir='ltr'><strong>donavit3</strong></span> <span class='ocrx_word' id='word_1_390' title='bbox 1332 3629 1478 3711; x_wconf 88' lang='lat' dir='ltr'><strong>quisquis</strong></span> <span class='ocrx_word' id='word_1_391' title='bbox 1507 3648 1583 3694; x_wconf 92' lang='lat' dir='ltr'><strong>vero</strong></span> <span class='ocrx_word' id='word_1_392' title='bbox 1611 3649 1670 3712; x_wconf 91' lang='lat' dir='ltr'><strong>pro</strong></span> 
     </span>
     <span class='ocr_line' id='line_1_35' title="bbox 111 3727 1670 3812; baseline 0.003 -22"><span class='ocrx_word' id='word_1_393' title='bbox 111 3736 218 3809; x_wconf 87' lang='lat' dir='ltr'><strong>gatur,</strong></span> <span class='ocrx_word' id='word_1_394' title='bbox 241 3729 303 3792; x_wconf 90' lang='lat' dir='ltr'><strong>hoc</strong></span> <span class='ocrx_word' id='word_1_395' title='bbox 327 3737 375 3792; x_wconf 89' lang='lat' dir='ltr'><strong>est</strong></span> <span class='ocrx_word' id='word_1_396' title='bbox 399 3730 438 3792; x_wconf 90' lang='lat' dir='ltr'><strong>ad</strong></span> <span class='ocrx_word' id='word_1_397' title='bbox 463 3731 640 3794; x_wconf 87' lang='lat' dir='ltr'><strong>castitatem</strong></span> <span class='ocrx_word' id='word_1_398' title='bbox 664 3731 864 3812; x_wconf 90' lang='lat' dir='ltr'><strong>virginalem,</strong></span> <span class='ocrx_word' id='word_1_399' title='bbox 922 3735 1052 3811; x_wconf 90' lang='lat' dir='ltr'><strong>peccato</strong></span> <span class='ocrx_word' id='word_1_400' title='bbox 1074 3745 1132 3791; x_wconf 94' lang='lat' dir='ltr'><strong>suo</strong></span> <span class='ocrx_word' id='word_1_401' title='bbox 1156 3727 1336 3808; x_wconf 89' lang='lat' dir='ltr'><strong>corrigitur,</strong></span> <span class='ocrx_word' id='word_1_402' title='bbox 1354 3727 1416 3790; x_wconf 90' lang='lat' dir='ltr'><strong>nisi</strong></span> <span class='ocrx_word' id='word_1_403' title='bbox 1441 3731 1670 3794; x_wconf 91' lang='lat' dir='ltr'><strong>murmurando</strong></span> 
     </span>
     <span class='ocr_line' id='line_1_36' title="bbox 110 3826 1667 3909; baseline 0.001 -21"><span class='ocrx_word' id='word_1_404' title='bbox 110 3827 320 3908; x_wconf 84' lang='lat' dir='ltr'><strong>conjugalem</strong></span> <span class='ocrx_word' id='word_1_405' title='bbox 334 3833 390 3890; x_wconf 90' lang='lat' dir='ltr'><strong>aut</strong></span> <span class='ocrx_word' id='word_1_406' title='bbox 404 3826 575 3890; x_wconf 91' lang='lat' dir='ltr'><strong>vidualem.</strong></span> <span class='ocrx_word' id='word_1_407' title='bbox 597 3828 700 3909; x_wconf 91' lang='lat' dir='ltr'><strong>Atque</strong></span> <span class='ocrx_word' id='word_1_408' title='bbox 722 3836 755 3889; x_wconf 95' lang='lat' dir='ltr'><strong>ut</strong></span> <span class='ocrx_word' id='word_1_409' title='bbox 774 3828 866 3892; x_wconf 89' lang='lat' dir='ltr'><strong>docet</strong></span> <span class='ocrx_word' id='word_1_410' title='bbox 921 3827 1087 3900; x_wconf 88' lang='lat' dir='ltr'><strong>renitatur,</strong></span> <span class='ocrx_word' id='word_1_411' title='bbox 1104 3844 1142 3889; x_wconf 90' lang='lat' dir='ltr'><strong>eo</strong></span> <span class='ocrx_word' id='word_1_412' title='bbox 1157 3827 1226 3908; x_wconf 94' lang='lat' dir='ltr'><strong>ipso</strong></span> <span class='ocrx_word' id='word_1_413' title='bbox 1239 3826 1346 3906; x_wconf 89' lang='lat' dir='ltr'><strong>justus</strong></span> <span class='ocrx_word' id='word_1_414' title='bbox 1361 3845 1430 3889; x_wconf 90' lang='lat' dir='ltr'><strong>esse</strong></span> <span class='ocrx_word' id='word_1_415' title='bbox 1443 3827 1510 3908; x_wconf 83' lang='lat' dir='ltr'><strong>jam</strong></span> <span class='ocrx_word' id='word_1_416' title='bbox 1529 3828 1667 3904; x_wconf 91' lang='lat' dir='ltr'><strong>inchoat,</strong></span> 
     </span>
    </p>
   </div>
   <div class='ocr_carea' id='block_1_19' title="bbox 21 3924 1669 4108">
    <p class='ocr_par' dir='ltr' id='par_1_22' title="bbox 21 3924 1669 4108">
     <span class='ocr_line' id='line_1_37' title="bbox 21 3924 1669 4008; baseline 0 -20"><span class='ocrx_word' id='word_1_417' title='bbox 21 3959 51 3988; x_wconf 66' lang='lat' dir='ltr'><strong>or.</strong></span> <span class='ocrx_word' id='word_1_418' title='bbox 67 3961 95 3998; x_wconf 65' lang='lat' dir='ltr'><strong>a,</strong></span> <span class='ocrx_word' id='word_1_419' title='bbox 110 3924 300 4007; x_wconf 90' lang='lat' dir='ltr'><strong>Apostolus,</strong></span> <span class='ocrx_word' id='word_1_420' title='bbox 316 3943 449 4008; x_wconf 88' lang='lat' dir='ltr'><strong>corpora</strong></span> <span class='ocrx_word' id='word_1_421' title='bbox 473 3925 641 3988; x_wconf 91' lang='lat' dir='ltr'><strong>hominum</strong></span> <span class='ocrx_word' id='word_1_422' title='bbox 666 3926 867 3990; x_wconf 87' lang='lat' dir='ltr'><strong>continenter</strong></span> <span class='ocrx_word' id='word_1_423' title='bbox 921 3943 985 4007; x_wconf 91' lang='lat' dir='ltr'><strong>quo</strong></span> <span class='ocrx_word' id='word_1_424' title='bbox 1000 3924 1187 4005; x_wconf 89' lang='lat' dir='ltr'><strong>corrigentis</strong></span> <span class='ocrx_word' id='word_1_425' title='bbox 1201 3924 1360 4004; x_wconf 87' lang='lat' dir='ltr'><strong>justitiam</strong></span> <span class='ocrx_word' id='word_1_426' title='bbox 1377 3942 1439 3988; x_wconf 93' lang='lat' dir='ltr'><strong>non</strong></span> <span class='ocrx_word' id='word_1_427' title='bbox 1455 3926 1669 3990; x_wconf 84' lang='lat' dir='ltr'><strong>accusat.Ter·</strong></span> 
     </span>
     <span class='ocr_line' id='line_1_38' title="bbox 27 4023 1667 4108; baseline 0.002 -22"><span class='ocrx_word' id='word_1_428' title='bbox 27 4043 33 4052; x_wconf 92' lang='lat'>·</span> <span class='ocrx_word' id='word_1_429' title='bbox 107 4032 140 4086; x_wconf 90' lang='lat' dir='ltr'><strong>et</strong></span> <span class='ocrx_word' id='word_1_430' title='bbox 161 4025 281 4086; x_wconf 91' lang='lat' dir='ltr'><strong>devote</strong></span> <span class='ocrx_word' id='word_1_431' title='bbox 302 4024 480 4088; x_wconf 88' lang='lat' dir='ltr'><strong>viventium</strong></span> <span class='ocrx_word' id='word_1_432' title='bbox 500 4024 657 4106; x_wconf 91' lang='lat' dir='ltr'><strong>templum</strong></span> <span class='ocrx_word' id='word_1_433' title='bbox 677 4033 750 4087; x_wconf 92' lang='lat' dir='ltr'><strong>sunt</strong></span> <span class='ocrx_word' id='word_1_434' title='bbox 770 4025 866 4108; x_wconf 89' lang='lat' dir='ltr'><strong>Spiri-</strong></span> <span class='ocrx_word' id='word_1_435' title='bbox 920 4026 976 4099; x_wconf 91' lang='lat' dir='ltr'><strong>tio,</strong></span> <span class='ocrx_word' id='word_1_436' title='bbox 993 4042 1033 4087; x_wconf 91' lang='lat' dir='ltr'><strong>ne</strong></span> <span class='ocrx_word' id='word_1_437' title='bbox 1049 4031 1159 4086; x_wconf 90' lang='lat' dir='ltr'><strong>contra</strong></span> <span class='ocrx_word' id='word_1_438' title='bbox 1174 4024 1337 4086; x_wconf 87' lang='lat' dir='ltr'><strong>caritative</strong></span> <span class='ocrx_word' id='word_1_439' title='bbox 1358 4023 1576 4106; x_wconf 90' lang='lat' dir='ltr'><strong>corripientes.</strong></span> <span class='ocrx_word' id='word_1_440' title='bbox 1594 4026 1667 4090; x_wconf 92' lang='lat' dir='ltr'><strong>Ideo</strong></span> 
     </span>
    </p>
   </div>
   <div class='ocr_carea' id='block_1_20' title="bbox 102 4121 1812 4695">
    <p class='ocr_par' dir='ltr' id='par_1_23' title="bbox 105 4121 1812 4305">
     <span class='ocr_line' id='line_1_39' title="bbox 107 4121 1812 4205; baseline 0.005 -23"><span class='ocrx_word' id='word_1_441' title='bbox 107 4130 162 4184; x_wconf 91' lang='lat' dir='ltr'><strong>tus</strong></span> <span class='ocrx_word' id='word_1_442' title='bbox 194 4121 316 4197; x_wconf 89' lang='lat' dir='ltr'><strong>Sancti,</strong></span> <span class='ocrx_word' id='word_1_443' title='bbox 342 4129 374 4184; x_wconf 92' lang='lat' dir='ltr'><strong>et</strong></span> <span class='ocrx_word' id='word_1_444' title='bbox 403 4121 547 4185; x_wconf 92' lang='lat' dir='ltr'><strong>membra</strong></span> <span class='ocrx_word' id='word_1_445' title='bbox 574 4139 697 4196; x_wconf 91' lang='lat' dir='ltr'><strong>eorum,</strong></span> <span class='ocrx_word' id='word_1_446' title='bbox 722 4122 866 4186; x_wconf 90' lang='lat' dir='ltr'><strong>membra</strong></span> <span class='ocrx_word' id='word_1_447' title='bbox 921 4122 1069 4186; x_wconf 87' lang='lat' dir='ltr'><strong>Salomon</strong></span> <span class='ocrx_word' id='word_1_448' title='bbox 1088 4121 1230 4204; x_wconf 92' lang='lat' dir='ltr'><strong>loquitur</strong></span> <span class='ocrx_word' id='word_1_449' title='bbox 1247 4139 1254 4183; x_wconf 75' lang='grc' dir='ltr'>ε</span> <span class='ocrx_word' id='word_1_450' title='bbox 1271 4122 1345 4185; x_wconf 90' lang='lat' dir='ltr'><strong>Viro</strong></span> <span class='ocrx_word' id='word_1_451' title='bbox 1365 4122 1420 4205; x_wconf 95' lang='lat' dir='ltr'><strong>qui</strong></span> <span class='ocrx_word' id='word_1_452' title='bbox 1440 4124 1665 4205; x_wconf 89' lang='lat' dir='ltr'><strong>corripientem</strong></span> <span class='ocrx_word' id='word_1_453' title='bbox 1679 4145 1812 4200; x_wconf 66' lang='lat' dir='ltr'><strong>cranam,</strong></span> 
     </span>
     <span class='ocr_line' id='line_1_40' title="bbox 105 4212 1700 4305; baseline 0.003 -24"><span class='ocrx_word' id='word_1_454' title='bbox 105 4229 186 4282; x_wconf 93' lang='lat' dir='ltr'><strong>sunt</strong></span> <span class='ocrx_word' id='word_1_455' title='bbox 215 4219 352 4300; x_wconf 85' lang='lat' dir='ltr'><strong>Christi;</strong></span> <span class='ocrx_word' id='word_1_456' title='bbox 371 4236 503 4302; x_wconf 88' lang='lat' dir='ltr'><strong>corpora</strong></span> <span class='ocrx_word' id='word_1_457' title='bbox 527 4237 603 4282; x_wconf 91' lang='lat' dir='ltr'><strong>vero</strong></span> <span class='ocrx_word' id='word_1_458' title='bbox 627 4218 862 4284; x_wconf 85' lang='lat' dir='ltr'><strong>luxuriosorum</strong></span> <span class='ocrx_word' id='word_1_459' title='bbox 880 4223 905 4284; x_wconf 87' lang='lat' dir='ltr'><strong>ll</strong></span> <span class='ocrx_word' id='word_1_460' title='bbox 920 4223 999 4284; x_wconf 89' lang='lat' dir='ltr'><strong>dura</strong></span> <span class='ocrx_word' id='word_1_461' title='bbox 1014 4221 1138 4284; x_wconf 89' lang='lat' dir='ltr'><strong>cervice</strong></span> <span class='ocrx_word' id='word_1_462' title='bbox 1153 4220 1339 4294; x_wconf 87' lang='lat' dir='ltr'><strong>contemnit,</strong></span> <span class='ocrx_word' id='word_1_463' title='bbox 1357 4221 1542 4302; x_wconf 90' lang='lat' dir='ltr'><strong>repentinus</strong></span> <span class='ocrx_word' id='word_1_464' title='bbox 1558 4241 1666 4305; x_wconf 91' lang='lat' dir='ltr'><strong>super·</strong></span> <span class='ocrx_word' id='word_1_465' title='bbox 1681 4212 1700 4252; x_wconf 90' lang='lat'><strong>¹·</strong></span> 
     </span>
    </p>

    <p class='ocr_par' dir='ltr' id='par_1_24' title="bbox 104 4317 1665 4402">
     <span class='ocr_line' id='line_1_41' title="bbox 104 4317 1665 4402; baseline 0.002 -21"><span class='ocrx_word' id='word_1_466' title='bbox 104 4326 185 4381; x_wconf 92' lang='lat' dir='ltr'><strong>sunt</strong></span> <span class='ocrx_word' id='word_1_467' title='bbox 200 4317 386 4380; x_wconf 87' lang='lat' dir='ltr'><strong>habitacula</strong></span> <span class='ocrx_word' id='word_1_468' title='bbox 402 4319 594 4392; x_wconf 79' lang='lat' dir='ltr'><strong>demonum,</strong></span> <span class='ocrx_word' id='word_1_469' title='bbox 612 4327 642 4380; x_wconf 93' lang='lat' dir='ltr'><strong>et</strong></span> <span class='ocrx_word' id='word_1_470' title='bbox 659 4319 803 4382; x_wconf 91' lang='lat' dir='ltr'><strong>membra</strong></span> <span class='ocrx_word' id='word_1_471' title='bbox 817 4337 865 4383; x_wconf 90' lang='lat' dir='ltr'><strong>eo·</strong></span> <span class='ocrx_word' id='word_1_472' title='bbox 919 4321 1027 4384; x_wconf 90' lang='lat' dir='ltr'><strong>veniet</strong></span> <span class='ocrx_word' id='word_1_473' title='bbox 1052 4321 1207 4382; x_wconf 92' lang='lat' dir='ltr'><strong>interitus.</strong></span> <span class='ocrx_word' id='word_1_474' title='bbox 1232 4320 1358 4393; x_wconf 85' lang='lat' dir='ltr'><strong>Quarto,</strong></span> <span class='ocrx_word' id='word_1_475' title='bbox 1384 4337 1424 4380; x_wconf 90' lang='lat' dir='ltr'><strong>ne</strong></span> <span class='ocrx_word' id='word_1_476' title='bbox 1448 4328 1558 4382; x_wconf 89' lang='lat' dir='ltr'><strong>contra</strong></span> <span class='ocrx_word' id='word_1_477' title='bbox 1582 4321 1665 4402; x_wconf 88' lang='lat' dir='ltr'><strong>inju-</strong></span> 
     </span>
    </p>

    <p class='ocr_par' dir='ltr' id='par_1_25' title="bbox 102 4416 1811 4695">
     <span class='ocr_line' id='line_1_42' title="bbox 103 4416 1811 4500; baseline 0.005 -22"><span class='ocrx_word' id='word_1_478' title='bbox 103 4437 181 4479; x_wconf 91' lang='lat' dir='ltr'><strong>rum</strong></span> <span class='ocrx_word' id='word_1_479' title='bbox 200 4425 278 4478; x_wconf 88' lang='lat' dir='ltr'><strong>sunt</strong></span> <span class='ocrx_word' id='word_1_480' title='bbox 299 4416 443 4480; x_wconf 90' lang='lat' dir='ltr'><strong>membra</strong></span> <span class='ocrx_word' id='word_1_481' title='bbox 462 4417 668 4480; x_wconf 87' lang='lat' dir='ltr'><strong>meretricum</strong></span> <span class='ocrx_word' id='word_1_482' title='bbox 688 4426 783 4500; x_wconf 93' lang='lat' dir='ltr'><strong>atque</strong></span> <span class='ocrx_word' id='word_1_483' title='bbox 799 4419 864 4481; x_wconf 88' lang='lat' dir='ltr'><strong>dia·</strong></span> <span class='ocrx_word' id='word_1_484' title='bbox 920 4420 1048 4493; x_wconf 75' lang='lat' dir='ltr'><strong>rianteS,</strong></span> <span class='ocrx_word' id='word_1_485' title='bbox 1070 4437 1170 4500; x_wconf 95' lang='lat' dir='ltr'><strong>quum</strong></span> <span class='ocrx_word' id='word_1_486' title='bbox 1195 4417 1279 4479; x_wconf 90' lang='lat' dir='ltr'><strong>dicat</strong></span> <span class='ocrx_word' id='word_1_487' title='bbox 1300 4417 1441 4480; x_wconf 88' lang='lat' dir='ltr'><strong>Salvator</strong></span> <span class='ocrx_word' id='word_1_488' title='bbox 1458 4417 1569 4480; x_wconf 88' lang='lat' dir='ltr'><strong>:Beati</strong></span> <span class='ocrx_word' id='word_1_489' title='bbox 1588 4421 1664 4484; x_wconf 91' lang='lat' dir='ltr'><strong>estis</strong></span> <span class='ocrx_word' id='word_1_490' title='bbox 1690 4440 1811 4496; x_wconf 61' lang='lat' dir='ltr'><strong>matini,</strong></span> 
     </span>
     <span class='ocr_line' id='line_1_43' title="bbox 103 4506 1755 4601; baseline 0.002 -23"><span class='ocrx_word' id='word_1_491' title='bbox 103 4515 184 4578; x_wconf 91' lang='lat' dir='ltr'><strong>boli.</strong></span> <span class='ocrx_word' id='word_1_492' title='bbox 205 4515 330 4577; x_wconf 87' lang='lat' dir='ltr'><strong>idcirco</strong></span> <span class='ocrx_word' id='word_1_493' title='bbox 344 4515 399 4596; x_wconf 94' lang='lat' dir='ltr'><strong>qui</strong></span> <span class='ocrx_word' id='word_1_494' title='bbox 416 4517 582 4578; x_wconf 91' lang='lat' dir='ltr'><strong>continens</strong></span> <span class='ocrx_word' id='word_1_495' title='bbox 598 4523 657 4591; x_wconf 87' lang='lat' dir='ltr'><strong>est,</strong></span> <span class='ocrx_word' id='word_1_496' title='bbox 669 4516 745 4578; x_wconf 90' lang='lat' dir='ltr'><strong>vitia</strong></span> <span class='ocrx_word' id='word_1_497' title='bbox 760 4518 864 4580; x_wconf 87' lang='lat' dir='ltr'><strong>carnis</strong></span> <span class='ocrx_word' id='word_1_498' title='bbox 920 4537 1019 4600; x_wconf 91' lang='lat' dir='ltr'><strong>quum</strong></span> <span class='ocrx_word' id='word_1_499' title='bbox 1037 4515 1258 4579; x_wconf 85' lang='lat' dir='ltr'><strong>maledixerint</strong></span> <span class='ocrx_word' id='word_1_500' title='bbox 1273 4515 1363 4578; x_wconf 92' lang='lat' dir='ltr'><strong>vobis</strong></span> <span class='ocrx_word' id='word_1_501' title='bbox 1379 4515 1536 4592; x_wconf 79' lang='lat' dir='ltr'><strong>homines,</strong></span> <span class='ocrx_word' id='word_1_502' title='bbox 1552 4525 1584 4580; x_wconf 92' lang='lat' dir='ltr'><strong>et</strong></span> <span class='ocrx_word' id='word_1_503' title='bbox 1599 4538 1666 4601; x_wconf 93' lang='lat' dir='ltr'><strong>per·</strong></span> <span class='ocrx_word' id='word_1_504' title='bbox 1679 4506 1755 4556; x_wconf 53' lang='grc' dir='ltr'><strong>Μ·</strong></span> 
     </span>
     <span class='ocr_line' id='line_1_44' title="bbox 102 4613 1664 4695; baseline 0.003 -20"><span class='ocrx_word' id='word_1_505' title='bbox 102 4613 255 4692; x_wconf 91' lang='lat' dir='ltr'><strong>devitet;</strong></span> <span class='ocrx_word' id='word_1_506' title='bbox 271 4613 473 4676; x_wconf 90' lang='lat' dir='ltr'><strong>incontinens</strong></span> <span class='ocrx_word' id='word_1_507' title='bbox 493 4622 599 4676; x_wconf 92' lang='lat' dir='ltr'><strong>autem</strong></span> <span class='ocrx_word' id='word_1_508' title='bbox 621 4614 780 4695; x_wconf 81' lang='lat' dir='ltr'><strong>poeniteat.</strong></span> <span class='ocrx_word' id='word_1_509' title='bbox 920 4616 1019 4680; x_wconf 90' lang='lat' dir='ltr'><strong>secuti</strong></span> <span class='ocrx_word' id='word_1_510' title='bbox 1046 4632 1101 4677; x_wconf 93' lang='lat' dir='ltr'><strong>vos</strong></span> <span class='ocrx_word' id='word_1_511' title='bbox 1125 4613 1262 4692; x_wconf 82' lang='lat' dir='ltr'><strong>luerint3</strong></span> <span class='ocrx_word' id='word_1_512' title='bbox 1285 4614 1420 4694; x_wconf 88' lang='lat' dir='ltr'><strong>gaudete</strong></span> <span class='ocrx_word' id='word_1_513' title='bbox 1440 4614 1473 4676; x_wconf 92' lang='lat' dir='ltr'><strong>in</strong></span> <span class='ocrx_word' id='word_1_514' title='bbox 1498 4614 1553 4678; x_wconf 88' lang='lat' dir='ltr'><strong>illa</strong></span> <span class='ocrx_word' id='word_1_515' title='bbox 1576 4617 1664 4693; x_wconf 87' lang='lat' dir='ltr'><strong>hora,</strong></span> 
     </span>
    </p>
   </div>
   <div class='ocr_carea' id='block_1_21' title="bbox 1 4710 1666 4798">
    <p class='ocr_par' dir='ltr' id='par_1_26' title="bbox 1 4710 1666 4798">
     <span class='ocr_line' id='line_1_45' title="bbox 1 4710 1666 4798; baseline 0.002 -21"><span class='ocrx_word' id='word_1_516' title='bbox 1 4733 86 4786; x_wconf 58' lang='lat' dir='ltr'><strong>uno.</strong></span> <span class='ocrx_word' id='word_1_517' title='bbox 145 4712 273 4788; x_wconf 86' lang='lat' dir='ltr'><strong>Quinto</strong></span> <span class='ocrx_word' id='word_1_518' title='bbox 287 4712 380 4776; x_wconf 88' lang='lat' dir='ltr'><strong>docet</strong></span> <span class='ocrx_word' id='word_1_519' title='bbox 393 4710 574 4793; x_wconf 90' lang='lat' dir='ltr'><strong>Apostolus,</strong></span> <span class='ocrx_word' id='word_1_520' title='bbox 592 4731 632 4775; x_wconf 91' lang='lat' dir='ltr'><strong>ne</strong></span> <span class='ocrx_word' id='word_1_521' title='bbox 648 4714 748 4776; x_wconf 89' lang='lat' dir='ltr'><strong>Deum</strong></span> <span class='ocrx_word' id='word_1_522' title='bbox 764 4721 863 4777; x_wconf 88' lang='lat' dir='ltr'><strong>tente-</strong></span> <span class='ocrx_word' id='word_1_523' title='bbox 920 4715 1071 4798; x_wconf 90' lang='lat' dir='ltr'><strong>quoniam</strong></span> <span class='ocrx_word' id='word_1_524' title='bbox 1088 4731 1209 4775; x_wconf 90' lang='lat' dir='ltr'><strong>merces</strong></span> <span class='ocrx_word' id='word_1_525' title='bbox 1225 4721 1329 4776; x_wconf 86' lang='lat' dir='ltr'><strong>vestra</strong></span> <span class='ocrx_word' id='word_1_526' title='bbox 1345 4713 1473 4794; x_wconf 87' lang='lat' dir='ltr'><strong>copiosa</strong></span> <span class='ocrx_word' id='word_1_527' title='bbox 1489 4715 1584 4777; x_wconf 92' lang='lat' dir='ltr'><strong>estin</strong></span> <span class='ocrx_word' id='word_1_528' title='bbox 1604 4735 1666 4780; x_wconf 90' lang='lat' dir='ltr'><strong>coe-</strong></span> 
     </span>
    </p>
   </div>
   <div class='ocr_carea' id='block_1_22' title="bbox 98 4809 1667 4992">
    <p class='ocr_par' dir='ltr' id='par_1_27' title="bbox 98 4809 1667 4992">
     <span class='ocr_line' id='line_1_46' title="bbox 100 4809 1666 4892; baseline 0.003 -19"><span class='ocrx_word' id='word_1_529' title='bbox 100 4831 192 4884; x_wconf 91' lang='lat' dir='ltr'><strong>mus,</strong></span> <span class='ocrx_word' id='word_1_530' title='bbox 221 4809 395 4892; x_wconf 72' lang='lat' dir='ltr'><strong>querendo</strong></span> <span class='ocrx_word' id='word_1_531' title='bbox 419 4811 674 4892; x_wconf 83' lang='lat' dir='ltr'><strong>experimentum</strong></span> <span class='ocrx_word' id='word_1_532' title='bbox 699 4811 738 4873; x_wconf 91' lang='lat' dir='ltr'><strong>de</strong></span> <span class='ocrx_word' id='word_1_533' title='bbox 761 4814 863 4875; x_wconf 92' lang='lat' dir='ltr'><strong>omni·</strong></span> <span class='ocrx_word' id='word_1_534' title='bbox 919 4815 967 4876; x_wconf 93' lang='lat' dir='ltr'><strong>lis.</strong></span> <span class='ocrx_word' id='word_1_535' title='bbox 986 4814 1065 4875; x_wconf 89' lang='lat' dir='ltr'><strong>Hinc</strong></span> <span class='ocrx_word' id='word_1_536' title='bbox 1080 4812 1125 4875; x_wconf 90' lang='lat' dir='ltr'><strong>ait</strong></span> <span class='ocrx_word' id='word_1_537' title='bbox 1138 4811 1277 4876; x_wconf 88' lang='lat' dir='ltr'><strong>Isidorus</strong></span> <span class='ocrx_word' id='word_1_538' title='bbox 1295 4829 1301 4872; x_wconf 94' lang='lat'><strong>:</strong></span> <span class='ocrx_word' id='word_1_539' title='bbox 1319 4811 1424 4874; x_wconf 88' lang='lat' dir='ltr'><strong>Discat</strong></span> <span class='ocrx_word' id='word_1_540' title='bbox 1439 4829 1503 4875; x_wconf 92' lang='lat' dir='ltr'><strong>non</strong></span> <span class='ocrx_word' id='word_1_541' title='bbox 1524 4832 1666 4877; x_wconf 89' lang='lat' dir='ltr'><strong>murmu-</strong></span> 
     </span>
     <span class='ocr_line' id='line_1_47' title="bbox 98 4907 1667 4992; baseline 0.002 -20"><span class='ocrx_word' id='word_1_542' title='bbox 98 4907 258 4992; x_wconf 89' lang='lat' dir='ltr'><strong>potentia</strong></span> <span class='ocrx_word' id='word_1_543' title='bbox 286 4915 341 4970; x_wconf 89' lang='lat' dir='ltr'><strong>aut</strong></span> <span class='ocrx_word' id='word_1_544' title='bbox 365 4908 566 4990; x_wconf 91' lang='lat' dir='ltr'><strong>providentia</strong></span> <span class='ocrx_word' id='word_1_545' title='bbox 591 4908 671 4989; x_wconf 86' lang='lat' dir='ltr'><strong>ejus.</strong></span> <span class='ocrx_word' id='word_1_546' title='bbox 698 4909 758 4972; x_wconf 91' lang='lat' dir='ltr'><strong>Sed</strong></span> <span class='ocrx_word' id='word_1_547' title='bbox 784 4911 862 4972; x_wconf 90' lang='lat' dir='ltr'><strong>certi</strong></span> <span class='ocrx_word' id='word_1_548' title='bbox 919 4931 989 4975; x_wconf 89' lang='lat' dir='ltr'><strong>rare</strong></span> <span class='ocrx_word' id='word_1_549' title='bbox 1003 4911 1059 4992; x_wconf 94' lang='lat' dir='ltr'><strong>qui</strong></span> <span class='ocrx_word' id='word_1_550' title='bbox 1074 4911 1206 4972; x_wconf 89' lang='lat' dir='ltr'><strong>adversa</strong></span> <span class='ocrx_word' id='word_1_551' title='bbox 1221 4909 1359 4990; x_wconf 83' lang='lat' dir='ltr'><strong>patitur3</strong></span> <span class='ocrx_word' id='word_1_552' title='bbox 1375 4916 1405 4970; x_wconf 92' lang='grc' dir='ltr'>εῖ</span> <span class='ocrx_word' id='word_1_553' title='bbox 1424 4909 1450 4970; x_wconf 94' lang='lat' dir='ltr'><strong>si</strong></span> <span class='ocrx_word' id='word_1_554' title='bbox 1468 4909 1590 4991; x_wconf 88' lang='lat' dir='ltr'><strong>ignorat</strong></span> <span class='ocrx_word' id='word_1_555' title='bbox 1609 4931 1667 4975; x_wconf 93' lang='lat' dir='ltr'><strong>cur</strong></span> 
     </span>
    </p>
   </div>
   <div class='ocr_carea' id='block_1_23' title="bbox 5 5006 1665 5090">
    <p class='ocr_par' dir='ltr' id='par_1_28' title="bbox 5 5006 1665 5090">
     <span class='ocr_line' id='line_1_48' title="bbox 5 5006 1665 5090; baseline 0.002 -21"><span class='ocrx_word' id='word_1_556' title='bbox 5 5027 9 5036; x_wconf 89' lang='lat'>·</span> <span class='ocrx_word' id='word_1_557' title='bbox 98 5008 192 5090; x_wconf 92' lang='lat' dir='ltr'><strong>quod</strong></span> <span class='ocrx_word' id='word_1_558' title='bbox 227 5006 298 5088; x_wconf 91' lang='lat' dir='ltr'><strong>ipse</strong></span> <span class='ocrx_word' id='word_1_559' title='bbox 322 5007 489 5069; x_wconf 91' lang='lat' dir='ltr'><strong>verissime</strong></span> <span class='ocrx_word' id='word_1_560' title='bbox 518 5007 720 5089; x_wconf 92' lang='lat' dir='ltr'><strong>omnipotens</strong></span> <span class='ocrx_word' id='word_1_561' title='bbox 750 5017 807 5083; x_wconf 91' lang='lat' dir='ltr'><strong>est,</strong></span> <span class='ocrx_word' id='word_1_562' title='bbox 832 5017 864 5072; x_wconf 89' lang='lat' dir='ltr'><strong>et</strong></span> <span class='ocrx_word' id='word_1_563' title='bbox 919 5030 955 5073; x_wconf 86' lang='lat' dir='ltr'><strong>ea</strong></span> <span class='ocrx_word' id='word_1_564' title='bbox 971 5009 1135 5082; x_wconf 88' lang='lat' dir='ltr'><strong>sustineat,</strong></span> <span class='ocrx_word' id='word_1_565' title='bbox 1153 5027 1210 5090; x_wconf 91' lang='lat' dir='ltr'><strong>per</strong></span> <span class='ocrx_word' id='word_1_566' title='bbox 1224 5007 1284 5070; x_wconf 95' lang='lat' dir='ltr'><strong>hoc</strong></span> <span class='ocrx_word' id='word_1_567' title='bbox 1298 5007 1384 5088; x_wconf 82' lang='lat' dir='ltr'><strong>juste</strong></span> <span class='ocrx_word' id='word_1_568' title='bbox 1404 5007 1469 5089; x_wconf 88' lang='lat' dir='ltr'><strong>pati</strong></span> <span class='ocrx_word' id='word_1_569' title='bbox 1486 5027 1519 5071; x_wconf 92' lang='lat' dir='ltr'><strong>se</strong></span> <span class='ocrx_word' id='word_1_570' title='bbox 1534 5009 1665 5073; x_wconf 88' lang='lat' dir='ltr'><strong>arbitre-</strong></span> 
     </span>
    </p>
   </div>
   <div class='ocr_carea' id='block_1_24' title="bbox 94 5104 1811 5390">
    <p class='ocr_par' dir='ltr' id='par_1_29' title="bbox 94 5104 1811 5390">
     <span class='ocr_line' id='line_1_49' title="bbox 97 5104 1666 5190; baseline -0.001 -19"><span class='ocrx_word' id='word_1_571' title='bbox 97 5108 264 5170; x_wconf 92' lang='lat' dir='ltr'><strong>universa</strong></span> <span class='ocrx_word' id='word_1_572' title='bbox 292 5106 469 5168; x_wconf 89' lang='lat' dir='ltr'><strong>clarissime</strong></span> <span class='ocrx_word' id='word_1_573' title='bbox 499 5107 637 5182; x_wconf 88' lang='lat' dir='ltr'><strong>intuens,</strong></span> <span class='ocrx_word' id='word_1_574' title='bbox 668 5108 865 5190; x_wconf 89' lang='lat' dir='ltr'><strong>sapientissi-</strong></span> <span class='ocrx_word' id='word_1_575' title='bbox 918 5117 981 5182; x_wconf 92' lang='lat' dir='ltr'><strong>tur,</strong></span> <span class='ocrx_word' id='word_1_576' title='bbox 1003 5107 1077 5189; x_wconf 90' lang='lat' dir='ltr'><strong>quia</strong></span> <span class='ocrx_word' id='word_1_577' title='bbox 1098 5105 1139 5168; x_wconf 90' lang='lat' dir='ltr'><strong>ab</strong></span> <span class='ocrx_word' id='word_1_578' title='bbox 1159 5105 1215 5168; x_wconf 94' lang='lat' dir='ltr'><strong>illo</strong></span> <span class='ocrx_word' id='word_1_579' title='bbox 1234 5104 1430 5186; x_wconf 89' lang='lat' dir='ltr'><strong>gubernatur</strong></span> <span class='ocrx_word' id='word_1_580' title='bbox 1450 5124 1486 5167; x_wconf 89' lang='lat' dir='ltr'><strong>ac</strong></span> <span class='ocrx_word' id='word_1_581' title='bbox 1504 5106 1666 5186; x_wconf 89' lang='lat' dir='ltr'><strong>judicatur</strong></span> 
     </span>
     <span class='ocr_line' id='line_1_50' title="bbox 96 5205 1659 5290; baseline -0.001 -21"><span class='ocrx_word' id='word_1_582' title='bbox 96 5226 154 5269; x_wconf 90' lang='lat' dir='ltr'><strong>me</strong></span> <span class='ocrx_word' id='word_1_583' title='bbox 170 5205 525 5278; x_wconf 90' lang='lat' dir='ltr'><strong>ordinans,rectissime</strong></span> <span class='ocrx_word' id='word_1_584' title='bbox 539 5223 666 5288; x_wconf 92' lang='lat' dir='ltr'><strong>quoque</strong></span> <span class='ocrx_word' id='word_1_585' title='bbox 681 5207 861 5290; x_wconf 92' lang='lat' dir='ltr'><strong>disponens,</strong></span> <span class='ocrx_word' id='word_1_586' title='bbox 919 5206 1012 5288; x_wconf 88' lang='lat' dir='ltr'><strong>cujus</strong></span> <span class='ocrx_word' id='word_1_587' title='bbox 1032 5205 1154 5286; x_wconf 85' lang='lat' dir='ltr'><strong>judicia</strong></span> <span class='ocrx_word' id='word_1_588' title='bbox 1175 5223 1338 5286; x_wconf 90' lang='lat' dir='ltr'><strong>nunquam</strong></span> <span class='ocrx_word' id='word_1_589' title='bbox 1363 5211 1488 5266; x_wconf 84' lang='lat' dir='ltr'><strong>exstant</strong></span> <span class='ocrx_word' id='word_1_590' title='bbox 1508 5205 1636 5286; x_wconf 87' lang='lat' dir='ltr'><strong>injusta.</strong></span> <span class='ocrx_word' id='word_1_591' title='bbox 1655 5213 1659 5216; x_wconf 85' lang='grc'><strong>’</strong></span> 
     </span>
     <span class='ocr_line' id='line_1_51' title="bbox 94 5303 1811 5390; baseline -0.002 -20"><span class='ocrx_word' id='word_1_592' title='bbox 94 5305 270 5372; x_wconf 85' lang='lat' dir='ltr'><strong>iaciamus</strong></span> <span class='ocrx_word' id='word_1_593' title='bbox 292 5321 420 5387; x_wconf 91' lang='lat' dir='ltr'><strong>semper</strong></span> <span class='ocrx_word' id='word_1_594' title='bbox 441 5304 525 5386; x_wconf 91' lang='lat' dir='ltr'><strong>quod</strong></span> <span class='ocrx_word' id='word_1_595' title='bbox 550 5304 582 5366; x_wconf 92' lang='lat' dir='ltr'><strong>in</strong></span> <span class='ocrx_word' id='word_1_596' title='bbox 608 5304 700 5368; x_wconf 89' lang='lat' dir='ltr'><strong>nobis</strong></span> <span class='ocrx_word' id='word_1_597' title='bbox 722 5313 779 5382; x_wconf 91' lang='lat' dir='ltr'><strong>est,</strong></span> <span class='ocrx_word' id='word_1_598' title='bbox 806 5325 862 5370; x_wconf 89' lang='lat' dir='ltr'><strong>seu</strong></span> <span class='ocrx_word' id='word_1_599' title='bbox 960 5305 1102 5390; x_wconf 91' lang='lat' dir='ltr'><strong>Septimo</strong></span> <span class='ocrx_word' id='word_1_600' title='bbox 1130 5304 1222 5366; x_wconf 91' lang='lat' dir='ltr'><strong>docet</strong></span> <span class='ocrx_word' id='word_1_601' title='bbox 1244 5303 1424 5384; x_wconf 91' lang='lat' dir='ltr'><strong>Apostolus,</strong></span> <span class='ocrx_word' id='word_1_602' title='bbox 1451 5310 1486 5364; x_wconf 93' lang='lat' dir='ltr'><strong>ut</strong></span> <span class='ocrx_word' id='word_1_603' title='bbox 1511 5304 1566 5386; x_wconf 92' lang='lat' dir='ltr'><strong>qui</strong></span> <span class='ocrx_word' id='word_1_604' title='bbox 1591 5312 1662 5383; x_wconf 86' lang='lat' dir='ltr'><strong>stat,</strong></span> <span class='ocrx_word' id='word_1_605' title='bbox 1678 5327 1811 5385; x_wconf 54' lang='lat' dir='ltr'><strong>remp,</strong></span> 
     </span>
    </p>
   </div>
   <div class='ocr_carea' id='block_1_25' title="bbox 0 0 2074 6258">
    <p class='ocr_par' dir='ltr' id='par_1_30' title="bbox 0 0 2074 6258">
     <span class='ocr_line' id='line_1_52' title="bbox 0 0 2074 6258; baseline 0 9"><span class='ocrx_word' id='word_1_606' title='bbox 0 0 2074 6258; x_wconf 95' lang='lat' dir='ltr'><strong> </strong></span> 
     </span>
    </p>
   </div>
  </div>
 </body>
</html>
