4154 6258
441 495 502 562 424
691 516 840 565 nomios
860 517 913 564 xlv
934 515 1007 564 POST
1025 515 1220 564 ministroli.
1240 533 1280 545 -
1300 515 1475 564 chonosolo
1495 516 1528 563 lli
1547 515 1741 564 avonemo!

296 705 348 753 ree.
357 721 400 761 m,
410 710 432 754 r.
445 686 521 769 quia
536 695 732 771 preceptum
747 688 809 751 luit
824 688 857 751 in
872 688 952 770 lege,
964 695 1000 750 ut
1014 686 1158 751 mundati
1173 705 1191 750 a
1205 686 1232 750 Α
1245 685 1279 749 ἰθ
1294 685 1517 750 Ecclesiastico
1530 686 1686 770 scriptum
1701 693 1760 761 θεῖ,
1770 685 1839 750 Νοθ
1850 694 1891 750 θεῖ
1901 706 1952 752 οοθ-
1963 709 2036 762 nrm.

444 783 534 866 lepra
549 803 583 848 εθ
598 786 816 850 sacerdotibus
831 793 1068 869 presentarent,
1084 793 1192 869 quate·
1245 804 1298 848 aus
1314 804 1411 868 super
1426 804 1559 849 censum
1578 785 1689 850 salutis
1707 784 1855 868 corporis.
1868 789 1904 849 Εῖ
1916 775 1980 849 hiel·

444 902 506 946 nus
527 885 706 948 sacerdotes
726 885 908 966 judicarent
926 905 967 949 an
986 903 1061 949 vere
1084 891 1192 948 essent
1244 894 1317 946 erat
1330 887 1578 956 Samaritanus,
1594 883 1627 948 id
1641 891 1690 948 θεῖ
1708 885 1836 948 natione
1847 885 1952 966 gentilis,

444 984 600 1058 mundati,
613 992 644 1046 et
658 983 754 1048 etiam
771 992 806 1047 ut
821 1001 879 1067 pro
892 1003 951 1048 sua
964 983 1190 1047 emundatione
1245 991 1354 1066 utpote
1375 983 1414 1047 de
1432 981 1559 1046 illorum
1581 984 1703 1047 semine
1722 991 1815 1047 natus
1831 1001 1896 1066 quos
1908 985 1953 1048 Sal·

442 1081 638 1145 sacrificium
654 1082 719 1146 lieo
733 1081 899 1157 oilerrent,
911 1090 1005 1164 prout
1019 1082 1069 1144 lex
1082 1082 1187 1163 jussit.
1246 1100 1391 1144 manasar
1405 1100 1460 1145 rex
1474 1081 1688 1166 Assyriorum,
1704 1081 1859 1145 translatis
1871 1083 1952 1146 decen
1978 1103 2029 1159 um.

441 1179 546 1242 'lertio
562 1180 651 1242 misit
665 1198 718 1243 θοε
733 1181 772 1244 ad
788 1180 967 1244 sacerdotes
982 1187 1112 1262 propter
1127 1199 1191 1264 my·
1244 1180 1404 1256 tribubus,
1425 1179 1590 1243 constituit
1613 1181 1646 1244 in
1669 1188 1754 1245 terro
1778 1180 1916 1256 Samaria,
1929 1169 2017 1244 uim*

441 1276 553 1340 sticam
570 1278 734 1354 rationem,
744 1278 894 1342 videlicet
907 1278 946 1340 od
963 1277 1189 1341 insinuandum
1244 1287 1356 1364 quarto
1377 1279 1498 1361 Regum
1520 1279 1664 1343 hahetur.
1682 1280 1720 1343 lit
1740 1280 1822 1344 lorte
1844 1280 1954 1364 leprosus

440 1376 526 1459 quod
541 1383 725 1458 peccatores
740 1376 950 1460 spiritualiter
963 1375 1052 1458 lepra
1066 1375 1187 1451 infecti,
1245 1377 1303 1440 iste
1325 1377 1388 1440 luit
1409 1377 1599 1461 proselytus,
1615 1377 1648 1440 id
1667 1386 1717 1442 est
1734 1379 1773 1442 ad
1791 1378 1954 1442 ludaismun

440 1474 545 1537 alico
567 1474 672 1537 curari
696 1482 853 1557 optantes,
870 1475 1048 1538 sacerdotes
1072 1474 1190 1538 dehent
1242 1475 1308 1556 jam
1323 1483 1396 1539 anto
1411 1476 1955 1560 conversusDenique,porhocquod

441 1573 603 1646 accedere,
619 1580 652 1636 et
676 1573 771 1637 corde
793 1592 850 1636 sua
874 1591 932 1656 per
954 1572 1188 1636 confessionem
1244 1575 1362 1638 dicitur
1381 1575 1596 1638 Samaritanus
1616 1575 1727 1651 fuisse,
1743 1576 1880 1639 innuitur
1893 1577 1955 1658 quod

441 1671 488 1734 eis
510 1672 633 1754 integre
653 1673 789 1755 aperire.
1243 1673 1297 1736 alii
1314 1690 1429 1736 novem
1445 1673 1574 1736 luerunt
1589 1675 1717 1738 natione
1731 1674 1839 1738 ludaei.
1854 1675 1900 1737 Per
1914 1676 1956 1740 hoo

480 1773 818 1848 desectumestdom
835 1771 1187 1842 commendatiorem
1244 1789 1370 1854 quoque
1390 1773 1475 1855 quod
1498 1772 1557 1834 iste
1577 1772 1663 1836 solus
1683 1773 1723 1835 ad
1741 1774 1848 1837 lesum
1866 1791 1956 1856 regres-
2043 1799 2044 1836 r

440 1887 458 1930 a
474 1868 562 1951 lepra
577 1875 748 1951 antequam
763 1868 802 1931 ad
823 1869 1001 1931 sacerdotes
1017 1867 1164 1930 venirent
1180 1885 1186 1929 :
1207 1869 1229 1930 B
1244 1888 1298 1931 sus
1314 1876 1372 1942 est,
1384 1867 1587 1950 praeiigurate
1601 1876 1650 1932 est
1663 1868 1833 1951 gentilium
1847 1869 1880 1932 ad
1892 1869 1956 1933 Chri·
2043 1863 2044 1918 f

440 1965 556 2048 primo,
580 1967 620 2028 ad
644 1966 870 2029 declarandum
895 1965 1012 2029 Christi
1037 1965 1188 2047 pietatem
1244 1973 1329 2029 stum
1359 1967 1536 2041 conversio,
1563 1967 1679 2030 Judaeis
1709 1968 1742 2029 in
1771 1967 1895 2050 perlidia
1916 1987 1957 2030 sua

440 2072 536 2148 atque
559 2066 753 2148 potentiam;
769 2065 921 2139 secundo,
942 2083 982 2127 ne
1002 2064 1120 2127 virtute
1142 2084 1190 2128 sa·
1245 2064 1459 2128 manentibus.
1476 2064 1537 2127 lilii
1561 2083 1637 2128 vero
1659 2083 1776 2128 novem
1802 2081 1861 2129 non
1882 2067 1956 2129 redie-

442 2163 557 2226 criiicii
580 2165 689 2245 legalis
710 2171 766 2227 aut
784 2164 982 2226 sacerdotum
1002 2170 1190 2246 putarentur
1245 2171 1320 2225 runt
1343 2163 1382 2226 ad
1402 2162 1574 2236 Christum,
1595 2163 1671 2245 quia
1691 2163 1823 2227 forsitan
1845 2165 1956 2227 sacerdo

442 2261 562 2341 curati;
588 2262 692 2337 tertio,
718 2263 758 2324 ad
781 2261 1070 2325 commendandum
1096 2261 1190 2324 meri·
1245 2268 1292 2324 tes
1321 2278 1375 2324 eos
1404 2261 1443 2324 ad
1472 2260 1532 2324 hoc
1562 2261 1767 2336 induxerunt,
1793 2270 1827 2324 ut
1852 2263 1957 2326 astina·

441 2366 511 2422 tum
532 2359 610 2423 iidei
631 2379 667 2422 ac
687 2360 875 2423 obedientiae
895 2360 1094 2441 leprosorum
1117 2361 1189 2424 isto·
1246 2366 1316 2422 rent
1335 2377 1369 2421 se
1388 2376 1451 2421 non
1472 2357 1588 2421 Christi
1602 2359 1721 2422 virtute
1736 2361 1791 2424 sed
1811 2359 1890 2441 legis,
1906 2378 1957 2422 esse

445 2457 588 2540 numqui
602 2458 693 2538 iuxta
708 2458 824 2521 Christi
840 2467 1035 2540 praeceptum
1050 2458 1190 2541 protinus
1246 2464 1380 2519 curatos.

445 2553 492 2618 ire
507 2563 683 2638 coeperunt,
693 2574 791 2638 seque
805 2555 960 2619 curandos
975 2555 1113 2619 firmiter
1128 2575 1192 2619 cre·
1284 2558 1492 2632 Respondeas
1505 2565 1614 2616 cutem
1627 2559 1733 2628 Iesus,
1745 2559 1832 2618 dicit
1844 2579 1858 2617 .·
1869 2559 1958 2622 Nonne
2044 2601 2045 2642 3

349 2653 604 2720 e.u‚diderunt.
635 2652 745 2717 Melior
775 2653 896 2736 quippe
929 2661 977 2716 θεῖ
1009 2654 1191 2717 ohedientia
1245 2658 1350 2715 decem
1377 2653 1493 2735 leprosi
1517 2657 1673 2714 mundati
1693 2657 1794 2715 sunt?
1812 2657 1854 2717 Et
1874 2675 1973 2716 nosen
2044 2655 2045 2660 ’

325 2759 332 2771 ”
444 2771 539 2836 quarn
560 2752 709 2826 victimae,
727 2759 762 2814 ut
783 2752 909 2815 Samuel
928 2752 1070 2834 loquitur
1086 2753 1191 2835 primo
1246 2754 1304 2813 ubi
1323 2751 1531 2833 sentiquasi
1556 2751 1728 2815 dicatthd
1752 2752 1874 2816 oculum
1896 2760 1959 2835 patet

443 2852 574 2932 Regum.
1247 2850 1439 2932 ingratitudo
1463 2849 1602 2912 illorum.
1620 2852 1696 2914 Non
1715 2861 1761 2911 est
1779 2854 1915 2912 inventas
1930 2853 1958 2912 dc

487 2952 578 3013 Unus
596 2959 706 3010 autem
725 2969 766 3010 ec
785 2952 867 3020 illis,
884 2949 915 3012 id
936 2957 984 3012 est
998 2950 1037 3012 de
1056 2968 1191 3013 numero
1246 2949 1310 3011 illis
1331 2948 1532 3028 decemque·
1552 2950 1676 3010 rediret
1700 2949 1742 3013 ad
1766 2967 1825 3024 me,
1838 2959 1868 3010 ct
1886 2953 1958 3010 deret

443 3049 642 3131 leprosorum
672 3047 813 3122 illorum,
840 3057 877 3108 ut
902 3051 986 3108 vidit
1010 3067 1067 3130 per
1095 3067 1190 3131 erpe-
1209 3047 1385 3125 Cylorr'am
1400 3050 1478 3118 Deo,
1490 3047 1521 3108 id
1536 3055 1594 3120 est,
1607 3048 1646 3109 de
1660 3065 1718 3110 sua
1733 3048 1909 3111 miraculosa
1920 3066 1958 3108 cu-

443 3147 591 3209 rientiam
610 3164 647 3209 ac
663 3146 860 3229 corporalem
879 3146 1042 3223 intuitum,
1057 3165 1190 3231 corpore
1247 3145 1368 3208 ratione
1392 3145 1456 3207 Deo
1480 3145 1715 3226 regratiaretur,
1736 3147 1863 3230 ejusque
1884 3147 1958 3229 pieta·

443 3264 501 3310 suo
516 3244 622 3308 suhito
638 3244 829 3307 mirabiliter
848 3245 1016 3307 immutato
1033 3245 1066 3307 in
1086 3246 1191 3310 colore
1246 3253 1311 3307 tem
1332 3251 1364 3306 θῖ
1384 3250 1571 3326 potestatem
1592 3245 1768 3320 extolleret,
1785 3253 1872 3328 alque
1890 3245 1916 3307 in
1934 3263 1958 3305 sc

443 3351 475 3406 et
490 3343 709 3426 dispositione,
727 3343 926 3426 pristinoque
942 3350 1085 3406 cessante
1107 3345 1191 3408 dolo
1246 3341 1419 3404 declaratas
1433 3341 1645 3416 denuntiaret,
1654 3343 1724 3402 nisi
1731 3345 1785 3403 hic
1793 3345 1958 3421 alicnipenr,
2045 3365 2046 3370 ¹

445 3460 490 3518 re,
506 3444 597 3522 quia,
613 3442 646 3504 id
666 3448 714 3504 est
734 3442 830 3524 quod,
847 3444 1026 3502 mundatus
1046 3452 1092 3502 car
1110 3462 1128 3505 a
1148 3443 1191 3507 le·
1248 3440 1281 3502 id
1296 3447 1343 3502 est
1358 3439 1486 3502 natione
1500 3438 1641 3520 gentilis,
1657 3446 1689 3501 et
1703 3447 1853 3522 quantum
1866 3441 1899 3503 ad
1914 3440 1958 3501 hor

446 3559 503 3624 pra
528 3539 696 3623 corporali,
714 3539 778 3602 imo
802 3547 834 3602 et
857 3539 1016 3622 spirituali
1034 3557 1041 3602 :
1058 3541 1133 3623 qnia
1157 3550 1192 3605 ut
1248 3537 1371 3602 alienus
1385 3557 1403 3599 a
1419 3537 1482 3600 lieo
1496 3555 1533 3599 ac
1554 3537 1632 3619 lege.
1648 3538 1816 3614 Quaeritur,
1830 3537 1960 3623 quomodo

298 3655 434 3711 usumin
447 3639 598 3712 creditur,
615 3637 758 3702 Christus
781 3656 875 3700 verus
897 3638 991 3712 Deus,
1007 3639 1100 3720 cujus
1122 3659 1193 3722 per·
1248 3637 1431 3710 istinovem
1451 3636 1491 3698 ad
1510 3636 1671 3700 Christum
1692 3655 1756 3701 non
1777 3640 1928 3706 redierunt,
1940 3637 1959 3698 si

299 3724 320 3764 ⁴·
447 3738 532 3801 iecta
560 3743 634 3799 sunt
657 3753 763 3818 opera,
789 3753 869 3817 qnos
897 3755 1030 3819 corpore
1058 3739 1191 3814 curavit,
1249 3754 1312 3799 non
1333 3734 1539 3818 corporaliter
1558 3741 1693 3811 tantum,
1710 3737 1765 3799 sed
1785 3735 1961 3820 spiritualiter

447 3833 656 3919 spiritualiter
671 3851 799 3916 quoque
818 3834 941 3897 sanavit
958 3835 999 3897 ah
1018 3836 1106 3898 omni
1127 3837 1193 3899 cul·
1248 3853 1376 3918 quoque
1397 3834 1437 3896 ah
1459 3851 1497 3896 eo
1519 3833 1649 3897 luerunt
1671 3835 1783 3898 curati.
1806 3836 1841 3898 ltt
1858 3852 1960 3916 respon-

448 3952 488 4016 pa
503 3931 647 4012 mortali;
665 3951 830 4009 repressus
843 3941 889 3993 est
903 3933 941 3995 ad
956 3934 1063 3996 lesum
1080 3943 1115 3998 ut
1128 3952 1194 4016 gra·
1248 3933 1400 4006 dendum,
1416 3933 1500 4014 quod
1525 3933 1630 3995 eundo
1653 3933 1693 3995 ad
1717 3935 1893 4007 sacerdotes,
1910 3950 1961 3994 cor-

446 4031 507 4094 tias
521 4038 715 4113 ageretcum
725 4031 1002 4108 magnaeocehoc
1018 4040 1066 4095 est
1080 4033 1194 4097 devota
1248 4032 1399 4115 poralitcr
1430 4030 1702 4113 spiritualiterque
1732 4033 1866 4096 mundati
1891 4037 1958 4100 sunt,

447 4137 478 4192 et
501 4128 677 4192 affectuosa
699 4127 791 4190 laude
812 4135 844 4190 et
861 4129 1035 4210 gratiarum
1056 4132 1191 4206 actione,
1248 4131 1303 4193 sed
1319 4137 1428 4214 postea
1447 4128 1570 4192 seducti
1588 4148 1606 4191 a
1625 4131 1848 4206 sacerdotibus,
1860 4135 1907 4192 aut
1919 4127 1960 4190 eli-

446 4231 661 4307 mapnificaos
673 4230 790 4297 Deum,
806 4226 911 4301 idest,
929 4228 1029 4291 licum
1044 4248 1113 4292 esse
1128 4247 1194 4293 om·
1207 4230 1232 4293 D
1248 4229 1332 4292 unde
1353 4227 1499 4291 subversi
1521 4227 1704 4290 creduntur.

445 4327 811 4409 nipotentem,magnum
825 4331 858 4388 et
873 4325 1109 4390 misericordem
1125 4347 1194 4411 pro
1288 4330 1332 4390 Εῖ
1346 4329 1394 4388 ait
1410 4329 1465 4387 illi
1479 4327 1570 4390 lesus
1587 4341 1594 4387 ε
1611 4330 1721 4405 Surye
1740 4347 1759 4391 a
1776 4327 1894 4392 terrain
1910 4343 1960 4409 qua

445 4432 574 4488 testans.
591 4423 741 4498 Quamvis
765 4429 873 4486 autem
892 4424 942 4486 vir
964 4424 1024 4486 iste
1049 4426 1191 4489 nondum
1246 4425 1333 4507 jaces
1353 4431 1539 4507 prostratus,
1555 4431 1651 4506 atque
1670 4443 1688 4487 a
1708 4425 1837 4508 pristina
1854 4441 1959 4488 conver·

446 4523 596 4605 explicite
612 4521 747 4585 credidit
760 4522 864 4585 lesum
879 4540 949 4585 esse
962 4541 1070 4586 verum
1086 4524 1189 4600 Deum,
1248 4523 1381 4598 satione,
1398 4525 1479 4582 vade
1499 4522 1538 4585 ad
1561 4521 1630 4584 loca
1650 4522 1712 4585 tihi
1731 4523 1923 4594 accommoda,
1936 4529 1960 4582 et

446 4621 581 4685 credidit
596 4628 702 4683 tamen
717 4621 803 4702 quod
818 4627 902 4684 esset
922 4639 1055 4704 mugnus
1074 4631 1106 4685 ct
1122 4643 1192 4686 san·
1247 4621 1389 4687 debono
1409 4620 1441 4683 in
1462 4620 1588 4696 melius,
1604 4629 1700 4703 atque
1719 4641 1738 4684 a
1758 4623 1807 4684 via
1823 4619 1959 4705 presentis

446 4729 516 4783 ctus
531 4719 696 4802 propheta,
713 4737 771 4801 per
790 4737 886 4801 quem
907 4719 989 4783 Deus
1008 4729 1192 4802 operaretur
1247 4720 1352 4784 exsilii
1381 4720 1420 4782 ad
1449 4719 1585 4802 patriam
1613 4719 1726 4782 salutis
1753 4729 1873 4792 eterna,
1895 4719 1959 4797 outo

447 4818 608 4882 miracula.
626 4820 670 4881 Εῖ
684 4819 801 4879 cecidit
820 4820 855 4878 in
868 4821 989 4896 faciem
1009 4837 1098 4880 suam
1116 4830 1192 4881 ante
1245 4823 1327 4897 fides
1342 4829 1399 4880 tuo
1415 4828 1445 4879 te
1458 4823 1585 4879 solcum
1598 4821 1691 4896 fecit,
1708 4819 1739 4881 id
1754 4827 1810 4894 est,
1824 4827 1882 4882 actu
1895 4813 1958 4878 fidei

441 4914 758 4995 peuesejusscilicet
772 4914 934 4991 Christi,ei
945 4919 1075 4994 gratias
1084 4936 1190 4995 opens,
1246 4925 1308 4980 tuae
1329 4936 1393 4999 qua
1412 4917 1574 4980 credidisti
1596 4925 1626 4979 te
1645 4935 1740 4999 posse
1761 4917 1885 4982 curaris
1906 4931 1956 4983 me,

444 5014 609 5078 humiliter
624 5013 823 5096 regratiando
839 5030 896 5096 pro
916 5021 1003 5078 tanto
1020 5014 1189 5091 beneficio,
1247 5015 1392 5078 meruisti
1407 5016 1522 5090 curari,
1538 5016 1597 5078 etsi
1613 5033 1677 5079 non
1693 5017 1732 5079 de
1747 5016 1893 5098 condigno,
1907 5009 1956 5073 sal·

444 5131 502 5196 pro
517 5130 581 5196 quo
596 5113 671 5177 satis
691 5111 855 5195 regratiari
875 5113 1044 5193 nequivit:
1062 5113 1137 5195 quia
1155 5121 1190 5177 ut
1244 5122 1308 5178 tem
1332 5115 1371 5178 de
1392 5130 1541 5196 congruo.
