4206 6258
341 533 489 580 borinum
511 534 573 580 XXV
594 535 667 580 POST
687 533 881 580 Tltlltlrnrltu.
902 551 943 562 -··
963 534 1005 580 AD
1025 533 1218 598 Rharorosos;
1240 535 1339 583 salillo
1359 535 1494 584 OCTAVUS

1636 517 1695 584 663

142 721 308 766 summum
328 704 481 786 diligendi
502 705 602 767 Deum
623 711 689 768 toto
709 706 803 768 corde
825 706 935 787 per-A
952 704 1115 767 invenitur
1131 706 1170 768 ad
1191 707 1326 787 singula,
1343 708 1420 770 dum
1440 714 1547 770 mente
1566 706 1699 770 confusa

140 799 226 864 fecte
243 801 486 884 adimpleamus.
504 803 599 866 Porro
621 805 766 886 quaedam
787 803 896 866 carita-

141 899 166 962 ti
188 898 243 962 Dei
264 898 383 964 directe
404 903 647 977 contrariantur,
664 903 747 964 sicut
767 909 896 984 peecata

140 998 297 1074 mortalia,
305 1001 479 1081 presertim
495 1001 613 1064 invidia
623 1020 629 1064 :
640 1008 672 1062 et
687 1000 742 1062 illa
754 1000 896 1064 Christus

140 1096 288 1160 absolute
309 1099 483 1180 prohibuit.
506 1100 655 1172 Quadam
677 1116 753 1160 vero
777 1119 795 1160 a
819 1098 896 1160 eari-

141 1195 217 1258 tatis
236 1195 383 1278 profectu
404 1216 440 1258 ac
461 1197 657 1279 perfectione
673 1205 708 1258 ut
723 1197 896 1260 eommuni-

141 1301 192 1356 ter
206 1293 389 1376 impediunt
402 1295 576 1368 bominem,
587 1303 622 1357 ut
635 1294 764 1368 divitica,
773 1295 896 1357 deliciae

142 1400 176 1455 et
191 1393 339 1467 honoreS,
356 1394 492 1456 carnalis
507 1393 741 1476 propinquitas,
756 1393 896 1474 propria-

144 1510 209 1573 que
224 1491 354 1555 libertas
372 1510 379 1554 :
398 1493 469 1555 ideo
483 1492 560 1555 talia
576 1491 737 1555 consuluit
752 1491 895 1554 Christus

142 1608 214 1652 osse
237 1589 374 1653 vitanda.

187 1688 305 1750 Horum
322 1705 398 1752 vero
415 1689 561 1771 quaedam
577 1695 652 1750 sunt
667 1689 793 1770 penitus
809 1695 898 1750 extra

146 1786 324 1859 hominem,
336 1787 419 1847 siout
435 1793 633 1849 terrenarum
650 1805 756 1848 rerum
773 1804 896 1868 posses·

949 803 1104 866 dividitur
1125 823 1182 886 per
1203 805 1337 867 diversa.

995 902 1033 964 Ut
1062 920 1138 983 ergo
1167 903 1200 965 in
1229 904 1347 967 summi
1377 903 1453 967 boni
1482 903 1699 968 sincerissimo

951 999 1159 1082 proficiamus
1178 1018 1296 1074 amore,
1313 1001 1497 1065 studeamus
1516 1003 1555 1065 ad
1572 1001 1697 1063 nullum

950 1099 1187 1180 predictorum,
1203 1099 1269 1162 imo
1288 1101 1326 1162 ad
1346 1101 1472 1162 nullum
1495 1107 1635 1163 creatum
1655 1099 1699 1163 af-

950 1196 1006 1258 fici
1037 1197 1225 1271 inordinate,
1252 1198 1452 1273 sensualiter,
1478 1198 1696 1272 immoderate,

951 1295 1006 1357 sed
1029 1294 1133 1356 solum
1155 1295 1373 1377 spiritualiter,
1390 1283 1534 1359 ordinate
1553 1303 1585 1359 et
1606 1315 1696 1378 pure,

950 1399 1029 1474 puta
1050 1392 1083 1454 in
1105 1393 1179 1466 Deo,
1196 1394 1373 1455 seeundum
1395 1394 1497 1457 Deum
1517 1401 1548 1456 et
1569 1400 1700 1475 propter

951 1492 1064 1564 Deum,
1089 1492 1197 1554 omnia
1226 1491 1349 1554 scilicet
1377 1490 1545 1554 referendo
1574 1491 1613 1553 ad
1642 1490 1699 1553 Ilei

952 1590 1104 1652 honorem
1128 1607 1164 1651 ao
1187 1590 1333 1671 gloriam,
1353 1609 1412 1652 neo
1432 1609 1469 1652 ea
1490 1589 1625 1652 amando
1646 1596 1701 1650 aut

952 1687 1111 1769 cupiendo
1135 1687 1197 1750 nisi
1223 1688 1401 1750 seeundum
1426 1689 1482 1751 llei
1502 1688 1699 1750 voluntatem

952 1803 988 1848 ac
1012 1785 1125 1866 legem,
1142 1805 1197 1848 seu
1221 1794 1316 1867 prout
1340 1787 1432 1849 nobis
1458 1787 1548 1848 utilia
1572 1793 1626 1848 aut
1646 1804 1701 1848 ne·

144 1883 203 1946 sio.
217 1885 299 1958 Quas
315 1883 459 1947 Christus
474 1885 636 1948 consuluit
652 1892 781 1966 propter
795 1885 895 1945 Deum
910 1881 934 1943 B
954 1883 1090 1946 cessaria
1114 1892 1189 1946 sunt
1209 1885 1248 1947 ad
1273 1885 1477 1948 serviendum
1503 1884 1702 1966 complacen-

144 1982 298 2064 relinqui,
319 1981 456 2044 dicendo
478 2000 484 2044 :
507 1983 538 2046 Si
562 1984 610 2044 vis
630 1982 791 2065 perfectus
815 2000 895 2054 esse,

144 2080 238 2152 vade,
255 2082 358 2144 vende
374 2081 481 2144 omnia
500 2101 572 2163 quae
590 2081 700 2154 babes,
717 2089 748 2143 et
762 2081 801 2142 da
822 2100 898 2162 pau·

144 2178 296 2260 peribus;
320 2187 353 2242 et
376 2180 509 2242 veniens
538 2198 671 2261 sequere
696 2199 755 2242 me.
782 2179 898 2261 Sicque

145 2279 179 2339 in
205 2278 267 2340 isto
285 2277 419 2340 oonsilio
435 2277 587 2340 fundatur
602 2285 711 2340 votum
731 2285 899 2360 pauperta-

146 2376 190 2438 tis
220 2375 416 2438 voluntariac.
449 2375 597 2449 Quadam
631 2383 738 2438 autem
770 2375 898 2438 illorum

143 2482 222 2538 sunt
235 2473 342 2555 aliquo
358 2474 455 2537 modo
470 2474 562 2536 nobis
578 2474 796 2556 conjunctam
811 2492 898 2548 uxor,

144 2579 298 2655 parentes
318 2580 350 2634 et
370 2571 485 2654 proles.
503 2574 577 2646 Qum
599 2573 707 2635 omnia
726 2572 834 2634 docuit
852 2591 899 2633 re-

1 2701 14 2728 n
37 2717 44 2727 .
98 2699 124 2732 v,
147 2670 252 2751 linqui
274 2670 427 2742 Salvator,
448 2671 558 2733 dicens
576 2690 583 2735 ε
601 2671 631 2732 Si
656 2671 727 2751 quis
749 2669 836 2731 venit
860 2669 899 2732 ad

148 2787 213 2842 me,
232 2776 264 2830 et
279 2786 341 2831 non
362 2769 430 2832 odit
446 2776 570 2850 patrem
590 2787 684 2831 suum
704 2775 735 2829 et
753 2776 898 2840 matrem,

145 2875 180 2929 et
201 2865 315 2928 fratres
337 2875 369 2928 at
390 2885 526 2940 sorores,
544 2874 575 2929 et
595 2883 725 2928 uxorem
749 2873 780 2927 et
801 2864 898 2938 tilios,

144 2983 212 3026 non
237 2972 342 3046 potest
367 2983 457 3026 meus
488 2983 557 3026 esse
581 2963 769 3045 discipulus.
800 2963 838 3024 Et
867 2963 900 3024 in

954 1982 1095 2063 dumque
1109 1983 1182 2044 lleo.
1201 1983 1299 2064 Cujus
1316 1984 1499 2065 oppositum
1518 1983 1641 2045 faciunt
1656 2001 1703 2044 rc-

954 2080 1058 2162 ligiosi
1079 2082 1245 2163 proprium
1266 2082 1470 2164 peculiumve
1489 2082 1654 2156 babentes,
1671 2091 1704 2145 et

954 2179 1009 2260 qui
1024 2179 1063 2242 ad
1084 2196 1157 2240 suos
1177 2179 1375 2262 propinquos
1396 2199 1451 2242 seu
1471 2179 1551 2242 alios
1571 2180 1703 2242 carnali·

955 2285 1004 2340 ter
1024 2276 1225 2351 afficiuntur,
1242 2285 1273 2338 et
1293 2295 1351 2359 pro
1372 2278 1420 2340 eis
1442 2277 1621 2341 inordinate
1644 2278 1703 2341 sol-

956 2375 1129 2448 licitantur,
1155 2375 1433 2462 aut-saecularium
1463 2394 1551 2438 more
1581 2375 1703 2458 inquie-

956 2481 1072 2537 tantur.
1091 2473 1151 2536 Sed
1168 2493 1267 2555 quum
1287 2475 1326 2537 ad
1346 2474 1582 2556 proficiendum
1601 2475 1632 2536 in
1649 2475 1703 2537 Dei

955 2579 1065 2634 sancto
1086 2589 1204 2646 amore,
1226 2591 1339 2654 parum
1358 2580 1413 2635 aut
1431 2573 1511 2634 nihil
1534 2573 1635 2654 prosit
1655 2591 1706 2634 res

956 2671 1040 2752 ipsas
1061 2669 1232 2732 exteriores
1247 2688 1284 2731 ao
1301 2671 1498 2752 propinquos
1513 2671 1703 2742 deseruisse,

956 2768 1016 2830 nisi
1041 2775 1073 2830 et
1098 2767 1158 2849 ipsi
1182 2766 1348 2830 interiores
1374 2767 1544 2829 inordinati
1569 2766 1705 2829 affectus

956 2867 994 2928 ad
1011 2865 1065 2928 illa
1082 2865 1227 2927 funditus
1242 2865 1443 2928 eradicentur
1458 2865 1497 2927 de
1512 2865 1617 2938 corde,
1635 2884 1705 2946 pro·

957 2972 1066 3046 pterea
1081 2964 1166 3045 ipsas
1180 2963 1370 3045 cupiditates
1386 2972 1418 3026 et
1432 2963 1626 3026 inordinatas
1641 2982 1705 3026 om·

144 3065 210 3126 isto
233 3062 386 3125 fundatur
413 3071 522 3125 votum
548 3069 710 3144 perpetuas
735 3062 897 3124 castitatis.
915 3062 936 3125 G
956 3081 1013 3124 nes
1042 3062 1230 3124 affectiones
1259 3062 1387 3142 penitus
1415 3061 1641 3143 exstirpemus,
1671 3069 1703 3123 et

146 3162 299 3234 Quadam
323 3178 399 3223 vero
426 3161 554 3223 illorum
577 3168 650 3222 sunt
676 3160 759 3222 intra
780 3177 849 3235 nos,
866 3168 900 3220 ut

148 3259 280 3341 propria
295 3258 452 3321 voluntas.
465 3260 564 3333 Quam
581 3258 735 3320 Dominus
749 3259 839 3320 lesus
854 3276 900 3320 re-

146 3357 358 3438 linquendam
378 3356 549 3428 consuluit,
567 3356 773 3438 praeinductis
792 3355 898 3418 verbis

146 3455 356 3536 adjiciendo:
374 3453 485 3516 Adhuc
506 3461 613 3516 aulem
635 3462 667 3516 et
685 3455 825 3516 animam
848 3473 898 3516 su-

146 3574 213 3616 am.
239 3554 327 3616 Unde
352 3553 437 3635 apud
461 3553 641 3616 llatthaeum
666 3553 711 3614 ait
736 3572 742 3616 :
770 3553 801 3614 Si
826 3553 898 3633 quis

147 3651 221 3714 vult
235 3651 345 3713 venire
360 3657 432 3732 post
447 3669 508 3724 me,
525 3649 661 3731 abneget
676 3651 896 3731 semetipsum,

146 3758 182 3812 et
198 3750 288 3812 tollat
302 3768 431 3812 crucem
451 3768 553 3824 suam,
570 3756 601 3810 et
616 3757 767 3830 sequatur
782 3768 842 3810 me.
862 3749 900 3809 Et

148 3850 184 3911 in
201 3849 261 3911 isto
276 3848 428 3910 fundatur
443 3856 553 3910 votum
569 3847 767 3910 obedientia.
786 3847 899 3909 llocuit

148 3949 258 4029 itaque
283 3947 381 4008 filius
407 3947 462 4008 [lei
492 3947 559 4008 hmo
588 3946 696 4008 omnia
720 3946 898 4027 derelinqui

146 4045 308 4109 desiderio
333 4044 539 4126 perfectionis
568 4051 662 4126 atque
688 4045 805 4106 intuitu
830 4045 896 4117 Dei,

146 4145 233 4207 utin
250 4144 315 4207 Deo
333 4162 387 4207 cor
407 4145 583 4207 amorosius
604 4142 841 4224 perfectiusque
861 4143 898 4204 fi-

955 3161 1031 3222 solis
1054 3160 1240 3222 necessariis
1263 3161 1403 3223 contenti
1424 3161 1535 3234 simus,
1551 3167 1646 3241 atque
1668 3160 1700 3220 iu
1716 3183 1849 3236 insana.

954 3259 1104 3320 omnibus
1119 3257 1264 3320 animum
1280 3258 1558 3339 imperturbatum,
1576 3275 1630 3318 cor
1645 3275 1701 3338 per

954 3357 1141 3440 patientiam
1158 3356 1238 3418 forte
1254 3363 1285 3418 et
1301 3357 1538 3428 inconcussum,
1549 3363 1701 3418 mentem-

953 3475 1016 3539 que
1032 3455 1236 3518 reformatam
1256 3453 1373 3516 habere
1389 3474 1425 3517 ac
1441 3454 1603 3536 possidere
1619 3473 1701 3516 sem-

954 3573 1011 3638 per
1034 3573 1196 3616 conemur.
1215 3553 1302 3615 Unde
1325 3551 1471 3615 nonnulli
1496 3551 1635 3632 religiosi
1658 3553 1702 3614 ita

954 3669 1018 3713 non
1042 3657 1181 3730 agentes,
1204 3648 1389 3730 frequenter
1409 3665 1467 3730 pro
1488 3647 1584 3709 rebus
1610 3647 1701 3709 mini-

954 3747 1015 3810 mis
1030 3765 1066 3809 ao
1082 3745 1248 3808 vilissimis
1265 3745 1498 3826 passionantur,
1506 3744 1702 3806 contendunt

954 3853 986 3908 et
1008 3845 1224 3924 indignantur,
1245 3850 1375 3924 tamque
1402 3842 1579 3904 inordinate
1600 3841 1702 3904 affici-

954 3951 1052 4006 untur
1072 3941 1110 4004 ad
1131 3959 1228 4024 parva
1248 3959 1384 4022 quorum
1408 3959 1485 4002 usus
1507 3940 1553 4002 eis
1574 3958 1701 4002 eonces-

954 4063 1008 4105 sus
1023 4049 1081 4115 est,
1099 4049 1133 4103 ut
1148 4040 1316 4102 saculares
1333 4039 1373 4101 ad
1390 4058 1503 4120 magna
1518 4059 1589 4120 quae
1604 4039 1703 4120 possi-

954 4142 1038 4204 dent.
1056 4141 1136 4202 ilino
1156 4158 1253 4220 parva
1273 4138 1425 4200 fratribus
1446 4137 1512 4198 suis
1528 4137 1702 4198 concedere

146 4251 252 4324 gatur‚
270 4241 357 4304 vitiis
373 4242 500 4323 plenius
515 4241 700 4314 reluctetur,
716 4249 748 4303 et
763 4241 795 4302 in
811 4241 899 4303 omni
914 4240 938 4301 D
954 4246 1104 4310 renuunt,
1113 4256 1171 4300 neo
1187 4255 1224 4298 ea
1239 4236 1300 4298 sibi
1315 4235 1434 4297 auferri
1449 4254 1468 4295 a
1483 4233 1702 4315 superioribus

146 4343 268 4404 virtute
284 4347 475 4402 concrescat.
494 4340 553 4403 Cor
569 4358 707 4422 namque
723 4341 898 4401 humanum

149 4447 241 4502 tanto
261 4439 416 4520 integrius
435 4456 471 4500 ac
492 4438 669 4500 ferventius
689 4439 721 4500 in
742 4455 805 4500 uno
820 4437 899 4499 defi-

147 4540 248 4620 gitur,
266 4537 452 4619 quominus
473 4537 505 4597 in
524 4537 634 4598 multis
649 4537 852 4618 dispergitur,
870 4544 901 4598 et

147 4655 216 4719 qno
237 4636 337 4718 magis
352 4655 370 4697 a
386 4634 496 4696 multis
515 4634 718 4697 abstrahitur.
737 4634 900 4715 Siquidem

148 4737 253 4797 virtus
270 4734 358 4796 unita
374 4733 485 4795 fortior
500 4741 548 4794 est
563 4752 659 4814 quarn
675 4732 826 4814 dispersa.
836 4733 902 4794 Est·

150 4852 217 4916 que
233 4833 364 4914 vulgare
380 4831 543 4912 eloquium
562 4849 568 4892 :
586 4830 733 4894 Pluribus
750 4831 901 4903 intentus,

151 4932 260 4995 minor
278 4931 379 4993 estad
395 4929 520 5010 singula
535 4948 657 4991 sensus.
675 4930 804 5010 Propter
819 4930 904 5010 quod

150 5031 255 5094 sancti
271 5029 437 5092 affirmant
451 5029 595 5092 doctores
608 5046 614 5089 :
627 5029 832 5110 Nequaquam
851 5028 904 5090 ho-

152 5128 265 5192 moin
290 5127 546 5208 uniuscujusque
570 5126 676 5208 operis
700 5126 820 5188 ratione
844 5125 906 5187 col-

153 5227 278 5308 ligitur,
295 5226 423 5308 quando
439 5243 528 5286 mens
544 5224 614 5305 ejus
631 5243 687 5306 per
701 5224 826 5286 diversa
842 5242 908 5304 par-

155 5328 245 5390 titur.
264 5325 302 5387 Et
317 5340 447 5386 rursus:
461 5324 565 5404 lmpar
580 5321 758 5403 (inquiunt)
772 5323 908 5403 quisque

955 4337 1021 4398 suis
1042 4335 1263 4416 aequanimiter
1285 4333 1400 4395 ferunt.

996 4435 1156 4496 Postremo
1171 4432 1209 4494 de
1227 4432 1286 4493 hac
1305 4449 1339 4492 re
1359 4430 1459 4492 sancti
1477 4437 1508 4492 et
1523 4429 1704 4511 expertissi-

957 4533 1001 4595 mi
1026 4540 1130 4614 patres
1155 4528 1311 4592 Eusebius
1336 4529 1515 4603 Emiseuus,
1535 4528 1703 4591 Cassianus

958 4639 989 4693 et
1021 4630 1178 4694 Climacus
1210 4627 1396 4709 plenissime
1427 4645 1463 4687 ao
1495 4625 1704 4688 subtilissime

959 4729 1114 4801 scribunt,
1131 4726 1401 4808 quemadmodum
1418 4724 1547 4805 quidam
1568 4724 1607 4786 ad
1628 4725 1706 4786 inte-

960 4829 1075 4890 riorem
1098 4824 1365 4887 renuntiationem
1388 4841 1425 4884 ac
1448 4821 1706 4885 reformationem

959 4927 1034 4988 dare
1059 4944 1093 4986 se
1119 4923 1325 5004 negligentes,
1350 4939 1515 5002 nunquam
1539 4921 1578 4982 ad
1604 4921 1708 5003 perfe-

961 5025 1098 5087 ctionem
1123 5023 1319 5105 pertingunt,
1337 5021 1401 5082 imo
1421 5038 1534 5102 parum
1552 5027 1607 5080 aut
1628 5020 1708 5082 nihil

962 5121 1165 5206 proficiunt:
1190 5120 1269 5201 quin
1298 5119 1363 5180 imo
1387 5125 1533 5199 pereunt,
1556 5117 1633 5199 quia
1656 5137 1711 5180 sae-

963 5222 1036 5305 pius
1052 5237 1110 5302 pro
1125 5236 1188 5280 uno
1204 5217 1287 5290 stilo,
1304 5234 1361 5298 pro
1376 5216 1519 5297 graphio,
1532 5233 1589 5296 pro
1604 5216 1712 5277 tabula

964 5327 1018 5382 aut
1044 5317 1205 5382 similibus
1231 5315 1530 5378 imnroderatissime
1554 5315 1712 5377 concitan-
