4164 6258
323 518 470 568 nonnum
491 519 525 566 ru
546 519 619 566 rosr
638 518 832 566 muneras.
853 537 893 549 -
913 519 956 566 an
975 519 1170 583 naurcrosos;
1192 519 1291 568 seruo
1312 520 1424 568 saxrns
1590 504 1650 570 tot

110 689 352 752 interminabilis
371 689 523 753 bonitatis
539 707 575 752 ac
596 687 730 752 intiniuc
744 687 851 751 dulce·
866 685 892 750 Α
907 687 991 751 oiare
1021 688 1186 751 decrevit!
1211 688 1298 762 Quod
1327 696 1455 752 sanetus
1484 689 1651 752 advertens

110 788 189 850 dinis
211 787 405 862 beatificam,
422 787 645 850 suavissimam
665 785 851 849 fruitionem
906 785 1117 869 Hieronymus
1136 804 1143 848 :
1161 785 1246 850 Nihil
1261 787 1396 868 (inquit)
1417 785 1543 850 felicius
1569 787 1654 850 Chri·

111 885 246 968 plenarie
276 893 524 960 contentantem,
551 894 585 947 ut
611 886 694 948 sicut
716 885 852 947 loannes
907 885 1021 958 stiano,
1045 883 1095 947 cui
1121 902 1217 966 regna
1237 887 1468 967 promittuntur
1487 883 1651 948 ooelorum.

109 983 298 1064 evangelista
320 983 352 1045 in
372 983 502 1046 exordio
520 1003 585 1046 suae
605 982 716 1065 prime
734 983 779 1044 ait
799 982 852 1046 Ca·
908 983 1008 1056 Certe,
1034 983 1059 1044 si
1086 983 1172 1044 bunc
1197 991 1312 1046 nostrae
1341 983 1512 1046 creationis
1539 981 1653 1056 finem,

20 1120 42 1148 u
110 1082 238 1154 nonicae,
254 1079 438 1144 societatem
458 1079 633 1143 babeamus
649 1080 689 1142 ad
705 1081 804 1143 Deum
820 1087 853 1142 et
908 1081 934 1143 si
964 1087 1028 1142 tam
1059 1079 1258 1144 indicibilem
1287 1081 1380 1144 nobis
1409 1090 1550 1164 paratam
1580 1081 1655 1144 bea·

110 1199 179 1242 curn
194 1180 268 1241 Deo.
285 1179 357 1242 llaec
372 1179 492 1262 quippe
512 1178 645 1240 societas
662 1178 694 1239 in
709 1196 852 1241 commu·
908 1177 1078 1242 titudinem
1103 1179 1163 1241 rite
1183 1179 1430 1254 attenderemus,
1452 1197 1533 1242 vana
1555 1186 1586 1241 et
1610 1179 1655 1242 vi·

109 1277 263 1340 nicatione
283 1276 338 1338 illa
354 1276 597 1357 dignantissima
617 1275 852 1339 liberalissima·
908 1277 950 1339 lia
973 1277 1082 1341 omnia
1110 1277 1359 1359 despiceremus,
1386 1285 1501 1340 cuncta
1524 1277 1656 1341 adversa

109 1395 168 1457 que
196 1374 352 1448 consistit,
383 1372 535 1436 fundatur
562 1381 593 1436 ct
623 1374 762 1456 ponitur,
789 1393 851 1456 quo
907 1394 981 1438 eum
1006 1375 1121 1456 gaudio
1144 1383 1337 1457 pateremur,
1359 1393 1524 1456 nunquam
1545 1375 1578 1437 in
1599 1375 1655 1438 uei

110 1475 188 1536 lleus
207 1471 395 1535 naturaliter
414 1469 605 1553 infiniteque
622 1470 737 1544 bonus,
754 1470 850 1534 beati·
906 1473 1061 1557 obsequio
1085 1474 1179 1556 pigri,
1201 1473 1327 1536 remissi
1350 1481 1381 1536 et
1403 1472 1510 1554 frigidi
1533 1473 1656 1538 inveni-

110 1571 249 1634 tudinem
272 1589 363 1632 suam
383 1569 659 1652 opulentissimam
679 1568 771 1632 nobis
786 1577 850 1632 tam
907 1591 1023 1635 remur.

110 1667 325 1751 copiosissime
350 1675 381 1730 et
400 1667 684 1750 supernaturaliter
708 1685 850 1730 commu·
947 1670 1063 1746 fertio,
1094 1689 1184 1733 suam
1214 1672 1253 1733 ad
1284 1689 1341 1734 nos
1373 1671 1537 1734 caritatem
1570 1672 1653 1734 oeus

110 1767 210 1828 nicare
232 1766 381 1847 dignatus
402 1773 468 1844 est;
484 1765 594 1846 sicque
617 1783 681 1827 suae
703 1763 850 1828 divinita·
908 1769 1093 1832 monstravit
1110 1769 1141 1830 in
1157 1769 1217 1831 boc
1232 1770 1315 1850 quod
1333 1769 1481 1832 universa
1496 1789 1575 1852 pene
1591 1789 1654 1832 cre
1678 1787 1797 1840 sentes

109 1868 158 1940 tis,
173 1885 237 1928 suae
259 1863 496 1946 gloriosissimae
520 1863 603 1939 vitra,
620 1882 685 1926 susa
710 1863 849 1924 illimita-
868 1865 956 1930 Bata
977 1869 1016 1930 ad
1038 1875 1179 1932 nostram
1201 1869 1360 1931 ordinavit
1383 1869 1563 1932 utilitatem.
1583 1868 1655 1932 Om-
1668 1853 1702 1893 ³⁰·

6 1993 69 2050 ¹om
110 1965 179 2028 bilis
198 1963 363 2047 sapientie
382 1981 440 2026 nos
459 1961 537 2025 fecit
556 1963 739 2046 participes,
756 1969 850 2043 atque
907 1966 960 2027 nia
987 1967 1074 2028 enirn
1104 1965 1255 2030 inferiora
1284 1966 1342 2028 ista
1372 1966 1508 2049 pedibus
1538 1967 1655 2030 nostris
1680 1983 1801 2038 rasus.

6 2059 15 2080 *
38 2074 42 2084 '
109 2066 139 2126 in
154 2063 239 2126 filios
253 2062 428 2144 adoptavit,
445 2069 476 2124 et
496 2061 528 2123 in
549 2061 651 2144 patria
665 2059 727 2123 sibi
748 2059 851 2143 perfe·
907 2064 1178 2144 subjecit,nostris
1192 2065 1304 2127 usibus
1316 2064 1493 2148 deputavit3
1506 2065 1656 2129 similiter

109 2171 155 2225 ote
177 2161 355 2224 assimilare
379 2160 531 2235 decrevit,
553 2159 644 2241 juxta
668 2159 753 2242 quod
776 2157 852 2222 sori·
907 2162 1074 2224 elementa.
1093 2163 1153 2225 Sed
1171 2171 1203 2224 et
1217 2161 1311 2225 orbes
1329 2163 1484 2238 coelestes,
1501 2163 1606 2226 sidera
1624 2170 1657 2226 et

11 2298 97 2332 usam,
110 2271 196 2347 ptum
211 2269 259 2325 est
273 2261 439 2324 :Nondum
453 2261 603 2343 apparuit
617 2259 695 2342 quid
710 2259 851 2337 erimus;
908 2261 1049 2343 planetas
1080 2262 1111 2323 in
1137 2270 1281 2324 nostrum
1307 2263 1424 2327 creavit
1452 2262 1655 2345 obsequium,

111 2363 226 2424 scimus
250 2359 446 2444 quicquum
468 2359 662 2442 apparuerit,
679 2357 805 2420 similes
822 2357 852 2418 ei
906 2361 997 2440 juxta
1021 2359 1099 2422 illud
1122 2360 1360 2424 Deuteronomii
1378 2378 1385 2422 :
1402 2361 1446 2424 Ne
1468 2361 1571 2424 oculis
1595 2361 1659 2424 ele-
1672 2385 1802 2436 oman.

111 2461 237 2533 erimus,
255 2458 331 2541 quia
345 2456 527 2520 videbimus
542 2475 617 2520 eum
631 2457 726 2518 sicuti
741 2463 798 2518 est.
816 2454 854 2517 Et
908 2459 989 2522 vatis
1004 2459 1043 2520 ad
1059 2458 1188 2532 coelum,
1204 2458 1312 2522 videas
1328 2458 1427 2522 solem
1447 2467 1479 2522 et
1498 2461 1607 2522 lunam
1628 2467 1659 2522 et

112 2567 214 2620 tamen
234 2575 321 2620 nuno
341 2573 469 2639 quoque
489 2573 552 2618 non
573 2555 676 2618 solum
696 2573 754 2637 per
772 2555 855 2617 dona
909 2557 1017 2620 omnia
1030 2564 1114 2620 astra
1129 2557 1253 2632 coeli,et
1267 2556 1352 2620 colas
1367 2575 1404 2620 ea
1418 2577 1489 2641 quae
1504 2559 1659 2622 Dominus

111 2659 226 2740 gratiae,
235 2657 292 2720 sed
307 2663 339 2720 et
354 2673 411 2738 per
425 2655 508 2718 dona
522 2663 644 2718 nature
659 2654 723 2717 Deo
737 2653 856 2735 aliqua·
910 2657 993 2719 fleus
1013 2663 1088 2718 tuus
1108 2656 1227 2719 creavit
1247 2657 1280 2718 in
1300 2655 1514 2719 ministerium
1534 2657 1659 2720 cunctis

6 2773 98 2826 aaran
113 2758 181 2820 liter
204 2755 329 2819 similes
352 2753 572 2838 perhibemur,
590 2760 699 2834 utpote
723 2751 855 2832 adeius
910 2752 1060 2835 gentibus
1089 2773 1160 2836 quae
1189 2754 1250 2818 sub
1274 2754 1356 2818 coelo
1380 2763 1464 2817 sunt.
1491 2755 1659 2836 Argolicos

9 2869 13 2880 '
112 2854 347 2918 similitudinem
364 2851 593 2933 imaginemque
605 2849 758 2928 creati3et
773 2849 857 2932 prin·
911 2869 1038 2934 quoque
1054 2853 1186 2935 spiritus
1203 2851 1234 2914 in
1250 2860 1394 2915 nostrum
1414 2851 1571 2933 delegavit
1585 2851 1660 2914 sub·

6 2971 98 3022 rescat.
112 2955 179 3038 cipe
198 2951 424 3036 Apostolorum
444 2957 590 3022 testante,
607 2948 745 3011 Pretiosa
764 2946 856 3010 nobis
912 2950 1042 3025 sidium,
1059 2952 1097 3014 nd
1114 2959 1253 3014 nostram
1271 2951 1358 3013 misit
1377 2951 1565 3026 custodiam,
1582 2967 1660 3033 quo·

112 3053 247 3126 donavit,
281 3058 315 3113 ut
345 3069 402 3133 per
431 3049 499 3112 bec
529 3047 646 3110 divine
675 3044 859 3109 efficiamur
874 3049 896 3112 G
913 3049 998 3112 niam
1014 3067 1125 3112 omnes
1145 3049 1406 3112 administratorii
1426 3049 1558 3132 spiritus
1573 3057 1658 3124 sunt,
1675 3075 1806 3125 peragis,

111 3159 270 3216 consortes
296 3157 426 3212 nature.
912 3147 1002 3210 missi
1023 3147 1055 3210 in
1076 3147 1291 3210 ministerium
1313 3154 1441 3230 propter
1460 3165 1514 3210 cos
1533 3147 1588 3230 qui
1607 3148 1661 3210 be

148 3251 266 3312 Verum
287 3245 467 3311 similitudo
485 3244 591 3309 omnis
611 3243 678 3308 bac
693 3244 766 3306 vitan
782 3261 858 3326 praee
913 3247 1078 3310 reditatem
1100 3245 1231 3328 capiunt
1252 3244 1374 3308 salutis.

110 3349 205 3411 sentis
220 3367 286 3430 qua
300 3347 364 3410 Deo
378 3343 604 3418 assimilamur,
621 3342 858 3426 comparatione
952 3345 1143 3428 Quarto,per
1158 3343 1219 3406 boc
1234 3343 1318 3425 quod
1334 3350 1398 3406 tarn
1413 3343 1662 3426 multa,copiosa

110 3445 348 3509 assimilationis
363 3443 513 3527 perfecte
528 3443 562 3505 in
577 3440 859 3526 patria,permodi·
912 3452 944 3506 et
962 3443 1100 3525 gratiosa
1121 3443 1376 3526 supernaturalia
1394 3443 1531 3526 Spiritus
1553 3443 1661 3508 Sancti

111 3545 138 3608 ci
153 3553 200 3608 est
215 3542 382 3608 momenti.
395 3541 442 3604 lbi
457 3540 607 3624 equidem
623 3547 710 3602 tanta
723 3539 857 3602 inunda·
912 3541 1104 3604 charismata
1133 3540 1226 3604 nobis
1251 3540 1387 3605 eontulit
1415 3541 1448 3604 in
1474 3541 1625 3623 praesenti
1651 3558 1659 3604 :

112 3643 193 3706 tione
208 3650 239 3705 et
259 3639 469 3704 exuberantia
488 3658 521 3702 se
539 3639 622 3702 Deus
643 3637 859 3702 communicat
912 3641 988 3722 quia
1000 3640 1040 3702 ad
1055 3638 1189 3721 gratiam
1206 3657 1263 3703 nos
1280 3638 1428 3723 perduxit
1445 3638 1659 3722 baptismatis,

111 3748 141 3802 et
161 3739 313 3812 infundit,
331 3745 535 3820 mentemque
560 3735 684 3818 implet,
700 3753 858 3819 preoccu-
912 3746 944 3800 et
958 3737 1184 3800 ecclesiasticis
1203 3737 1318 3800 ditavit
1337 3737 1538 3820 munivitque
1558 3757 1661 3802 sacra-

112 3846 172 3920 pat,
189 3837 343 3920 possidet,
360 3842 394 3898 ut
416 3843 501 3898 recte
526 3853 583 3918 per
605 3834 717 3896 lsaiam
742 3833 858 3896 dixerit
913 3837 1041 3912 mentis,
1058 3836 1242 3918 evangelica
1257 3836 1397 3899 erudivit
1412 3837 1578 3919 sapientia,
1594 3837 1661 3902 fide

8 3961 98 4003 ‚nanu
112 3935 177 4018 ipse
194 3954 200 3998 :
219 3936 301 3999 Ecce
320 3952 379 4016 ego
399 3934 526 3997 declino
547 3934 580 3996 in
602 3949 656 3996 eos
678 3940 713 3995 ut
734 3931 857 3996 flumen
912 3955 948 3999 ao
973 3936 1053 4017 lege,
1069 3943 1100 3999 et
1125 3936 1164 3998 de
1188 3935 1371 3998 christianis
1395 3935 1472 3998 fecit
1496 3937 1584 4000 nasci
1609 3956 1661 4021 pa·

112 4035 207 4116 pacis,
223 4043 256 4097 et
278 4040 313 4095 ut
331 4041 454 4096 torrens
474 4031 633 4094 inundans
654 4030 763 4112 gloriae
782 4049 857 4112 gen·
912 4035 1069 4108 rentibus,
1086 4053 1149 4098 non
1166 4035 1198 4097 in
1215 4033 1413 4098 infidelitatis
1432 4033 1562 4118 reliquit
1576 4053 1661 4100 erro·

8 4159 99 4206 tuns.
114 4132 199 4195 tium.
218 4131 308 4196 Unde
327 4139 359 4194 et
380 4131 482 4192 fertur
502 4129 535 4192 in
555 4128 679 4192 Psalmo
696 4147 703 4190 :
720 4128 859 4191 lnebria-
913 4152 957 4208 re,
974 4133 1245 4216 quemadmodum
1266 4131 1441 4196 obstinatos
1459 4133 1593 4208 Judaeos,
1610 4151 1662 4197 ex-

112 4231 228 4295 buntur
242 4231 286 4294 ab
303 4229 445 4294 ubertate
459 4228 573 4292 domus
588 4235 660 4303 tuae,
673 4235 705 4290 et
718 4234 858 4290 torrente
873 4235 897 4297 ll
913 4239 1045 4296 necatos
1067 4231 1267 4306 Sarracenos,
1292 4250 1330 4294 ae
1355 4239 1476 4295 eeteros
1501 4231 1659 4296 infideles.

111 4331 284 4416 voluptatis
298 4338 360 4394 tuae
375 4328 501 4412 potabis
520 4345 584 4392 eos.
602 4328 699 4391 Tanta
718 4345 794 4410 ergo
810 4335 859 4390 est
913 4332 1057 4413 lnsuper,
1081 4329 1288 4413 peccantibus
1313 4330 1406 4394 nobis
1427 4331 1482 4393 diu
1505 4331 1659 4414 pepercit,

111 4431 162 4492 illa
176 4430 379 4504 assimilatio,
394 4436 460 4492 tarn
480 4427 628 4510 largiflua
644 4427 859 4490 communica·
913 4447 996 4513 saepe
1013 4429 1292 4509 indulsitgratiam
1307 4437 1340 4492 et
1354 4429 1486 4492 virtutes
1502 4430 1662 4512 peccando

112 4531 163 4604 tio,
179 4539 245 4593 tam
261 4529 401 4611 gloriosa
419 4536 451 4591 et
465 4527 715 4610 supernaturalis
730 4527 859 4590 deifica·
912 4528 1046 4590 amissas
1066 4546 1123 4610 per
1142 4526 1338 4591 Poenitentiae
1359 4535 1594 4591 sacramentum
1614 4547 1661 4592 re-

111 4630 153 4692 tio
176 4629 353 4692 electorum
379 4627 412 4690 in
437 4645 534 4708 regno
557 4626 690 4701 coelesti,
715 4633 749 4689 ut
773 4626 858 4708 quod
914 4627 1036 4708 stituit;
1053 4627 1091 4688 de
1108 4625 1225 4689 saeculo
1240 4643 1367 4708 quoque
1383 4626 1547 4702 abstraxit,
1564 4635 1660 4712 atque

112 4728 190 4792 fleus
206 4737 268 4804 est,
285 4727 370 4810 quod
390 4725 496 4801 babet,
512 4725 597 4808 quod
616 4727 681 4807 agit
697 4745 755 4809 per
770 4733 858 4789 natu·
914 4727 947 4788 in
972 4733 1080 4787 sancta
1104 4724 1259 4807 religione
1283 4724 1344 4787 ista
1367 4725 1540 4789 constituit.
1562 4727 1659 4792 Num·

112 4845 187 4902 ram,
203 4827 268 4910 ipsi
292 4825 367 4900 sint,
384 4825 521 4888 babeant
545 4833 576 4888 et
596 4833 690 4907 agant
710 4844 768 4908 per
789 4843 857 4906 gra·
913 4825 991 4908 quid
1010 4844 1108 4907 parva
1126 4832 1201 4888 sunt
1221 4823 1300 4887 istaf
1315 4825 1500 4888 intueamur
1519 4827 1597 4908 quid
1615 4825 1659 4891 fe-

111 4927 238 4989 tiam.0
261 4943 359 5007 quarn
384 4923 558 4986 ineffabilis
582 4932 630 4988 est
655 4924 715 4988 ista
739 4923 857 4987 summi
913 4923 994 4987 cerit
1015 4923 1087 4986 aliis
1112 4924 1221 4987 multis
1247 4941 1253 4986 :
1280 4941 1386 4987 nonne
1408 4923 1475 5005 jam
1504 4924 1661 5005 plurimos

113 5025 165 5088 uei
184 5025 318 5088 dilectio
336 5023 376 5087 ad
397 5023 527 5098 electos,
543 5041 623 5106 quos
643 5029 709 5085 tam
730 5023 858 5105 propin·
913 5022 1079 5085 absorbuit
1099 5021 1231 5096 inferus,
1248 5023 1303 5105 qui
1325 5023 1432 5085 minus
1447 5031 1662 5105 peccaverunt

112 5143 172 5206 que
195 5133 228 5188 et
252 5123 377 5196 intime,
399 5130 463 5184 tam
489 5140 632 5185 amorose
655 5129 687 5186 et
709 5121 857 5203 gloriose,
914 5141 1010 5204 quam
1025 5123 1105 5183 nost
1121 5120 1144 5183 0
1161 5129 1279 5202 quanta
1298 5128 1345 5182 est
1365 5121 1545 5196 excaecatio,
1562 5128 1594 5184 et
1609 5139 1661 5184 ne-

112 5229 175 5286 tam
194 5221 484 5307 supernaturaliter
505 5228 537 5283 et
555 5220 797 5302 opulentissime
819 5221 858 5283 si·
913 5221 1066 5302 gligentia
1080 5219 1338 5301 ingratitudoque
1357 5227 1475 5294 nostra,
1491 5220 1576 5303 quod
1597 5237 1660 5283 non

114 5321 146 5384 bi
166 5323 199 5384 in
220 5329 378 5388 aeternum
400 5320 504 5395 unire,
524 5319 731 5400 adstringere,
748 5335 859 5382 conso·
915 5318 1144 5400 perpendimus
1169 5317 1239 5393 ista,
1260 5335 1319 5380 nec
1343 5317 1376 5379 in
1400 5317 1531 5380 Deitatis
1552 5333 1660 5380 amore
