4214 6254
354 516 501 568 marmur
523 517 546 564 u
566 516 640 564 rosr
659 514 852 564 mrmrsmrr.
873 533 913 547 -
934 513 976 562 ln
995 512 1188 576 marciosos;
1210 513 1308 561 saeuo
1328 512 1456 569 orimus
1621 489 1677 558 ffl

129 709 185 754 ves
208 688 395 772 reprimere,
419 707 602 772 quanquam
625 688 685 753 hoc
707 685 813 770 ipsum
836 685 878 749 sit
892 685 917 750 Α
933 685 1002 749 rior
1017 683 1111 768 culpa
1127 703 1222 767 quam
1238 683 1401 748 detractio.
1417 681 1539 746 Idcirco
1553 701 1678 746 summe

131 789 208 872 ipsis
223 788 360 852 difficile
378 807 385 851 :
403 788 486 852 unde
506 787 764 870 compatiendum
781 794 814 850 et
827 805 876 850 ce·
932 785 1110 848 cavendum
1125 790 1174 846 est
1189 802 1229 846 ne
1249 781 1321 865 quis
1340 782 1432 845 alteri
1449 780 1678 844 contumeliose

129 887 269 952 dandum
290 895 339 951 est
357 887 403 951 eis
422 907 460 950 ex
480 887 611 950 caritate
630 893 662 949 et
682 887 798 968 pietate
815 884 876 947 fra·
933 885 1090 966 loquatur.
1108 881 1283 945 Seminatio
1298 898 1373 944 vero
1392 879 1559 943 discordia
1578 899 1678 962 quum

129 995 227 1049 terna.
258 985 322 1070 lpsi
351 1005 478 1069 quoque
507 985 663 1048 auxilium
693 984 748 1047 Dei
776 985 877 1046 inces-
933 981 1096 1044 caritatem
1117 989 1148 1042 et
1167 980 1342 1043 amicitiam
1362 987 1457 1062 etque
1477 977 1679 1041 concordiam

128 1093 235 1148 santer
261 1084 525 1167 implorantque
547 1084 676 1146 vincere
701 1090 819 1165 queant
843 1101 876 1144 se
933 1079 1022 1141 tollat
1035 1080 1120 1161 (quaa
1135 1086 1210 1140 sunt
1224 1077 1385 1160 praecipua
1405 1077 1519 1140 animae
1538 1075 1631 1148 bona,
1648 1083 1681 1137 et

128 1184 224 1266 ipsos.
240 1183 467 1246 Verumtamen
483 1200 541 1246 nos
562 1181 702 1264 religiosi
721 1180 876 1244 debemus
932 1177 1017 1241 bono
1039 1177 1132 1240 fame
1155 1175 1397 1259 praestantiora),
1418 1181 1466 1238 est
1486 1173 1590 1236 scelus
1612 1192 1679 1254 gra-

127 1301 197 1345 esse
219 1290 283 1344 tam
298 1281 443 1355 virtuosi,
460 1288 524 1343 tam
545 1280 643 1344 fortes
661 1289 790 1362 tamque
807 1299 877 1362 per·
932 1276 1102 1339 vissimum
1127 1293 1134 1336 :
1160 1275 1335 1356 presertim
1359 1292 1460 1356 quum
1489 1291 1551 1335 non
1576 1271 1680 1334 solum

127 1379 215 1454 fecti,
233 1387 268 1442 ut
289 1381 398 1442 nullus
417 1379 654 1462 quantumlibet
673 1379 877 1461 importunus
933 1381 997 1436 tam
1019 1373 1159 1454 ingentia
1177 1371 1300 1434 auferet
1319 1371 1412 1444 bona,
1430 1370 1484 1434 sed
1504 1370 1600 1432 etiam
1614 1377 1679 1433 tam

127 1487 158 1541 et
174 1477 459 1560 improbus,possit
474 1495 532 1540 nos
546 1477 585 1539 ad
600 1485 664 1540 tam
679 1475 877 1540 abominabi-
933 1471 1204 1554 periculosissima
1230 1470 1352 1551 ingerat
1376 1469 1468 1542 mala,
1494 1476 1570 1550 puta
1593 1487 1680 1530 aver·

129 1576 171 1638 lia
187 1594 360 1658 provocare
376 1583 505 1659 peccata
521 1583 555 1637 ut
570 1583 645 1637 sunt
657 1575 767 1638 odium
782 1581 877 1656 atquc
933 1571 1068 1644 sionem,
1090 1569 1292 1642 discordiam,
1310 1567 1429 1632 odium.
1447 1567 1505 1640 Qui
1522 1585 1597 1648 ergo
1616 1574 1680 1628 tam

128 1675 261 1748 invidie,
282 1675 337 1737 scd
363 1692 467 1756 neque
491 1674 530 1736 ad
554 1674 643 1736 iram.
661 1673 734 1735 ldeo
756 1673 877 1754 patien-
933 1669 1133 1732 detestabilia
1154 1684 1217 1731 non
1239 1666 1389 1728 abhorret
1409 1685 1445 1728 ac
1467 1666 1546 1728 vitat
1564 1665 1682 1728 facino-

128 1774 205 1836 tiam
228 1791 337 1836 veram
360 1781 393 1836 et
414 1773 543 1835 firmam
568 1771 801 1835 incessabiliter
823 1771 876 1833 ba·
934 1788 978 1842 ra,
990 1769 1057 1850 ipse
1073 1785 1201 1850 quoquc
1217 1766 1327 1828 habitu
1342 1785 1379 1828 ac
1395 1765 1525 1828 nomine
1540 1765 1680 1846 religiosi

127 1872 274 1946 beamus,
285 1879 317 1934 et
332 1871 364 1934 in
380 1870 605 1943 derisionibus
622 1868 877 1933 subsannationi-
895 1867 919 1930 B
934 1885 1064 1950 prorsus
1093 1864 1335 1946 indignissimus
1358 1862 1527 1927 verissime
1556 1871 1681 1945 reputa-

128 1971 198 2045 bus,
217 1969 506 2052 persecutionibus,
517 1968 774 2042 adversitatibus,
787 1967 877 2050 quasi
933 1974 994 2028 tur.
1002 1965 1116 2027 Absint
1131 1981 1205 2046 ergo
1220 1971 1250 2026 et
1266 1963 1414 2026 distenta
1429 1960 1520 2024 nobis
1536 1962 1603 2025 hec
1618 1980 1683 2024 sce·

127 2070 159 2131 in
175 2067 328 2132 omnibus
343 2067 466 2131 divitiis
483 2067 667 2148 gloriemur,
685 2065 878 2129 tribulatori·
935 2064 999 2126 lera
1013 2063 1163 2125 distantia
1183 2061 1329 2140 infinita3
1346 2068 1378 2123 et
1397 2058 1515 2134 verbis,
1532 2059 1631 2140 signis
1651 2066 1683 2120 et

127 2166 186 2228 bus
202 2185 243 2229 ex
260 2166 354 2229 corde
370 2165 585 2246 regratiantes.
604 2163 683 2227 Nam
701 2171 736 2226 ut
749 2171 878 2226 sanctus
933 2161 1037 2235 factis,
1054 2161 1207 2242 omnique
1233 2159 1327 2223 modo
1351 2158 1444 2221 nobis
1470 2156 1627 2240 possibili,
1646 2176 1682 2218 ec

127 2265 169 2326 ait
194 2263 343 2338 Basilius,
365 2264 443 2326 tales
468 2261 644 2324 maximum
670 2261 762 2324 nobis
782 2261 878 2324 bene·
934 2259 1057 2322 viribus
1079 2259 1153 2322 totis
1174 2275 1327 2320 conemur
1346 2275 1403 2320 nos
1424 2265 1535 2319 mutuo
1557 2255 1588 2316 in
1608 2275 1683 2318 vcra

128 2361 242 2424 ficium
260 2360 413 2444 prebent,
430 2368 462 2423 ct
478 2360 615 2422 maxime
631 2367 775 2441 prosunt,
787 2360 878 2422 dum·
934 2359 1075 2430 caritate,
1093 2375 1180 2440 pace,
1203 2354 1372 2418 concordia
1392 2355 1572 2428 confovere,
1591 2353 1682 2416 robo-

129 2462 223 2524 modo
248 2459 471 2543 equanimiter
495 2458 667 2521 toleremus
691 2473 698 2518 :
722 2457 797 2539 quia
822 2477 879 2540 per
935 2475 1015 2530 rare,
1047 2455 1232 2528 accendere,
1264 2473 1300 2516 ac
1330 2453 1450 2534 jugiter
1481 2470 1679 2525 conservare,

128 2577 181 2624 ecs
203 2577 380 2642 purgamur
398 2577 416 2619 a
439 2556 534 2639 culpa
553 2556 790 2638 implemurque
810 2575 879 2638 gra·
933 2573 1034 2637 quum
1050 2560 1081 2616 ct
1100 2553 1227 2635 sapiens
1248 2552 1378 2634 quidam
1399 2551 1482 2614 dicat
1500 2568 1506 2612 :
1524 2551 1559 2612 ln
1578 2551 1680 2614 tribus
1701 2573 1828 2624 ueram,

128 2659 181 2732 tia,
199 2657 325 2721 Christo
350 2663 480 2738 propter
501 2673 559 2718 nos
584 2671 677 2736 passo
701 2653 878 2717 conforma·
935 2651 1171 2735 beneplacitum
1194 2659 1242 2714 est
1263 2650 1390 2734 spiritui
1414 2668 1495 2724 meo,
1517 2669 1587 2732 quae
1607 2656 1681 2712 sunt
1696 2640 1746 2743 {pii
1756 2651 1828 2688 ¹¹¹¹¹¹¹

128 2776 211 2830 mur,
227 2763 324 2838 atque
339 2761 465 2818 aeternae
481 2752 686 2816 beatitudinis
703 2753 879 2816 incremen-
934 2752 1065 2836 probata
1089 2769 1196 2813 coram
1221 2751 1285 2813 Deo
1309 2756 1341 2813 et
1365 2749 1550 2814 hominibus
1568 2765 1574 2811 :
1591 2765 1681 2811 amor

127 2863 195 2917 tum
220 2853 383 2916 sortimur.
934 2851 1164 2934 proximorum,
1181 2849 1351 2914 concordia
1369 2848 1514 2920 fratrum,
1532 2855 1563 2909 et
1582 2847 1632 2908 vir
1651 2854 1682 2908 et

165 2954 331 3026 Praeterea,
348 2959 444 3034 prout
465 2959 594 3014 sanctus
615 2959 744 3034 martyr,
765 2969 802 3014 aa
824 2951 877 3015 do·
934 2949 1052 3012 mulier
1075 2948 1157 3012 bene
1182 2946 1244 3008 sibi
1274 2946 1518 3008 consentientes.
1547 2945 1681 3006 Susurro

126 3059 194 3114 ctor
216 3058 249 3113 et
270 3049 414 3114 Pontifex
438 3068 596 3123 summus,
614 3050 643 3112 S.
662 3049 808 3112 Clemens
832 3058 877 3112 te·
894 3051 916 3114 (l
933 3055 1040 3109 autem
1070 3055 1103 3108 et
1130 3043 1284 3125 bilinguis
1313 3044 1501 3106 maledictus
1529 3060 1536 3104 :
1565 3042 1681 3106 multos

125 3157 238 3222 statur,
257 3147 462 3211 beatissimus
483 3147 632 3230 princeps
652 3147 875 3230 Apostolorum
933 3147 1020 3208 enim
1043 3144 1184 3207 turbavit
1205 3161 1316 3226 pacem
1339 3142 1500 3204 habentes.

125 3249 237 3310 Petrus
259 3246 340 3308 dixit
360 3245 476 3328 triplex
495 3264 565 3308 esse
581 3245 746 3309 homicidii
763 3265 875 3328 genus.
973 3245 1068 3308 Porro
1083 3242 1193 3304 multis
1208 3241 1308 3303 modis
1325 3259 1407 3302 unus
1422 3239 1559 3302 detrahit
1573 3239 1679 3302 alteri:

126 3347 232 3408 Unum
260 3343 343 3407 reale
368 3350 400 3406 et
423 3343 680 3426 corporaleque
704 3344 799 3407 elicui
826 3364 879 3407 au·
933 3342 1049 3425 prime,
1060 3341 1089 3403 ei
1106 3338 1222 3402 falsum
1239 3339 1451 3420 imponend03
1467 3338 1619 3412 secundo,
1630 3357 1681 3400 ve·

126 3445 230 3507 fertur
245 3444 311 3506 vita
331 3451 460 3506 nature.
478 3441 660 3505 Secundum
680 3443 816 3506 asseruit
830 3463 877 3506 es·
934 3459 967 3502 re
982 3440 1021 3502 de
1036 3457 1074 3502 eo
1089 3438 1248 3521 loquendo
1262 3456 1298 3499 ea
1313 3455 1383 3518 quae
1398 3435 1595 3516 denigrativa
1609 3443 1681 3498 sunt

126 3563 158 3606 se
178 3543 305 3617 odium,
325 3559 389 3624 quo
411 3541 483 3623 quis
504 3540 600 3603 alicui
624 3541 729 3603 aufert
752 3551 807 3604 aut
826 3561 879 3604 au·
934 3538 1037 3613 fame,
1062 3537 1189 3620 quando
1215 3536 1275 3598 boc
1302 3535 1377 3598 facit
1406 3535 1582 3597 intentione
1611 3553 1681 3616 per-

126 3642 211 3704 ferre
243 3640 333 3723 cupit
356 3639 454 3702 vitam
483 3638 602 3720 gratita.
629 3639 769 3701 Tertium
798 3639 879 3702 dixit
934 3656 1036 3710 versa,
1058 3643 1093 3698 ut
1112 3636 1158 3698 sic
1178 3635 1296 3698 famam
1315 3635 1386 3716 ejus
1407 3633 1630 3709 commaculet,
1651 3642 1680 3695 et

126 3735 371 3809 detractionem,
390 3754 453 3818 quo
467 3734 611 3798 aufertur
625 3754 695 3798 csse
711 3735 878 3798 laudabilis
934 3735 1055 3798 ratione
1085 3753 1148 3798 non
1178 3734 1335 3815 exigente,
1365 3733 1515 3797 videlicet
1548 3732 1618 3795 loco
1650 3739 1681 3793 et

126 3836 232 3898 famae.
252 3836 354 3909 Quum
380 3852 465 3916 ergo,
482 3842 547 3896 tam
571 3833 802 3913 gloriosissimo
824 3834 878 3896 Ar·
934 3841 1077 3916 tempore
1093 3851 1156 3896 non
1172 3841 1366 3916 opportun03
1384 3831 1621 3904 terti0,occulta
1636 3849 1681 3892 rc·

127 3933 327 4016 chiapostolo
352 3939 557 4015 protestante,
573 3933 682 3994 odium
707 3940 801 4014 atque
825 3934 879 3996 de·
933 3932 1086 4011 veland03
1103 3938 1225 4014 quarto,
1241 3932 1318 3993 dum
1340 3930 1370 3992 id
1391 3931 1475 4012 quod
1492 3929 1612 3992 bonum
1634 3938 1682 3991 est

127 4033 243 4096 tractio
262 4032 327 4094 sint
346 4031 511 4094 homicidii
533 4049 659 4112 genera,
677 4039 763 4114 patet
782 4051 878 4114 quam
934 4032 1047 4094 asserit
1062 4031 1144 4093 mala
1164 4030 1340 4092 intentione
1357 4037 1522 4112 peractum
1541 4046 1548 4090 :
1566 4029 1598 4090 in
1618 4047 1681 4110 quo

125 4130 376 4214 vigilantissime
399 4131 464 4192 sint
487 4130 625 4192 vitanda.
650 4129 688 4192 Et
712 4137 798 4193 certe
824 4131 878 4212 qui
934 4132 1031 4193 etiam
1047 4131 1205 4193 temerarii
1221 4129 1335 4211 judicii
1351 4148 1424 4192 reus
1439 4136 1495 4190 est.
1506 4127 1559 4189 Est
1575 4128 1681 4207 itaque

125 4231 227 4294 alium
244 4229 458 4292 scandalizare
473 4247 534 4292 non
550 4236 686 4300 veretur,
694 4246 800 4292 nonne
814 4228 879 4291 ani·
893 4227 918 4290 D
934 4230 1087 4292 detractio
1116 4228 1206 4291 valde
1237 4227 1369 4290 mortale
1397 4245 1434 4288 ac
1462 4227 1559 4288 nimis
1586 4243 1681 4306 grave

126 4349 213 4393 mam
239 4329 329 4391 illius
353 4335 508 4412 quantum
535 4328 567 4389 in
589 4346 624 4390 se
648 4335 696 4390 est
719 4328 878 4391 trucidare
934 4335 1113 4412 peccatum,
1130 4327 1306 4410 praesertim
1321 4325 1352 4388 in
1370 4323 1536 4406 religiosis.
1553 4324 1616 4387 Nec
1633 4340 1680 4386 so·

126 4428 356 4511 cognoscitur?
375 4428 480 4500 Porro,
497 4445 598 4508 quum
614 4435 744 4509 peccata
759 4426 791 4489 in
807 4444 878 4509 pro·
935 4427 1000 4488 lum
1017 4425 1108 4488 obest
1123 4426 1151 4488 ci
1173 4424 1225 4486 cui
1245 4424 1432 4498 detrahitur,
1450 4422 1506 4485 sed
1525 4422 1680 4486 audienti-

125 4529 254 4592 ximum
279 4533 366 4589 tanto
389 4526 455 4588 sint
477 4525 633 4607 graviora,
649 4533 769 4607 quanto
792 4525 878 4588 noci·
934 4525 994 4587 bus
1023 4543 1161 4607 quoquc,
1192 4524 1247 4606 qui
1277 4524 1328 4586 vel
1358 4523 1597 4595 consentiendo,
1627 4529 1681 4584 aut

125 4627 217 4690 viora
239 4645 297 4688 seu
320 4624 420 4706 magis
445 4631 673 4688 nocumentum
696 4623 876 4698 inferentia,
935 4622 1071 4685 libenter
1084 4622 1253 4696 audienda,
1270 4629 1325 4685 aut
1345 4639 1408 4684 non
1428 4620 1605 4684 resistendo
1624 4637 1679 4682 scu

125 4735 157 4789 et
177 4727 250 4809 ipsa
270 4723 425 4787 detractio
445 4723 568 4787 auferet
590 4723 736 4805 pmximo
760 4722 878 4786 bonam
933 4721 1144 4802 fugiendo,de
1160 4720 1245 4783 facili
1262 4721 1408 4783 incidunt
1423 4719 1555 4783 mortale
1571 4737 1680 4800 pecca-

125 4824 344 4905 famamque
359 4821 508 4884 exteriori
524 4820 710 4884 substantie
726 4820 785 4882 rite
801 4839 879 4903 prae·
933 4829 1018 4900 tum;
1030 4819 1236 4882 conformiter
1250 4820 1406 4882 audiendo
1421 4820 1539 4882 malum
1556 4819 1595 4881 de
1610 4818 1683 4880 alte·

125 4924 242 4994 fertur,
267 4919 437 4984 innotescit
459 4920 544 5002 quod
569 4919 722 4983 detractio
746 4919 787 4981 sit
809 4938 878 5000 gra·
935 4936 979 4992 ro,
996 4918 1201 4981 scandalizari
1216 4925 1351 5001 possunt
1369 4918 1400 4979 in
1422 4918 1476 4980 illo
1496 4925 1527 4980 et
1546 4917 1679 4980 animari

126 5022 197 5084 rius
219 5019 344 5084 crimen
365 5037 461 5102 qnam
482 5019 594 5102 rapina
615 5027 670 5080 aut
691 5017 822 5080 furtum.
842 5017 879 5079 Et
933 5019 972 5080 ad
988 5037 1092 5100 prava.
1108 5017 1188 5080 ilinc
1204 5027 1314 5080 contra
1328 5016 1556 5080 detractionem
1574 5016 1679 5079 Sancti

125 5121 210 5183 sicut
231 5119 344 5202 rapina
358 5124 408 5180 est
425 5117 551 5200 gravior
570 5116 666 5190 furto,
684 5117 760 5198 quia
779 5116 878 5197 majo·
934 5115 1120 5178 terribiliter
1138 5117 1407 5198 conscripserunt.
1426 5114 1481 5176 list
1500 5123 1607 5177 autem
1628 5114 1679 5176 de-

125 5237 194 5281 rem
218 5215 460 5298 injuriationcm
482 5224 515 5278 et
536 5222 756 5296 contemptum
779 5215 879 5277 inclu·
933 5214 1046 5276 tractio
1062 5213 1180 5277 locutio
1199 5233 1238 5277 ex
1253 5232 1348 5297 prava
1367 5213 1473 5275 radice
1492 5212 1678 5294 procedens,

125 5317 173 5378 dit
187 5335 287 5400 qnam
308 5315 450 5395 furtum3
466 5315 513 5378 sic
533 5313 726 5378 contumelia
746 5321 793 5376 est
810 5331 877 5396 gra·
935 5312 1110 5375 intentione
1126 5312 1311 5392 denigrandi
1328 5310 1445 5375 famam
1461 5311 1596 5373 aliorum
1613 5327 1681 5391 pro
