4154 6258
423 489 486 558 484
772 511 921 559 ὓΟΜΙΝῐῦΑ
940 501 1006 559 'xvii
1027 512 1100 558 POST
1120 511 1314 557 inibihabuit.
1336 529 1376 540 -
1397 512 1496 560 SERMO
1518 511 1627 558 inlitos

426 683 571 766 gentium
586 682 827 748 conversatione
847 682 1005 758 sublimis,
1024 682 1120 745 idest
1140 681 1173 744 in
1188 686 1213 748 A
1228 681 1301 744 beat
1323 701 1392 745 esse
1413 682 1553 766 perlecta
1575 699 1633 764 per
1656 678 1773 742 divine
1792 677 1963 742 dilectionis

426 783 515 846 omni
537 782 655 846 virtute
677 782 848 856 excellens,
864 789 896 845 et
917 781 1093 865 spiritualis
1118 799 1175 864 per
1227 782 1385 858 ardorem,
1400 788 1533 846 testatur
1547 780 1690 843 Christus
1705 796 1804 860 quum
1824 778 1869 839 ait
1885 795 1893 838 :
1908 777 1964 840 Pri-
1998 802 2058 843 scir.

425 887 624 944 terrenarum
648 888 680 942 et
701 880 876 944 camaliam
903 898 1009 943 rerum
1034 887 1174 943 contem·
1230 901 1318 944 mum
1343 882 1527 944 mandatum
1553 887 1602 942 est
1626 895 1633 940 :
1660 876 1778 957 Diliges
1802 876 1962 940 Dominum
1974 869 2064 969 W

426 987 529 1062 ptum,
546 979 688 1062 perlecta
702 995 830 1062 quoque
850 998 907 1061 per
922 979 1099 1042 ferventem
1118 977 1173 1040 Dei
1229 979 1329 1041 Deum
1349 987 1440 1041 tuum
1461 998 1500 1041 ex
1519 976 1697 1040 totocorde
1716 983 1783 1047 tuo,
1799 983 1832 1037 et
1851 995 1889 1038 ex
1908 983 2024 1038 taceo.

425 1095 567 1140 amorem
589 1077 836 1159 divinorumque
859 1077 1172 1160 contemplationem.
1228 1078 1335 1141 anima
1349 1085 1414 1152 tua,
1431 1084 1462 1138 et
1477 1095 1515 1139 ex
1530 1083 1596 1138 tota
1611 1080 1716 1137 mente
1731 1080 1796 1148 tua,
1807 1080 1840 1134 et
1855 1093 1894 1136 ex
1908 1083 1963 1137 tota

466 1175 637 1246 Christiani
657 1177 763 1258 itaque
783 1176 901 1238 debent
924 1176 1085 1258 precipue
1104 1193 1174 1236 esse
1228 1177 1346 1239 virtute
1371 1182 1434 1238 tua.
1459 1172 1641 1237 Secundum
1665 1179 1772 1233 autem
1797 1171 1902 1234 simile
1924 1181 1964 1234 est

426 1274 504 1336 casti
527 1292 563 1336 ac
583 1273 693 1347 sobrii,
715 1274 825 1337 divino
843 1291 951 1336 amore
970 1272 1127 1348 succensi,
1142 1279 1175 1334 et
1229 1275 1304 1337 huic
1331 1291 1338 1336 ε
1363 1273 1481 1355 Diliges
1511 1271 1693 1355 proximum
1719 1277 1811 1331 tuum
1838 1271 1964 1334 sicutte

427 1370 619 1435 salutaribus
635 1371 894 1435 meditationibus
913 1391 950 1435 ac
968 1372 1174 1434 sauctiscon-
1230 1373 1347 1455 ipsum.
1376 1370 1525 1445 Quamvis
1554 1376 1660 1432 autem
1690 1375 1886 1450 preceptum
1913 1369 1964 1432 hoc

427 1469 689 1552 templationibus
712 1471 868 1552 occupati.
892 1470 973 1532 Hinc
996 1470 1034 1532 ad
1059 1469 1175 1550 Philip·
1229 1471 1324 1534 etiam
1346 1470 1378 1533 in
1399 1469 1499 1532 veteri
1519 1469 1628 1532 datum
1648 1465 1747 1529 luerit
1762 1466 2059 1540 resumentem

427 1585 542 1649 penses
557 1567 670 1630 scribit
682 1567 852 1650 Apostolus
870 1585 877 1630 :
894 1568 1007 1631 Omnia
1023 1567 1118 1630 lacite
1133 1567 1174 1628 si·
1229 1569 1373 1634 Christus
1390 1575 1496 1630 tamen
1516 1566 1608 1629 docet
1628 1565 1851 1649 perlectionem
1871 1573 1901 1628 et
1918 1584 1963 1627 cx·

427 1683 467 1727 ne
482 1665 800 1741 murmurationibus,
814 1673 849 1728 ut
863 1666 932 1728 sitis
948 1665 1017 1728 sine
1033 1665 1172 1747 querela,
1228 1667 1417 1751 peditiorem
1442 1665 1572 1728 modum
1593 1663 1749 1745 implendi
1771 1662 1861 1738 illud,
1877 1683 1966 1746 quam

425 1762 586 1844 simplices
602 1763 664 1825 lilii
680 1763 784 1838 Dei,in
800 1764 905 1826 medio
919 1764 1054 1827 nationis
1069 1782 1174 1845 prave
1230 1765 1403 1829 docebatur
1424 1764 1457 1825 in
1479 1762 1579 1826 veteri
1601 1761 1680 1842 lege.

425 1869 520 1944 atque
545 1881 713 1945 perverse,
740 1861 824 1925 inter
847 1880 927 1946 quos
952 1862 1065 1925 lucetis
1090 1861 1214 1928 sicutB
1269 1865 1431 1936 Preterea,
1449 1879 1549 1944 quum
1573 1857 1743 1942 Apostolus
1768 1858 1801 1921 in
1826 1859 1962 1941 presenti

425 1959 596 2022 luminaria
619 1961 743 2036 mundi,
762 1960 898 2024 verbum
918 1961 990 2024 vite
1011 1960 1174 2023 coutinen-
1228 1962 1362 2045 epistola
1376 1960 1508 2023 dixisset
1524 1958 1556 2021 in
1571 1957 1854 2040 generali,«Digne
1867 1957 1965 2020 ambu-
1982 1976 2035 2031 epe
2046 1991 2060 2017 a

424 2064 482 2120 tes.
515 2059 602 2122 Unde
631 2059 736 2142 prima
766 2059 847 2122 Petri
878 2058 1028 2122 omnibus
1057 2059 1175 2121 dicitur
1228 2061 1299 2124 letis
1313 2058 1479 2123 vocatione
1494 2076 1557 2140 qua
1572 2056 1675 2120 vocati
1690 2055 1768 2118 estis
1783 2077 1812 2130 n,
1829 2055 1963 2138 protinus
1975 2043 1989 2082 ¹·

425 2154 611 2218 Christianis
634 2173 640 2218 :
663 2155 941 2220 conversationem
963 2163 1101 2218 vestram
1126 2155 1173 2217 in·
1227 2158 1318 2243 quasi
1340 2157 1524 2240 exprimens
1545 2154 1623 2239 quid
1645 2154 1687 2216 sit
1707 2155 1768 2218 hoc
1787 2162 1819 2216 et
1837 2154 1963 2236 qualiter

306 2269 311 2279 ·
424 2261 603 2333 tergentes
626 2253 740 2316 habete
764 2254 893 2330 bonam,
911 2262 946 2317 ut
972 2255 1004 2316 in
1029 2273 1066 2317 eo
1087 2253 1172 2337 quod
1226 2257 1300 2319 lieri
1324 2255 1448 2329 debeat,
1465 2253 1618 2327 subdidit,
1635 2251 1716 2315 Cum
1737 2252 1824 2314 omni
1846 2251 1963 2314 humili·
1984 2272 2038 2314 ree

424 2351 602 2414 detrectant
627 2352 666 2414 de
690 2351 782 2416 vobis
805 2360 957 2436 tanquam
982 2353 1021 2415 de
1046 2351 1174 2414 malela-
1226 2363 1290 2418 tate
1307 2372 1314 2417 :
1331 2355 1446 2438 primo,
1468 2352 1543 2435 quia
1567 2351 1733 2414 humilitas
1758 2359 1806 2413 cst
1829 2351 1962 2414 omnium

424 2448 577 2525 otoribus,
594 2468 633 2512 ex
655 2449 749 2513 bonis
773 2451 924 2532 operibus
947 2469 1005 2515 vos
1030 2451 1172 2514 conside·
1226 2454 1471 2516 fundamentum
1496 2452 1673 2530 virtutum3
1689 2451 1842 2525 secundo,
1865 2449 1965 2532 quoni·

423 2555 540 2622 rantes,
562 2548 746 2629 glorificent
770 2551 881 2612 Deum.
906 2551 951 2612 Ex
977 2550 1094 2632 quibus
1118 2568 1173 2611 au·
1226 2572 1278 2615 am
1303 2551 1446 2616 Christus
1471 2550 1570 2613 verbo
1593 2556 1626 2612 et
1653 2567 1751 2632 opere
1772 2549 1964 2632 potissimum

423 2645 626 2710 ctoritatibus
660 2647 823 2723 elucescit,
856 2667 954 2731 quam
984 2647 1047 2710 alta
1077 2654 1109 2709 et
1139 2647 1172 2710 in
1227 2651 1335 2715 docuit
1361 2648 1604 2729 humilitatem3
1629 2648 1735 2722 tertio,
1765 2647 1842 2731 quia
1871 2655 1904 2709 ut
1928 2647 1965 2708 ait

422 2745 511 2808 omni
533 2745 651 2808 virtute
675 2745 824 2809 sublimis
848 2765 885 2809 ac
909 2745 1173 2829 irreprehensibi·
1226 2751 1406 2832 Gregorius,
1423 2749 1507 2812 sicut
1528 2746 1681 2830 superbia
1703 2747 1832 2828 signum
1857 2752 1964 2809 estre

422 2843 462 2906 lis
485 2843 580 2906 debet
601 2863 670 2907 esse
692 2844 958 2907 Christiiidelium
980 2845 1053 2908 vita.
1226 2849 1412 2932 proborum,
1436 2847 1479 2910 ita
1501 2847 1668 2908 humilitas
1691 2846 1819 2926 signum
1843 2853 1890 2907 est
1910 2844 1963 2906 ele

468 2941 613 3023 Insuper,
641 2942 726 3025 quod
755 2942 870 3006 debeat
898 2961 967 3005 esse
996 2941 1171 3025 spiritualis
1226 2955 1360 3010 otorum.
1377 2946 1465 3009 Unde
1488 2943 1761 3028 quemadmodum
1779 2941 1962 3025 Augustinus

423 3057 480 3121 per
498 3039 644 3103 omnium
661 3048 859 3103 terrenarum
879 3048 974 3122 atque
995 3041 1169 3103 carnalium
1189 3043 1393 3127 Cdistinguit
1417 3043 1504 3107 lilios
1526 3043 1582 3106 Dei
1605 3060 1624 3104 a
1646 3042 1748 3104 servis
1772 3040 1900 3114 diaboli,
1915 3057 1962 3122 per
2063 3075 2064 3103 i

422 3155 528 3199 rerum
543 3144 768 3220 contemptum,
776 3145 899 3201 constat
912 3156 951 3201 ex
966 3138 1072 3201 verbis
1087 3138 1172 3202 uiri·
1225 3143 1285 3206 hoc
1302 3143 1387 3225 quod
1410 3141 1443 3204 in
1465 3139 1544 3202 liliis
1564 3138 1633 3214 Dei,
1651 3138 1708 3222 qui
1728 3145 1802 3200 sunt
1820 3138 1905 3200 cives
1921 3155 1963 3198 sn·

287 3255 376 3302 uarii.
387 3270 407 3308 i,
422 3232 461 3294 sti
478 3233 614 3296 dicentis
632 3251 639 3296 ε
656 3233 715 3309 Qui
731 3233 847 3297 viderit
862 3235 1031 3297 mulierem
1046 3235 1085 3297 ad
1100 3253 1173 3298 con·
1224 3259 1332 3324 perne
1345 3239 1533 3313 Jerusalem,
1543 3243 1654 3318 regnat
1668 3254 1706 3298 ao
1722 3235 1870 3318 prevalet
1885 3252 1962 3297 amor

274 3320 308 3363 ²⁸·
423 3330 653 3412 cupiscendum
669 3349 750 3406 eam,
765 3331 831 3413 jam
848 3332 1025 3395 moechatus
1040 3339 1089 3394 est
1102 3351 1171 3394 eam
1225 3338 1280 3400 Dei
1296 3356 1443 3401 crescens
1459 3355 1561 3420 usque
1576 3335 1614 3397 ad
1630 3341 1852 3418 contemptum
1867 3333 1961 3406 sui,in

274 3451 406 3503 naeniis,
423 3428 456 3490 in
481 3429 576 3492 corde
598 3447 671 3510 suo;
688 3437 721 3493 et
742 3449 862 3505 rursus,
880 3430 993 3494 Cavete
1017 3430 1057 3493 ab
1081 3429 1170 3493 omni
1224 3437 1325 3500 servis
1340 3454 1416 3500 voro
1431 3434 1561 3509 diaboli,
1578 3433 1635 3516 qui
1651 3433 1739 3496 cives
1754 3440 1829 3495 sunt
1844 3431 1961 3514 Babylo

274 3511 407 3618 ξω
423 3527 607 3609 cupiditate,
632 3527 707 3609 quia
731 3528 919 3610 possibilius
941 3537 990 3591 est
1011 3528 1169 3592 camelum
1223 3535 1285 3611 nis,
1312 3542 1423 3616 regnat
1448 3532 1616 3616 improbus
1640 3548 1732 3594 amor
1755 3530 1806 3593 sui
1828 3547 1961 3594 crescens

423 3642 479 3706 per
498 3624 642 3687 loramen
662 3643 738 3687 acus
758 3626 903 3701 transire,
920 3645 1015 3708 quam
1036 3627 1169 3690 divitem
1224 3652 1325 3715 usque
1344 3633 1384 3695 ad
1405 3637 1627 3714 contemptum
1645 3629 1703 3692 Dei
1718 3629 1808 3710 (nam
1827 3629 1901 3691 lacit
1917 3627 1962 3689 ho

423 3722 540 3784 intrare
556 3723 589 3784 in
604 3740 737 3803 regnum
754 3723 917 3786 coelorum.
934 3725 981 3786 Ad
996 3726 1081 3788 idem
1098 3745 1168 3808 per·
1223 3731 1343 3795 minem
1370 3737 1529 3814 precepta
1553 3727 1608 3791 Dei
1634 3727 1809 3808 negligere,
1832 3727 1961 3790 volunta·

274 3842 408 3896 rami,
423 3818 503 3881 tinet
518 3820 603 3902 quod
619 3819 735 3883 iterum
751 3821 877 3884 aittl'e
893 3821 982 3884 vobis
1002 3823 1166 3900 divitibus,
1222 3835 1353 3911 temque
1374 3826 1537 3909 propriam
1556 3823 1714 3888 voluntati
1735 3824 1792 3886 Dei
1813 3839 1960 3906 prepone·
2059 3831 2060 3840 ’

274 3906 308 3949 ²⁵·
423 3918 479 4000 qui
508 3917 631 3979 habetis
662 3918 909 3981 consolationem
938 3928 1075 3982 vestram
1089 3939 1098 4002 ;
1121 3942 1168 3986 ve
1222 3928 1340 4008 re);ita
1356 3925 1526 4007 Gregorius
1542 3924 1625 3986 inter
1640 3923 1718 3986 istos
1734 3921 1898 4004 distinguit
1912 3939 1959 4003 per

424 4014 515 4078 vobis
544 4014 600 4097 qui
629 4016 759 4078 saturati
789 4016 876 4091 estis,
906 4018 981 4098 quia
1009 4019 1165 4084 esurietis.
1222 4024 1438 4088 humilitatem
1466 4030 1562 4104 atque
1591 4020 1790 4104 superbiam,
1815 4021 1889 4103 quia
1912 4036 1960 4100 per

292 4114 566 4195 uio.111‚ltemque
584 4113 718 4176 :Videte
740 4131 780 4176 ne
804 4122 975 4195 graventur
999 4117 1093 4180 corda
1117 4138 1168 4182 ve·
1221 4123 1437 4186 humilitatem
1460 4121 1499 4183 lit
1519 4121 1617 4184 homo
1643 4119 1734 4182 lilius
1757 4118 1825 4194 Dei,
1842 4136 1897 4201 per
1916 4135 1958 4178 sn·

277 4199 311 4240 ³⁴·
423 4219 487 4274 stra
502 4211 632 4294 crapula
647 4211 698 4274 vel
718 4210 881 4287 ebrietate,
897 4221 953 4275 aut
971 4213 1055 4276 curis
1070 4216 1166 4298 hujus
1182 4223 1206 4287 D
1221 4220 1366 4304 perbiam
1389 4238 1501 4283 servus
1522 4217 1679 4300 filiusque
1700 4216 1830 4280 diaboli.

281 4328 407 4384 uarias,
422 4310 542 4376 seculi.
558 4310 638 4372 ilinc
654 4311 771 4372 iterum
786 4311 878 4373 docet
895 4329 901 4374 :
918 4311 1021 4374 Nolite
1038 4313 1166 4379 solliciti
1266 4320 1430 4392 Preterea,
1458 4315 1551 4380 valde
1581 4316 1783 4398 pensandum
1812 4321 1860 4376 est
1886 4311 1958 4395 qnod

276 4394 354 4442 Μ·
422 4427 491 4471 esse
516 4408 549 4489 in
571 4409 756 4483 crastinum,
778 4416 808 4471 et
832 4408 930 4472 nolite
954 4411 1166 4476 thesaurizare
1220 4415 1461 4500 aitApostolus,
1478 4414 1559 4478 (lum
1580 4414 1669 4477 omni
1689 4410 1959 4492 humilitateque

422 4523 518 4586 super
541 4513 667 4568 terram.
693 4507 729 4569 ln
754 4507 871 4589 quibus
897 4508 1047 4572 omnibus
1074 4510 1167 4592 jubet
1220 4516 1259 4578 ad
1281 4534 1356 4578 vere
1376 4513 1594 4590 Christianum
1616 4529 1681 4575 non
1705 4511 1811 4574 solum
1835 4509 1957 4594 pertinet

422 4602 560 4664 carnalia
574 4611 606 4666 et
619 4611 744 4665 terrena
758 4607 931 4680 contemni,
942 4607 1002 4669 nisi
1020 4608 1052 4669 in
1067 4627 1165 4689 quun·
1220 4619 1315 4694 atque
1338 4611 1514 4694 requiritur
1538 4608 1704 4672 humilitas
1726 4607 1843 4682 cordis,
1859 4622 1955 4668 verum

421 4708 491 4761 tum
505 4701 683 4762 necessaria
697 4709 752 4763 aut
767 4703 857 4766 utilia
877 4711 951 4766 sunt
965 4724 1023 4787 pro
1041 4725 1165 4770 conser-
1220 4710 1316 4773 etiam
1331 4709 1496 4772 humilitas
1511 4708 1587 4782 oris,
1598 4715 1633 4769 ut
1647 4708 1727 4770 vitet
1743 4705 1841 4769 verba
1853 4704 1956 4786 jactuu-

421 4796 548 4858 vatione
569 4798 706 4879 proprie
727 4799 799 4863 vite
823 4808 878 4862 aut
899 4803 1026 4884 speciei.
1044 4804 1165 4869 ldcirco
1219 4807 1547 4890 tie,presumptionis
1563 4813 1595 4869 et
1609 4805 1834 4879 animositatis,
1844 4821 1883 4865 ne
1896 4799 1956 4883 quis

287 4909 372 4956 irae.
384 4925 406 4966 i,
421 4894 466 4956 ait
490 4894 639 4976 princeps
663 4895 884 4978 Apostolorum
912 4918 919 4962 :
946 4900 1083 4965 Obsecro
1108 4923 1164 4967 vos
1215 4894 1327 4970 laudet
1341 4925 1375 4968 se
1391 4906 1509 4988 ipsum,
1525 4904 1616 4986 juxta
1633 4903 1713 4966 illud
1732 4904 1763 4966 in
1779 4897 1954 4966 Proverbiis:

276 4975 308 5016 ¹¹·
422 5001 571 5073 tanquam
592 4993 728 5056 advenas
750 5002 780 5057 et
801 4998 984 5078 peregrinos
1004 4999 1164 5065 abstinere
1218 5005 1338 5067 Laudet
1352 5013 1383 5066 te
1404 5003 1540 5077 alienus,
1557 5009 1589 5065 et
1607 5021 1673 5064 non
1693 5019 1729 5065 os
1747 5009 1855 5081 tuum;
1870 5005 2004 5061 ertu-re

420 5109 439 5152 a
460 5090 639 5153 carnalibus
662 5091 838 5169 desideriis,
856 5114 926 5176 que
950 5097 1087 5160 militant
1111 5100 1164 5161 ad·
1217 5122 1308 5178 neus,
1321 5111 1352 5166 et
1367 5120 1431 5165 non
1447 5101 1531 5164 labia
1546 5109 1611 5163 tua.
1624 5102 1704 5164 ltem
1720 5100 1882 5162 humilitas
1894 5075 1979 5178 ope-²

421 5207 531 5251 versus
552 5189 702 5251 animam.
1218 5202 1272 5276 ris,
1287 5201 1378 5281 juxta
1402 5200 1482 5262 iiiuc
1508 5198 1726 5261 aeclesiastici
1745 5216 1751 5260 :
1769 5197 1838 5261 Noti
1861 5203 1890 5258 te
1912 5205 1995 5255 ees«

460 5287 630 5362 Postremo,
647 5286 732 5369 quod
754 5287 819 5350 vita
840 5289 1090 5357 Christianorum
1112 5295 1163 5358 de·
1217 5299 1328 5362 tollere
1353 5297 1387 5361 in
1411 5297 1559 5361 iaciendo
1582 5315 1681 5379 opere
1706 5303 1771 5361 tuo.
1792 5295 1908 5359 Idcirco
1928 5290 1954 5352 in
