4140 6258
438 449 499 515 326
793 471 942 519 nonrmca
963 472 995 517 ιιι
1015 471 1089 518 rosr
1108 470 1301 518 rarmrarnn.
1323 489 1363 500 —
1384 471 1482 518 suano
1502 472 1627 519 rmrrus

440 640 641 704 consiliarius
657 643 724 718 Dei,
741 651 772 706 et
791 642 976 705 carissimus
995 661 1032 704 ac
1051 641 1186 704 familia·
1201 641 1227 704 A
1242 648 1310 704 tant
1333 650 1427 724 atque
1452 644 1490 706 ad
1516 643 1589 725 plus
1616 643 1843 727 acquirendum
1867 663 1952 708 accen·

440 739 484 801 ris
499 739 615 814 eidem,
633 741 676 803 ita
695 749 730 803 ut
750 760 823 804 cum
840 741 996 824 Propheta
1014 740 1119 803 dicere
1134 759 1186 802 va·
1241 739 1329 802 dunt.
1356 742 1487 823 Propter
1511 743 1595 824 quod
1624 743 1668 805 ait
1690 742 1862 805 Bernardus
1883 763 1889 806 :
1909 745 1952 818 Oui

313 863 413 914 iffi,
442 836 505 900 leat
519 839 583 902 Deo
600 856 607 900 :
623 840 746 902 lncerta
760 847 792 902 et
806 839 931 902 occulta
946 839 1110 920 sapientiae
1124 846 1186 902 tuae
1242 839 1410 919 pecuniam
1434 839 1548 921 diligit,
1567 859 1630 904 non
1652 841 1799 917 satiatur3
1819 841 1866 922 qui
1886 861 1954 904 nun·
2047 831 2048 864 ³

442 938 651 1002 manifestasti
671 939 760 1001 mihi.
779 939 867 1002 Unde
886 946 917 1001 et
931 938 1117 1001 Aristotcles
1131 938 1185 1013 ait,
1241 937 1318 998 dum
1334 937 1448 1019 diligit,
1466 956 1528 1001 non
1545 939 1705 1022 impletur.
1718 939 1782 1002 Nec
1798 938 1953 1003 libidinosus

329 1109 335 1116 ι
441 1035 526 1117 quod
540 1035 590 1098 vir
605 1037 872 1119 contemplativus
887 1044 935 1100 est
949 1037 1188 1099 amantissimus
1242 1035 1374 1097 satiatur
1388 1036 1569 1118 voluptatc3
1588 1037 1634 1100 sic
1649 1046 1681 1100 et
1696 1036 1833 1100 crudelis
1847 1037 1953 1120 quisquc

294 1153 426 1210 sapsam.
441 1134 514 1197 Deo.
528 1135 660 1218 Sapiens
675 1154 803 1219 quoque
817 1137 862 1198 ait
878 1154 885 1198 :
902 1136 1069 1199 Neminem
1084 1135 1188 1216 diligit
1243 1133 1431 1214 sanguinem
1455 1135 1531 1197 sitit.
1557 1136 1754 1200 ambitiosus
1782 1154 1897 1218 quoque
1915 1147 1954 1198 aut

441 1233 524 1296 Deus
541 1234 604 1296 nisi
623 1235 679 1316 qui
700 1253 771 1297 cum
793 1235 949 1318 sapientia
968 1234 1132 1296 inhabitat.
1150 1233 1188 1294 Et
1243 1231 1379 1312 cupidus
1404 1232 1507 1295 laudis
1531 1234 1690 1308 humana,
1708 1234 1830 1316 adeptis
1849 1234 1954 1315 dignita-

441 1349 551 1393 rursus
567 1331 687 1394 ibidem
702 1333 741 1394 de
756 1339 873 1395 aeterna
891 1340 923 1394 ct
943 1333 1081 1394 increata
1101 1331 1188 1412 Sapi-
1242 1336 1311 1390 tum
1326 1329 1428 1392 titulis
1443 1349 1500 1392 seu
1515 1331 1663 1394 humanis
1680 1331 1954 1404 favoribus,nullun
2048 1335 2049 1400 l

307 1448 365 1493 rora.
379 1451 412 1492 aa.
441 1429 527 1491 entia
541 1428 644 1492 fertur
661 1447 667 1491 :
685 1429 788 1503 Quum
804 1430 846 1492 sit
860 1449 934 1504 una,
944 1430 1052 1492 omnia
1068 1435 1186 1511 potest;
1243 1426 1316 1488 inde
1332 1427 1417 1508 capit
1433 1428 1620 1502 remedium,
1633 1429 1687 1490 sed
1703 1428 1856 1492 desiderio
1871 1437 1956 1491 aestuat
2048 1433 2049 1436 ’

441 1535 471 1590 et
488 1545 544 1608 per
558 1528 702 1590 nationes
718 1529 749 1589 in
765 1529 888 1591 animas
904 1536 1028 1590 sanctas
1043 1547 1076 1590 se
1091 1535 1189 1589 trans·
1242 1525 1400 1605 ampliori.
1426 1526 1528 1588 llinus
1552 1534 1659 1589 autem
1685 1527 1807 1589 invenit
1830 1529 1954 1608 requiem,

441 1624 513 1699 fert,
530 1625 649 1688 amicos
668 1627 724 1689 Dei
744 1635 775 1689 et
792 1627 962 1709 Prophetas
982 1626 1156 1689 constituit.
1243 1622 1298 1704 qui
1321 1622 1382 1684 sibi
1408 1623 1468 1704 ipsi
1490 1623 1616 1705 placere
1638 1625 1729 1706 cupit
1750 1634 1783 1687 et
1803 1625 1873 1687 suis.
1887 1626 1956 1687 hein·

480 1724 534 1786 His
555 1724 661 1806 itaque
681 1726 783 1787 modis
802 1744 840 1787 ac
861 1725 922 1788 viis
944 1726 1129 1786 studeamus
1148 1724 1187 1786 ad
1243 1739 1318 1802 ceps
1339 1722 1418 1783 ratio
1433 1721 1547 1784 horum
1563 1729 1621 1796 est,
1639 1723 1791 1804 quoniam
1807 1723 1902 1786 omnia
1918 1724 1956 1784 bo·

440 1821 495 1882 Dci
512 1821 685 1884 amicitiam
703 1823 894 1905 pertingere,
913 1830 1067 1904 quantum
1087 1829 1187 1883 status
1205 1824 1228 1885 Β
1243 1838 1283 1880 na
1305 1827 1410 1881 creata
1431 1826 1506 1882 sunt
1529 1820 1740 1902 imperfecta:
1758 1821 1829 1884 ideo
1847 1821 1887 1883 eis
1904 1822 1957 1883 ade·

440 1919 694 2001 uniuscujusque
715 1920 879 2002 permittit.
898 1921 962 1983 Hoc
980 1919 1100 2002 quippe
1121 1939 1187 1981 cer·
1243 1917 1317 1998 ptis,
1335 1925 1431 1979 restat
1451 1918 1534 1999 quod
1556 1919 1660 1981 adhuc
1679 1920 1881 1982 desideretur.
1895 1921 1957 1981 Deus

438 2019 600 2081 tissimum
616 2027 674 2093 cst,
691 2021 776 2102 quod
793 2027 911 2101 quanto
926 2037 944 2080 a
960 2019 1084 2100 privato
1102 2035 1186 2078 amo
1242 2031 1317 2076 vcro
1333 2014 1452 2077 bonum
1471 2025 1519 2078 est
1539 2016 1717 2097 perfectum
1738 2035 1775 2078 ac
1795 2017 1957 2080 inlinitum:
2049 2069 2050 2090 2

439 2135 483 2190 re,
500 2135 518 2178 a
538 2117 655 2178 carnali
676 2117 807 2191 affectu,
824 2137 842 2178 a
861 2116 1086 2198 temporalium
1106 2117 1187 2177 desi·
1242 2112 1317 2174 hinc
1339 2131 1377 2175 eo
1398 2114 1492 2194 plene
1513 2115 1638 2196 adepto,
1655 2116 1818 2197 appetitus
1837 2117 1957 2197 quiescit.

438 2215 526 2278 derio
544 2216 642 2296 magis
664 2215 854 2288 recedimus,
872 2222 959 2277 tanto
981 2213 1053 2296 plus
1072 2213 1109 2275 ad
1130 2214 1184 2276 hei
1241 2228 1300 2272 nec
1320 2219 1416 2273 restat
1431 2213 1516 2294 quod
1536 2213 1653 2294 cupiat.
1671 2214 1751 2275 Hinc
1772 2213 1882 2276 iterum
1899 2213 1959 2274 dicit

438 2312 612 2374 amicitiam
636 2313 900 2395 propinquamus,
922 2312 998 2394 quia
1018 2320 1054 2374 ut
1074 2313 1186 2375 asserit
1241 2309 1418 2371 Bernardus
1436 2327 1442 2370 :
1460 2310 1505 2372 Ad
1523 2311 1695 2392 imaginem
1710 2311 1766 2372 Dei
1784 2310 1863 2374 facta
1875 2312 1958 2373 anima
1974 2333 2007 2372 s..
2027 2347 2038 2372 ,.

437 2409 664 2490 Augustinus:
687 2410 830 2473 Caritatis
851 2429 1012 2472 vencnum
1032 2418 1080 2472 est
1095 2411 1186 2491 cupi·
1241 2406 1414 2480 rationalia,
1440 2409 1554 2470 ceteris
1582 2409 1732 2471 omnibus
1755 2410 1895 2492 occupari
1920 2397 1990 2491 poi·

438 2507 540 2587 ditas3
557 2507 728 2570 diminutio
742 2515 848 2570 autem
866 2508 1050 2589 cupiditatis
1070 2515 1118 2570 est
1139 2509 1185 2570 in·
1241 2511 1312 2577 test,
1332 2505 1447 2587 repleri
1470 2525 1533 2568 non
1554 2515 1675 2588 potest3
1696 2526 1844 2588 capacem
1864 2507 1959 2570 etenim

439 2614 638 2669 crementum
655 2606 810 2685 caritatis3
823 2606 910 2668 nulla
925 2624 1000 2669 vero
1015 2607 1183 2688 cupiditas,
1241 2602 1308 2674 Dei,
1325 2603 1481 2685 quidquid
1503 2605 1566 2667 Deo
1589 2605 1696 2667 minus
1717 2614 1766 2667 est
1788 2623 1850 2669 non
1872 2605 1962 2688 imple-

438 2724 494 2767 seu
516 2705 699 2786 cupiditatis
721 2723 807 2766 mera
826 2705 960 2778 evulsio,
977 2712 1024 2766 est
1046 2705 1185 2767 caritatis
1242 2699 1297 2760 bit.
1317 2701 1404 2762 Unde
1423 2702 1558 2764 naturali
1575 2703 1734 2765 desiderio
1749 2705 1890 2786 quisquis
1907 2721 1962 2784 pro
2050 2723 2051 2776 i

437 2802 601 2884 perfectio.
621 2802 655 2864 ln
671 2821 735 2884 qua
748 2801 934 2864 auctoritate
950 2803 1107 2884 cupiditas
1123 2821 1185 2865 non
1242 2797 1335 2859 batur
1360 2818 1523 2861 summum
1549 2801 1682 2881 diligere
1707 2801 1840 2874 bonum,
1864 2802 1962 2864 nullan

438 2901 576 2962 sumitur
601 2916 659 2981 pro
683 2899 827 2973 avaritia,
850 2901 905 2962 sed
929 2918 986 2982 pro
1010 2901 1134 2981 privato
1155 2909 1186 2962 et
1241 2895 1303 2956 nisi
1326 2913 1364 2958 ec
1385 2896 1500 2978 adepto
1522 2898 1667 2980 requiem
1689 2898 1864 2960 habiturus.

439 2997 586 3079 improbo
601 2997 650 3059 sui
666 3015 785 3071 amore,
801 2998 852 3060 vel
873 3015 930 3079 pro
946 2998 1125 3061 inordinato
1139 2998 1185 3060 af·
1205 3003 1226 3067 c
1281 2994 1386 3057 Tertio
1401 2994 1520 3059 divitias
1535 2996 1686 3059 dicuntur
1701 3019 1718 3055 (ι
1734 3015 1907 3060 mammona
1921 2997 1964 3057 ini·

438 3094 525 3158 fectu
546 3096 584 3159 ad
607 3095 797 3177 temporalia
818 3103 850 3158 ct
871 3096 997 3157 caduca.
1242 3091 1371 3174 quitatis
1383 3094 1512 3175 »,quasi
1529 3094 1763 3176 inaequalitatis,
1775 3096 1915 3177 quoniam
1929 3095 1965 3155 in-

480 3194 636 3277 Deinceps
666 3194 839 3256 videndum
871 3202 928 3267 cst,
958 3213 1016 3256 cur
1044 3195 1186 3257 Salvator
1242 3189 1406 3271 acqualiter
1421 3192 1753 3274 possidentur.ltaque
1767 3193 1858 3274 juxta
1871 3193 1973 3256 Christi·

439 3300 580 3355 terrenas
595 3312 672 3375 opes
691 3311 746 3355 seu
767 3293 933 3355 facultates
949 3301 1040 3355 vocat
1056 3315 1072 3352 c
1090 3312 1187 3354 mam·
1242 3288 1556 3363 doctrinam,divitiae
1572 3291 1639 3354 istae
1655 3299 1789 3355 terrenas
1804 3291 1964 3374 spernenda
2051 3359 2052 3378 ,

294 3410 425 3464 arsami.
442 3408 535 3453 mona
552 3391 870 3474 iniquitatis»,quum
883 3398 990 3453 tamen
1002 3392 1106 3454 omnis
1122 3411 1187 3454 cre·
1243 3394 1327 3460 sunt,
1345 3387 1388 3449 ita
1403 3389 1487 3470 quod
1507 3389 1589 3451 ultra
1610 3407 1704 3471 quam
1725 3391 1964 3454 neccssariaescu
2051 3379 2052 3382 '

440 3497 530 3551 utura
546 3490 600 3552 Dei
621 3489 662 3550 sit
682 3489 774 3564 bona,
791 3497 822 3552 et
838 3490 957 3552 divitiae
973 3490 1187 3553 communiter
1244 3485 1338 3547 utiles
1358 3487 1489 3549 suntad
1510 3487 1689 3569 spiritualia
1708 3490 1894 3552 charismata
1910 3505 1965 3569 pur

441 3586 524 3650 bona
539 3587 706 3649 hominum
722 3587 929 3669 appellantur.
942 3588 981 3649 Et
997 3589 1188 3669 responden·
1244 3584 1394 3645 merenda
1417 3603 1481 3647 non
1506 3585 1726 3648 desiderentur
1748 3607 1808 3650 nec
1830 3604 1967 3649 reserren-

440 3684 620 3767 dum,qu0d
633 3703 843 3749 «mammona
857 3686 1061 3768 iniquitatis»
1074 3704 1187 3748 vocan-
1243 3689 1305 3756 tur,
1326 3681 1381 3744 sed
1402 3683 1596 3765 pauperibus
1617 3685 1860 3758 distribuantur,
1875 3683 1966 3767 quoni-

441 3791 504 3858 tur,
527 3801 590 3846 non
614 3783 689 3866 quia
713 3784 744 3845 in
767 3803 800 3847 se
823 3785 913 3847 malae
937 3785 1011 3859 sint,
1032 3785 1088 3846 sed
1112 3785 1187 3866 quia
1244 3799 1295 3842 am
1316 3781 1348 3842 in
1369 3781 1490 3844 divitiis
1509 3782 1724 3846 abundantem
1741 3785 1834 3847 valde
1853 3783 1966 3846 difficile

442 3881 616 3944 multorum
635 3882 787 3945 vitiorum
808 3882 932 3946 occasio
951 3890 1036 3956 sunt,
1056 3883 1187 3945 materia
1243 3887 1291 3941 est
1312 3879 1437 3954 salvari,
1454 3888 1490 3941 ut
1510 3889 1631 3944 constat
1651 3901 1690 3944 ex
1711 3883 1919 3964 praeinductis.
1931 3880 1966 3942 ld

440 3998 477 4042 ac
501 3979 689 4043 fomentum.
715 3980 793 4042 Nam
818 3981 906 4042 dives
931 3980 1030 4043 currit
1052 3980 1090 4042 ad
1115 3980 1187 4042 libi·
1242 3979 1327 4059 quod
1348 3978 1576 4042 insinuandum
1596 3981 1752 4094 scriptum
1772 3991 1822 4046 est
1837 3985 1867 4044 in
1883 3981 1967 4044 Eccle-

441 4086 520 4152 tum
529 4078 648 4140 corrurt
663 4078 702 4139 ad
718 4077 874 4140 rllrcrtum
882 4079 961 4140 Hrnc
977 4079 1016 4140 ad
1032 4078 1136 4142 Τιιιιο
1137 4078 1188 4140 hc
1242 4077 1403 4140 siastico:
1429 4077 1543 4140 Beatus
1568 4080 1658 4142 dives
1682 4081 1737 4162 qui
1766 4082 2052 4144 ὶιιιιειιῑιιιιιιιιιιι

303 4203 390 4246 ma„
392 4195 496 4254 aum
517 4177 630 4239 scribit
648 4177 841 4258 Apostolus
863 4177 920 4250 oui
942 4177 1053 4239 volunt
1072 4174 1311 4239 drvrtesltsrne
1328 4175 1451 4237 macula
1454 4194 1523 4257 qur
1540 4184 1611 4258 post
1625 4197 1738 4242 aurum
1753 4196 1819 4242 non
1832 4179 1915 4250 ahot
1922 4197 1967 4238 nec
1999 4183 2010 4189 '

439 4275 524 4350 fieri,
541 4276 713 4338 incidunt'
705 4297 737 4338 ιιι
758 4276 964 4338 tentationem
986 4284 1017 4338 et
1036 4276 1185 4358 laqueum
1242 4275 1382 4355 speravit
1402 4275 1433 4338 in
1455 4277 1591 4357 pecunia
1610 4284 1642 4341 et
1660 4278 1829 4342 thesauris.
1845 4279 1915 4353 Quis
1930 4283 1968 4338 cst

440 4374 571 4447 diaboli,
602 4381 633 4435 et
666 4374 824 4436 desideria
858 4374 967 4448 multa,
1000 4374 1125 4436 inutilia
1155 4382 1187 4436 et
1242 4373 1317 4435 hiet
1305 4376 1363 4434 ct
1379 4373 1579 4438 laudabimus
1595 4378 1778 4440 eum:fecit
1793 4379 1878 4440 enim
1894 4375 1968 4438 mira-

440 4473 561 4535 nociva.
590 4471 676 4535 Unde
704 4471 946 4554 chrysostomus
968 4489 974 4532 :
996 4472 1185 4534 Divitiarum
1243 4471 1373 4534 biliam
1389 4474 1453 4535 vita
1472 4493 1538 4536 sua.
1555 4476 1622 4538 lma
1637 4477 1773 4558 ipsemet
1789 4472 1948 4540 Christus
1943 4491 1968 4534 ιι

439 4571 573 4652 (inquit)
590 4570 720 4652 sequela
743 4579 791 4632 est
812 4570 947 4644 luxuria,
966 4570 1051 4652 gula,
1073 4571 1149 4632 ira'
1142 4591 1186 4632 rn-
1243 4569 1414 4652 llmngelio
1430 4581 1647 4636 contestatur:
1664 4575 1764 4648 Quam
1779 4574 1911 4637 difficile
1924 4569 1995 4686 qui
1988 4583 2030 4622 ιιι

440 4676 625 4749 temperata,
647 4667 735 4729 furor
756 4668 905 4748 injustus,
925 4669 1113 4750 arrogantia,
1135 4689 1185 4731 su·
1241 4671 1394 4751 pecunias
1410 4670 1538 4746 habent,
1552 4671 1738 4734 intrabunt
1730 4693 1762 4735 ιιι
1779 4691 1908 4754 regnum
1922 4649 1999 4732 cori

440 4765 562 4849 perbia,
579 4765 748 4847 omnisque
770 4765 960 4829 irrationalis
983 4775 1097 4830 motus.
1242 4769 1365 4831 lorum!
1393 4769 1500 4851 ltaque
1525 4771 1579 4852 qui
1602 4771 1730 4832 diuitias
1753 4771 1815 4833 sibi
1838 4787 1968 4834 accumu-

480 4864 625 4926 Secunda
640 4865 719 4927 ratio
738 4873 796 4938 est,
813 4865 888 4947 quia
904 4865 1023 4928 divitiae
1043 4883 1185 4928 commu·
1242 4867 1317 4940 lant,
1330 4867 1406 4949 quid
1422 4868 1508 4930 aliud
1525 4868 1655 4944 faciunt,
1673 4869 1734 4931 nisi
1751 4870 1838 4952 quod
1855 4865 1969 4949 impedi-

439 4963 523 5025 niter
547 4961 664 5043 injuste
693 4961 912 5044 acquiruntur,
938 4982 1030 5024 avare
1060 4983 1186 5025 servan·
1241 4972 1347 5027 menta
1360 4964 1469 5027 salutis
1484 4967 1545 5028 sibi
1560 4966 1780 5049 multiplicant,
1788 4975 1970 5045 mentemque

439 5071 501 5136 tur,
519 5062 629 5124 illicite
643 5061 876 5144 expenduntur.
894 5062 960 5135 Quo
976 5063 1063 5124 enim
1079 5063 1185 5145 copio·
1240 5083 1330 5126 suam
1345 5063 1544 5144 gravioribus
1560 5065 1710 5128 oneribus
1726 5061 1970 5148 deprimuntfld·

438 5163 504 5226 sius
519 5161 735 5242 acquiruntur,
742 5178 779 5223 eo
792 5159 914 5222 avidius
929 5161 1116 5242 cupiuntur;
1126 5181 1183 5224 nec
1239 5161 1324 5224 circo
1345 5162 1390 5223 ait
1411 5163 1598 5244 Scriptura:
1617 5163 1732 5226 Nihil
1724 5165 1868 5247 iniquius
1888 5170 2051 5278 (ιιιιιιιιιετΙΙ

436 5259 551 5322 satiant
572 5257 761 5340 appetitum,
779 5257 834 5319 scd
858 5258 1045 5340 inquietant,
1065 5259 1181 5321 sollici·
1238 5279 1344 5322 amare
1368 5261 1556 5342 pecuniam;
1582 5279 1676 5324 avaro
1699 5261 1779 5324 nihil
1806 5245 1993 5325 scelestiuss
