4214 6254
202 856 618 981 DOMINIGA
666 856 759 979 ΙΙΙ
809 854 1020 978 POST
1067 855 1590 984 TRlNlTATEM

759 1183 1038 1196 ——

540 1527 843 1615 ENhRRthO
876 1529 931 1614 IN
963 1529 1256 1616 EPISTULAM

256 1795 452 1842 nuuumruru
475 1793 529 1840 sna
550 1794 678 1840 romum
698 1793 786 1840 nanu
808 1795 869 1852 ner,
890 1795 928 1841 ur
948 1795 1004 1842 vos
1026 1795 1172 1853 maaser,
1194 1795 1258 1844 arc.
1276 1781 1288 1842 l
1303 1781 1382 1844 Petr.
1400 1799 1430 1856 v,
1447 1781 1530 1844 6-tt.

190 2073 375 2139 Lomosus
400 2073 566 2156 apostolici
594 2072 682 2136 chori
708 2072 869 2155 princeps,
884 2077 910 2140 h
925 2074 1079 2138 Dominus
1098 2075 1181 2137 lleus
1202 2077 1308 2152 lsrael,
1324 2077 1400 2160 quia
1418 2078 1560 2141 visitavit
1580 2085 1612 2142 et
1628 2078 1672 2142 le-

205 2173 439 2236 sacratissimus
454 2173 575 2246 Petrus,
593 2171 624 2233 in
640 2170 788 2254 praesenti
804 2171 870 2253 cpi·
925 2173 969 2234 cit
983 2173 1235 2257 redemptionem
1252 2175 1356 2257 plebis
1377 2195 1460 2256 suae;
1477 2177 1618 2259 itemque
1638 2179 1670 2241 in

124 2272 201 2334 stola
215 2271 324 2335 verbis
344 2271 514 2354 perpaucis
534 2269 664 2332 instruit
684 2287 740 2332 nos
761 2269 870 2331 multis
924 2272 1060 2347 Psalmo,
1086 2273 1185 2336 Visita
1213 2292 1281 2350 nos,
1308 2275 1451 2349 Domine,
1479 2275 1511 2337 in
1541 2277 1671 2339 salutari
1699 2301 1809 2354 recht.

124 2369 344 2433 saluberrimis
373 2369 574 2432 documentis
601 2385 608 2429 :
634 2375 666 2430 et
694 2367 809 2449 primo,
836 2376 871 2428 ut
924 2371 1011 2452 tuo);
1028 2371 1188 2434 interdum
1212 2372 1244 2434 in
1268 2373 1362 2448 malo,
1379 2381 1456 2456 puta
1475 2392 1534 2456 pro
1551 2374 1672 2438 ultione

124 2470 262 2532 humiles
292 2487 397 2532 coram
422 2467 586 2530 Altissimo
611 2465 730 2548 jugiter
757 2467 867 2528 simus.
924 2471 1044 2545 divina,
1061 2478 1096 2532 ut
1109 2491 1210 2553 quum
1229 2491 1287 2555 per
1305 2472 1498 2555 Sophoniam
1518 2476 1672 2538 Dominus

123 2567 230 2650 ltaque
245 2567 290 2629 ait
302 2584 309 2628 :
321 2567 573 2636 Humiliamim’,
589 2565 622 2626 id
638 2574 695 2640 est,
711 2583 768 2628 vos
784 2565 870 2646 ipsos
925 2570 1065 2652 loquitur
1082 2588 1090 2632 :
1105 2571 1246 2634 l'isitabo
1268 2589 1365 2654 super
1387 2573 1473 2636 viros
1495 2574 1617 2638 defixos
1638 2575 1670 2639 in
1686 2597 1817 2654 septam,

123 2674 235 2747 sponte
251 2674 283 2727 et
298 2664 461 2727 caritative
475 2663 654 2736 humiliate,
671 2681 796 2745 parvos,
814 2663 871 2724 im·
925 2667 1057 2730 fecibus
1082 2669 1161 2744 suis,
1177 2677 1209 2732 et
1232 2689 1329 2753 super
1352 2687 1481 2734 omnem
1506 2673 1561 2754 qui
1586 2692 1670 2738 arro
1686 2665 1706 2705 ⁹·

123 2763 280 2846 perlectos
296 2771 327 2826 et
342 2763 421 2826 viles
436 2763 659 2845 reputatesub
669 2763 798 2837 potenti
806 2781 871 2821 ma·
923 2773 1034 2847 gunter
1049 2766 1233 2848 ingreditur.
1244 2769 1323 2831 lluio
1338 2768 1437 2832 verbo
1451 2770 1671 2854 Archiaposto

123 2862 293 2932 euDei,id
306 2868 355 2924 est
366 2861 426 2923 sub
439 2862 503 2923 Deo
515 2859 799 2942 omnipotente,vel
811 2858 870 2921 sub
925 2864 947 2926 li
962 2871 1114 2928 consonat
1132 2867 1352 2930 testimonium
1372 2868 1543 2932 Salvatoris
1562 2870 1669 2932 dicen-

122 2960 190 3041 ejus
205 2967 362 3044 potestate
377 2965 472 3042 atque
485 2957 618 3040 justitia.
627 2958 736 3020 Manus
751 2957 869 3019 etenim
925 2963 965 3024 tis
982 2980 989 3024 :
1006 2961 1115 3026 Omnis
1131 2964 1186 3045 qui
1202 2983 1235 3026 se
1250 2965 1410 3041 humiliat,
1427 2965 1626 3030 exaltabitur.
1686 2995 1817 3050 cmlv,

122 3060 188 3132 llei,
215 3065 355 3140 potestas
379 3057 450 3138 ejus
477 3064 581 3139 potest
609 3055 755 3137 intelligi,
779 3056 871 3137 juxta
964 3060 1097 3142 lnsuper
1121 3060 1150 3123 S.
1177 3062 1286 3124 Petrus
1311 3070 1419 3125 cautos
1444 3082 1501 3127 nos
1524 3064 1612 3140 facit,
1637 3073 1670 3128 et
1684 3063 1783 3108 ¹l¹'¹·¹⁴·

19 3187 102 3234 hup,
122 3157 200 3218 illud
226 3157 261 3219 in
284 3156 408 3219 Psalmo
429 3173 436 3217 :
457 3155 640 3218 Inveniatur
666 3172 779 3216 manus
802 3160 867 3228 tua,
923 3166 1025 3220 armat
1052 3156 1244 3221 salutaribus
1268 3159 1359 3222 valde
1383 3160 1536 3224 doctrinis
1560 3172 1670 3226 contra

122 3256 267 3329 Domine,
283 3254 434 3317 omnibus
450 3253 590 3316 inimicis
606 3253 679 3315 tuis.
696 3253 763 3315 lmo
776 3252 905 3333 justi-B
924 3257 1120 3320 adversarios
1140 3264 1255 3321 nostrae
1276 3258 1398 3332 salutis
1417 3259 1596 3324 invisibiles
1615 3262 1669 3325 ho·

122 3355 164 3416 tia
179 3355 234 3416 llei
252 3353 320 3416 sive
339 3359 477 3436 potestas
493 3352 525 3414 in
546 3358 701 3434 quantum
722 3369 779 3434 per
798 3370 868 3414 eam
924 3363 996 3418 stes
1016 3359 1147 3419 Omnem
1167 3359 1422 3418 sollicitudinem
1442 3369 1580 3420 cestram
1594 3379 1670 3436 pro

122 3451 261 3534 percutit
282 3457 476 3533 peccatores
494 3457 578 3512 recte
601 3456 731 3512 vocatur
756 3467 869 3511 manus
915 3457 1070 3533 jiciervtcs
1086 3457 1121 3514 in
1137 3457 1383 3535 eum,quoniam
1399 3458 1465 3532 ipsi
1474 3477 1557 3518 carra
1570 3468 1616 3519 est
1631 3462 1671 3520 de

121 3551 184 3612 llei.
202 3551 308 3625 Quum
327 3567 403 3630 ergo
422 3550 506 3612 Deus
523 3548 623 3630 judex
643 3555 750 3610 noster
767 3548 869 3610 omni·
923 3555 1022 3624 vobis,
1039 3553 1070 3615 id
1090 3561 1148 3627 est,
1165 3553 1348 3616 sollicitudo
1367 3562 1472 3617 vestra
1491 3556 1533 3617 sit
1547 3556 1670 3619 ordina·

121 3657 284 3730 potentem
302 3647 416 3710 habeat
436 3666 566 3709 manum
587 3665 649 3728 qua
670 3645 786 3729 impios
804 3665 869 3709 cor·
923 3658 965 3724 ta,
982 3669 1045 3714 non
1068 3651 1276 3714 immoderata
1296 3658 1328 3713 et
1348 3652 1453 3732 anxia,
1470 3654 1524 3715 sed
1548 3654 1582 3716 in
1606 3656 1670 3719 Deo

121 3747 204 3828 vigit,
221 3745 377 3808 debemus
393 3744 452 3806 sub
467 3743 545 3805 tanti
560 3743 678 3824 judicis
697 3762 794 3805 manu
811 3743 868 3805 hu·
923 3750 1071 3822 radicata,
1093 3757 1128 3811 ut
1152 3749 1180 3811 ei
1206 3766 1262 3812 vos
1287 3752 1505 3826 committatis,
1528 3753 1606 3815 certi
1631 3754 1669 3816 de

122 3844 253 3916 miliari,
279 3850 386 3906 nostra
411 3841 539 3904 latendo
569 3849 708 3923 peccata,
733 3841 868 3922 ejusque
923 3848 1123 3929 providentia
1142 3848 1224 3928 ejus,
1241 3865 1304 3910 non
1324 3856 1430 3911 tamen
1451 3850 1555 3912 lacere
1571 3852 1669 3932 negli-

19 3975 107 4020 ωηο.
122 3940 375 4004 misericordiam
397 3939 607 4022 implorando,
625 3948 660 4001 ul
678 3957 870 4001 110118001111-
922 3952 1032 4026 gentes
1056 3945 1140 4027 quod
1163 3946 1195 4007 in
1218 3944 1309 4009 vobis
1331 3955 1390 4022 est,
1407 3949 1482 4030 quia
1504 3949 1564 4012 hoc
1586 3957 1669 4012 esset

121 4041 196 4102 dum
213 4047 344 4123 peccata
363 4047 469 4101 nostra
488 4038 584 4100 faciat
602 4037 704 4101 nobis.
722 4039 816 4102 Porro
836 4038 868 4099 in
924 4043 1022 4106 lleum
1048 4051 1179 4106 tentare.
1203 4045 1283 4107 llius
1307 4046 1351 4107 ait
1372 4047 1537 4110 Psalmista
1557 4065 1563 4110 :
1583 4049 1669 4112 lacta
1683 4077 1815 4130 ramma,

121 4141 225 4222 prima
240 4157 298 4201 sua
313 4138 458 4221 epistola,
474 4137 630 4218 gloriosus
650 4137 869 4219 Archiaposto
923 4161 1019 4224 super
1043 4143 1214 4206 Dominum
1236 4162 1345 4205 curam
1370 4152 1468 4218 tuam,
1490 4153 1522 4207 et
1546 4147 1614 4228 ipse
1637 4155 1668 4209 te

123 4240 169 4301 lus
189 4246 265 4301 ante
285 4237 352 4300 haec
372 4237 469 4299 verba
488 4235 672 4298 immediate
689 4235 866 4317 premisit:
923 4241 1071 4302 enutriet.
1084 4243 1200 4304 Verum
1216 4242 1256 4304 de
1271 4242 1469 4324 expositione
1486 4243 1583 4324 hujus
1600 4264 1668 4306 ver-

19 4363 105 4409 nans.
121 4339 238 4400 Omnes
256 4337 287 4398 in
309 4337 446 4398 invicem
467 4335 680 4397 humilitatem
697 4335 866 4410 insinuate,
923 4339 956 4401 bi
979 4339 1105 4420 plenius
1128 4339 1159 4401 in
1182 4357 1328 4401 sermone
1350 4339 1484 4403 dicetur.

120 4437 195 4518 quia
211 4437 296 4498 Deus
312 4432 458 4516 superbis
478 4433 606 4508 resistit,
624 4432 801 4495 humilibus
816 4442 905 4506 auc
963 4439 1077 4498 Sobra'r'
1099 4447 1195 4497 estote
1210 4459 1222 4497 .·
1237 4438 1312 4520 quia
1335 4437 1488 4501 sobrietas
1513 4441 1668 4504 rationem

121 4545 184 4597 tem
216 4535 272 4596 dat
302 4533 445 4614 gratiam.
479 4532 689 4614 Protinusque
723 4531 869 4613 adjunxit
923 4535 1090 4611 confortat,
1115 4537 1368 4618 sapientiamque
1397 4539 1544 4613 custodit,
1571 4549 1602 4602 et
1630 4542 1669 4605 ad

121 4634 217 4696 verba
238 4631 393 4715 exposita,
410 4647 546 4712 quorum
564 4631 719 4693 rationem
735 4630 868 4711 subjun·
924 4634 1040 4696 multas
1054 4634 1195 4718 disponit
1209 4635 1354 4710 virtutes
1364 4644 1476 4719 estque
1492 4642 1670 4704 necessaria

120 4733 165 4812 git
181 4751 189 4793 :
206 4741 244 4792 ut
269 4751 322 4790 oos
343 4733 475 4798 eoealtet,
492 4728 523 4790 id
545 4736 604 4802 est,
624 4731 656 4790 in
679 4729 799 4791 coelesti
823 4749 869 4792 re·
923 4752 1053 4817 prorsus
1072 4734 1111 4796 ad
1131 4734 1337 4816 pugnandum
1359 4744 1468 4798 contra
1490 4737 1669 4803 invisibiles

120 4849 182 4911 gno
205 4829 370 4902 sublimet,
386 4829 423 4886 ira
447 4835 587 4903 tempore
608 4829 818 4898 visitationis
837 4828 868 4889 id
923 4834 1038 4895 hostes.
1055 4836 1099 4896 Εἰ
1120 4835 1265 4910 ospitale,
1282 4834 1365 4896 sicut
1386 4842 1418 4896 el
1439 4835 1514 4899 Galo
1535 4838 1667 4904 docuit:

120 4938 167 4992 est
181 4937 329 5010 tempore
343 4926 456 5007 judicii
473 4926 580 5000 vestri,
596 4944 652 4988 seu
668 4926 868 5008 particularis

121 5048 176 5091 seu
192 5025 394 5090 universalis.
409 5026 486 5087 ltem
503 5023 642 5086 visitatio
657 5025 711 5088 Dei
727 5025 868 5107 aliquan-

120 5128 159 5191 do
176 5128 209 5190 in
224 5125 398 5210 Scripturis
418 5125 450 5186 in
472 5123 556 5187 bono
574 5124 741 5206 accipitur,
759 5133 867 5207 utpote

120 5245 178 5308 pro
202 5225 342 5308 gratioso
368 5232 399 5286 et
423 5224 477 5306 pio
500 5239 629 5285 accessu
654 5224 693 5285 ad
722 5224 868 5287 homines
922 5225 1030 5308 ltaque
1051 5247 1067 5285 a
1083 5225 1210 5307 vigilate
1226 5247 1255 5300 r,
1273 5225 1305 5287 id
1324 5233 1383 5301 est,
1403 5227 1496 5290 bonis
1515 5231 1667 5311 operibus

19 5356 105 5402 aare,
119 5326 405 5409 (quemadmodum
421 5323 585 5387 Zacharias
604 5323 868 5386 aitzllenedictus
924 5326 1093 5406 diligenter
1123 5324 1270 5398 insistite,
1302 5335 1397 5408 atque
1426 5327 1553 5391 solliciti
1584 5349 1665 5393 sem-

939 4994 1007 5046 l’lus
1022 4994 1108 5058 vigila
1122 5009 1242 5060 semper,
1259 5009 1407 5048 somnone
1423 4996 1533 5050 deditus
1549 5007 1611 5053 esto
1627 5017 1633 5053 :

938 5080 1008 5128 Nam
1025 5077 1158 5127 diuturna
1173 5077 1252 5142 quies
1268 5078 1342 5130 vitiis
1357 5078 1490 5132 alimenta
1505 5081 1653 5135 ministrat.
