4140 6258
442 439 504 504 322
789 456 938 505 nourmcn
959 457 990 504 rx
1011 457 1084 505 rosr
1103 455 1298 505 rarrurarcu.
1319 473 1360 486 -
1380 457 1479 505 suerro
1500 455 1654 504 saturnus

959 870 1150 958 SERMO
1188 869 1488 958 SECUNDUS

485 1139 628 1196 accubuo
649 1138 779 1197 QUISQUE
801 1137 1013 1186 subsannamur
1036 1137 1094 1184 SlBl
1116 1139 1137 1184 Α
1158 1137 1217 1184 010
1238 1136 1425 1194 COfflSSAH,
1446 1136 1560 1184 CORPUS
1580 1135 1739 1183 vtbltttcttr
1759 1135 1798 1181 Π
1816 1135 1936 1196 nullu,

761 1238 798 1284 ET
818 1237 964 1295 corneum
986 1237 1028 1282 Ab
1049 1235 1085 1282 SR
1106 1235 1264 1294 sturmus,
1286 1235 1446 1283 crottum
1465 1236 1675 1283 orsrsttsAcrr.

518 1519 645 1582 MNas
664 1519 821 1579 stabimus
840 1524 915 1577 ante
935 1517 1084 1577 tribunal
1104 1515 1195 1576 Chri·
1210 1512 1236 1574 Α
1251 1512 1283 1574 ni
1305 1512 1366 1586 sui,
1383 1507 1534 1576 videlicet
1555 1513 1722 1595 proprium
1741 1529 1867 1596 corpus,
1881 1517 1970 1598 quoni·

532 1619 586 1678 stt.
604 1617 692 1681 Rom.
709 1633 773 1690 xrv,
790 1614 838 1678 to.
1250 1629 1301 1673 am
1332 1611 1540 1693 spiritualiter
1563 1611 1693 1694 perimit
1721 1612 1812 1687 illud,
1838 1620 1868 1675 et
1889 1615 1971 1678 aufert

488 1716 572 1780 Deus
588 1715 803 1798 omnipotens,
822 1733 887 1796 prae
904 1713 1019 1776 ceteris
1041 1711 1195 1775 creaturis
1251 1708 1329 1772 illud
1352 1709 1491 1774 Creatori
1516 1729 1552 1772 ac
1577 1711 1647 1792 ejus
1671 1710 1838 1793 obsequio,
1858 1711 1970 1794 facitque

313 1827 391 1879 Gen-1.
400 1829 434 1879 tt.
448 1814 654 1878 inferioribus
683 1814 801 1876 dicitur
829 1812 992 1875 hominem
1015 1811 1055 1873 ad
1085 1810 1195 1891 imagi·
1251 1807 1330 1870 illud
1344 1808 1526 1871 membrum
1542 1807 1673 1884 diaboli,
1689 1815 1722 1870 et
1740 1809 1888 1892 operibus
1904 1818 1970 1874 tene·

301 1894 335 1936 ²⁷·
448 1933 522 1977 nem
542 1921 575 1976 et
594 1912 839 1976 similitudinem
859 1929 950 1974 suam
970 1928 1104 1984 creasse,
1121 1926 1197 1992 que
1250 1904 1379 1968 brarum
1400 1907 1560 1989 mancipat
1579 1906 1670 1968 illud.
1686 1907 1774 1980 Quod
1795 1908 1971 1990 potissimum

447 2013 533 2076 niam
554 2012 642 2075 dedit
663 2013 692 2074 ei
715 2011 870 2075 rationem
891 2009 1092 2091 liberumque
1113 2007 1195 2071 arbi·
1249 2003 1371 2066 faciunt
1386 2005 1441 2086 qui
1456 2004 1549 2085 gulae,
1567 2005 1711 2080 luxuriae,
1728 2006 1849 2088 rapinae
1865 2015 1894 2069 ct
1910 2017 1971 2070 cete

445 2112 554 2186 trium,
562 2119 597 2173 ut
612 2129 669 2193 per
683 2111 837 2174 rationem
854 2128 888 2172 se
903 2115 1191 2190 regatcompescat,
1249 2103 1293 2164 ris
1309 2102 1510 2185 impietatum
1530 2103 1682 2185 operibus
1701 2121 1836 2186 corpora
1849 2125 1901 2168 sua
1912 2126 1972 2188 prc-

446 2217 478 2272 et
502 2209 663 2291 sapienter
686 2210 720 2270 in
744 2208 869 2270 cunctis
893 2226 928 2270 se
952 2206 1076 2278 hebeat,
1099 2212 1193 2287 atque
1248 2199 1334 2262 bent.
1352 2201 1530 2274 Quocontra
1551 2201 1696 2264 hortatur
1715 2202 1884 2285 Apostolus
1898 2221 1904 2265 :
1918 2204 2055 2272 honrem

446 2327 505 2390 per
519 2307 658 2370 liberum
673 2306 842 2369 arbitrium
858 2313 971 2388 sponte
986 2303 1077 2367 bonis
1092 2302 1194 2366 adhaa·
1249 2307 1359 2380 regnet
1379 2307 1546 2380 peccatum
1566 2299 1599 2361 in
1615 2307 1722 2362 vestro
1741 2301 1868 2364 mortali
1886 2319 1972 2384 corpe
1982 2297 2003 2334 ¹²

447 2413 525 2482 reat,
556 2405 694 2488 peccatis
724 2404 859 2467 resistat.
886 2405 980 2466 Porro
1009 2420 1117 2483 regere
1146 2409 1194 2464 est
1249 2415 1293 2472 re,
1310 2405 1346 2460 ut
1367 2399 1522 2461 obediatis
1545 2399 1817 2481 concupiscentiis
1838 2401 1917 2481 ejus;
1930 2401 1971 2463 sed

446 2523 514 2567 rem
530 2505 570 2566 ad
586 2522 679 2566 suum
695 2503 797 2566 finem
816 2503 963 2584 dirigere.
981 2501 1066 2564 Finis
1086 2508 1192 2563 autem
1248 2516 1353 2579 neque
1368 2497 1544 2560 exhibeatis
1560 2498 1704 2562 membra
1720 2507 1829 2562 vestra
1841 2519 1920 2563 arma
1931 2500 1973 2560 ini·

447 2603 587 2666 hominis
602 2609 651 2665 est
669 2610 786 2666 aetema
804 2601 952 2674 felicitas,
969 2607 1078 2682 utpote
1095 2599 1193 2662 beati·
1248 2596 1379 2677 quitatis
1403 2604 1544 2679 peccato,
1570 2598 1625 2660 sed
1653 2616 1742 2660 arma
1764 2597 1894 2678 justitie
1914 2598 1970 2660 beo.

445 2701 509 2764 fica
523 2701 605 2764 visio
619 2701 793 2764 Dei:debet
808 2700 913 2782 itaque
928 2699 1024 2762 homo
1039 2717 1073 2760 se
1089 2697 1192 2779 ipsum
1209 2694 1232 2756 B
1249 2693 1401 2777 Denique,
1418 2715 1514 2777 quam
1533 2694 1703 2778 diligenter
1725 2704 1757 2760 et
1783 2697 1972 2760 indesinenter

429 2804 478 2862 ‘et
492 2800 600 2863 omnia
615 2819 682 2874 sua,
693 2799 910 2882 cogitationes,
922 2797 1117 2870 affectiones,
1128 2813 1195 2859 ver·
1248 2791 1362 2855 debeat
1381 2794 1517 2875 quisque
1538 2794 1682 2856 membra
1702 2814 1761 2857 sua
1780 2795 1929 2858 custodire
1940 2805 1972 2857 at·

445 2899 485 2961 ba
501 2907 533 2962 et
547 2917 653 2981 opera,
668 2898 896 2981 possessiones,
908 2905 940 2959 et
954 2895 1110 2978 quidquid
1126 2912 1194 2976 per·
1249 2910 1311 2973 que
1326 2892 1512 2974 reprimere,
1523 2911 1566 2955 ne
1581 2911 1639 2974 per
1652 2911 1690 2955 ea
1704 2894 1809 2956 Deum
1825 2901 1971 2957 creatorem

446 2998 526 3061 tinet
544 2998 584 3061 cd
604 3017 648 3072 se,
665 2997 812 3060 ordinare
832 2997 870 3058 ad
890 2995 990 3058 finem
1013 2993 1192 3076 praefatum,
1249 2990 1401 3064 offendat,
1410 2997 1532 3053 constat
1547 3010 1585 3054 ex
1600 2991 1661 3054 hoc
1676 2993 1762 3075 quod
1778 2993 1824 3055 ait
1838 2993 1970 3056 Salvator:

446 3105 604 3178 quatenus
628 3114 686 3178 per
710 3095 818 3159 omnia
842 3094 903 3158 ista
924 3093 1055 3175 juvetur
1078 3092 1116 3153 ad
1140 3090 1195 3153 ob·
1249 3087 1282 3150 Si
1306 3088 1417 3151 oculus
1441 3097 1516 3150 tuus
1540 3089 1732 3152 scandalizat
1756 3098 1801 3164 te,
1824 3109 1894 3154 eruc
1915 3109 1970 3152 eun
1998 3110 2041 3152 urz

445 3195 613 3258 tinendum
638 3193 824 3256 felicitatem
848 3199 1008 3256 aeternam.
1037 3189 1088 3252 Sic
1111 3190 1195 3251 Deus
1249 3192 1282 3247 et
1300 3185 1422 3269 projice
1441 3186 1498 3249 abs
1518 3195 1567 3266 te;
1582 3194 1615 3250 et
1629 3186 1656 3250 si
1672 3205 1789 3251 manus
1804 3196 1858 3251 tua
1871 3183 2043 3269 autprsw

445 3292 523 3355 fecit
557 3292 722 3356 hominem
755 3307 1018 3373 unumquemque
1048 3287 1194 3350 villicum
1249 3291 1323 3346 tuus
1339 3284 1530 3347 scandalizat
1543 3293 1586 3360 te,
1602 3285 1732 3348 abscide
1749 3295 1784 3349 et
1803 3285 1972 3370 projiceabs

447 3409 553 3466 suum,
572 3390 602 3452 id
625 3398 673 3453 est
693 3389 939 3471 gubernatorem
963 3387 1013 3450 sui
1038 3385 1139 3468 ipsius
1163 3392 1195 3447 et
1250 3390 1290 3444 te.
1315 3381 1403 3455 Quod
1428 3400 1490 3445 non
1516 3391 1565 3446 est
1588 3383 1835 3466 intelligendum
1857 3386 1894 3448 de
1914 3383 1972 3446 mali

448 3507 555 3551 rerum
576 3508 718 3563 suarum,
734 3495 891 3570 quatenus
912 3487 993 3548 bene
1008 3492 1114 3547 utatur
1130 3501 1195 3546 cor·
1251 3480 1468 3543 membrorum
1489 3481 1679 3558 abscisione,
1697 3484 1753 3546 sed
1774 3485 1815 3548 de
1829 3501 1928 3547 eorum
1940 3499 1973 3542 re

447 3604 524 3668 porc
544 3605 602 3649 suo
617 3595 649 3649 et
667 3587 784 3661 anima,
801 3584 1024 3666 universisque
1042 3581 1194 3645 membris
1250 3579 1414 3661 pressione
1435 3579 1477 3641 ab
1498 3579 1586 3642 omni
1610 3599 1671 3643 usu
1693 3581 1819 3645 illicito.

448 3685 590 3766 corporis
605 3703 642 3747 ac
658 3684 807 3747 omnibus
823 3684 937 3747 animae
954 3681 1078 3744 viribus
1097 3698 1103 3742 :
1119 3681 1194 3742 hinc
1290 3676 1435 3740 Secundo
1451 3678 1671 3760 unusquisque
1686 3677 1797 3742 fidelis
1811 3680 1898 3743 debet
1912 3679 1973 3740 bene

448 3783 555 3845 statim
571 3783 648 3845 dum
667 3782 803 3846 moritur
817 3783 924 3856 homo,
941 3781 1048 3843 anima
1067 3779 1137 3860 ejus
1156 3778 1195 3841 ad
1250 3793 1359 3856 regere
1374 3775 1514 3838 animam
1530 3795 1632 3852 suam,
1649 3777 1821 3840 interiores
1839 3797 1937 3842 sensus
1953 3784 1974 3836 et

450 3881 589 3945 tribunal
614 3881 730 3945 Christi
755 3880 951 3963 perducitur,
978 3887 1012 3941 ut
1033 3877 1196 3959 judicetur
1213 3872 1234 3937 C
1250 3875 1428 3956 appetitum
1453 3875 1643 3938 sensitivum
1668 3876 1785 3939 rationi
1811 3875 1974 3940 subdendo:

448 3979 488 4042 ab
504 3997 542 4042 eo
556 3980 693 4062 qualiter
706 3979 896 4062 gubernavit
911 3997 945 4041 se
960 3985 992 4040 et
1006 3977 1113 4041 omnia
1129 3995 1192 4038 sua
1251 3972 1454 4054 potissimum
1470 3991 1600 4036 sensum
1616 3974 1802 4038 interiorem
1823 3976 1877 4057 qui
1891 3973 1975 4053 inagi-

488 4079 593 4141 Primo
613 4078 709 4160 igitur
728 4077 823 4140 debet
842 4076 977 4159 quilibet
998 4075 1195 4139 Christianus
1251 4071 1358 4134 nativa
1380 4071 1430 4133 vis
1459 4080 1673 4155 nuncupatur,
1698 4072 1739 4134 ab
1764 4073 1930 4136 immundis
1953 4078 1974 4130 rt

448 4177 530 4240 bene
553 4195 661 4258 regere
685 4176 852 4259 proprium
873 4193 999 4257 corpuS,
1024 4174 1128 4236 dando
1148 4170 1194 4234 illi
1251 4169 1340 4231 vanis
1370 4188 1407 4232 ae
1437 4170 1606 4234 inutilibus
1637 4171 1914 4253 imaginationibus
1933 4187 1974 4232 seu

448 4277 487 4339 de
507 4276 695 4339 necessariis
715 4275 788 4338 vita
810 4280 964 4356 quantum
984 4272 1114 4355 expedit
1128 4270 1195 4333 ani·
1250 4268 1526 4349 phantasmatibus
1555 4269 1721 4352 purgando
1746 4289 1785 4333 ac
1809 4287 1974 4353 praeservan-

449 4393 508 4437 mae
522 4375 561 4437 ad
577 4374 659 4436 bene
674 4373 860 4446 vivendum,
875 4372 914 4434 ad
930 4370 1194 4452 complacendum
1251 4366 1309 4444 d0;
1325 4385 1454 4429 sensum
1471 4385 1598 4450 quoque
1613 4369 1801 4431 interiorem
1817 4370 1871 4452 qui
1885 4369 1927 4430 ris
1939 4383 1974 4427 cc

449 4472 582 4535 Domino
597 4473 672 4546 Deo,
683 4472 722 4533 ad
736 4469 968 4552 acquirendum
982 4477 1131 4532 aeternam
1148 4486 1195 4529 sa·
1250 4463 1381 4544 gitativa
1396 4473 1534 4540 vocatur,
1541 4466 1581 4529 ab
1596 4466 1814 4530 immoderatis
1829 4465 1975 4551 apprehen·

450 4568 559 4630 lutem.
576 4568 634 4642 Qui
657 4569 700 4631 ita
721 4586 784 4631 non
807 4568 881 4648 agit,
904 4567 959 4630 sed
981 4584 1112 4649 corpore
1137 4583 1195 4628 suo
1251 4563 1395 4625 sionibus
1425 4571 1456 4626 et
1487 4564 1732 4646 cogitationibus
1760 4565 1974 4649 suppositorum

450 4666 591 4728 abutitur
615 4667 653 4728 ad
679 4666 888 4748 peccandum,
914 4673 946 4728 ct
970 4684 1027 4748 per
1051 4664 1195 4727 membra
1250 4679 1287 4723 ac
1303 4662 1516 4726 materialium
1536 4663 1796 4746 appenditiamm
1817 4673 1849 4728 et
1864 4664 1975 4727 circum·

451 4765 592 4846 corporis
608 4773 734 4827 exercet
754 4771 894 4846 peccata,
911 4783 968 4846 per
988 4764 1128 4845 linguam
1144 4782 1195 4826 va·
1251 4761 1440 4824 stantiarum
1472 4761 1721 4825 individualium
1754 4761 1929 4827 mundando
1953 4766 1974 4819 et

451 4881 501 4936 na,
518 4861 607 4936 falsa,
624 4862 822 4938 detractoria,
840 4863 939 4945 impia
954 4862 1050 4925 verba
1065 4862 1195 4944 loquen-
1251 4859 1476 4940 custodiend0;
1507 4860 1639 4943 insuper
1665 4862 1846 4944 appetitum
1874 4856 1974 4923 sensiti-

451 4961 502 5034 do,
520 4979 576 5042 per
593 4960 703 5023 oculos
725 4961 841 5025 lascive
863 4969 893 5023 et
912 4980 989 5043 vege
1010 4961 1196 5043 circumspi-
1251 4977 1327 5020 vum
1348 4965 1411 5021 tam
1433 4959 1718 5042 concupiscibilem
1740 4979 1839 5043 quam
1859 4955 1973 5022 irascibi-

452 5058 575 5133 ciendo,
596 5059 737 5133 choreas,
758 5060 938 5142 spectacula
959 5067 1053 5142 atque
1077 5060 1196 5123 similia
1210 5065 1235 5127 D
1252 5056 1315 5118 lem
1330 5058 1517 5133 coercendo,
1534 5077 1574 5120 ne
1589 5058 1673 5121 circa
1688 5078 1747 5122 sua
1760 5059 1894 5141 objecta,
1907 5053 1973 5120 ride·

452 5157 589 5220 libenter
609 5157 777 5232 cernendo,
794 5165 826 5220 ct
845 5159 888 5220 ita
907 5159 946 5220 dc
962 5159 1075 5221 ceteris
1096 5177 1194 5221 mem·
1252 5155 1326 5218 licet
1345 5157 1430 5220 circa
1450 5156 1615 5220 sensibilia
1636 5156 1720 5220 bona
1737 5167 1793 5220 aut
1817 5157 1905 5230 mala,
1920 5170 1972 5237 pro

451 5256 518 5319 bris
535 5273 541 5318 :
559 5256 611 5318 hic
627 5257 699 5318 talis
718 5257 852 5339 dissipat
864 5257 1072 5320 substantiam
1089 5257 1194 5320 Domi·
1251 5276 1343 5339 spera
1357 5257 1409 5320 vel
1424 5257 1566 5332 adversa,
1584 5265 1750 5321 moveatur
1763 5266 1821 5321 aut
1837 5256 1972 5321 afficiatur
