4154 6258
443 543 590 591 oottrrtrot
611 542 664 590 xlv
684 541 757 590 POST
776 540 971 590 rutulum.
992 557 1033 571 ··
1053 539 1152 588 Sfflo
1173 539 1327 588 SECUNDUS

618 904 812 1047 suino
851 955 1150 1045 sucuuous

320 1221 359 1268 DS
385 1219 555 1268 somrruaur
580 1214 824 1264 stoulrrunrtouu
850 1215 1058 1271 LSPROSORUH,
1082 1215 1119 1260 ST
1143 1215 1210 1270 QUAE
1235 1215 1451 1272 REQUIRANTUR

538 1319 580 1363 AD
602 1314 826 1363 lN'l'Etilll'l'A'lB!
847 1313 1034 1360 srmlruauls
1054 1312 1224 1360 SANlTA'l'lS.

173 1604 375 1668 ORRUPTI
384 1610 474 1673 sunt,
485 1610 516 1662 et
530 1596 762 1660 abominabiles
774 1595 859 1672 sacta·
872 1595 899 1659 Α
913 1598 1087 1662 conversio.
1106 1598 1185 1662 Hinc
1201 1597 1399 1682 incorruptio
1413 1599 1481 1662 sive
1496 1596 1659 1680 integritas

185 1712 264 1764 snat
279 1704 317 1762 in
332 1701 575 1780 iniquitatibus.
586 1697 710 1768 Psxru,
723 1690 855 1772 r;m,2.
913 1697 974 1759 ista
987 1705 1119 1760 vocatur
1132 1698 1250 1760 sanitas
1266 1697 1394 1772 mentis,
1409 1715 1466 1780 pro
1481 1715 1544 1779 qua
1558 1695 1660 1760 oravit

153 1801 335 1864 Secundum
360 1797 551 1880 Scripturas,
577 1794 694 1877 duplex
718 1799 767 1856 est
790 1809 857 1854 cor·
911 1796 1074 1870 ieremias,
1097 1795 1233 1858 diceudo
1249 1813 1256 1858 τ
1273 1795 1354 1858 Sana
1375 1814 1437 1870 me,
1461 1794 1604 1870 Domine,
1628 1802 1660 1857 et
1692 1811 1739 1856 rer.
1754 1824 1804 1862 avo,

116 1899 229 1981 ruptio,
247 1904 278 1961 et
292 1897 410 1979 duplex
431 1894 627 1976 incorruptio
646 1891 714 1954 sive
729 1889 857 1971 integri·
913 1893 1067 1975 sanah0r;
1089 1904 1184 1976 atque
1205 1894 1394 1958 Psalmista:
1415 1895 1562 1958 Miserere
1582 1893 1657 1968 mei,
1674 1879 1724 1982 ’ᾗ
1738 1939 1795 1988 vut-

116 2005 168 2060 tas.
193 1996 249 2058 Est
272 1995 359 2058 enim
383 1992 547 2076 corruptio
568 1989 753 2073 corporalis,
775 1987 859 2050 sicut
914 1993 1218 2076 Domine,quoniam
1234 1993 1384 2057 infirmus
1399 2012 1487 2074 sum;
1503 2012 1580 2057 sana
1595 2011 1657 2067 me,

116 2097 187 2158 dum
216 2113 266 2157 res
295 2091 470 2176 corporalis
499 2090 531 2152 in
561 2096 666 2172 partes
692 2086 856 2160 dividitur,
914 2092 1058 2166 Domine,
1088 2091 1240 2175 quoniam
1270 2092 1458 2155 conturbata
1485 2099 1561 2155 sunt
1588 2109 1659 2155 ossa

115 2195 163 2257 vel
189 2199 295 2277 partes
322 2192 393 2273 ejus
421 2190 460 2254 ab
490 2189 629 2252 invicem
660 2193 855 2269 separantur.
914 2209 993 2252 mea.
1015 2191 1171 2273 Denique,
1193 2191 1276 2253 siout
1294 2198 1397 2253 totum
1418 2191 1571 2272 integrale
1592 2208 1659 2254 cor·

114 2292 190 2354 Huic
215 2288 412 2372 corruptioni
432 2287 605 2371 opponitur
624 2283 793 2368 corporalis
814 2282 859 2345 in·
914 2289 1075 2372 rumpitur
1099 2288 1177 2352 dum
1202 2296 1307 2370 partes
1332 2289 1403 2370 ejus
1429 2288 1598 2370 integrales
1619 2289 1660 2352 ab

115 2391 249 2471 tegritas.
266 2389 336 2452 Alia
351 2396 400 2451 est
418 2385 592 2470 spiritualis
607 2383 780 2466 corruptio,
796 2400 859 2464 qua
914 2387 1052 2451 invicem
1076 2396 1274 2470 separantur,
1298 2395 1333 2451 ut
1356 2388 1382 2450 si
1404 2395 1536 2463 tectum,
1558 2388 1661 2471 paries

115 2488 274 2552 rationalis
304 2506 359 2549 seu
387 2483 612 2548 intellectualis
638 2480 815 2545 substantia
840 2498 859 2541 a
914 2494 945 2549 et
967 2486 1211 2550 fundamentum
1231 2485 1345 2549 domus
1364 2485 1405 2548 ab
1425 2486 1563 2549 invicem
1584 2486 1662 2568 deji-

114 2587 244 2651 roritato
273 2593 305 2648 et
335 2584 475 2648 bonitate
503 2581 666 2654 recedens,
689 2597 746 2662 put
772 2577 860 2640 fulsi·
914 2585 1059 2663 cientur3
1076 2592 1107 2648 et
1122 2585 1206 2647 sicut
1220 2591 1320 2647 totum
1337 2585 1505 2648 essentiale
1521 2603 1661 2648 corrum-

115 2692 191 2748 tates
213 2691 245 2746 et
265 2683 436 2766 pravitates
459 2678 655 2744 distrahitur.
676 2678 720 2741 De
740 2693 803 2758 qut
825 2675 858 2738 iu
915 2683 947 2764 pi
968 2683 1156 2765 perhibetur
1173 2683 1249 2746 dum
1269 2691 1374 2765 partes
1390 2683 1460 2764 ejus
1476 2683 1660 2746 essentiales

13 2807 14 2826 ι
52 2783 190 2852 1.a.0see
206 2781 358 2845 scribitur
373 2781 412 2844 de
428 2779 552 2860 injustis
565 2795 571 2840 :
584 2777 729 2841 Divisum
744 2782 792 2837 est
806 2791 860 2838 cor
875 2777 897 2838 B
914 2780 954 2843 ab
970 2781 1108 2843 invicem
1126 2780 1323 2854 dividuntur,
1342 2788 1376 2842 ut
1392 2781 1488 2844 homo
1503 2782 1579 2843 dum
1595 2782 1660 2844 ani·

114 2899 236 2954 eorum,
262 2898 347 2942 nunc
372 2875 559 2941 interibunt.
585 2874 754 2956 Apostolus
782 2889 859 2954 quo·
916 2898 966 2941 ma
982 2880 1101 2942 recedit
1117 2897 1135 2940 a
1152 2896 1284 2961 corpore
1302 2895 1308 2940 :
1326 2879 1371 2942 sio
1387 2879 1494 2941 anima
1507 2878 1658 2954 hominis,

26 3014 54 3043 or.
67 3014 98 3052 u,
114 2997 174 3062 que
200 2997 208 3041 :
234 2978 449 3058 Corrumpunt
472 2973 605 3057 (inquit)
628 2990 730 3036 mores
759 2971 859 3034 bonos
914 2997 984 3060 quse
999 2987 1048 3040 cst
1061 2984 1164 3040 totum
1180 2978 1576 3060 potestativum,quoniam
1592 2978 1661 3061 plu-

113 3075 273 3160 colloquia
295 3094 401 3158 prava.
427 3074 512 3137 uano
538 3071 774 3154 corruptionem
800 3069 861 3132 fot·
915 3095 964 3139 res
984 3077 1127 3139 eontinet
1146 3076 1178 3138 in
1200 3092 1234 3138 se
1254 3075 1348 3151 vires
1366 3077 1575 3159 spiritualiter
1594 3093 1661 3140 cor-

114 3175 239 3238 maliter
260 3174 337 3236 iacit
360 3179 538 3256 peccatum,
556 3177 587 3234 et
609 3169 679 3252 ipsa
698 3168 791 3250 culpa
813 3176 861 3229 cst
915 3175 1021 3257 rumpi
1051 3175 1203 3238 asseritur
1230 3175 1308 3237 dum
1337 3175 1407 3255 ejus
1432 3175 1581 3257 potentiae
1604 3193 1662 3258 per

115 3274 232 3336 mentis
253 3271 426 3354 corruptio,
443 3270 530 3333 laeSiO
546 3277 578 3332 θῐ
597 3285 691 3330 mors.
711 3265 860 3329 DiabOlus
915 3273 1147 3336 dissensionem
1177 3280 1208 3335 et
1237 3272 1445 3336 rebellionem
1474 3273 1662 3336 dividuntur

111 3389 187 3434 sero
203 3389 348 3454 persnas
364 3368 552 3432 tentationes
569 3367 701 3430 inclinat
717 3365 860 3427 homines
914 3372 955 3434 ab
976 3372 1127 3445 invicem,
1149 3371 1193 3433 ita
1216 3371 1302 3453 qnod
1323 3369 1489 3434 interiores
1512 3373 1660 3454 potentias

111 3470 150 3531 ad
171 3468 331 3542 audem,
348 3467 404 3529 sed
423 3465 519 3529 homo
540 3481 597 3547 per
619 3462 757 3525 liberum
778 3461 860 3525 arbi·
915 3487 978 3532 non
997 3469 1151 3533 obediunt
1173 3468 1299 3542 rationi,
1321 3468 1372 3531 ver
1392 3469 1471 3532 rasio
1493 3477 1525 3533 et
1549 3469 1660 3532 vorun-

111 3567 212 3630 trium
232 3574 280 3630 cst
297 3565 385 3629 velut
405 3581 500 3626 causa
518 3562 665 3626 efficiens
685 3561 860 3643 corruptio·
915 3573 961 3628 tas
985 3566 1189 3640 dissentiunt,
1217 3574 1252 3628 ut
1279 3566 1356 3628 dum
1381 3567 1528 3630 voluntas
1553 3574 1662 3629 contra

111 3667 161 3728 nis
182 3667 286 3729 istius.
303 3664 383 3728 liuic
403 3662 601 3744 corruptioni
619 3661 792 3743 opponitur
814 3659 859 3721 iu·
915 3664 1045 3727 rationis
1063 3664 1221 3745 judicium
1243 3663 1375 3727 inheret
1395 3664 1543 3746 peccatis.
1564 3663 1596 3727 Si
1615 3683 1662 3727 er-

109 3763 277 3846 corruptio
290 3763 358 3825 sive
373 3761 537 3842 integritas
552 3759 782 3842 spiritualis,de
798 3775 860 3840 quo
914 3780 954 3845 go
972 3781 1042 3826 esse
1062 3762 1211 3825 volumus
1232 3761 1441 3844 spiritualiter
1460 3763 1540 3837 sani,
1560 3763 1661 3826 incor-

12 3861 269 3944 ..meuseriptum
293 3868 341 3924 cst
358 3859 582 3941 :incorruptio
602 3857 679 3919 facit
700 3875 769 3920 esse
793 3873 861 3938 pro
915 3861 1000 3942 rupti
1025 3879 1081 3922 seu
1112 3860 1238 3941 integri,
1267 3859 1441 3923 subdamus
1471 3861 1660 3924 sensitivum

109 3961 238 4024 ximum
260 3960 333 4024 Deo.
350 3960 395 4022 De
416 3976 480 4041 qua
501 3957 539 4020 ad
563 3955 859 4020 Thessalonicenses
876 3957 897 4022 C
914 3959 1092 4042 appetitum
1108 3966 1251 4022 nostrum
1267 3959 1432 4034 rationi,et
1447 3959 1578 4022 rationis
1593 3977 1663 4022 cen·

12 4069 93 4122 teas-v,
109 4059 190 4121 dicit
204 4057 374 4140 Apostolus
387 4073 393 4118 :
406 4055 489 4118 Deus
505 4055 591 4138 pacis
611 4053 790 4117 sanctificet
803 4069 859 4116 vos
914 4077 1022 4120 suram
1046 4064 1199 4139 sequatur
1222 4057 1380 4133 voluntas,
1404 4059 1559 4123 rationem
1585 4077 1661 4142 quo·

108 4177 168 4242 per
193 4157 313 4228 omnia,
335 4161 370 4218 ut
394 4155 516 4236 integer
539 4154 670 4237 spiritus
694 4161 809 4226 vester,
828 4161 860 4216 et
914 4175 977 4239 qne
992 4156 1108 4238 dirigat
1123 4156 1173 4219 lex
1189 4155 1298 4220 divina
1312 4176 1368 4220 seu
1384 4176 1472 4221 saera
1487 4157 1661 4242 Scriptura,

108 4273 243 4338 corpus,
268 4262 299 4317 et
326 4253 433 4316 anima
456 4253 525 4315 sine
550 4252 681 4334 querela
704 4261 855 4314 servetur.
915 4261 1071 4337 quatenus
1087 4256 1264 4317 secundum
1285 4255 1401 4319 divinae
1420 4263 1452 4318 et
1471 4257 1662 4338 evangelicae

105 4355 198 4418 Hanc
216 4353 429 4435 integritatem
450 4369 505 4414 seu
527 4351 798 4433 incorruptionem
816 4351 858 4413 ia·
914 4352 993 4433 legis
1018 4358 1176 4434 praecepta
1199 4369 1236 4413 ac
1258 4351 1449 4415 documenta
1473 4353 1552 4416 ratio
1575 4363 1661 4434 regat

105 4453 151 4515 cit
182 4451 363 4514 formaliter
388 4451 420 4514 in
447 4449 540 4513 nobis
563 4449 677 4524 virtus,
703 4450 858 4514 sumendo
914 4471 948 4514 se
973 4451 1073 4533 ipsam
1096 4468 1133 4511 ac
1157 4456 1278 4513 ceteras
1303 4450 1386 4512 viros
1412 4457 1578 4533 totumque
1606 4451 1660 4515 ho-

103 4552 262 4614 virtutem
279 4556 420 4623 extense,
437 4556 531 4631 prout
551 4547 647 4610 etiam
666 4554 788 4629 septem
804 4549 858 4611 do·
915 4549 1046 4612 minem.

103 4669 144 4713 na
161 4647 304 4731 Spiritus
320 4647 426 4710 Sancti
442 4646 575 4709 virtutes
589 4653 744 4709 vocantur
760 4663 766 4708 :
784 4665 857 4708 nam
953 4648 1105 4711 Praeterea
1124 4645 1324 4728 spiritualem
1345 4647 1427 4710 hanc
1448 4648 1661 4729 integritatem

101 4747 281 4811 habentem
305 4744 490 4829 perficiunt,
507 4751 539 4808 et
561 4762 657 4827 opera
682 4745 752 4826 ejus
775 4745 858 4808 bona
914 4745 1090 4829 prasertim
1119 4742 1269 4806 efficiunt
1298 4745 1455 4826 sapientia
1480 4754 1511 4808 ct
1536 4748 1659 4810 caritas.

100 4845 268 4908 efficiunt.
914 4843 1178 4918 Quemadmodum
1193 4843 1277 4904 enim
1294 4843 1411 4906 sanitas
1426 4845 1599 4926 corporalis
1615 4854 1663 4908 est

142 4943 210 5007 Sed
238 4942 335 5024 quaeri
360 4947 476 5023 potest,
497 4941 575 5024 quid
597 4941 639 5004 sit
662 4941 859 5023 incorruptio
915 4942 1078 5024 integritas
1103 4960 1159 5004 scu
1185 4941 1267 5004 hona
1291 4941 1445 5005 habitudo
1466 4951 1520 5005 aut
1546 4951 1663 5028 tempe-

100 5043 174 5106 ista.
197 5041 241 5103 Et
257 5039 528 5122 respondendum,
545 5040 633 5121 quod
653 5039 723 5120 ipsa
741 5047 790 5102 cst
804 5038 858 5102 ho-
914 5041 1015 5104 rantia
1030 5048 1151 5104 uaturae
1165 5059 1204 5102 err
1220 5039 1324 5102 calido
1339 5047 1371 5102 et
1385 5041 1528 5115 humido,
1540 5043 1587 5105 sio
1602 5044 1663 5125 spi-

100 5161 144 5204 na
167 5147 203 5203 et
226 5137 369 5201 virtuosa
388 5136 553 5212 habitudo,
574 5155 630 5199 seu
653 5135 859 5200 consistentia
874 5139 898 5201 D
914 5139 1036 5202 ritualis
1050 5137 1214 5219 integritas
1230 5139 1345 5201 mentis
1357 5138 1662 5205 esthonahabitudo

100 5237 232 5304 mentis
252 5237 284 5300 in
303 5237 377 5310 Deo,
395 5255 451 5300 seu
471 5235 612 5319 perlecta
628 5244 660 5298 ct
674 5234 858 5299 omnimoda
912 5259 949 5302 ac
969 5237 1115 5301 salutaris
1135 5236 1301 5319 dispositio
1322 5237 1438 5299 mentis
1458 5257 1496 5300 ex
1516 5239 1661 5302 directio-

100 5343 267 5403 creatura
295 5333 455 5400 rationalis
483 5334 522 5398 ad
552 5333 730 5398 Creatorem
762 5353 856 5400 suum
912 5354 952 5399 ne
972 5335 1147 5418 sapientiae,
1164 5353 1234 5416 quae
1255 5353 1288 5398 se
1309 5334 1405 5398 hahet
1424 5344 1459 5397 ut
1478 5335 1659 5414 humidum,
