<?xml version="1.0" encoding="UTF-8"?>
<!DOCTYPE html PUBLIC "-//W3C//DTD XHTML 1.0 Transitional//EN"
    "http://www.w3.org/TR/xhtml1/DTD/xhtml1-transitional.dtd">
<html xmlns="http://www.w3.org/1999/xhtml" xml:lang="en" lang="en">
 <head>
  <title>
</title>
<meta http-equiv="Content-Type" content="text/html;charset=utf-8" />
  <meta name='ocr-system' content='tesseract 3.04.00' />
  <meta name='ocr-capabilities' content='ocr_page ocr_carea ocr_par ocr_line ocrx_word'/>
</head>
<body>
  <div class='ocr_page' id='page_1' title='image "./doctorisecstati01unkngoog/doctorisecstati01unkngoog_0577.png"; bbox 0 0 4192 6258; ppageno 0'>
   <div class='ocr_carea' id='block_1_1' title="bbox 454 486 1646 556">
    <p class='ocr_par' dir='ltr' id='par_1_1' title="bbox 454 486 1646 556">
     <span class='ocr_line' id='line_1_1' title="bbox 454 486 1646 556; baseline 0.005 -6"><span class='ocrx_word' id='word_1_1' title='bbox 454 486 515 551; x_wconf 76' lang='lat' dir='ltr'><strong>did</strong></span> <span class='ocrx_word' id='word_1_2' title='bbox 818 506 965 554; x_wconf 75' lang='lat' dir='ltr'><strong>noururcu</strong></span> <span class='ocrx_word' id='word_1_3' title='bbox 985 507 1027 553; x_wconf 83' lang='lat' dir='ltr'><strong>rx</strong></span> <span class='ocrx_word' id='word_1_4' title='bbox 1048 506 1121 553; x_wconf 89' lang='lat' dir='ltr'><strong>rosr</strong></span> <span class='ocrx_word' id='word_1_5' title='bbox 1142 505 1336 554; x_wconf 79' lang='lat' dir='ltr'><strong>rnmrrarnu.</strong></span> <span class='ocrx_word' id='word_1_6' title='bbox 1357 524 1397 536; x_wconf 91' lang='lat'>-</span> <span class='ocrx_word' id='word_1_7' title='bbox 1418 507 1516 555; x_wconf 80' lang='lat' dir='ltr'><strong>suerro</strong></span> <span class='ocrx_word' id='word_1_8' title='bbox 1536 509 1646 556; x_wconf 83' lang='lat' dir='ltr'><strong>ramos</strong></span> 
     </span>
    </p>
   </div>
   <div class='ocr_carea' id='block_1_2' title="bbox 318 674 2067 5386">
    <p class='ocr_par' dir='ltr' id='par_1_2' title="bbox 318 674 2067 5386">
     <span class='ocr_line' id='line_1_2' title="bbox 456 674 1969 759; baseline 0 -21"><span class='ocrx_word' id='word_1_9' title='bbox 456 675 607 740; x_wconf 92' lang='lat' dir='ltr'><strong>omnibus</strong></span> <span class='ocrx_word' id='word_1_10' title='bbox 627 684 718 740; x_wconf 87' lang='lat' dir='ltr'><strong>caute</strong></span> <span class='ocrx_word' id='word_1_11' title='bbox 737 677 912 751; x_wconf 89' lang='lat' dir='ltr'><strong>ambulare,</strong></span> <span class='ocrx_word' id='word_1_12' title='bbox 930 678 973 740; x_wconf 90' lang='lat' dir='ltr'><strong>ita</strong></span> <span class='ocrx_word' id='word_1_13' title='bbox 993 683 1028 739; x_wconf 92' lang='lat' dir='ltr'><strong>ut</strong></span> <span class='ocrx_word' id='word_1_14' title='bbox 1047 695 1106 739; x_wconf 89' lang='lat' dir='ltr'><strong>nec</strong></span> <span class='ocrx_word' id='word_1_15' title='bbox 1122 674 1204 757; x_wconf 84' lang='lat' dir='ltr'><strong>cogi·</strong></span> <span class='ocrx_word' id='word_1_16' title='bbox 1218 675 1244 739; x_wconf 78' lang='lat' dir='ltr'>A</span> <span class='ocrx_word' id='word_1_17' title='bbox 1258 675 1325 739; x_wconf 90' lang='lat' dir='ltr'><strong>suis</strong></span> <span class='ocrx_word' id='word_1_18' title='bbox 1340 676 1531 759; x_wconf 86' lang='lat' dir='ltr'><strong>expendant,</strong></span> <span class='ocrx_word' id='word_1_19' title='bbox 1540 677 1719 759; x_wconf 83' lang='lat' dir='ltr'><strong>excogitare</strong></span> <span class='ocrx_word' id='word_1_20' title='bbox 1734 674 1884 748; x_wconf 82' lang='lat' dir='ltr'><strong>nituntur,</strong></span> <span class='ocrx_word' id='word_1_21' title='bbox 1893 693 1969 758; x_wconf 91' lang='lat' dir='ltr'><strong>quun</strong></span> 
     </span>
     <span class='ocr_line' id='line_1_3' title="bbox 457 774 1970 860; baseline -0.001 -23"><span class='ocrx_word' id='word_1_22' title='bbox 457 774 563 850; x_wconf 91' lang='lat' dir='ltr'><strong>tando,</strong></span> <span class='ocrx_word' id='word_1_23' title='bbox 594 795 653 838; x_wconf 91' lang='lat' dir='ltr'><strong>nec</strong></span> <span class='ocrx_word' id='word_1_24' title='bbox 682 778 872 860; x_wconf 88' lang='lat' dir='ltr'><strong>appetendo,</strong></span> <span class='ocrx_word' id='word_1_25' title='bbox 899 795 1003 858; x_wconf 91' lang='lat' dir='ltr'><strong>neque</strong></span> <span class='ocrx_word' id='word_1_26' title='bbox 1033 775 1202 858; x_wconf 90' lang='lat' dir='ltr'><strong>loquendo,</strong></span> <span class='ocrx_word' id='word_1_27' title='bbox 1257 782 1365 838; x_wconf 89' lang='lat' dir='ltr'><strong>tamen</strong></span> <span class='ocrx_word' id='word_1_28' title='bbox 1394 775 1478 840; x_wconf 88' lang='lat' dir='ltr'><strong>dicat</strong></span> <span class='ocrx_word' id='word_1_29' title='bbox 1506 777 1684 840; x_wconf 90' lang='lat' dir='ltr'><strong>Bernardus</strong></span> <span class='ocrx_word' id='word_1_30' title='bbox 1715 793 1723 837; x_wconf 91' lang='lat'>:</span> <span class='ocrx_word' id='word_1_31' title='bbox 1752 774 1803 838; x_wconf 86' lang='lat' dir='ltr'><strong>Nil</strong></span> <span class='ocrx_word' id='word_1_32' title='bbox 1831 775 1970 856; x_wconf 83' lang='lat' dir='ltr'>pretiosius</span> 
     </span>
     <span class='ocr_line' id='line_1_4' title="bbox 457 873 1970 956; baseline -0.001 -20"><span class='ocrx_word' id='word_1_33' title='bbox 457 893 515 936; x_wconf 89' lang='lat' dir='ltr'><strong>nec</strong></span> <span class='ocrx_word' id='word_1_34' title='bbox 537 876 709 956; x_wconf 88' lang='lat' dir='ltr'><strong>operando,</strong></span> <span class='ocrx_word' id='word_1_35' title='bbox 726 876 782 938; x_wconf 91' lang='lat' dir='ltr'><strong>sed</strong></span> <span class='ocrx_word' id='word_1_36' title='bbox 802 894 862 938; x_wconf 89' lang='lat' dir='ltr'><strong>nec</strong></span> <span class='ocrx_word' id='word_1_37' title='bbox 884 874 992 938; x_wconf 89' lang='lat' dir='ltr'><strong>debita</strong></span> <span class='ocrx_word' id='word_1_38' title='bbox 1016 874 1202 948; x_wconf 90' lang='lat' dir='ltr'><strong>omittendo,</strong></span> <span class='ocrx_word' id='word_1_39' title='bbox 1259 881 1414 956; x_wconf 87' lang='lat' dir='ltr'><strong>tempore,</strong></span> <span class='ocrx_word' id='word_1_40' title='bbox 1430 882 1461 937; x_wconf 90' lang='lat' dir='ltr'><strong>et</strong></span> <span class='ocrx_word' id='word_1_41' title='bbox 1481 874 1563 937; x_wconf 89' lang='lat' dir='ltr'><strong>heul</strong></span> <span class='ocrx_word' id='word_1_42' title='bbox 1580 875 1625 937; x_wconf 92' lang='lat' dir='ltr'><strong>nil</strong></span> <span class='ocrx_word' id='word_1_43' title='bbox 1645 873 1741 938; x_wconf 91' lang='lat' dir='ltr'><strong>bodie</strong></span> <span class='ocrx_word' id='word_1_44' title='bbox 1761 873 1856 935; x_wconf 89' lang='lat' dir='ltr'><strong>vilius</strong></span> <span class='ocrx_word' id='word_1_45' title='bbox 1875 881 1970 955; x_wconf 79' lang='lat' dir='ltr'><strong>repub·</strong></span> 
     </span>
     <span class='ocr_line' id='line_1_5' title="bbox 456 973 1970 1056; baseline -0.001 -21"><span class='ocrx_word' id='word_1_46' title='bbox 456 981 645 1054; x_wconf 89' lang='lat' dir='ltr'><strong>peccemust</strong></span> <span class='ocrx_word' id='word_1_47' title='bbox 662 975 889 1038; x_wconf 76' lang='lat' dir='ltr'>Verumtamen</span> <span class='ocrx_word' id='word_1_48' title='bbox 905 975 944 1036; x_wconf 90' lang='lat' dir='ltr'><strong>ad</strong></span> <span class='ocrx_word' id='word_1_49' title='bbox 961 974 1044 1036; x_wconf 92' lang='lat' dir='ltr'><strong>istud</strong></span> <span class='ocrx_word' id='word_1_50' title='bbox 1062 992 1120 1056; x_wconf 94' lang='lat' dir='ltr'><strong>pro</strong></span> <span class='ocrx_word' id='word_1_51' title='bbox 1135 992 1205 1056; x_wconf 93' lang='lat' dir='ltr'><strong>pos·</strong></span> <span class='ocrx_word' id='word_1_52' title='bbox 1260 978 1328 1052; x_wconf 83' lang='lat' dir='ltr'><strong>tur3</strong></span> <span class='ocrx_word' id='word_1_53' title='bbox 1345 981 1511 1036; x_wconf 90' lang='lat' dir='ltr'><strong>transeunt</strong></span> <span class='ocrx_word' id='word_1_54' title='bbox 1530 973 1598 1036; x_wconf 92' lang='lat' dir='ltr'><strong>dies</strong></span> <span class='ocrx_word' id='word_1_55' title='bbox 1618 973 1741 1046; x_wconf 88' lang='lat' dir='ltr'><strong>salutis,</strong></span> <span class='ocrx_word' id='word_1_56' title='bbox 1758 978 1790 1034; x_wconf 90' lang='lat' dir='ltr'><strong>et</strong></span> <span class='ocrx_word' id='word_1_57' title='bbox 1808 988 1970 1034; x_wconf 81' lang='lat' dir='ltr'><strong>nemoroso</strong></span> 
     </span>
     <span class='ocr_line' id='line_1_6' title="bbox 456 1070 1970 1155; baseline -0.001 -22"><span class='ocrx_word' id='word_1_58' title='bbox 456 1090 490 1134; x_wconf 91' lang='lat' dir='ltr'><strong>se</strong></span> <span class='ocrx_word' id='word_1_59' title='bbox 512 1072 663 1147; x_wconf 81' lang='lat' dir='ltr'><strong>nitamur,</strong></span> <span class='ocrx_word' id='word_1_60' title='bbox 687 1080 719 1136; x_wconf 92' lang='lat' dir='ltr'><strong>et</strong></span> <span class='ocrx_word' id='word_1_61' title='bbox 742 1073 905 1155; x_wconf 80' lang='lat' dir='ltr'><strong>propriam</strong></span> <span class='ocrx_word' id='word_1_62' title='bbox 928 1073 1204 1146; x_wconf 79' lang='lat' dir='ltr'><strong>insufficientiam,</strong></span> <span class='ocrx_word' id='word_1_63' title='bbox 1259 1071 1347 1152; x_wconf 87' lang='lat' dir='ltr'><strong>gitat,</strong></span> <span class='ocrx_word' id='word_1_64' title='bbox 1365 1090 1461 1134; x_wconf 92' lang='lat' dir='ltr'><strong>nemo</strong></span> <span class='ocrx_word' id='word_1_65' title='bbox 1480 1071 1542 1134; x_wconf 94' lang='lat' dir='ltr'><strong>sibi</strong></span> <span class='ocrx_word' id='word_1_66' title='bbox 1563 1072 1668 1154; x_wconf 91' lang='lat' dir='ltr'><strong>perire</strong></span> <span class='ocrx_word' id='word_1_67' title='bbox 1687 1070 1774 1134; x_wconf 91' lang='lat' dir='ltr'><strong>diem</strong></span> <span class='ocrx_word' id='word_1_68' title='bbox 1793 1076 1824 1134; x_wconf 91' lang='lat' dir='ltr'><strong>et</strong></span> <span class='ocrx_word' id='word_1_69' title='bbox 1837 1089 1970 1152; x_wconf 88' lang='lat' dir='ltr'><strong>nunquan</strong></span> 
     </span>
     <span class='ocr_line' id='line_1_7' title="bbox 456 1168 1970 1253; baseline -0.001 -22"><span class='ocrx_word' id='word_1_70' title='bbox 456 1168 730 1234; x_wconf 87' lang='lat' dir='ltr'><strong>defectuositatem</strong></span> <span class='ocrx_word' id='word_1_71' title='bbox 750 1191 787 1235; x_wconf 90' lang='lat' dir='ltr'><strong>ac</strong></span> <span class='ocrx_word' id='word_1_72' title='bbox 806 1172 1018 1234; x_wconf 78' lang='lat' dir='ltr'><strong>calamitatem</strong></span> <span class='ocrx_word' id='word_1_73' title='bbox 1037 1171 1155 1252; x_wconf 86' lang='lat' dir='ltr'><strong>jugiter</strong></span> <span class='ocrx_word' id='word_1_74' title='bbox 1168 1189 1205 1233; x_wconf 92' lang='lat' dir='ltr'><strong>ac</strong></span> <span class='ocrx_word' id='word_1_75' title='bbox 1261 1170 1437 1233; x_wconf 91' lang='lat' dir='ltr'><strong>rediturum</strong></span> <span class='ocrx_word' id='word_1_76' title='bbox 1453 1177 1609 1234; x_wconf 82' lang='lat' dir='ltr'><strong>causatur.</strong></span> <span class='ocrx_word' id='word_1_77' title='bbox 1627 1171 1674 1233; x_wconf 75' lang='lat' dir='ltr'><strong>lin</strong></span> <span class='ocrx_word' id='word_1_78' title='bbox 1693 1176 1812 1253; x_wconf 82' lang='lat' dir='ltr'><strong>quanta</strong></span> <span class='ocrx_word' id='word_1_79' title='bbox 1829 1177 1874 1231; x_wconf 89' lang='lat' dir='ltr'><strong>est</strong></span> <span class='ocrx_word' id='word_1_80' title='bbox 1889 1187 1970 1230; x_wconf 88' lang='lat' dir='ltr'><strong>carna-</strong></span> 
     </span>
     <span class='ocr_line' id='line_1_8' title="bbox 455 1267 1971 1352; baseline 0.001 -23"><span class='ocrx_word' id='word_1_81' title='bbox 455 1268 622 1332; x_wconf 89' lang='lat' dir='ltr'><strong>humiliter</strong></span> <span class='ocrx_word' id='word_1_82' title='bbox 637 1269 984 1352; x_wconf 89' lang='lat' dir='ltr'><strong>confitentes,Spiritus</strong></span> <span class='ocrx_word' id='word_1_83' title='bbox 999 1269 1105 1332; x_wconf 87' lang='lat' dir='ltr'><strong>Sancti</strong></span> <span class='ocrx_word' id='word_1_84' title='bbox 1120 1269 1206 1332; x_wconf 87' lang='lat' dir='ltr'><strong>auxi·</strong></span> <span class='ocrx_word' id='word_1_85' title='bbox 1260 1267 1339 1330; x_wconf 93' lang='lat' dir='ltr'><strong>lium</strong></span> <span class='ocrx_word' id='word_1_86' title='bbox 1354 1268 1524 1333; x_wconf 80' lang='lat' dir='ltr'><strong>excaecatio</strong></span> <span class='ocrx_word' id='word_1_87' title='bbox 1542 1269 1711 1333; x_wconf 94' lang='lat' dir='ltr'><strong>bominum</strong></span> <span class='ocrx_word' id='word_1_88' title='bbox 1728 1285 1736 1330; x_wconf 90' lang='lat'>:</span> <span class='ocrx_word' id='word_1_89' title='bbox 1753 1267 1780 1330; x_wconf 93' lang='lat' dir='ltr'><strong>si</strong></span> <span class='ocrx_word' id='word_1_90' title='bbox 1797 1267 1865 1350; x_wconf 88' lang='lat' dir='ltr'><strong>quis</strong></span> <span class='ocrx_word' id='word_1_91' title='bbox 1880 1285 1971 1330; x_wconf 71' lang='lat' dir='ltr'><strong>merce</strong></span> 
     </span>
     <span class='ocr_line' id='line_1_9' title="bbox 457 1365 1971 1449; baseline 0 -22"><span class='ocrx_word' id='word_1_92' title='bbox 457 1365 548 1442; x_wconf 92' lang='lat' dir='ltr'><strong>lium,</strong></span> <span class='ocrx_word' id='word_1_93' title='bbox 566 1367 822 1442; x_wconf 87' lang='lat' dir='ltr'><strong>illustrationem,</strong></span> <span class='ocrx_word' id='word_1_94' title='bbox 842 1368 1051 1431; x_wconf 89' lang='lat' dir='ltr'><strong>directionem</strong></span> <span class='ocrx_word' id='word_1_95' title='bbox 1072 1367 1204 1430; x_wconf 87' lang='lat' dir='ltr'><strong>fiducia·</strong></span> <span class='ocrx_word' id='word_1_96' title='bbox 1259 1373 1309 1429; x_wconf 90' lang='lat' dir='ltr'><strong>tor</strong></span> <span class='ocrx_word' id='word_1_97' title='bbox 1332 1366 1529 1429; x_wconf 92' lang='lat' dir='ltr'><strong>obdormiret</strong></span> <span class='ocrx_word' id='word_1_98' title='bbox 1551 1367 1630 1430; x_wconf 89' lang='lat' dir='ltr'><strong>bora</strong></span> <span class='ocrx_word' id='word_1_99' title='bbox 1654 1367 1687 1430; x_wconf 93' lang='lat' dir='ltr'><strong>in</strong></span> <span class='ocrx_word' id='word_1_100' title='bbox 1711 1386 1775 1449; x_wconf 91' lang='lat' dir='ltr'><strong>qua</strong></span> <span class='ocrx_word' id='word_1_101' title='bbox 1799 1373 1914 1428; x_wconf 89' lang='lat' dir='ltr'><strong>eentum</strong></span> <span class='ocrx_word' id='word_1_102' title='bbox 1930 1365 1971 1427; x_wconf 86' lang='lat' dir='ltr'><strong>llo</strong></span> 
     </span>
     <span class='ocr_line' id='line_1_10' title="bbox 458 1463 1971 1549; baseline 0.001 -24"><span class='ocrx_word' id='word_1_103' title='bbox 458 1463 582 1527; x_wconf 88' lang='lat' dir='ltr'><strong>literae</strong></span> <span class='ocrx_word' id='word_1_104' title='bbox 599 1466 831 1530; x_wconf 83' lang='lat' dir='ltr'><strong>incessabiliter</strong></span> <span class='ocrx_word' id='word_1_105' title='bbox 846 1466 1205 1549; x_wconf 77' lang='lat' dir='ltr'><strong>imploremuszettunc</strong></span> <span class='ocrx_word' id='word_1_106' title='bbox 1260 1483 1352 1528; x_wconf 92' lang='lat' dir='ltr'><strong>renos</strong></span> <span class='ocrx_word' id='word_1_107' title='bbox 1376 1474 1483 1548; x_wconf 90' lang='lat' dir='ltr'><strong>posset</strong></span> <span class='ocrx_word' id='word_1_108' title='bbox 1503 1467 1631 1540; x_wconf 89' lang='lat' dir='ltr'><strong>lucrari,</strong></span> <span class='ocrx_word' id='word_1_109' title='bbox 1647 1473 1703 1528; x_wconf 92' lang='lat' dir='ltr'><strong>aut</strong></span> <span class='ocrx_word' id='word_1_110' title='bbox 1722 1473 1808 1528; x_wconf 86' lang='lat' dir='ltr'><strong>certe</strong></span> <span class='ocrx_word' id='word_1_111' title='bbox 1829 1465 1971 1546; x_wconf 81' lang='lat' dir='ltr'><strong>negligeret</strong></span> 
     </span>
     <span class='ocr_line' id='line_1_11' title="bbox 457 1563 1971 1647; baseline -0.001 -22"><span class='ocrx_word' id='word_1_112' title='bbox 457 1563 568 1646; x_wconf 90' lang='lat' dir='ltr'><strong>utique</strong></span> <span class='ocrx_word' id='word_1_113' title='bbox 597 1564 666 1647; x_wconf 91' lang='lat' dir='ltr'><strong>ipse</strong></span> <span class='ocrx_word' id='word_1_114' title='bbox 690 1564 1038 1647; x_wconf 84' lang='lat' dir='ltr'><strong>superbenignissimus</strong></span> <span class='ocrx_word' id='word_1_115' title='bbox 1067 1564 1205 1646; x_wconf 89' lang='lat' dir='ltr'><strong>Spiritus</strong></span> <span class='ocrx_word' id='word_1_116' title='bbox 1260 1564 1418 1628; x_wconf 91' lang='lat' dir='ltr'><strong>nundinas</strong></span> <span class='ocrx_word' id='word_1_117' title='bbox 1439 1565 1471 1627; x_wconf 93' lang='lat' dir='ltr'><strong>in</strong></span> <span class='ocrx_word' id='word_1_118' title='bbox 1490 1565 1609 1647; x_wconf 90' lang='lat' dir='ltr'><strong>quibus</strong></span> <span class='ocrx_word' id='word_1_119' title='bbox 1623 1563 1712 1627; x_wconf 93' lang='lat' dir='ltr'><strong>mille</strong></span> <span class='ocrx_word' id='word_1_120' title='bbox 1731 1563 1866 1627; x_wconf 90' lang='lat' dir='ltr'><strong>florenos</strong></span> <span class='ocrx_word' id='word_1_121' title='bbox 1882 1563 1971 1624; x_wconf 90' lang='lat' dir='ltr'><strong>lucrari</strong></span> 
     </span>
     <span class='ocr_line' id='line_1_12' title="bbox 457 1661 1971 1745; baseline 0 -21"><span class='ocrx_word' id='word_1_122' title='bbox 457 1662 591 1724; x_wconf 89' lang='lat' dir='ltr'><strong>Sanetus</strong></span> <span class='ocrx_word' id='word_1_123' title='bbox 609 1662 830 1726; x_wconf 87' lang='lat' dir='ltr'><strong>infirmitatem</strong></span> <span class='ocrx_word' id='word_1_124' title='bbox 847 1671 986 1727; x_wconf 88' lang='lat' dir='ltr'><strong>nostram</strong></span> <span class='ocrx_word' id='word_1_125' title='bbox 1002 1663 1138 1745; x_wconf 81' lang='lat' dir='ltr'><strong>gratiose</strong></span> <span class='ocrx_word' id='word_1_126' title='bbox 1154 1679 1205 1725; x_wconf 89' lang='lat' dir='ltr'><strong>co·</strong></span> <span class='ocrx_word' id='word_1_127' title='bbox 1259 1662 1390 1739; x_wconf 89' lang='lat' dir='ltr'><strong>valeret,</strong></span> <span class='ocrx_word' id='word_1_128' title='bbox 1420 1663 1656 1745; x_wconf 85' lang='lat' dir='ltr'><strong>vituperaretur</strong></span> <span class='ocrx_word' id='word_1_129' title='bbox 1684 1662 1725 1726; x_wconf 89' lang='lat' dir='ltr'><strong>ab</strong></span> <span class='ocrx_word' id='word_1_130' title='bbox 1754 1661 1895 1727; x_wconf 89' lang='lat' dir='ltr'><strong>omnibus</strong></span> <span class='ocrx_word' id='word_1_131' title='bbox 1919 1669 1971 1724; x_wconf 88' lang='lat' dir='ltr'><strong>tan·</strong></span> 
     </span>
     <span class='ocr_line' id='line_1_13' title="bbox 456 1759 1971 1844; baseline -0.001 -23"><span class='ocrx_word' id='word_1_132' title='bbox 456 1759 610 1843; x_wconf 89' lang='lat' dir='ltr'><strong>pioseque</strong></span> <span class='ocrx_word' id='word_1_133' title='bbox 631 1761 723 1824; x_wconf 87' lang='lat' dir='ltr'><strong>valde</strong></span> <span class='ocrx_word' id='word_1_134' title='bbox 744 1760 879 1842; x_wconf 85' lang='lat' dir='ltr'><strong>juvabit.</strong></span> <span class='ocrx_word' id='word_1_135' title='bbox 896 1761 1005 1844; x_wconf 88' lang='lat' dir='ltr'><strong>ltaque</strong></span> <span class='ocrx_word' id='word_1_136' title='bbox 1027 1768 1118 1823; x_wconf 89' lang='lat' dir='ltr'><strong>caute</strong></span> <span class='ocrx_word' id='word_1_137' title='bbox 1140 1779 1205 1823; x_wconf 90' lang='lat' dir='ltr'><strong>am·</strong></span> <span class='ocrx_word' id='word_1_138' title='bbox 1260 1780 1356 1843; x_wconf 90' lang='lat' dir='ltr'><strong>quam</strong></span> <span class='ocrx_word' id='word_1_139' title='bbox 1380 1761 1508 1836; x_wconf 88' lang='lat' dir='ltr'><strong>stultus,</strong></span> <span class='ocrx_word' id='word_1_140' title='bbox 1535 1762 1668 1843; x_wconf 86' lang='lat' dir='ltr'><strong>ignavus</strong></span> <span class='ocrx_word' id='word_1_141' title='bbox 1689 1779 1726 1824; x_wconf 86' lang='lat' dir='ltr'><strong>ac</strong></span> <span class='ocrx_word' id='word_1_142' title='bbox 1750 1760 1918 1842; x_wconf 82' lang='lat' dir='ltr'><strong>negligens3</strong></span> <span class='ocrx_word' id='word_1_143' title='bbox 1931 1760 1971 1820; x_wconf 86' lang='lat' dir='ltr'><strong>sed</strong></span> 
     </span>
     <span class='ocr_line' id='line_1_14' title="bbox 456 1857 1973 1943; baseline 0 -23"><span class='ocrx_word' id='word_1_144' title='bbox 456 1857 616 1934; x_wconf 91' lang='lat' dir='ltr'><strong>bulemns,</strong></span> <span class='ocrx_word' id='word_1_145' title='bbox 633 1867 665 1922; x_wconf 89' lang='lat' dir='ltr'><strong>et</strong></span> <span class='ocrx_word' id='word_1_146' title='bbox 679 1859 797 1943; x_wconf 91' lang='lat' dir='ltr'><strong>quibus</strong></span> <span class='ocrx_word' id='word_1_147' title='bbox 813 1859 926 1933; x_wconf 92' lang='lat' dir='ltr'><strong>modis,</strong></span> <span class='ocrx_word' id='word_1_148' title='bbox 940 1859 1001 1922; x_wconf 90' lang='lat' dir='ltr'><strong>viis</strong></span> <span class='ocrx_word' id='word_1_149' title='bbox 1017 1878 1073 1922; x_wconf 92' lang='lat' dir='ltr'><strong>seu</strong></span> <span class='ocrx_word' id='word_1_150' title='bbox 1088 1859 1203 1921; x_wconf 91' lang='lat' dir='ltr'><strong>mediis</strong></span> <span class='ocrx_word' id='word_1_151' title='bbox 1222 1857 1245 1920; x_wconf 89' lang='lat' dir='ltr'>B</span> <span class='ocrx_word' id='word_1_152' title='bbox 1260 1860 1345 1942; x_wconf 90' lang='lat' dir='ltr'><strong>qnod</strong></span> <span class='ocrx_word' id='word_1_153' title='bbox 1365 1860 1511 1923; x_wconf 91' lang='lat' dir='ltr'><strong>homines</strong></span> <span class='ocrx_word' id='word_1_154' title='bbox 1530 1859 1673 1943; x_wconf 89' lang='lat' dir='ltr'><strong>quotidie</strong></span> <span class='ocrx_word' id='word_1_155' title='bbox 1693 1860 1810 1922; x_wconf 87' lang='lat' dir='ltr'><strong>multas</strong></span> <span class='ocrx_word' id='word_1_156' title='bbox 1824 1859 1906 1921; x_wconf 88' lang='lat' dir='ltr'><strong>boras</strong></span> <span class='ocrx_word' id='word_1_157' title='bbox 1917 1875 1973 1920; x_wconf 90' lang='lat' dir='ltr'><strong>roo·</strong></span> 
     </span>
     <span class='ocr_line' id='line_1_15' title="bbox 455 1956 1973 2041; baseline -0.002 -22"><span class='ocrx_word' id='word_1_158' title='bbox 455 1957 550 2020; x_wconf 91' lang='lat' dir='ltr'><strong>citius</strong></span> <span class='ocrx_word' id='word_1_159' title='bbox 574 1975 611 2020; x_wconf 87' lang='lat' dir='ltr'><strong>ac</strong></span> <span class='ocrx_word' id='word_1_160' title='bbox 635 1957 850 2020; x_wconf 89' lang='lat' dir='ltr'><strong>abundantius</strong></span> <span class='ocrx_word' id='word_1_161' title='bbox 874 1956 1032 2040; x_wconf 91' lang='lat' dir='ltr'><strong>proficere</strong></span> <span class='ocrx_word' id='word_1_162' title='bbox 1057 1957 1090 2020; x_wconf 94' lang='lat' dir='ltr'><strong>in</strong></span> <span class='ocrx_word' id='word_1_163' title='bbox 1115 1957 1203 2021; x_wconf 93' lang='lat' dir='ltr'><strong>omni</strong></span> <span class='ocrx_word' id='word_1_164' title='bbox 1260 1965 1391 2021; x_wconf 90' lang='lat' dir='ltr'><strong>sumunt</strong></span> <span class='ocrx_word' id='word_1_165' title='bbox 1413 1959 1445 2021; x_wconf 94' lang='lat' dir='ltr'><strong>in</strong></span> <span class='ocrx_word' id='word_1_166' title='bbox 1465 1957 1583 2041; x_wconf 91' lang='lat' dir='ltr'><strong>quibus</strong></span> <span class='ocrx_word' id='word_1_167' title='bbox 1603 1977 1662 2021; x_wconf 91' lang='lat' dir='ltr'><strong>nec</strong></span> <span class='ocrx_word' id='word_1_168' title='bbox 1687 1957 1789 2021; x_wconf 91' lang='lat' dir='ltr'><strong>semel</strong></span> <span class='ocrx_word' id='word_1_169' title='bbox 1814 1957 1973 2020; x_wconf 86' lang='lat' dir='ltr'><strong>meditantur</strong></span> 
     </span>
     <span class='ocr_line' id='line_1_16' title="bbox 455 2055 1971 2139; baseline -0.001 -22"><span class='ocrx_word' id='word_1_170' title='bbox 455 2057 555 2135; x_wconf 85' lang='lat' dir='ltr'><strong>gratia</strong></span> <span class='ocrx_word' id='word_1_171' title='bbox 570 2075 606 2118; x_wconf 88' lang='lat' dir='ltr'><strong>ae</strong></span> <span class='ocrx_word' id='word_1_172' title='bbox 622 2056 740 2118; x_wconf 90' lang='lat' dir='ltr'><strong>virtute</strong></span> <span class='ocrx_word' id='word_1_173' title='bbox 755 2056 929 2130; x_wconf 78' lang='lat' dir='ltr'><strong>valeamuS,</strong></span> <span class='ocrx_word' id='word_1_174' title='bbox 946 2055 1078 2118; x_wconf 89' lang='lat' dir='ltr'><strong>solerter</strong></span> <span class='ocrx_word' id='word_1_175' title='bbox 1091 2075 1203 2138; x_wconf 91' lang='lat' dir='ltr'><strong>pense·</strong></span> <span class='ocrx_word' id='word_1_176' title='bbox 1259 2057 1297 2118; x_wconf 89' lang='lat' dir='ltr'><strong>de</strong></span> <span class='ocrx_word' id='word_1_177' title='bbox 1312 2058 1387 2132; x_wconf 86' lang='lat' dir='ltr'><strong>Deo,</strong></span> <span class='ocrx_word' id='word_1_178' title='bbox 1397 2075 1455 2120; x_wconf 90' lang='lat' dir='ltr'><strong>nee</strong></span> <span class='ocrx_word' id='word_1_179' title='bbox 1469 2056 1591 2139; x_wconf 88' lang='lat' dir='ltr'><strong>aliquid</strong></span> <span class='ocrx_word' id='word_1_180' title='bbox 1606 2055 1810 2120; x_wconf 90' lang='lat' dir='ltr'><strong>meritorium</strong></span> <span class='ocrx_word' id='word_1_181' title='bbox 1823 2062 1971 2138; x_wconf 83' lang='lat' dir='ltr'><strong>operantur,</strong></span> 
     </span>
     <span class='ocr_line' id='line_1_17' title="bbox 456 2153 1973 2237; baseline -0.001 -22"><span class='ocrx_word' id='word_1_182' title='bbox 456 2172 539 2228; x_wconf 92' lang='lat' dir='ltr'><strong>mus,</strong></span> <span class='ocrx_word' id='word_1_183' title='bbox 557 2162 667 2237; x_wconf 92' lang='lat' dir='ltr'><strong>utpote</strong></span> <span class='ocrx_word' id='word_1_184' title='bbox 687 2154 850 2237; x_wconf 91' lang='lat' dir='ltr'><strong>inprimis</strong></span> <span class='ocrx_word' id='word_1_185' title='bbox 869 2172 928 2217; x_wconf 90' lang='lat' dir='ltr'><strong>nos</strong></span> <span class='ocrx_word' id='word_1_186' title='bbox 948 2154 1035 2236; x_wconf 91' lang='lat' dir='ltr'><strong>ipsos</strong></span> <span class='ocrx_word' id='word_1_187' title='bbox 1055 2155 1088 2216; x_wconf 93' lang='lat' dir='ltr'><strong>in</strong></span> <span class='ocrx_word' id='word_1_188' title='bbox 1103 2153 1204 2217; x_wconf 92' lang='lat' dir='ltr'><strong>omni·</strong></span> <span class='ocrx_word' id='word_1_189' title='bbox 1259 2154 1324 2218; x_wconf 93' lang='lat' dir='ltr'><strong>imo</strong></span> <span class='ocrx_word' id='word_1_190' title='bbox 1347 2155 1525 2218; x_wconf 88' lang='lat' dir='ltr'><strong>econtrario</strong></span> <span class='ocrx_word' id='word_1_191' title='bbox 1549 2155 1618 2218; x_wconf 90' lang='lat' dir='ltr'><strong>sine</strong></span> <span class='ocrx_word' id='word_1_192' title='bbox 1642 2173 1794 2218; x_wconf 88' lang='lat' dir='ltr'><strong>mensura</strong></span> <span class='ocrx_word' id='word_1_193' title='bbox 1817 2161 1847 2216; x_wconf 89' lang='lat' dir='ltr'><strong>et</strong></span> <span class='ocrx_word' id='word_1_194' title='bbox 1866 2170 1973 2216; x_wconf 90' lang='lat' dir='ltr'><strong>numero</strong></span> 
     </span>
     <span class='ocr_line' id='line_1_18' title="bbox 455 2250 1972 2336; baseline 0.001 -23"><span class='ocrx_word' id='word_1_195' title='bbox 455 2250 516 2314; x_wconf 95' lang='lat' dir='ltr'><strong>bus</strong></span> <span class='ocrx_word' id='word_1_196' title='bbox 545 2252 755 2328; x_wconf 89' lang='lat' dir='ltr'><strong>humiliando,</strong></span> <span class='ocrx_word' id='word_1_197' title='bbox 787 2254 819 2315; x_wconf 94' lang='lat' dir='ltr'><strong>in</strong></span> <span class='ocrx_word' id='word_1_198' title='bbox 849 2252 932 2327; x_wconf 85' lang='lat' dir='ltr'><strong>cibo,</strong></span> <span class='ocrx_word' id='word_1_199' title='bbox 959 2261 1047 2335; x_wconf 92' lang='lat' dir='ltr'><strong>potu,</strong></span> <span class='ocrx_word' id='word_1_200' title='bbox 1072 2254 1201 2328; x_wconf 91' lang='lat' dir='ltr'><strong>vestitu,</strong></span> <span class='ocrx_word' id='word_1_201' title='bbox 1258 2261 1401 2336; x_wconf 91' lang='lat' dir='ltr'><strong>peceant,</strong></span> <span class='ocrx_word' id='word_1_202' title='bbox 1418 2271 1512 2316; x_wconf 89' lang='lat' dir='ltr'><strong>nemo</strong></span> <span class='ocrx_word' id='word_1_203' title='bbox 1526 2253 1696 2336; x_wconf 90' lang='lat' dir='ltr'><strong>vituperat,</strong></span> <span class='ocrx_word' id='word_1_204' title='bbox 1707 2252 1818 2316; x_wconf 93' lang='lat' dir='ltr'><strong>nullus</strong></span> <span class='ocrx_word' id='word_1_205' title='bbox 1832 2251 1972 2334; x_wconf 83' lang='lat' dir='ltr'><strong>deplangit,</strong></span> 
     </span>
     <span class='ocr_line' id='line_1_19' title="bbox 456 2350 2050 2433; baseline -0.005 -21"><span class='ocrx_word' id='word_1_206' title='bbox 456 2368 578 2425; x_wconf 90' lang='lat' dir='ltr'><strong>somno,</strong></span> <span class='ocrx_word' id='word_1_207' title='bbox 605 2351 765 2415; x_wconf 90' lang='lat' dir='ltr'><strong>locutione</strong></span> <span class='ocrx_word' id='word_1_208' title='bbox 793 2353 924 2414; x_wconf 90' lang='lat' dir='ltr'><strong>modum</strong></span> <span class='ocrx_word' id='word_1_209' title='bbox 956 2353 1121 2426; x_wconf 87' lang='lat' dir='ltr'><strong>servando,</strong></span> <span class='ocrx_word' id='word_1_210' title='bbox 1146 2372 1201 2414; x_wconf 85' lang='lat' dir='ltr'><strong>ex·</strong></span> <span class='ocrx_word' id='word_1_211' title='bbox 1258 2351 1324 2414; x_wconf 92' lang='lat' dir='ltr'><strong>imo</strong></span> <span class='ocrx_word' id='word_1_212' title='bbox 1338 2350 1484 2414; x_wconf 89' lang='lat' dir='ltr'><strong>laudatur</strong></span> <span class='ocrx_word' id='word_1_213' title='bbox 1498 2359 1645 2433; x_wconf 88' lang='lat' dir='ltr'><strong>peccator</strong></span> <span class='ocrx_word' id='word_1_214' title='bbox 1660 2351 1693 2413; x_wconf 93' lang='lat' dir='ltr'><strong>in</strong></span> <span class='ocrx_word' id='word_1_215' title='bbox 1707 2350 1873 2412; x_wconf 90' lang='lat' dir='ltr'><strong>desideriis</strong></span> <span class='ocrx_word' id='word_1_216' title='bbox 1884 2350 2050 2410; x_wconf 61' lang='lat' dir='ltr'><strong>animaene</strong></span> 
     </span>
     <span class='ocr_line' id='line_1_20' title="bbox 455 2427 2022 2532; baseline -0.001 -21"><span class='ocrx_word' id='word_1_217' title='bbox 455 2450 587 2513; x_wconf 81' lang='lat' dir='ltr'><strong>teriones</strong></span> <span class='ocrx_word' id='word_1_218' title='bbox 619 2450 851 2532; x_wconf 89' lang='lat' dir='ltr'><strong>interioresque</strong></span> <span class='ocrx_word' id='word_1_219' title='bbox 880 2470 992 2514; x_wconf 91' lang='lat' dir='ltr'><strong>sensus</strong></span> <span class='ocrx_word' id='word_1_220' title='bbox 1021 2452 1202 2515; x_wconf 90' lang='lat' dir='ltr'><strong>custodien-</strong></span> <span class='ocrx_word' id='word_1_221' title='bbox 1258 2469 1333 2524; x_wconf 81' lang='lat' dir='ltr'><strong>suae,</strong></span> <span class='ocrx_word' id='word_1_222' title='bbox 1350 2469 1449 2531; x_wconf 90' lang='lat' dir='ltr'><strong>quum</strong></span> <span class='ocrx_word' id='word_1_223' title='bbox 1465 2457 1572 2512; x_wconf 90' lang='lat' dir='ltr'><strong>tamen</strong></span> <span class='ocrx_word' id='word_1_224' title='bbox 1588 2467 1652 2513; x_wconf 93' lang='lat' dir='ltr'><strong>non</strong></span> <span class='ocrx_word' id='word_1_225' title='bbox 1666 2456 1794 2511; x_wconf 79' lang='lat' dir='ltr'><strong>tantum</strong></span> <span class='ocrx_word' id='word_1_226' title='bbox 1812 2448 1892 2512; x_wconf 94' lang='lat' dir='ltr'><strong>omni</strong></span> <span class='ocrx_word' id='word_1_227' title='bbox 1905 2448 1971 2520; x_wconf 87' lang='lat' dir='ltr'><strong>bora,</strong></span> <span class='ocrx_word' id='word_1_228' title='bbox 1983 2427 2022 2470; x_wconf 50' lang='grc' dir='ltr'><strong>Μ·</strong></span> 
     </span>
     <span class='ocr_line' id='line_1_21' title="bbox 456 2546 1973 2633; baseline -0.003 -23"><span class='ocrx_word' id='word_1_229' title='bbox 456 2549 507 2623; x_wconf 93' lang='lat' dir='ltr'><strong>do,</strong></span> <span class='ocrx_word' id='word_1_230' title='bbox 526 2547 641 2612; x_wconf 87' lang='lat' dir='ltr'><strong>Christi</strong></span> <span class='ocrx_word' id='word_1_231' title='bbox 667 2549 846 2631; x_wconf 88' lang='lat' dir='ltr'><strong>passionem</strong></span> <span class='ocrx_word' id='word_1_232' title='bbox 877 2550 909 2612; x_wconf 95' lang='lat' dir='ltr'><strong>in</strong></span> <span class='ocrx_word' id='word_1_233' title='bbox 940 2557 1046 2612; x_wconf 87' lang='lat' dir='ltr'><strong>mente</strong></span> <span class='ocrx_word' id='word_1_234' title='bbox 1075 2568 1203 2633; x_wconf 89' lang='lat' dir='ltr'><strong>semper</strong></span> <span class='ocrx_word' id='word_1_235' title='bbox 1257 2548 1312 2610; x_wconf 92' lang='lat' dir='ltr'><strong>sed</strong></span> <span class='ocrx_word' id='word_1_236' title='bbox 1334 2554 1366 2610; x_wconf 93' lang='lat' dir='ltr'><strong>et</strong></span> <span class='ocrx_word' id='word_1_237' title='bbox 1388 2548 1530 2611; x_wconf 90' lang='lat' dir='ltr'><strong>inomni</strong></span> <span class='ocrx_word' id='word_1_238' title='bbox 1553 2555 1715 2611; x_wconf 91' lang='lat' dir='ltr'><strong>momento</strong></span> <span class='ocrx_word' id='word_1_239' title='bbox 1735 2555 1880 2610; x_wconf 82' lang='lat' dir='ltr'><strong>aetemum</strong></span> <span class='ocrx_word' id='word_1_240' title='bbox 1897 2546 1973 2627; x_wconf 89' lang='lat' dir='ltr'><strong>possi-</strong></span> 
     </span>
     <span class='ocr_line' id='line_1_22' title="bbox 455 2646 1973 2732; baseline -0.001 -23"><span class='ocrx_word' id='word_1_241' title='bbox 455 2647 613 2722; x_wconf 87' lang='lat' dir='ltr'><strong>babendo‚</strong></span> <span class='ocrx_word' id='word_1_242' title='bbox 643 2647 841 2711; x_wconf 89' lang='lat' dir='ltr'><strong>orationibus</strong></span> <span class='ocrx_word' id='word_1_243' title='bbox 871 2666 997 2732; x_wconf 90' lang='lat' dir='ltr'><strong>quoque</strong></span> <span class='ocrx_word' id='word_1_244' title='bbox 1026 2649 1203 2712; x_wconf 88' lang='lat' dir='ltr'><strong>insistendo</strong></span> <span class='ocrx_word' id='word_1_245' title='bbox 1259 2666 1330 2709; x_wconf 91' lang='lat' dir='ltr'><strong>mus</strong></span> <span class='ocrx_word' id='word_1_246' title='bbox 1359 2647 1590 2710; x_wconf 87' lang='lat' dir='ltr'><strong>beatitudinem</strong></span> <span class='ocrx_word' id='word_1_247' title='bbox 1621 2647 1810 2728; x_wconf 89' lang='lat' dir='ltr'><strong>promereri.</strong></span> <span class='ocrx_word' id='word_1_248' title='bbox 1839 2646 1973 2728; x_wconf 85' lang='lat' dir='ltr'><strong>Siquidem</strong></span> 
     </span>
     <span class='ocr_line' id='line_1_23' title="bbox 455 2744 2067 2828; baseline -0.002 -20"><span class='ocrx_word' id='word_1_249' title='bbox 455 2745 602 2820; x_wconf 88' lang='lat' dir='ltr'><strong>viriliter,</strong></span> <span class='ocrx_word' id='word_1_250' title='bbox 628 2753 724 2828; x_wconf 89' lang='lat' dir='ltr'><strong>atque</strong></span> <span class='ocrx_word' id='word_1_251' title='bbox 753 2746 792 2808; x_wconf 90' lang='lat' dir='ltr'><strong>de</strong></span> <span class='ocrx_word' id='word_1_252' title='bbox 818 2748 929 2810; x_wconf 93' lang='lat' dir='ltr'><strong>mortis</strong></span> <span class='ocrx_word' id='word_1_253' title='bbox 954 2746 1137 2821; x_wconf 90' lang='lat' dir='ltr'><strong>acerbitate,</strong></span> <span class='ocrx_word' id='word_1_254' title='bbox 1163 2746 1202 2809; x_wconf 94' lang='lat' dir='ltr'><strong>de</strong></span> <span class='ocrx_word' id='word_1_255' title='bbox 1257 2744 1361 2807; x_wconf 92' lang='lat' dir='ltr'><strong>omnis</strong></span> <span class='ocrx_word' id='word_1_256' title='bbox 1376 2745 1512 2807; x_wconf 89' lang='lat' dir='ltr'><strong>actioex</strong></span> <span class='ocrx_word' id='word_1_257' title='bbox 1527 2745 1658 2808; x_wconf 88' lang='lat' dir='ltr'><strong>caritate</strong></span> <span class='ocrx_word' id='word_1_258' title='bbox 1673 2745 1859 2827; x_wconf 87' lang='lat' dir='ltr'><strong>procedens,</strong></span> <span class='ocrx_word' id='word_1_259' title='bbox 1875 2744 1975 2806; x_wconf 83' lang='lat' dir='ltr'><strong>merite</strong></span> <span class='ocrx_word' id='word_1_260' title='bbox 2066 2775 2067 2822; x_wconf 72' lang='lat'>1</span> 
     </span>
     <span class='ocr_line' id='line_1_24' title="bbox 453 2842 2067 2926; baseline -0.001 -20"><span class='ocrx_word' id='word_1_261' title='bbox 453 2843 555 2906; x_wconf 92' lang='lat' dir='ltr'><strong>divini</strong></span> <span class='ocrx_word' id='word_1_262' title='bbox 568 2843 680 2924; x_wconf 88' lang='lat' dir='ltr'><strong>judicii</strong></span> <span class='ocrx_word' id='word_1_263' title='bbox 697 2844 856 2908; x_wconf 91' lang='lat' dir='ltr'><strong>horrendo</strong></span> <span class='ocrx_word' id='word_1_264' title='bbox 870 2845 984 2926; x_wconf 88' lang='lat' dir='ltr'><strong>rigore,</strong></span> <span class='ocrx_word' id='word_1_265' title='bbox 999 2845 1038 2907; x_wconf 93' lang='lat' dir='ltr'><strong>de</strong></span> <span class='ocrx_word' id='word_1_266' title='bbox 1053 2844 1202 2908; x_wconf 90' lang='lat' dir='ltr'><strong>infernali</strong></span> <span class='ocrx_word' id='word_1_267' title='bbox 1258 2844 1304 2906; x_wconf 92' lang='lat' dir='ltr'><strong>ria</strong></span> <span class='ocrx_word' id='word_1_268' title='bbox 1319 2851 1368 2906; x_wconf 92' lang='lat' dir='ltr'><strong>est</strong></span> <span class='ocrx_word' id='word_1_269' title='bbox 1382 2844 1454 2906; x_wconf 76' lang='lat' dir='ltr'><strong>vite</strong></span> <span class='ocrx_word' id='word_1_270' title='bbox 1469 2851 1605 2917; x_wconf 80' lang='lat' dir='ltr'><strong>aeternte,</strong></span> <span class='ocrx_word' id='word_1_271' title='bbox 1623 2862 1694 2925; x_wconf 79' lang='lat' dir='ltr'><strong>quae</strong></span> <span class='ocrx_word' id='word_1_272' title='bbox 1711 2842 1974 2926; x_wconf 84' lang='lat' dir='ltr'><strong>incomparabiliter</strong></span> <span class='ocrx_word' id='word_1_273' title='bbox 2066 2899 2067 2904; x_wconf 73' lang='grc'>,</span> 
     </span>
     <span class='ocr_line' id='line_1_25' title="bbox 454 2941 1840 3024; baseline 0 -21"><span class='ocrx_word' id='word_1_274' title='bbox 454 2941 624 3024; x_wconf 89' lang='lat' dir='ltr'><strong>supplicio,</strong></span> <span class='ocrx_word' id='word_1_275' title='bbox 649 2943 689 3004; x_wconf 92' lang='lat' dir='ltr'><strong>de</strong></span> <span class='ocrx_word' id='word_1_276' title='bbox 709 2943 833 3024; x_wconf 84' lang='lat' dir='ltr'><strong>gaudiis</strong></span> <span class='ocrx_word' id='word_1_277' title='bbox 855 2942 971 3006; x_wconf 81' lang='lat' dir='ltr'><strong>futurae</strong></span> <span class='ocrx_word' id='word_1_278' title='bbox 995 2943 1202 3008; x_wconf 89' lang='lat' dir='ltr'><strong>beatitudinis</strong></span> <span class='ocrx_word' id='word_1_279' title='bbox 1257 2942 1407 3005; x_wconf 91' lang='lat' dir='ltr'><strong>omnibus</strong></span> <span class='ocrx_word' id='word_1_280' title='bbox 1430 2942 1541 3004; x_wconf 93' lang='lat' dir='ltr'><strong>mundi</strong></span> <span class='ocrx_word' id='word_1_281' title='bbox 1563 2941 1716 3024; x_wconf 74' lang='lat' dir='ltr'><strong>prevalet</strong></span> <span class='ocrx_word' id='word_1_282' title='bbox 1737 2941 1840 3005; x_wconf 91' lang='lat' dir='ltr'><strong>bonis.</strong></span> 
     </span>
     <span class='ocr_line' id='line_1_26' title="bbox 454 3038 1975 3122; baseline -0.001 -22"><span class='ocrx_word' id='word_1_283' title='bbox 454 3039 657 3122; x_wconf 91' lang='lat' dir='ltr'><strong>sempiternis</strong></span> <span class='ocrx_word' id='word_1_284' title='bbox 682 3038 849 3120; x_wconf 90' lang='lat' dir='ltr'><strong>cogitando</strong></span> <span class='ocrx_word' id='word_1_285' title='bbox 873 3038 1068 3122; x_wconf 90' lang='lat' dir='ltr'><strong>frequenter,</strong></span> <span class='ocrx_word' id='word_1_286' title='bbox 1090 3041 1145 3102; x_wconf 93' lang='lat' dir='ltr'><strong>sed</strong></span> <span class='ocrx_word' id='word_1_287' title='bbox 1170 3038 1242 3102; x_wconf 86' lang='lat' dir='ltr'><strong>etC</strong></span> <span class='ocrx_word' id='word_1_288' title='bbox 1290 3041 1370 3103; x_wconf 86' lang='lat' dir='ltr'><strong>Hinc</strong></span> <span class='ocrx_word' id='word_1_289' title='bbox 1385 3040 1502 3103; x_wconf 89' lang='lat' dir='ltr'><strong>iterum</strong></span> <span class='ocrx_word' id='word_1_290' title='bbox 1518 3039 1807 3103; x_wconf 89' lang='lat' dir='ltr'><strong>illuminatissimus</strong></span> <span class='ocrx_word' id='word_1_291' title='bbox 1821 3041 1862 3102; x_wconf 87' lang='lat' dir='ltr'><strong>ait</strong></span> <span class='ocrx_word' id='word_1_292' title='bbox 1874 3041 1975 3102; x_wconf 84' lang='lat' dir='ltr'><strong>llernar·</strong></span> 
     </span>
     <span class='ocr_line' id='line_1_27' title="bbox 453 3136 1974 3221; baseline -0.002 -22"><span class='ocrx_word' id='word_1_293' title='bbox 453 3136 613 3200; x_wconf 90' lang='lat' dir='ltr'><strong>benelieia</strong></span> <span class='ocrx_word' id='word_1_294' title='bbox 636 3138 692 3200; x_wconf 88' lang='lat' dir='ltr'><strong>Dei</strong></span> <span class='ocrx_word' id='word_1_295' title='bbox 718 3139 892 3221; x_wconf 88' lang='lat' dir='ltr'><strong>pensando,</strong></span> <span class='ocrx_word' id='word_1_296' title='bbox 918 3139 1052 3221; x_wconf 85' lang='lat' dir='ltr'><strong>ejusque</strong></span> <span class='ocrx_word' id='word_1_297' title='bbox 1079 3138 1201 3203; x_wconf 90' lang='lat' dir='ltr'><strong>bonita-</strong></span> <span class='ocrx_word' id='word_1_298' title='bbox 1257 3140 1315 3201; x_wconf 91' lang='lat' dir='ltr'><strong>dus</strong></span> <span class='ocrx_word' id='word_1_299' title='bbox 1329 3139 1447 3202; x_wconf 90' lang='lat' dir='ltr'><strong>:Nemo</strong></span> <span class='ocrx_word' id='word_1_300' title='bbox 1461 3146 1606 3201; x_wconf 92' lang='lat' dir='ltr'><strong>nostrum</strong></span> <span class='ocrx_word' id='word_1_301' title='bbox 1621 3139 1711 3220; x_wconf 88' lang='lat' dir='ltr'><strong>parvi</strong></span> <span class='ocrx_word' id='word_1_302' title='bbox 1728 3138 1862 3203; x_wconf 81' lang='lat' dir='ltr'><strong>aestimet</strong></span> <span class='ocrx_word' id='word_1_303' title='bbox 1874 3146 1974 3218; x_wconf 86' lang='lat' dir='ltr'><strong>tempus</strong></span> 
     </span>
     <span class='ocr_line' id='line_1_28' title="bbox 453 3235 1974 3321; baseline -0.001 -24"><span class='ocrx_word' id='word_1_304' title='bbox 453 3243 529 3311; x_wconf 90' lang='lat' dir='ltr'><strong>tem,</strong></span> <span class='ocrx_word' id='word_1_305' title='bbox 553 3235 764 3317; x_wconf 85' lang='lat' dir='ltr'><strong>majestatem,</strong></span> <span class='ocrx_word' id='word_1_306' title='bbox 786 3236 955 3316; x_wconf 87' lang='lat' dir='ltr'><strong>justitiam,</strong></span> <span class='ocrx_word' id='word_1_307' title='bbox 978 3237 1202 3319; x_wconf 92' lang='lat' dir='ltr'><strong>omnipotenti·</strong></span> <span class='ocrx_word' id='word_1_308' title='bbox 1256 3238 1341 3321; x_wconf 89' lang='lat' dir='ltr'><strong>quod</strong></span> <span class='ocrx_word' id='word_1_309' title='bbox 1363 3237 1397 3299; x_wconf 90' lang='lat' dir='ltr'><strong>in</strong></span> <span class='ocrx_word' id='word_1_310' title='bbox 1418 3236 1526 3300; x_wconf 90' lang='lat' dir='ltr'><strong>verbis</strong></span> <span class='ocrx_word' id='word_1_311' title='bbox 1550 3237 1754 3302; x_wconf 90' lang='lat' dir='ltr'><strong>consumitur</strong></span> <span class='ocrx_word' id='word_1_312' title='bbox 1777 3237 1889 3300; x_wconf 89' lang='lat' dir='ltr'><strong>otiosis.</strong></span> <span class='ocrx_word' id='word_1_313' title='bbox 1907 3235 1974 3297; x_wconf 86' lang='lat' dir='ltr'><strong>l&#39;olat</strong></span> 
     </span>
     <span class='ocr_line' id='line_1_29' title="bbox 453 3333 1974 3418; baseline 0 -24"><span class='ocrx_word' id='word_1_314' title='bbox 453 3351 504 3395; x_wconf 92' lang='lat' dir='ltr'><strong>am</strong></span> <span class='ocrx_word' id='word_1_315' title='bbox 520 3352 557 3394; x_wconf 88' lang='lat' dir='ltr'><strong>ac</strong></span> <span class='ocrx_word' id='word_1_316' title='bbox 572 3333 761 3415; x_wconf 91' lang='lat' dir='ltr'><strong>sapientiam</strong></span> <span class='ocrx_word' id='word_1_317' title='bbox 777 3333 1032 3416; x_wconf 91' lang='lat' dir='ltr'><strong>contemplando.</strong></span> <span class='ocrx_word' id='word_1_318' title='bbox 1043 3335 1114 3399; x_wconf 83' lang='lat' dir='ltr'><strong>llaee</strong></span> <span class='ocrx_word' id='word_1_319' title='bbox 1130 3355 1200 3418; x_wconf 82' lang='lat' dir='ltr'><strong>age·</strong></span> <span class='ocrx_word' id='word_1_320' title='bbox 1256 3335 1391 3399; x_wconf 92' lang='lat' dir='ltr'><strong>verbum</strong></span> <span class='ocrx_word' id='word_1_321' title='bbox 1416 3335 1635 3412; x_wconf 87' lang='lat' dir='ltr'><strong>irrevocabile,</strong></span> <span class='ocrx_word' id='word_1_322' title='bbox 1659 3335 1748 3398; x_wconf 92' lang='lat' dir='ltr'><strong>volat</strong></span> <span class='ocrx_word' id='word_1_323' title='bbox 1777 3343 1894 3418; x_wconf 91' lang='lat' dir='ltr'><strong>tempus</strong></span> <span class='ocrx_word' id='word_1_324' title='bbox 1918 3335 1974 3395; x_wconf 85' lang='lat' dir='ltr'><strong>irre</strong></span> 
     </span>
     <span class='ocr_line' id='line_1_30' title="bbox 454 3430 1973 3516; baseline -0.001 -24"><span class='ocrx_word' id='word_1_325' title='bbox 454 3449 499 3504; x_wconf 90' lang='lat' dir='ltr'><strong>re,</strong></span> <span class='ocrx_word' id='word_1_326' title='bbox 522 3437 571 3493; x_wconf 90' lang='lat' dir='ltr'><strong>est</strong></span> <span class='ocrx_word' id='word_1_327' title='bbox 591 3438 683 3494; x_wconf 91' lang='lat' dir='ltr'><strong>cante</strong></span> <span class='ocrx_word' id='word_1_328' title='bbox 705 3430 879 3493; x_wconf 90' lang='lat' dir='ltr'><strong>ambulare.</strong></span> <span class='ocrx_word' id='word_1_329' title='bbox 1257 3434 1404 3508; x_wconf 89' lang='lat' dir='ltr'><strong>meabile,</strong></span> <span class='ocrx_word' id='word_1_330' title='bbox 1420 3452 1479 3498; x_wconf 91' lang='lat' dir='ltr'><strong>nec</strong></span> <span class='ocrx_word' id='word_1_331' title='bbox 1494 3433 1630 3496; x_wconf 90' lang='lat' dir='ltr'><strong>advertit</strong></span> <span class='ocrx_word' id='word_1_332' title='bbox 1646 3433 1805 3516; x_wconf 93' lang='lat' dir='ltr'><strong>insipiens</strong></span> <span class='ocrx_word' id='word_1_333' title='bbox 1820 3434 1890 3516; x_wconf 88' lang='lat' dir='ltr'><strong>quid</strong></span> <span class='ocrx_word' id='word_1_334' title='bbox 1905 3433 1973 3494; x_wconf 85' lang='lat' dir='ltr'><strong>amit·</strong></span> 
     </span>
     <span class='ocr_line' id='line_1_31' title="bbox 493 3529 1973 3615; baseline 0 -24"><span class='ocrx_word' id='word_1_335' title='bbox 493 3529 640 3592; x_wconf 90' lang='lat' dir='ltr'><strong>Secundo</strong></span> <span class='ocrx_word' id='word_1_336' title='bbox 664 3529 756 3592; x_wconf 88' lang='lat' dir='ltr'><strong>docet</strong></span> <span class='ocrx_word' id='word_1_337' title='bbox 779 3537 815 3592; x_wconf 93' lang='lat' dir='ltr'><strong>ut</strong></span> <span class='ocrx_word' id='word_1_338' title='bbox 843 3537 970 3613; x_wconf 91' lang='lat' dir='ltr'><strong>tempus</strong></span> <span class='ocrx_word' id='word_1_339' title='bbox 994 3531 1199 3608; x_wconf 90' lang='lat' dir='ltr'><strong>redimamus,</strong></span> <span class='ocrx_word' id='word_1_340' title='bbox 1255 3539 1310 3594; x_wconf 83' lang='lat' dir='ltr'><strong>tat.</strong></span> <span class='ocrx_word' id='word_1_341' title='bbox 1328 3532 1530 3606; x_wconf 79' lang='lat' dir='ltr'><strong>fabulemur,</strong></span> <span class='ocrx_word' id='word_1_342' title='bbox 1547 3532 1709 3615; x_wconf 89' lang='lat' dir='ltr'><strong>inquiunt,</strong></span> <span class='ocrx_word' id='word_1_343' title='bbox 1727 3532 1973 3612; x_wconf 86' lang='lat' dir='ltr'><strong>donecboraper·</strong></span> 
     </span>
     <span class='ocr_line' id='line_1_32' title="bbox 336 3627 1973 3712; baseline -0.001 -23"><span class='ocrx_word' id='word_1_344' title='bbox 336 3646 342 3657; x_wconf 90' lang='lat'><strong>·</strong></span> <span class='ocrx_word' id='word_1_345' title='bbox 454 3627 534 3690; x_wconf 93' lang='lat' dir='ltr'><strong>illud</strong></span> <span class='ocrx_word' id='word_1_346' title='bbox 564 3627 727 3690; x_wconf 90' lang='lat' dir='ltr'><strong>fructuose</strong></span> <span class='ocrx_word' id='word_1_347' title='bbox 758 3629 977 3709; x_wconf 86' lang='lat' dir='ltr'><strong>expendendo,</strong></span> <span class='ocrx_word' id='word_1_348' title='bbox 1008 3637 1102 3712; x_wconf 89' lang='lat' dir='ltr'><strong>atque</strong></span> <span class='ocrx_word' id='word_1_349' title='bbox 1135 3640 1199 3694; x_wconf 92' lang='lat' dir='ltr'><strong>tam</strong></span> <span class='ocrx_word' id='word_1_350' title='bbox 1256 3630 1445 3694; x_wconf 89' lang='lat' dir='ltr'><strong>transeat.0</strong></span> <span class='ocrx_word' id='word_1_351' title='bbox 1466 3631 1567 3693; x_wconf 90' lang='lat' dir='ltr'><strong>donec</strong></span> <span class='ocrx_word' id='word_1_352' title='bbox 1589 3635 1791 3712; x_wconf 89' lang='lat' dir='ltr'><strong>pertranseat</strong></span> <span class='ocrx_word' id='word_1_353' title='bbox 1813 3631 1884 3693; x_wconf 88' lang='lat' dir='ltr'><strong>bora</strong></span> <span class='ocrx_word' id='word_1_354' title='bbox 1900 3645 1973 3710; x_wconf 71' lang='lat' dir='ltr'><strong>man</strong></span> 
     </span>
     <span class='ocr_line' id='line_1_33' title="bbox 454 3727 1973 3810; baseline -0.001 -21"><span class='ocrx_word' id='word_1_355' title='bbox 454 3727 595 3790; x_wconf 90' lang='lat' dir='ltr'><strong>virtuose</strong></span> <span class='ocrx_word' id='word_1_356' title='bbox 611 3727 643 3789; x_wconf 97' lang='lat' dir='ltr'><strong>in</strong></span> <span class='ocrx_word' id='word_1_357' title='bbox 663 3744 701 3791; x_wconf 90' lang='lat' dir='ltr'><strong>eo</strong></span> <span class='ocrx_word' id='word_1_358' title='bbox 716 3728 864 3803; x_wconf 91' lang='lat' dir='ltr'><strong>vivendo,</strong></span> <span class='ocrx_word' id='word_1_359' title='bbox 881 3735 917 3790; x_wconf 88' lang='lat' dir='ltr'><strong>ut</strong></span> <span class='ocrx_word' id='word_1_360' title='bbox 935 3728 1060 3790; x_wconf 91' lang='lat' dir='ltr'><strong>dierum</strong></span> <span class='ocrx_word' id='word_1_361' title='bbox 1081 3730 1201 3793; x_wconf 89' lang='lat' dir='ltr'><strong>inutili·</strong></span> <span class='ocrx_word' id='word_1_362' title='bbox 1256 3729 1315 3791; x_wconf 93' lang='lat' dir='ltr'><strong>tibi</strong></span> <span class='ocrx_word' id='word_1_363' title='bbox 1331 3730 1370 3793; x_wconf 94' lang='lat' dir='ltr'><strong>ad</strong></span> <span class='ocrx_word' id='word_1_364' title='bbox 1385 3729 1538 3810; x_wconf 87' lang='lat' dir='ltr'><strong>agendam</strong></span> <span class='ocrx_word' id='word_1_365' title='bbox 1555 3729 1793 3810; x_wconf 77' lang='lat' dir='ltr'><strong>poenitentiam,</strong></span> <span class='ocrx_word' id='word_1_366' title='bbox 1808 3729 1846 3792; x_wconf 89' lang='lat' dir='ltr'><strong>ad</strong></span> <span class='ocrx_word' id='word_1_367' title='bbox 1857 3727 1973 3791; x_wconf 89' lang='lat' dir='ltr'><strong>obtinen-</strong></span> 
     </span>
     <span class='ocr_line' id='line_1_34' title="bbox 454 3825 1973 3910; baseline -0.003 -22"><span class='ocrx_word' id='word_1_368' title='bbox 454 3833 503 3888; x_wconf 90' lang='lat' dir='ltr'><strong>ter</strong></span> <span class='ocrx_word' id='word_1_369' title='bbox 517 3826 682 3888; x_wconf 88' lang='lat' dir='ltr'><strong>autetiam</strong></span> <span class='ocrx_word' id='word_1_370' title='bbox 699 3826 908 3889; x_wconf 89' lang='lat' dir='ltr'><strong>criminaliter</strong></span> <span class='ocrx_word' id='word_1_371' title='bbox 922 3845 1136 3910; x_wconf 80' lang='lat' dir='ltr'><strong>expensorum</strong></span> <span class='ocrx_word' id='word_1_372' title='bbox 1151 3847 1203 3890; x_wconf 91' lang='lat' dir='ltr'><strong>ne-</strong></span> <span class='ocrx_word' id='word_1_373' title='bbox 1257 3828 1329 3890; x_wconf 90' lang='lat' dir='ltr'><strong>dam</strong></span> <span class='ocrx_word' id='word_1_374' title='bbox 1344 3828 1489 3909; x_wconf 84' lang='lat' dir='ltr'><strong>gratiam,</strong></span> <span class='ocrx_word' id='word_1_375' title='bbox 1499 3827 1538 3889; x_wconf 93' lang='lat' dir='ltr'><strong>ad</strong></span> <span class='ocrx_word' id='word_1_376' title='bbox 1552 3827 1784 3908; x_wconf 85' lang='lat' dir='ltr'><strong>acquirendam</strong></span> <span class='ocrx_word' id='word_1_377' title='bbox 1800 3825 1973 3909; x_wconf 82' lang='lat' dir='ltr'><strong>gloriamni·</strong></span> 
     </span>
     <span class='ocr_line' id='line_1_35' title="bbox 453 3923 1974 4008; baseline -0.002 -22"><span class='ocrx_word' id='word_1_378' title='bbox 453 3923 621 4006; x_wconf 87' lang='lat' dir='ltr'><strong>gligentias</strong></span> <span class='ocrx_word' id='word_1_379' title='bbox 650 3942 888 4006; x_wconf 90' lang='lat' dir='ltr'><strong>recuperemus,</strong></span> <span class='ocrx_word' id='word_1_380' title='bbox 918 3933 1096 4008; x_wconf 87' lang='lat' dir='ltr'><strong>cunctaque</strong></span> <span class='ocrx_word' id='word_1_381' title='bbox 1124 3927 1202 3989; x_wconf 91' lang='lat' dir='ltr'><strong>vitia</strong></span> <span class='ocrx_word' id='word_1_382' title='bbox 1256 3927 1425 3989; x_wconf 89' lang='lat' dir='ltr'><strong>sericordia</strong></span> <span class='ocrx_word' id='word_1_383' title='bbox 1436 3925 1587 3991; x_wconf 78' lang='lat' dir='ltr'><strong>creatoris</strong></span> <span class='ocrx_word' id='word_1_384' title='bbox 1603 3925 1856 4006; x_wconf 81' lang='lat' dir='ltr'><strong>indulsit3donec</strong></span> <span class='ocrx_word' id='word_1_385' title='bbox 1868 3927 1974 3987; x_wconf 84' lang='lat' dir='ltr'><strong>transeat</strong></span> 
     </span>
     <span class='ocr_line' id='line_1_36' title="bbox 454 4021 1973 4108; baseline -0.003 -22"><span class='ocrx_word' id='word_1_386' title='bbox 454 4022 671 4086; x_wconf 87' lang='lat' dir='ltr'><strong>emendemus.</strong></span> <span class='ocrx_word' id='word_1_387' title='bbox 684 4023 793 4104; x_wconf 89' lang='lat' dir='ltr'><strong>ltaque</strong></span> <span class='ocrx_word' id='word_1_388' title='bbox 809 4031 928 4105; x_wconf 89' lang='lat' dir='ltr'><strong>quanto</strong></span> <span class='ocrx_word' id='word_1_389' title='bbox 943 4025 1015 4106; x_wconf 90' lang='lat' dir='ltr'><strong>quis</strong></span> <span class='ocrx_word' id='word_1_390' title='bbox 1031 4025 1123 4106; x_wconf 94' lang='lat' dir='ltr'><strong>plura</strong></span> <span class='ocrx_word' id='word_1_391' title='bbox 1138 4044 1203 4088; x_wconf 92' lang='lat' dir='ltr'><strong>ma·</strong></span> <span class='ocrx_word' id='word_1_392' title='bbox 1256 4033 1383 4108; x_wconf 91' lang='lat' dir='ltr'><strong>tempus</strong></span> <span class='ocrx_word' id='word_1_393' title='bbox 1405 4042 1469 4107; x_wconf 89' lang='lat' dir='ltr'><strong>quo</strong></span> <span class='ocrx_word' id='word_1_394' title='bbox 1491 4023 1634 4086; x_wconf 87' lang='lat' dir='ltr'><strong>divinam</strong></span> <span class='ocrx_word' id='word_1_395' title='bbox 1656 4024 1866 4108; x_wconf 86' lang='lat' dir='ltr'><strong>repropitiare</strong></span> <span class='ocrx_word' id='word_1_396' title='bbox 1882 4021 1973 4085; x_wconf 89' lang='lat' dir='ltr'><strong>debue-</strong></span> 
     </span>
     <span class='ocr_line' id='line_1_37' title="bbox 454 4121 1973 4206; baseline -0.001 -23"><span class='ocrx_word' id='word_1_397' title='bbox 454 4121 484 4184; x_wconf 88' lang='lat' dir='ltr'><strong>la</strong></span> <span class='ocrx_word' id='word_1_398' title='bbox 508 4121 680 4195; x_wconf 88' lang='lat' dir='ltr'><strong>commisit,</strong></span> <span class='ocrx_word' id='word_1_399' title='bbox 707 4130 825 4203; x_wconf 85' lang='lat' dir='ltr'><strong>quanto</strong></span> <span class='ocrx_word' id='word_1_400' title='bbox 849 4122 942 4205; x_wconf 89' lang='lat' dir='ltr'><strong>plura</strong></span> <span class='ocrx_word' id='word_1_401' title='bbox 970 4122 1053 4185; x_wconf 90' lang='lat' dir='ltr'><strong>bona</strong></span> <span class='ocrx_word' id='word_1_402' title='bbox 1081 4123 1200 4199; x_wconf 91' lang='lat' dir='ltr'><strong>omisit,</strong></span> <span class='ocrx_word' id='word_1_403' title='bbox 1256 4142 1306 4186; x_wconf 89' lang='lat' dir='ltr'><strong>ras</strong></span> <span class='ocrx_word' id='word_1_404' title='bbox 1328 4123 1490 4206; x_wconf 83' lang='lat' dir='ltr'><strong>pietatem,</strong></span> <span class='ocrx_word' id='word_1_405' title='bbox 1506 4140 1678 4205; x_wconf 90' lang='lat' dir='ltr'><strong>properare</strong></span> <span class='ocrx_word' id='word_1_406' title='bbox 1699 4123 1741 4186; x_wconf 92' lang='lat' dir='ltr'><strong>ad</strong></span> <span class='ocrx_word' id='word_1_407' title='bbox 1760 4123 1924 4205; x_wconf 83' lang='lat' dir='ltr'><strong>angelicam</strong></span> <span class='ocrx_word' id='word_1_408' title='bbox 1938 4137 1973 4182; x_wconf 84' lang='lat' dir='ltr'><strong>se</strong></span> 
     </span>
     <span class='ocr_line' id='line_1_38' title="bbox 452 4219 1974 4303; baseline -0.001 -23"><span class='ocrx_word' id='word_1_409' title='bbox 452 4225 540 4281; x_wconf 79' lang='lat' dir='ltr'><strong>tanto</strong></span> <span class='ocrx_word' id='word_1_410' title='bbox 555 4226 627 4301; x_wconf 89' lang='lat' dir='ltr'><strong>post</strong></span> <span class='ocrx_word' id='word_1_411' title='bbox 641 4219 875 4283; x_wconf 91' lang='lat' dir='ltr'><strong>confessionem</strong></span> <span class='ocrx_word' id='word_1_412' title='bbox 889 4239 946 4283; x_wconf 91' lang='lat' dir='ltr'><strong>seu</strong></span> <span class='ocrx_word' id='word_1_413' title='bbox 962 4221 1202 4284; x_wconf 90' lang='lat' dir='ltr'><strong>conversionem</strong></span> <span class='ocrx_word' id='word_1_414' title='bbox 1216 4225 1241 4287; x_wconf 87' lang='lat' dir='ltr'>D</span> <span class='ocrx_word' id='word_1_415' title='bbox 1256 4223 1414 4296; x_wconf 74' lang='lat' dir='ltr'><strong>dotalem,</strong></span> <span class='ocrx_word' id='word_1_416' title='bbox 1430 4221 1591 4303; x_wconf 89' lang='lat' dir='ltr'><strong>suspirare</strong></span> <span class='ocrx_word' id='word_1_417' title='bbox 1612 4221 1652 4283; x_wconf 90' lang='lat' dir='ltr'><strong>ad</strong></span> <span class='ocrx_word' id='word_1_418' title='bbox 1672 4221 1827 4284; x_wconf 89' lang='lat' dir='ltr'><strong>amissam</strong></span> <span class='ocrx_word' id='word_1_419' title='bbox 1851 4219 1974 4283; x_wconf 81' lang='lat' dir='ltr'><strong>beredita-</strong></span> 
     </span>
     <span class='ocr_line' id='line_1_39' title="bbox 454 4313 2066 4402; baseline -0.002 -21"><span class='ocrx_word' id='word_1_420' title='bbox 454 4337 545 4382; x_wconf 90' lang='lat' dir='ltr'><strong>suam</strong></span> <span class='ocrx_word' id='word_1_421' title='bbox 569 4318 744 4382; x_wconf 88' lang='lat' dir='ltr'><strong>virtuosius</strong></span> <span class='ocrx_word' id='word_1_422' title='bbox 768 4325 863 4399; x_wconf 84' lang='lat' dir='ltr'><strong>atque</strong></span> <span class='ocrx_word' id='word_1_423' title='bbox 892 4318 1068 4381; x_wconf 90' lang='lat' dir='ltr'><strong>ferventius</strong></span> <span class='ocrx_word' id='word_1_424' title='bbox 1092 4320 1201 4384; x_wconf 91' lang='lat' dir='ltr'><strong>vivere</strong></span> <span class='ocrx_word' id='word_1_425' title='bbox 1256 4328 1333 4395; x_wconf 92' lang='lat' dir='ltr'><strong>tem,</strong></span> <span class='ocrx_word' id='word_1_426' title='bbox 1353 4320 1515 4402; x_wconf 90' lang='lat' dir='ltr'><strong>adspirare</strong></span> <span class='ocrx_word' id='word_1_427' title='bbox 1535 4320 1574 4382; x_wconf 88' lang='lat' dir='ltr'><strong>ad</strong></span> <span class='ocrx_word' id='word_1_428' title='bbox 1593 4319 1789 4402; x_wconf 90' lang='lat' dir='ltr'><strong>promissam</strong></span> <span class='ocrx_word' id='word_1_429' title='bbox 1808 4319 1973 4383; x_wconf 84' lang='lat' dir='ltr'><strong>felicitatem.</strong></span> <span class='ocrx_word' id='word_1_430' title='bbox 2065 4313 2066 4368; x_wconf 69' lang='grc' dir='ltr'>ἒ</span> 
     </span>
     <span class='ocr_line' id='line_1_40' title="bbox 318 4416 1974 4498; baseline -0.001 -20"><span class='ocrx_word' id='word_1_431' title='bbox 318 4433 438 4484; x_wconf 60' lang='lat' dir='ltr'><strong>ceute.</strong></span> <span class='ocrx_word' id='word_1_432' title='bbox 453 4416 558 4491; x_wconf 91' lang='lat' dir='ltr'><strong>debet,</strong></span> <span class='ocrx_word' id='word_1_433' title='bbox 584 4423 620 4478; x_wconf 87' lang='lat' dir='ltr'><strong>nt</strong></span> <span class='ocrx_word' id='word_1_434' title='bbox 647 4417 759 4498; x_wconf 89' lang='lat' dir='ltr'><strong>dignos</strong></span> <span class='ocrx_word' id='word_1_435' title='bbox 787 4417 983 4498; x_wconf 80' lang='lat' dir='ltr'><strong>poenitentiae</strong></span> <span class='ocrx_word' id='word_1_436' title='bbox 1012 4416 1108 4479; x_wconf 89' lang='lat' dir='ltr'><strong>faciat</strong></span> <span class='ocrx_word' id='word_1_437' title='bbox 1136 4419 1201 4481; x_wconf 93' lang='lat' dir='ltr'><strong>fru-</strong></span> <span class='ocrx_word' id='word_1_438' title='bbox 1256 4419 1394 4483; x_wconf 81' lang='lat' dir='ltr'><strong>excitare</strong></span> <span class='ocrx_word' id='word_1_439' title='bbox 1414 4419 1581 4481; x_wconf 90' lang='lat' dir='ltr'><strong>remissam</strong></span> <span class='ocrx_word' id='word_1_440' title='bbox 1595 4417 1808 4492; x_wconf 80' lang='lat' dir='ltr'><strong>voluntatem,</strong></span> <span class='ocrx_word' id='word_1_441' title='bbox 1823 4418 1896 4480; x_wconf 87' lang='lat' dir='ltr'><strong>flere</strong></span> <span class='ocrx_word' id='word_1_442' title='bbox 1911 4433 1974 4477; x_wconf 87' lang='lat' dir='ltr'><strong>eon·</strong></span> 
     </span>
     <span class='ocr_line' id='line_1_41' title="bbox 454 4513 1973 4599; baseline -0.001 -22"><span class='ocrx_word' id='word_1_443' title='bbox 454 4522 533 4577; x_wconf 90' lang='lat' dir='ltr'><strong>ctus.</strong></span> <span class='ocrx_word' id='word_1_444' title='bbox 551 4514 661 4577; x_wconf 91' lang='lat' dir='ltr'><strong>Nonne</strong></span> <span class='ocrx_word' id='word_1_445' title='bbox 681 4513 894 4577; x_wconf 90' lang='lat' dir='ltr'><strong>erubescibile</strong></span> <span class='ocrx_word' id='word_1_446' title='bbox 910 4522 957 4577; x_wconf 91' lang='lat' dir='ltr'><strong>est</strong></span> <span class='ocrx_word' id='word_1_447' title='bbox 976 4523 1012 4577; x_wconf 92' lang='lat' dir='ltr'><strong>ut</strong></span> <span class='ocrx_word' id='word_1_448' title='bbox 1030 4515 1113 4578; x_wconf 90' lang='lat' dir='ltr'><strong>fecta</strong></span> <span class='ocrx_word' id='word_1_449' title='bbox 1130 4535 1202 4580; x_wconf 93' lang='lat' dir='ltr'><strong>con·</strong></span> <span class='ocrx_word' id='word_1_450' title='bbox 1257 4519 1388 4582; x_wconf 88' lang='lat' dir='ltr'><strong>missam</strong></span> <span class='ocrx_word' id='word_1_451' title='bbox 1412 4516 1634 4598; x_wconf 90' lang='lat' dir='ltr'><strong>iniquitateml</strong></span> <span class='ocrx_word' id='word_1_452' title='bbox 1659 4516 1772 4598; x_wconf 85' lang='lat' dir='ltr'><strong>ltaque</strong></span> <span class='ocrx_word' id='word_1_453' title='bbox 1797 4515 1870 4599; x_wconf 89' lang='lat' dir='ltr'><strong>qnid</strong></span> <span class='ocrx_word' id='word_1_454' title='bbox 1892 4531 1973 4578; x_wconf 87' lang='lat' dir='ltr'><strong>eoram</strong></span> 
     </span>
     <span class='ocr_line' id='line_1_42' title="bbox 454 4610 1973 4696; baseline -0.001 -22"><span class='ocrx_word' id='word_1_455' title='bbox 454 4612 593 4676; x_wconf 88' lang='lat' dir='ltr'><strong>fossione</strong></span> <span class='ocrx_word' id='word_1_456' title='bbox 616 4620 671 4674; x_wconf 89' lang='lat' dir='ltr'><strong>aut</strong></span> <span class='ocrx_word' id='word_1_457' title='bbox 692 4612 900 4676; x_wconf 91' lang='lat' dir='ltr'><strong>conversione</strong></span> <span class='ocrx_word' id='word_1_458' title='bbox 925 4613 1061 4695; x_wconf 89' lang='lat' dir='ltr'><strong>incepta,</strong></span> <span class='ocrx_word' id='word_1_459' title='bbox 1079 4615 1201 4695; x_wconf 89' lang='lat' dir='ltr'><strong>segnio-</strong></span> <span class='ocrx_word' id='word_1_460' title='bbox 1256 4617 1364 4679; x_wconf 94' lang='lat' dir='ltr'><strong>divino</strong></span> <span class='ocrx_word' id='word_1_461' title='bbox 1380 4615 1496 4677; x_wconf 91' lang='lat' dir='ltr'><strong>dicturi</strong></span> <span class='ocrx_word' id='word_1_462' title='bbox 1511 4621 1586 4676; x_wconf 92' lang='lat' dir='ltr'><strong>sunt</strong></span> <span class='ocrx_word' id='word_1_463' title='bbox 1598 4613 1766 4688; x_wconf 89' lang='lat' dir='ltr'><strong>tribunali,</strong></span> <span class='ocrx_word' id='word_1_464' title='bbox 1777 4615 1834 4696; x_wconf 89' lang='lat' dir='ltr'><strong>qui</strong></span> <span class='ocrx_word' id='word_1_465' title='bbox 1849 4615 1878 4676; x_wconf 94' lang='lat' dir='ltr'><strong>in</strong></span> <span class='ocrx_word' id='word_1_466' title='bbox 1892 4610 1973 4675; x_wconf 87' lang='lat' dir='ltr'><strong>confa-</strong></span> 
     </span>
     <span class='ocr_line' id='line_1_43' title="bbox 455 4707 1973 4795; baseline -0.001 -24"><span class='ocrx_word' id='word_1_467' title='bbox 455 4729 504 4772; x_wconf 92' lang='lat' dir='ltr'><strong>res</strong></span> <span class='ocrx_word' id='word_1_468' title='bbox 519 4709 761 4793; x_wconf 80' lang='lat' dir='ltr'><strong>frigidioresque</strong></span> <span class='ocrx_word' id='word_1_469' title='bbox 776 4711 873 4773; x_wconf 88' lang='lat' dir='ltr'><strong>simus</strong></span> <span class='ocrx_word' id='word_1_470' title='bbox 889 4711 921 4772; x_wconf 97' lang='lat' dir='ltr'><strong>in</strong></span> <span class='ocrx_word' id='word_1_471' title='bbox 937 4712 1023 4773; x_wconf 90' lang='lat' dir='ltr'><strong>cultu</strong></span> <span class='ocrx_word' id='word_1_472' title='bbox 1039 4713 1093 4774; x_wconf 88' lang='lat' dir='ltr'><strong>Dei</strong></span> <span class='ocrx_word' id='word_1_473' title='bbox 1109 4731 1201 4795; x_wconf 87' lang='lat' dir='ltr'><strong>quam</strong></span> <span class='ocrx_word' id='word_1_474' title='bbox 1256 4711 1485 4788; x_wconf 90' lang='lat' dir='ltr'><strong>bulationibus,</strong></span> <span class='ocrx_word' id='word_1_475' title='bbox 1510 4711 1811 4787; x_wconf 85' lang='lat' dir='ltr'><strong>comessationibus,</strong></span> <span class='ocrx_word' id='word_1_476' title='bbox 1837 4707 1973 4795; x_wconf 86' lang='lat' dir='ltr'><strong>potationi·</strong></span> 
     </span>
     <span class='ocr_line' id='line_1_44' title="bbox 454 4809 1974 4889; baseline -0.002 -19"><span class='ocrx_word' id='word_1_477' title='bbox 454 4816 528 4870; x_wconf 89' lang='lat' dir='ltr'><strong>ante</strong></span> <span class='ocrx_word' id='word_1_478' title='bbox 544 4827 671 4872; x_wconf 89' lang='lat' dir='ltr'><strong>eramus</strong></span> <span class='ocrx_word' id='word_1_479' title='bbox 686 4809 718 4870; x_wconf 95' lang='lat' dir='ltr'><strong>in</strong></span> <span class='ocrx_word' id='word_1_480' title='bbox 739 4810 893 4871; x_wconf 91' lang='lat' dir='ltr'><strong>servitute</strong></span> <span class='ocrx_word' id='word_1_481' title='bbox 912 4809 1054 4873; x_wconf 72' lang='lat' dir='ltr'><strong>diaboli?</strong></span> <span class='ocrx_word' id='word_1_482' title='bbox 1069 4810 1202 4876; x_wconf 88' lang='lat' dir='ltr'><strong>Diabolo</strong></span> <span class='ocrx_word' id='word_1_483' title='bbox 1256 4812 1316 4874; x_wconf 95' lang='lat' dir='ltr'><strong>bus</strong></span> <span class='ocrx_word' id='word_1_484' title='bbox 1331 4820 1363 4874; x_wconf 91' lang='lat' dir='ltr'><strong>et</strong></span> <span class='ocrx_word' id='word_1_485' title='bbox 1377 4810 1513 4884; x_wconf 88' lang='lat' dir='ltr'><strong>choreis,</strong></span> <span class='ocrx_word' id='word_1_486' title='bbox 1528 4827 1565 4872; x_wconf 91' lang='lat' dir='ltr'><strong>ac</strong></span> <span class='ocrx_word' id='word_1_487' title='bbox 1583 4809 1745 4872; x_wconf 90' lang='lat' dir='ltr'><strong>similibus</strong></span> <span class='ocrx_word' id='word_1_488' title='bbox 1761 4811 1860 4884; x_wconf 91' lang='lat' dir='ltr'><strong>vitiis,</strong></span> <span class='ocrx_word' id='word_1_489' title='bbox 1875 4818 1974 4889; x_wconf 89' lang='lat' dir='ltr'><strong>ternpus</strong></span> 
     </span>
     <span class='ocr_line' id='line_1_45' title="bbox 453 4905 2065 4989; baseline -0.002 -21"><span class='ocrx_word' id='word_1_490' title='bbox 453 4906 573 4969; x_wconf 88' lang='lat' dir='ltr'><strong>etenim</strong></span> <span class='ocrx_word' id='word_1_491' title='bbox 595 4907 693 4970; x_wconf 90' lang='lat' dir='ltr'><strong>servit</strong></span> <span class='ocrx_word' id='word_1_492' title='bbox 717 4908 772 4989; x_wconf 90' lang='lat' dir='ltr'><strong>qui</strong></span> <span class='ocrx_word' id='word_1_493' title='bbox 796 4907 935 4988; x_wconf 89' lang='lat' dir='ltr'><strong>peccatis</strong></span> <span class='ocrx_word' id='word_1_494' title='bbox 957 4907 1121 4989; x_wconf 89' lang='lat' dir='ltr'><strong>subjectus</strong></span> <span class='ocrx_word' id='word_1_495' title='bbox 1141 4919 1198 4973; x_wconf 93' lang='lat' dir='ltr'><strong>est.</strong></span> <span class='ocrx_word' id='word_1_496' title='bbox 1256 4931 1350 4974; x_wconf 92' lang='lat' dir='ltr'><strong>sunm</strong></span> <span class='ocrx_word' id='word_1_497' title='bbox 1366 4929 1429 4973; x_wconf 93' lang='lat' dir='ltr'><strong>non</strong></span> <span class='ocrx_word' id='word_1_498' title='bbox 1445 4909 1550 4973; x_wconf 91' lang='lat' dir='ltr'><strong>solum</strong></span> <span class='ocrx_word' id='word_1_499' title='bbox 1564 4916 1630 4970; x_wconf 90' lang='lat' dir='ltr'><strong>tam</strong></span> <span class='ocrx_word' id='word_1_500' title='bbox 1647 4908 1857 4984; x_wconf 90' lang='lat' dir='ltr'><strong>infructuose,</strong></span> <span class='ocrx_word' id='word_1_501' title='bbox 1872 4909 1919 4971; x_wconf 89' lang='lat' dir='ltr'><strong>sed</strong></span> <span class='ocrx_word' id='word_1_502' title='bbox 1936 4906 1975 4966; x_wconf 88' lang='lat' dir='ltr'><strong>de·</strong></span> <span class='ocrx_word' id='word_1_503' title='bbox 2064 4905 2065 4934; x_wconf 80' lang='lat'>³</span> 
     </span>
     <span class='ocr_line' id='line_1_46' title="bbox 453 5004 1975 5089; baseline -0.005 -21"><span class='ocrx_word' id='word_1_504' title='bbox 453 5005 525 5079; x_wconf 90' lang='lat' dir='ltr'><strong>Sed,</strong></span> <span class='ocrx_word' id='word_1_505' title='bbox 546 5005 628 5067; x_wconf 90' lang='lat' dir='ltr'><strong>beot</strong></span> <span class='ocrx_word' id='word_1_506' title='bbox 646 5012 724 5086; x_wconf 93' lang='lat' dir='ltr'><strong>quot</strong></span> <span class='ocrx_word' id='word_1_507' title='bbox 748 5004 946 5068; x_wconf 89' lang='lat' dir='ltr'><strong>miserabiles</strong></span> <span class='ocrx_word' id='word_1_508' title='bbox 971 5005 1116 5069; x_wconf 90' lang='lat' dir='ltr'><strong>homines</strong></span> <span class='ocrx_word' id='word_1_509' title='bbox 1141 5009 1201 5071; x_wconf 89' lang='lat' dir='ltr'><strong>ista</strong></span> <span class='ocrx_word' id='word_1_510' title='bbox 1256 5029 1343 5072; x_wconf 91' lang='lat' dir='ltr'><strong>mum</strong></span> <span class='ocrx_word' id='word_1_511' title='bbox 1360 5017 1424 5072; x_wconf 89' lang='lat' dir='ltr'><strong>tem</strong></span> <span class='ocrx_word' id='word_1_512' title='bbox 1439 5007 1554 5071; x_wconf 93' lang='lat' dir='ltr'><strong>vitiose</strong></span> <span class='ocrx_word' id='word_1_513' title='bbox 1569 5008 1778 5089; x_wconf 75' lang='lat' dir='ltr'><strong>expendunt?</strong></span> <span class='ocrx_word' id='word_1_514' title='bbox 1793 5009 1897 5072; x_wconf 83' lang='lat' dir='ltr'><strong>Nonne</strong></span> <span class='ocrx_word' id='word_1_515' title='bbox 1912 5005 1975 5066; x_wconf 87' lang='lat' dir='ltr'><strong>sicut</strong></span> 
     </span>
     <span class='ocr_line' id='line_1_47' title="bbox 453 5103 2054 5186; baseline -0.004 -20"><span class='ocrx_word' id='word_1_516' title='bbox 453 5120 515 5166; x_wconf 91' lang='lat' dir='ltr'><strong>non</strong></span> <span class='ocrx_word' id='word_1_517' title='bbox 537 5110 682 5185; x_wconf 89' lang='lat' dir='ltr'><strong>pensant,</strong></span> <span class='ocrx_word' id='word_1_518' title='bbox 700 5103 754 5164; x_wconf 91' lang='lat' dir='ltr'><strong>sed</strong></span> <span class='ocrx_word' id='word_1_519' title='bbox 776 5111 847 5186; x_wconf 93' lang='lat' dir='ltr'><strong>post</strong></span> <span class='ocrx_word' id='word_1_520' title='bbox 867 5103 1101 5168; x_wconf 90' lang='lat' dir='ltr'><strong>confessionem</strong></span> <span class='ocrx_word' id='word_1_521' title='bbox 1123 5107 1202 5170; x_wconf 93' lang='lat' dir='ltr'><strong>reci·</strong></span> <span class='ocrx_word' id='word_1_522' title='bbox 1255 5110 1294 5171; x_wconf 92' lang='lat' dir='ltr'><strong>de</strong></span> <span class='ocrx_word' id='word_1_523' title='bbox 1318 5108 1406 5172; x_wconf 94' lang='lat' dir='ltr'><strong>omni</strong></span> <span class='ocrx_word' id='word_1_524' title='bbox 1430 5106 1530 5171; x_wconf 92' lang='lat' dir='ltr'><strong>verbo</strong></span> <span class='ocrx_word' id='word_1_525' title='bbox 1555 5105 1672 5178; x_wconf 90' lang='lat' dir='ltr'><strong>inutili,</strong></span> <span class='ocrx_word' id='word_1_526' title='bbox 1695 5107 1738 5168; x_wconf 89' lang='lat' dir='ltr'><strong>ita</strong></span> <span class='ocrx_word' id='word_1_527' title='bbox 1762 5106 1802 5170; x_wconf 88' lang='lat' dir='ltr'><strong>de</strong></span> <span class='ocrx_word' id='word_1_528' title='bbox 1826 5105 1906 5171; x_wconf 93' lang='lat' dir='ltr'><strong>omui</strong></span> <span class='ocrx_word' id='word_1_529' title='bbox 1926 5113 2054 5164; x_wconf 62' lang='lat' dir='ltr'><strong>morule</strong></span> 
     </span>
     <span class='ocr_line' id='line_1_48' title="bbox 452 5183 2054 5294; baseline 0.003 -30"><span class='ocrx_word' id='word_1_530' title='bbox 452 5202 641 5265; x_wconf 84' lang='lat' dir='ltr'><strong>divanttam</strong></span> <span class='ocrx_word' id='word_1_531' title='bbox 658 5201 1010 5286; x_wconf 89' lang='lat' dir='ltr'><strong>cit0,tempusquoque</strong></span> <span class='ocrx_word' id='word_1_532' title='bbox 1026 5205 1201 5286; x_wconf 91' lang='lat' dir='ltr'><strong>pronihilo</strong></span> <span class='ocrx_word' id='word_1_533' title='bbox 1256 5214 1363 5269; x_wconf 87' lang='lat' dir='ltr'><strong>mento</strong></span> <span class='ocrx_word' id='word_1_534' title='bbox 1383 5205 1538 5287; x_wconf 90' lang='lat' dir='ltr'><strong>temporis</strong></span> <span class='ocrx_word' id='word_1_535' title='bbox 1559 5205 1639 5267; x_wconf 89' lang='lat' dir='ltr'><strong>ratio</strong></span> <span class='ocrx_word' id='word_1_536' title='bbox 1661 5204 1831 5287; x_wconf 71' lang='lat' dir='ltr'><strong>exigetur?</strong></span> <span class='ocrx_word' id='word_1_537' title='bbox 1984 5183 2054 5294; x_wconf 58' lang='lat' dir='ltr'><strong>{pt</strong></span> 
     </span>
     <span class='ocr_line' id='line_1_49' title="bbox 452 5299 2005 5386; baseline -0.002 -24"><span class='ocrx_word' id='word_1_538' title='bbox 452 5299 583 5376; x_wconf 88' lang='lat' dir='ltr'><strong>ducunt,</strong></span> <span class='ocrx_word' id='word_1_539' title='bbox 608 5308 641 5363; x_wconf 89' lang='lat' dir='ltr'><strong>et</strong></span> <span class='ocrx_word' id='word_1_540' title='bbox 668 5300 805 5383; x_wconf 88' lang='lat' dir='ltr'><strong>qualiter</strong></span> <span class='ocrx_word' id='word_1_541' title='bbox 834 5300 913 5362; x_wconf 93' lang='lat' dir='ltr'><strong>illud</strong></span> <span class='ocrx_word' id='word_1_542' title='bbox 943 5301 975 5363; x_wconf 92' lang='lat' dir='ltr'><strong>in</strong></span> <span class='ocrx_word' id='word_1_543' title='bbox 1005 5303 1200 5368; x_wconf 88' lang='lat' dir='ltr'><strong>vanitatibus</strong></span> <span class='ocrx_word' id='word_1_544' title='bbox 1296 5305 1401 5368; x_wconf 81' lang='lat' dir='ltr'><strong>Tertio</strong></span> <span class='ocrx_word' id='word_1_545' title='bbox 1420 5305 1512 5367; x_wconf 86' lang='lat' dir='ltr'><strong>docet</strong></span> <span class='ocrx_word' id='word_1_546' title='bbox 1529 5302 1699 5386; x_wconf 86' lang='lat' dir='ltr'><strong>Apostolus</strong></span> <span class='ocrx_word' id='word_1_547' title='bbox 1719 5323 1761 5366; x_wconf 89' lang='lat' dir='ltr'><strong>ne</strong></span> <span class='ocrx_word' id='word_1_548' title='bbox 1784 5302 2005 5386; x_wconf 63' lang='lat' dir='ltr'><strong>imprudentem?¹</strong></span> 
     </span>
    </p>
   </div>
   <div class='ocr_carea' id='block_1_3' title="bbox 0 0 2100 6258">
    <p class='ocr_par' dir='ltr' id='par_1_3' title="bbox 0 0 2100 6258">
     <span class='ocr_line' id='line_1_50' title="bbox 0 0 2100 6258; baseline 0 1"><span class='ocrx_word' id='word_1_549' title='bbox 0 0 2100 6258; x_wconf 95' lang='lat' dir='ltr'><strong> </strong></span> 
     </span>
    </p>
   </div>
  </div>
 </body>
</html>
