4140 6258
466 517 613 564 nonnum
634 517 689 564 vm
710 515 783 564 rosr
804 517 999 565 mrurraraa.
1019 537 1059 548 -
1081 519 1179 566 sanan
1199 521 1309 568 ramus
1598 501 1658 567 293

4 705 100 752 traua.
113 691 160 748 est
179 684 209 749 ei
226 706 234 751 ε
253 687 319 770 Ego
339 695 499 771 protector
518 695 593 751 tuus
612 694 644 751 et
664 706 785 752 merces
806 685 899 751 tuah
954 690 995 751 Si
1013 699 1121 750 autem
1140 691 1210 768 filii
1222 689 1278 752 Dei
1296 689 1361 772 jam
1383 707 1493 752 sumus
1516 707 1574 773 per
1590 707 1659 771 gra·

114 803 229 867 magna
247 786 354 849 nimis.
373 785 523 850 Ezechias
539 803 667 870 quoque
682 787 859 850 certissime
914 786 991 851 tiam
1020 788 1235 871 adoptantem,
1262 798 1293 850 et
1316 791 1449 850 heredes
1476 788 1598 850 erimus
1626 787 1658 849 in

4 901 99 956 aaran.
113 883 192 946 dixit
210 902 217 947 :
234 885 403 960 Memento,
419 885 563 958 Domine,
576 885 735 968 quomodo
749 885 859 948 amhn·
915 886 1016 967 patria
1032 904 1089 967 per
1102 887 1235 969 gloriam
1252 886 1499 950 beatificantem.
1518 884 1605 948 Filiis
1620 885 1660 946 si-

4 995 7 1006 ·
114 982 245 1046 laverim
267 992 420 1047 coramte
437 985 468 1046 in
484 984 617 1047 veritate
632 991 663 1046 et
678 985 772 1047 eorde
789 1001 858 1066 per·
913 985 1044 1066 quidem
1059 985 1218 1068 adoptivis
1238 985 1373 1048 debetur
1392 1003 1465 1068 pars
1484 984 1591 1066 aliqua
1607 983 1660 1046 he·

113 1080 206 1143 lecto.
224 1117 264 1127 -
283 1082 439 1156 Secundo,
461 1081 500 1144 lit
520 1081 704 1144 testificatio
724 1082 783 1144 ista
801 1098 858 1165 per
914 1081 1057 1144 feditatis
1085 1089 1233 1164 paterne.
1266 1086 1410 1146 Heredes
1437 1085 1569 1162 qua'dem
1597 1084 1661 1144 Dei

112 1179 283 1262 quamdam
307 1179 398 1244 bone
418 1180 486 1263 spei
507 1178 749 1242 consolatoriam
775 1179 857 1241 inlu·
913 1180 1045 1254 crimus,
1064 1181 1255 1244 eternaliter
1278 1181 1471 1262 possidendo
1494 1180 1577 1243 hona
1599 1180 1805 1250 Do-rrsmea.

112 1277 235 1340 sionem
247 1296 254 1340 :
267 1285 299 1341 et
313 1279 360 1341 sic
374 1278 508 1342 virtuosi
525 1278 739 1341 communiter
752 1279 859 1340 sciunt
915 1278 993 1340 mini
1016 1279 1048 1340 in
1070 1287 1153 1340 terra
1173 1279 1362 1354 viventium,
1379 1299 1450 1362 quae
1468 1297 1528 1342 nec
1546 1279 1658 1342 oculus
1672 1297 1742 1344 rear.
1753 1303 1806 1351 aa.

111 1395 143 1438 sa
164 1394 235 1439 esse
255 1377 287 1438 in
308 1376 449 1451 caritate,
466 1393 530 1440 non
550 1377 681 1440 omnino
697 1375 859 1440 certitudi-
913 1377 1003 1452 vidit,
1016 1395 1075 1439 nec
1089 1378 1175 1440 auris
1189 1377 1321 1440 audivit.
1335 1377 1373 1440 Et
1385 1377 1470 1440 hona
1484 1377 1552 1440 haec
1566 1384 1660 1440 erunt

111 1473 237 1548 naliter,
254 1475 308 1538 sed
330 1473 589 1556 coniecturaliter
609 1492 665 1537 seu
685 1473 858 1557 probabili·
913 1482 976 1537 tres
998 1475 1114 1538 animae
1134 1475 1222 1538 dotes
1242 1483 1275 1537 et
1292 1482 1429 1558 quatuor
1444 1476 1586 1558 corporis
1606 1475 1660 1537 do-

110 1581 169 1635 ter.
185 1609 226 1618 —
240 1573 356 1647 Tertio,
373 1573 412 1635 lit
427 1591 484 1657 per
499 1573 636 1656 proprie
656 1573 858 1636 conscientia
913 1581 971 1648 tes,
988 1579 1020 1636 et
1035 1581 1139 1635 cetera
1154 1574 1192 1636 ad
1209 1573 1439 1636 beatitudinem
1456 1572 1658 1656 pertinentia.

110 1671 296 1752 diligentem
322 1671 554 1734 discussionem
577 1689 584 1733 :
607 1680 641 1732 ut
662 1672 737 1734 dum
764 1670 859 1734 homo
914 1671 1059 1734 Felicitas
1080 1691 1219 1754 namque
1243 1679 1291 1734 est
1314 1679 1413 1735 status
1436 1672 1582 1734 omnium
1608 1671 1661 1733 ho-

110 1789 142 1831 se
163 1769 272 1853 ipsum
292 1769 373 1833 bene
395 1770 591 1842 examinans,
610 1787 673 1832 uon
696 1768 790 1832 habet
812 1788 860 1832 re-
914 1788 1028 1834 norum
1053 1771 1273 1852 aggregatione
1295 1769 1468 1852 perlectus.
1490 1771 1556 1832 lmo
1581 1769 1663 1852 ipse·

112 1885 254 1930 morsum
271 1867 414 1931 mortalis
430 1867 625 1950 peccati,sed
641 1869 695 1930 Dei
713 1868 860 1930 mandata
875 1867 898 1930 B
915 1876 980 1932 met
993 1868 1145 1931 Dominus
1161 1869 1242 1930 Deus
1257 1875 1305 1930 est
1319 1867 1486 1949 objectalis
1502 1867 1661 1931 hereditas

112 1966 261 2038 custodit,
287 1975 319 2028 et
342 1965 439 2030 verba
462 1966 574 2030 salutis
598 1967 686 2029 audit
711 1966 856 2028 libenter.
914 1977 1009 2049 atque
1029 1966 1165 2029 lelicitas
1190 1967 1309 2029 civium
1335 1984 1662 2050 supernorumque

112 2065 172 2126 lsta
193 2072 270 2128 suut
283 2064 463 2148 probabilia
482 2065 572 2146 signa
591 2064 732 2128 caritatis
746 2072 779 2127 et
792 2083 860 2147 gra·
915 2073 979 2128 tota
995 2065 1131 2128 hahetur
1144 2084 1162 2127 a
1177 2064 1348 2147 singulis,a
1364 2064 1453 2128 nullo
1467 2074 1586 2138 autem,
1597 2064 1662 2128 imo

112 2164 175 2236 tia,
192 2163 277 2227 sicut
292 2165 324 2226 in
339 2165 444 2247 prima
459 2164 616 2228 Canonica
637 2183 694 2226 sua
713 2164 757 2227 ait
769 2165 859 2227 Joan-
915 2182 1019 2246 neque
1034 2162 1074 2226 ab
1089 2162 1251 2236 omnibus,
1261 2161 1400 2225 totaliter
1406 2179 1416 2243 ;
1427 2163 1537 2246 sicque
1551 2163 1664 2225 dividi·

2 2275 97 2326 aanml,
113 2279 169 2324 nes
194 2279 202 2323 ε
226 2263 258 2324 Si
284 2279 338 2326 cor
362 2269 505 2324 nostrum
532 2280 594 2325 non
620 2262 860 2344 reprehenderit
916 2262 1014 2323 turin
1034 2267 1190 2343 quantum
1209 2259 1422 2324 diversimode
1442 2261 1660 2344 participatur,

5 2369 10 2381 ’
113 2360 350 2434 noe,liduciam
373 2360 529 2422 habemus
553 2360 591 2422 ad
616 2359 860 2436 Deum,etc.-
915 2379 972 2422 seu
1003 2359 1103 2441 magis
1128 2359 1178 2422 vel
1209 2359 1316 2420 minus
1346 2358 1430 2422 clare
1454 2358 1659 2441 conspicitur.

111 2459 417 2541 lnsuper,quoniam
432 2465 513 2521 teste
528 2457 688 2539 Gregorio,
699 2457 860 2521 Exhibitio
915 2457 1111 2520 Hereditates
1125 2456 1199 2519 vitae
1217 2456 1382 2539 praesentis
1398 2457 1609 2520 terminantur
1629 2457 1662 2519 in

110 2559 219 2640 operis
245 2564 294 2620 est
318 2556 463 2639 probatio
487 2557 638 2632 caritatis,
659 2557 735 2620 dum
761 2557 860 2639 Spiri-
915 2564 1035 2636 morte3
1054 2555 1109 2618 sed
1130 2554 1184 2618 illa
1203 2574 1221 2619 a
1242 2563 1343 2618 morte
1363 2562 1544 2618 sanctorum
1564 2554 1663 2617 sumit

111 2665 161 2718 tus
182 2656 317 2718 Sanetus
332 2654 437 2718 ellicit
450 2673 508 2718 nos
529 2655 561 2718 iu
581 2655 691 2718 divino
706 2655 861 2738 obsequio
915 2654 1094 2728 exordium,
1113 2653 1204 2735 juxta
1226 2653 1306 2715 illud
1324 2670 1331 2714 :
1348 2652 1451 2727 Ouum
1474 2653 1596 2716 dederit
1617 2653 1661 2715 di·
1687 2677 1727 2722 ρ..
1740 2691 1810 2732 aava,

111 2763 289 2838 promptos,
306 2753 425 2816 alacres
446 2762 477 2817 et
497 2762 688 2826 constantes,
706 2761 782 2816 tunc
802 2754 860 2816 uti·
916 2753 1006 2815 lectis
1026 2753 1092 2815 suis
1113 2770 1273 2826 somnum,
1290 2769 1364 2814 ecee
1383 2751 1541 2814 hereditas
1559 2751 1663 2813 Domi·
1675 2741 1725 2792 ²¹³·

109 2873 173 2936 que
196 2871 255 2936 per
274 2870 370 2937 opera
392 2853 451 2915 ista
470 2853 691 2916 testimonium
712 2853 861 2936 perhibet
916 2852 958 2914 ni.
977 2853 1274 2912 Ceheredesaucem
1291 2851 1426 2920 Christi,
1443 2849 1548 2924 idest,
1565 2847 1662 2912 beati-

108 2952 238 3034 spiritui
256 2959 373 3026 nostro,
386 2953 469 3034 quod
486 2951 546 3014 lilii
563 2951 618 3014 Dei
635 2971 765 3014 sumus:
782 2969 860 3032 quo
915 2951 1035 3013 tudinis
1057 2948 1172 3013 Christi
1193 2955 1355 3013 consortes
1375 2955 1471 3030 atque
1490 2947 1662 3031 participes

110 3051 197 3113 niam
220 3051 304 3112 sicut
323 3050 388 3112 vita
410 3050 562 3113 naturalis
583 3051 785 3133 cognoscitur
803 3069 860 3133 per
876 3052 897 3117 G
915 3049 1045 3111 erimus.
1063 3047 1141 3110 Nam
1162 3047 1230 3130 ipse
1245 3054 1292 3109 est
1307 3047 1399 3108 heres
1416 3045 1614 3129 principalis,
1631 3053 1663 3107 et

111 3157 202 3211 actus
229 3157 261 3211 et
285 3157 389 3212 motus
413 3148 525 3212 vitales
551 3167 587 3212 ac
618 3149 787 3224 naturales,
813 3149 859 3211 sic
915 3165 973 3210 nos
998 3146 1094 3208 simul
1120 3165 1193 3208 cnm
1219 3144 1274 3208 illo
1299 3144 1529 3207 beatitudinem
1555 3162 1662 3207 eonse-

110 3249 175 3310 vita
197 3248 307 3330 gratiae
328 3266 385 3330 per
403 3255 492 3310 actus
511 3247 677 3312 virtuosos.
915 3262 1062 3328 quemur.

662 3687 852 3774 sarilo
896 3686 1114 3773 PRIMUS

296 3953 438 4010 QUOHODO
460 3951 625 4000 CONANDU!
647 3951 783 3998 colbrech
804 3950 998 4007 OElllSTth0‚
1019 3951 1056 3996 UT
1078 3951 1120 3998 Ao
1142 3951 1315 3998 oblatrans
1337 3951 1476 3997 Jusrrrte

681 4049 937 4098 romanarum
958 4049 1088 4096 aaran.

182 4335 418 4402 UICUMQUE
429 4333 563 4408 Spiritu
579 4332 641 4393 Dei
654 4331 859 4408 aquatumha'
873 4332 897 4393 l)
911 4329 1044 4408 animae3
1060 4329 1116 4392 sed
1136 4347 1236 4411 quum
1257 4335 1366 4392 contra
1387 4329 1442 4392 Dei
1464 4337 1657 4413 preceptum

191 4435 264 4511 filii
283 4441 359 4492 sunt
379 4433 451 4494 Dei.
468 4431 555 4493 Rom.
574 4446 639 4502 vm,
658 4427 704 4490 lt.
912 4429 992 4490 ratio
1012 4427 1226 4490 consensisset
1241 4427 1435 4508 suggestioni
1455 4427 1583 4510 inique,
1600 4437 1660 4491 sta-

144 4533 240 4595 Sicut
259 4529 372 4591 beatus
394 4528 437 4591 ait
457 4527 638 4610 Gregorius,
655 4525 706 4588 Sic
730 4525 857 4587 mirabi·
911 4526 969 4589 tim
997 4544 1070 4589 caro
1099 4526 1197 4608 eoepit
1221 4544 1290 4588 esse
1319 4525 1448 4588 rebellis
1476 4528 1602 4602 anime,
1628 4537 1659 4592 et

102 4631 178 4694 liter
195 4629 320 4693 conditi
335 4647 457 4701 sumus,
475 4633 509 4688 ut
525 4627 607 4688 Deus
627 4625 793 4698 rationem,
811 4643 857 4687 ra·
912 4625 1099 4687 sensualitas
1119 4623 1244 4686 rationi.
1262 4624 1307 4686 Ad
1328 4624 1387 4687 hoc
1408 4624 1504 4706 igitur
1523 4625 1659 4709 quilibet

101 4731 148 4794 tio
163 4729 322 4800 animam,
339 4727 445 4789 anima
461 4743 576 4806 corpus
592 4724 761 4807 possideat.
779 4724 856 4786 Nam
912 4721 1110 4786 Christianus
1130 4722 1225 4784 debet
1245 4722 1352 4785 conari
1372 4723 1526 4805 quotidie,
1544 4725 1608 4788 imo
1628 4733 1660 4787 et

101 4839 132 4892 et
151 4828 279 4912 primos
294 4833 441 4909 parentes
458 4825 501 4887 ita
516 4823 657 4887 condidit
672 4823 858 4905 lleus,qu0d
912 4821 1118 4894 incessanter,
1135 4828 1169 4883 ut
1184 4828 1339 4902 quantum
1354 4820 1416 4882 sibi
1431 4821 1584 4903 possibile
1599 4831 1657 4898 est,

102 4929 133 4990 in
155 4928 206 4990 eis
230 4943 289 5008 per
302 4921 490 5006 originalem
509 4921 666 5004 justitiam
688 4921 766 5002 ipsis
787 4939 858 4983 con·
910 4921 949 4981 ad
972 4919 1136 5000 originalis
1156 4919 1289 5000 justitiae
1309 4919 1564 4984 conformitatem
1587 4940 1658 5004 pro-

101 5033 260 5097 creatam,
285 5041 401 5104 oorpus
430 5021 613 5102 subjectum
643 5019 763 5082 exstitit
791 5020 857 5082 ani·
913 5019 1047 5101 pinquet
1066 5037 1102 5080 ac
1125 5017 1241 5080 redeat.

103 5145 175 5198 mae,
193 5122 306 5185 anima
321 5119 447 5193 rationi,
464 5118 544 5181 ratio
562 5118 634 5181 [leo.
653 5118 691 5180 Et
705 5117 858 5200 quamdiu
938 5117 1142 5190 ,Studeamus
1166 5135 1240 5198 ergo
1266 5117 1297 5177 in
1328 5116 1440 5199 primis
1465 5136 1579 5201 corpus
1605 5137 1658 5182 no

100 5224 185 5286 ratio
209 5221 245 5282 in
269 5219 315 5282 eis
338 5219 455 5282 mansit
476 5217 540 5280 Deo
565 5215 718 5297 subjecta,
741 5216 858 5277 mansit
913 5224 1013 5277 strum
1034 5214 1195 5295 subjicere
1213 5215 1340 5287 anime,
1357 5215 1400 5276 ita
1422 5215 1499 5278 illud
1520 5217 1657 5296 regendo

101 5332 133 5385 et
158 5317 356 5384 sensualitas
381 5317 507 5380 subdite
532 5314 657 5389 rationi,
679 5333 857 5397 corpusque
914 5322 948 5376 ut
967 5321 1078 5398 aptum
1104 5314 1145 5374 sit
1167 5313 1281 5376 animae
1306 5314 1468 5396 cooperari
1493 5335 1528 5376 ac
1553 5315 1656 5378 deser·
