4154 6258
437 483 497 549 lot
645 500 793 548 nourrius
814 500 855 547 xv
876 499 949 546 rosr
969 499 1163 546 mrnrraruu.
1187 518 1226 528 —
1247 501 1289 545 nn
1309 498 1504 563 mnrurosos;
1527 497 1625 546 seruo
1645 498 1782 555 oumrus

319 691 406 736 uara.
439 692 605 757 perquem
622 673 806 736 scandalum
819 671 922 751 venit;
934 670 1132 746 item,Videte
1147 689 1188 734 ne
1202 670 1229 734 Α
1244 671 1466 734 excellentiam
1481 670 1687 750 affectemus;
1698 670 1753 733 sed
1769 669 1915 752 quidquid
1925 669 1960 734 bo

293 769 351 808 ”¹¹¹¹
360 759 380 808 ⁸·
390 757 423 798 ¹⁰·
441 771 659 834 scandalizetis
680 791 780 834 unum
804 771 842 832 de
858 769 984 852 pusillis
1005 769 1083 848 istis.
1100 770 1188 832 Intus
1243 770 1276 832 ni
1293 770 1325 831 iu
1346 767 1790 844 nobisest,1leobumillime
1809 768 1959 830 adscriben-

440 887 515 950 ergo
534 887 641 932 coram
657 870 722 932 Deo
737 868 884 931 vivamus
904 887 962 950 per
977 867 1140 929 caritatem
1158 873 1190 928 et
1243 875 1291 930 tes
1305 886 1342 930 ac
1359 868 1574 949 regratiantes,
1592 867 1662 948 ejus
1683 867 1843 940 honorem,
1860 866 1958 929 lauden

440 968 585 1049 gratiam,
603 975 843 1048 ceterarumque
857 966 1013 1028 virtutum
1033 973 1122 1027 actus
1143 965 1190 1027 in·
1244 973 1275 1028 et
1295 965 1429 1046 gloriam
1455 966 1487 1027 in
1509 964 1659 1028 omnibus
1684 964 1906 1027 cordialissime
1922 983 1958 1026 cu·

441 1065 573 1128 teriores
595 1065 729 1139 elicitos,
751 1065 784 1126 in
807 1065 908 1128 Deum
931 1063 1099 1138 credendo,
1121 1081 1190 1144 spe·
1244 1065 1381 1147 piamus,
1408 1070 1443 1126 ut
1471 1064 1540 1146 ipse
1564 1082 1582 1125 a
1606 1062 1699 1126 nobis
1723 1081 1760 1124 ae
1788 1063 1855 1124 aliis
1879 1061 1957 1124 debite

441 1162 550 1236 raudo,
577 1170 608 1224 et
633 1161 788 1244 proximis
818 1161 1051 1243 compatiendo.
1078 1160 1189 1224 Coram
1244 1163 1428 1236 honoretur,
1454 1161 1602 1224 laudetur
1627 1168 1659 1224 et
1681 1160 1856 1223 extollatur.
1881 1159 1957 1232 Ouum

441 1259 596 1342 proximis
621 1277 748 1341 quoque
772 1259 917 1321 vivamus
940 1277 997 1340 per
1017 1258 1190 1320 exteriores
1245 1260 1331 1323 enirn
1360 1258 1494 1322 anobis
1525 1259 1603 1342 ipsis
1632 1276 1696 1321 non
1725 1257 1893 1321 habeamus
1915 1257 1958 1320 nisi

441 1365 531 1421 actus
552 1357 720 1431 virtutum,
742 1376 800 1439 per
822 1375 927 1420 mores
948 1363 1112 1430 venustos,
1133 1374 1190 1437 per
1244 1357 1383 1420 deficere
1405 1365 1437 1418 et
1457 1340 1601 1438 peccar'e,
1622 1363 1654 1418 et
1675 1355 1829 1438 quidquid
1853 1355 1959 1418 miseria

442 1455 689 1519 refrenationem
706 1456 821 1536 lingua
836 1473 873 1516 ac
888 1473 1052 1528 sensuum,
1065 1473 1122 1536 per
1137 1473 1189 1516 ex·
1245 1465 1293 1520 est
1310 1464 1341 1520 et
1358 1455 1688 1537 contemptibilitatis;
1704 1454 1795 1517 valde
1819 1455 1956 1536 ingratum,

442 1555 620 1618 secutiones
647 1562 877 1637 preceptorum
902 1552 1190 1633 exercitiorumque
1246 1555 1383 1638 impium
1401 1562 1432 1616 et
1449 1572 1636 1637 perversum
1658 1560 1816 1626 censetur,
1836 1553 1873 1614 de
1892 1553 1958 1614 donis

442 1652 580 1727 Ordinis,
607 1659 641 1714 ut
668 1652 774 1715 vorbis
801 1661 832 1714 et
859 1651 952 1713 factis
979 1669 1016 1712 ac
1046 1650 1190 1713 moribus
1244 1653 1412 1726 ditissimi,
1436 1670 1499 1715 non
1521 1651 1622 1735 ipsius
1647 1652 1702 1714 scd
1723 1651 1958 1734 propriamque

442 1750 640 1814 aedilicemus
656 1750 830 1813 confratres
846 1757 980 1813 nostros.
998 1749 1119 1830 Nempe
1134 1747 1189 1829 qui
1245 1771 1315 1815 rere
1338 1751 1471 1833 gloriam
1495 1758 1527 1812 et
1551 1751 1715 1813 honorem.
1739 1750 1807 1812 imo
1829 1750 1957 1831 proprian

442 1848 574 1930 negligit
594 1847 722 1920 famam,
740 1847 878 1909 crudelis
900 1853 1075 1927 estonum
1099 1845 1190 1907 laedat
1209 1845 1532 1922 Bdefectuositatcm,
1550 1847 1812 1930 ingratitudinem
1832 1866 1866 1909 ae
1884 1855 1957 1908 trans·

442 1964 507 2009 non
537 1945 641 2008 solum
670 1963 704 2007 se
733 1943 851 2027 ipsum,
882 1945 937 2006 sed
967 1951 998 2006 et
1027 1943 1189 2026 proximos
1245 1948 1442 2031 gressionem
1457 1946 1516 2009 rite
1533 1954 1714 2028 pensantes,
1730 1946 1818 2009 omni
1832 1945 1957 2008 confusio·

443 2061 517 2107 suos
544 2060 551 2105 ε
578 2052 610 2106 et
635 2043 695 2106 boc
719 2050 820 2105 totum
845 2043 955 2106 divino
979 2043 1190 2105 contrariatur
1245 2067 1297 2120 ne,
1315 2044 1531 2127 increpatione
1551 2052 1583 2106 et
1596 2043 1788 2107 adversitate
1809 2051 1957 2126 reputemus

442 2142 566 2205 honori.
1246 2164 1304 2208 nos
1319 2145 1447 2226 dignos3
1458 2161 1587 2206 omnem
1602 2160 1730 2225 quoque
1747 2139 1958 2223 injuriamsub·

483 2241 544 2303 Sed
564 2240 640 2322 quia
660 2247 725 2301 tam
743 2239 884 2303 virtuose
903 2259 940 2302 ac
961 2239 1189 2321 irreprehensi·
1247 2240 1477 2316 sannationem,
1493 2239 1749 2323 persecutionem
1766 2239 1855 2302 nobis
1869 2238 1958 2299 illatam

443 2338 552 2400 biliter
581 2345 816 2412 conversantes,
848 2339 950 2401 solent
978 2357 1061 2400 vana
1090 2337 1190 2420 gloria
1247 2337 1959 2424 patientissimetoleremus‚gratiasDeoagen-

444 2437 530 2517 tangi
546 2443 578 2497 et
594 2436 885 2517 complacentiam'
877 2456 910 2498 ιιι
925 2455 958 2498 se
975 2436 1053 2518 ipsis
1073 2435 1190 2498 habere
1247 2446 1294 2501 tes
1311 2437 1421 2520 quod
1413 2456 1446 2499 ιιι
1461 2437 1525 2498 vita
1540 2435 1689 2518 praesenti
1709 2453 1885 2517 purgamur,
1898 2442 1922 2496 et
1933 2432 1957 2494 il-

444 2534 585 2606 inanem,
611 2541 696 2595 recte
725 2540 798 2615 post
826 2533 922 2596 verba
951 2541 1192 2615 praememorata
1248 2538 1302 2599 lud
1320 2536 1427 2600 Judith
1451 2536 1593 2597 dicentes
1614 2553 1651 2596 ac
1672 2533 1896 2616 adimplentes:
1909 2531 2022 2649 Sauppe

388 2631 582 2741 subjecit
603 2630 803 2712 Apostolus:
826 2631 894 2692 Non
919 2630 1133 2693 efficiamur'
1125 2650 1191 2693 rna·
1248 2635 1441 2697 ulciscamur
1463 2651 1521 2696 nos
1541 2631 1668 2715 probis
1689 2651 1759 2714 quae
1780 2632 1912 2714 patimur,
1925 2611 1988 2691 rel·

326 2737 332 2750 ·
445 2729 495 2792 nis
517 2728 625 2809 gloria
648 2727 767 2808 cupidi,
784 2747 824 2790 ne
844 2728 966 2790 scilicet
985 2736 1132 2810 optemus
1151 2729 1192 2790 ab
1248 2738 1396 2813 putantes
1424 2730 1563 2812 peccatis
1588 2731 1706 2792 nostris
1735 2730 1833 2794 haec
1825 2749 1885 2812 ipsa
1904 2747 1957 2809 sup

445 2825 631 2889 bominibus
654 2826 802 2889 honorari
824 2833 878 2888 aut
902 2827 1051 2908 reputari.
1074 2827 1112 2888 Et
1132 2828 1192 2889 hoe
1249 2829 1346 2912 plicia
1367 2848 1436 2891 esse
1457 2829 1590 2891 minora.

387 2932 494 2986 est
518 2923 602 3005 quod
627 2924 773 3006 praeeipit
799 2925 975 2987 Christus:
1001 2925 1111 2987 lidcte
1134 2926 1195 3006 (in·
1287 2929 1420 3010 Insuper
1435 2928 1526 2989 docet
1537 2927 1704 3008 Apostolus
1721 2945 1760 2988 ne
1776 2945 1898 2988 rnvrcen
1910 2941 1997 3026 pro
1978 2937 2016 2978 f

446 3023 574 3104 quiens)
594 3041 634 3085 ne
656 3021 812 3103 justitiam
834 3031 972 3085 vestram
999 3022 1121 3085 faciatis
1144 3041 1194 3086 eo·
1210 3027 1410 3099 (lvocemuS,
1434 3024 1494 3087 hoc
1517 3032 1575 3098 est,
1602 3043 1642 3086 ne
1667 3043 1751 3086 unus
1774 3023 1867 3086 alium
1887 3005 1983 3084 verbo³⁵
2040 2971 2041 3099 l

447 3140 513 3183 ram
538 3120 734 3196 hominibus,
751 3129 786 3182 ut
805 3121 978 3184 videamini
1001 3121 1040 3183 ab
1061 3122 1116 3184 eis.
1134 3123 1195 3184 Sed
1248 3132 1303 3187 aut
1326 3123 1416 3203 signo
1446 3141 1501 3185 seu
1527 3123 1610 3186 lacto
1634 3123 1815 3186 inordinato
1836 3123 1897 3185 ad
1891 3139 1957 3188 ιιιιι,

447 3219 532 3282 circa
547 3220 607 3282 hoc
623 3219 723 3302 quaeri
739 3227 853 3302 potest,
863 3222 1023 3302 quomodo
1038 3221 1097 3282 isla
1113 3227 1195 3282 stent
1249 3221 1494 3303 impatientiam,
1509 3220 1723 3283 turbationem
1748 3228 1803 3283 aut
1822 3221 1959 3302 quodcun-

447 3317 554 3380 simnl.
572 3318 640 3381 Non
656 3318 743 3380 enim
761 3336 930 3400 possumus
951 3318 1068 3381 habere
1083 3336 1196 3401 propo·
1249 3338 1312 3400 que
1327 3319 1413 3381 aliud
1430 3326 1581 3401 provocet
1594 3318 1731 3382 vitium:
1749 3319 1886 3400 quiahoc
1899 3323 1958 3380 esset

428 3416 546 3480 situm
569 3416 750 3480 aedificandi
773 3417 947 3499 proximos,
968 3417 1030 3480 nisi
1056 3417 1196 3480 intenda—
1250 3418 1349 3481 alium
1379 3418 1499 3479 directe
1531 3417 1755 3480 scandalizare.
1788 3417 1892 3500 Estque
1916 3416 1959 3476 boc
2039 3403 2040 3412 ’

449 3532 591 3577 muscos
610 3515 816 3577 induceread
836 3514 917 3578 bene
937 3514 1140 3578 sentiendum
1157 3516 1196 3577 de
1250 3522 1315 3578 tarn
1339 3515 1456 3579 divinae
1480 3533 1576 3598 quam
1605 3513 1754 3580 fraterna
1778 3515 1888 3578 carihti
1907 3531 1960 3574 con·

450 3611 543 3675 nobis
561 3631 567 3676 :
585 3630 660 3692 crgo
683 3620 807 3694 oportet
829 3620 864 3674 ut
885 3621 1032 3695 optemus
1056 3612 1197 3695 reputari
1250 3613 1393 3677 tranium.
1421 3613 1539 3676 Caritas
1563 3631 1702 3694 namque
1724 3614 1781 3677 Dei
1806 3612 1919 3696 requirit
1936 3617 1959 3670 ut

450 3710 490 3771 ab
513 3710 570 3784 eis,
587 3711 763 3792 prasertim
785 3730 885 3792 quum
908 3711 1070 3792 Scriptura
1093 3712 1196 3774 horte·
1252 3713 1382 3796 ipsimet
1402 3713 1503 3774 Deum
1526 3710 1731 3786 honoremus,
1748 3721 1839 3795 atque
1858 3711 1892 3773 ab
1908 3709 1959 3771 aliis

376 3821 387 3865 ·.
430 3815 513 3882 ,ῑιιι,
531 3808 646 3870 Curam
669 3807 750 3870 habe
770 3809 809 3870 de
831 3808 914 3871 bono
936 3809 1075 3871 nomine.
1093 3810 1131 3871 Et
1151 3829 1197 3872 re·
1250 3811 1399 3875 honorari
1420 3817 1568 3892 optemus
1586 3829 1592 3873 :
1611 3811 1704 3891 cujus
1728 3811 1895 3894 oppositum
1913 3807 1958 3888 agit

332 3915 338 3928 '
451 3906 684 3988 spondendum,
702 3907 787 3988 quod
809 3905 868 3968 ista
891 3914 974 3969 stant
998 3907 1105 3982 simul,
1122 3909 1197 3990 quia
1251 3910 1307 3992 qui
1328 3916 1477 3991 provocat
1496 3907 1607 3982 alium,
1623 3928 1724 3990 quum
1746 3910 1872 3992 ipsemet
1884 3909 1958 3970 ὓιιιι

450 4002 605 4067 debemus
627 4003 709 4066 velle
733 4002 808 4066 boni
833 4005 972 4085 reputari
997 4013 1029 4067 et
1053 4005 1134 4068 bene
1157 4007 1196 4069 de
1252 4008 1420 4071 inhonoret
1434 4007 1606 4090 peccando,
1623 4015 1654 4069 et
1669 4006 1770 4070 aliurn
1789 4009 1825 4071 ad
1842 4005 1958 4069 illicitum

450 4102 543 4166 nobis
573 4101 696 4176 sentiri,
722 4102 754 4164 in
781 4109 935 4184 quantum
965 4103 1025 4166 hoc
1050 4104 1132 4166 cedit
1157 4105 1195 4166 ad
1250 4124 1314 4188 quo
1342 4107 1425 4168 Deus
1454 4104 1630 4168 offenditur
1656 4106 1783 4170 trabere
1806 4108 1865 4188 jam
1890 4119 1959 4166 cone

450 4201 505 4263 Dei
535 4201 700 4276 honorem,
726 4209 821 4282 atque
851 4201 1066 4264 necessarium
1095 4209 1196 4264 exstat
1210 4202 1234 4263 D
1250 4211 1311 4266 tur.
1324 4203 1467 4286 [lenique
1482 4204 1538 4285 qui
1552 4203 1630 4267 alios
1644 4212 1804 4287 provocat,
1819 4203 1957 4284 coadjutor,

447 4300 486 4363 ad
503 4301 722 4383 proximorum
736 4299 993 4374 edificationem,
1010 4317 1073 4362 non
1088 4307 1195 4362 autem
1250 4303 1499 4365 instrumentum
1528 4309 1560 4364 et
1588 4321 1699 4366 servus
1728 4312 1777 4366 est
1803 4305 1958 4368 demonum

450 4400 483 4461 in
503 4407 658 4481 quantum
678 4400 738 4462 hoc
758 4399 842 4461 cedit
856 4399 895 4461 ad
915 4406 1055 4461 nostram
1076 4400 1196 4480 magni·
1251 4419 1387 4483 quorum
1409 4419 1555 4464 summus
1574 4409 1705 4464 conatus
1725 4411 1774 4466 est
1791 4403 1917 4465 homines
1932 4397 1959 4458 ad

448 4497 643 4570 ficationem,
661 4497 919 4560 commoditatem
943 4505 996 4559 aut
1020 4499 1196 4561 veneratio·
1250 4508 1380 4581 peccata
1394 4499 1532 4561 allicere.
1555 4499 1682 4562 Constat
1697 4519 1819 4584 quoquc
1833 4499 1904 4583 quod
1920 4495 1960 4558 lra-

451 4614 535 4657 nem.
552 4596 619 4657 lmo
639 4595 844 4676 inquantum
865 4596 899 4657 in
919 4595 1011 4659 nobis
1026 4604 1084 4672 est,
1102 4597 1195 4660 debe·
1252 4605 1341 4660 terna
1364 4597 1468 4678 exigat
1491 4598 1606 4660 caritas
1630 4599 1777 4681 proximo
1797 4598 1959 4661 benefacere.
2036 4601 2037 4606 ’

451 4713 522 4756 mus
546 4693 652 4775 potius
677 4693 759 4755 velle
787 4692 827 4755 ab
856 4694 1006 4756 omnibus
1029 4695 1194 4777 vilipendi,
1252 4703 1282 4758 et
1298 4703 1527 4759 nocumentum
1542 4715 1579 4758 ac
1592 4696 1755 4761 laesionem
1771 4697 1864 4780 ipsius
1876 4695 1959 4756 vitare.

450 4793 558 4875 sperni
574 4798 606 4855 et
620 4790 821 4855 conculcari:
836 4793 881 4854 sic
896 4798 1002 4856 tamen
1019 4802 1053 4856 ut
1068 4802 1197 4876 propter
1251 4795 1354 4868 Quum
1371 4813 1445 4876 ergo
1458 4801 1625 4877 peccatum
1638 4795 1912 4878 incomparabiliter
1923 4807 1961 4852 no

449 4893 510 4955 hoc
525 4892 571 4954 nil
591 4891 742 4954 indecens
763 4898 817 4954 aut
831 4891 1110 4956 scandalizativum
1126 4912 1196 4976 aga-
1252 4894 1359 4957 civum
1376 4901 1408 4956 et
1423 4893 1567 4956 laesivum
1583 4893 1624 4956 sit
1639 4894 1789 4969 hominis,
1804 4901 1910 4956 certum
1926 4895 1960 4949 est

450 5009 532 5053 mus.
1251 4993 1335 5074 quod
1356 4992 1539 5075 proximum
1559 5010 1732 5075 provocare
1747 4994 1783 5056 ad
1797 4990 1918 5073 culpam,
1931 4985 1959 5048 sit

489 5089 597 5171 ltaque
613 5107 727 5150 vanam
747 5089 882 5169 gloriam
902 5089 1056 5163 odiamus,
1078 5109 1136 5153 nec
1157 5091 1195 5154 de
1251 5091 1373 5153 caritati
1389 5091 1537 5155 fraternae
1550 5091 1682 5154 omnino
1698 5083 1958 5168 contrarium:quod

449 5188 571 5252 collatis
597 5187 689 5250 nobis
709 5188 847 5269 desuper
871 5186 963 5249 bonis
988 5187 1113 5250 laudem
1139 5189 1196 5251 hu·
1250 5189 1346 5252 etiam
1367 5190 1398 5251 in
1417 5190 1535 5252 divinis
1555 5191 1721 5272 potissime
1742 5199 1785 5253 est
1799 5187 1956 5250 cavendum.

450 5307 587 5362 manem,
610 5285 819 5370 temporalem
844 5285 1007 5363 honorem,
1033 5288 1196 5371 propriam
1248 5288 1474 5352 Verumtamen
1498 5296 1547 5351 est
1569 5290 1714 5371 quaedam
1736 5287 1901 5372 provocatio
1918 5283 1956 5344 bo
