4154 6258
476 485 622 534 nourrius
643 487 708 534 xvu
728 487 801 534 rosr
821 485 1014 534 minumus.
1034 505 1074 518 -
1095 489 1194 536 sanun
1214 491 1324 537 neruus
1614 467 1674 532 485

124 669 223 735 opere
251 657 418 720 curiositas
447 656 714 740 singularitasque
739 659 875 722 vitandae
888 659 915 723 A
928 658 1040 722 tientia
1055 667 1160 723 vestra
1179 661 1383 743 possidebitis
1401 661 1523 724 animas
1542 667 1671 724 vestras.

124 759 209 814 suut.
227 753 413 837 Requiritur
432 772 560 839 quoque
581 756 747 820 humilitas
770 757 802 820 in
822 776 875 820 ve
928 759 1016 834 Quod
1032 759 1058 821 si
1075 759 1108 822 in
1125 761 1276 842 patientia
1290 769 1398 824 nostra
1414 767 1536 823 nostras
1551 759 1674 822 animas

123 851 214 926 stitu,
241 853 316 934 quia
343 861 378 916 ut
402 855 503 918 suncti
528 855 633 919 Patres
658 863 824 930 testantur,
847 856 873 918 si
928 857 1140 941 possidemus,
1166 865 1289 921 constat
1317 860 1402 942 quod
1427 878 1484 941 per
1506 857 1673 941 impatien-

123 949 174 1011 vir
189 957 245 1011 aut
260 951 377 1014 mulier
396 954 558 1016 ornaverit
577 972 621 1030 se,
638 961 670 1016 et
689 972 746 1017 suo
761 962 874 1017 ornatu
928 956 1005 1020 tiam
1020 974 1073 1019 eas
1088 956 1273 1032 amittimus,
1281 957 1356 1040 quia
1370 966 1403 1021 ut
1418 957 1563 1022 Salomon
1579 957 1676 1039 loqui-

122 1047 312 1130 adspectum
336 1050 503 1114 bominum
527 1051 559 1114 in
584 1071 618 1114 se
642 1052 872 1134 provocaverit,
928 1062 990 1130 tur,
1002 1055 1059 1136 qui
1075 1055 1245 1138 impatiens
1260 1064 1318 1132 est,
1330 1057 1496 1120 stultitiam
1513 1063 1670 1138 operatur.
1700 1076 1820 1128 reem,

122 1146 222 1208 etiam
238 1147 265 1210 si
279 1147 406 1220 nullum
422 1149 542 1212 malum
559 1150 633 1213 inde
652 1159 815 1233 sequatur,
831 1159 874 1214 ta·
927 1155 967 1216 At
982 1172 1058 1217 vero
1072 1155 1129 1237 qui
1147 1155 1280 1218 humilis
1299 1175 1373 1219 vere
1393 1155 1547 1229 consistit,
1563 1155 1672 1218 adver·
1689 1141 1722 1183 ¹⁷·

122 1263 198 1307 men
214 1253 368 1310 eternum
384 1248 580 1331 supplicium
597 1247 745 1331 patietur,
761 1249 873 1331 quoni·
928 1250 1368 1328 sitatibus,tribulationibus,
1378 1251 1618 1317 contusionibus
1629 1252 1673 1314 ob

120 1361 173 1406 am
197 1353 354 1426 quantum
377 1345 463 1410 inse
487 1346 559 1420 luit,
577 1347 759 1430 propinavit
777 1365 871 1410 vene·
929 1366 987 1411 sua
1010 1358 1140 1431 peecata
1164 1350 1297 1432 dignum
1321 1369 1355 1414 se
1379 1357 1505 1434 reputat
1526 1367 1533 1412 ε
1555 1349 1674 1412 idcirco

121 1442 245 1514 nnm,si
260 1443 373 1507 luisset
386 1445 441 1527 qui
457 1443 589 1508 biberet.
597 1445 683 1508 Unde
698 1445 871 1509 certissime
929 1447 1006 1511 dum
1021 1448 1084 1512 sibi
1099 1450 1298 1531 contingunt,
1308 1467 1372 1513 non
1388 1445 1675 1522 contristatur,imo

121 1546 229 1621 potest
244 1542 496 1626 concludi,qu0d
511 1543 558 1606 uti
574 1544 691 1607 vestitu
706 1553 817 1608 ornato
831 1543 871 1607 ad
930 1546 1035 1628 potius
1050 1549 1167 1628 gaudet
1181 1548 1214 1610 in
1234 1549 1292 1611 eis.
1308 1548 1423 1630 Sisque
1440 1567 1480 1612 ex
1494 1547 1674 1610 bumilitate

123 1637 294 1704 libidinem
316 1641 531 1724 provocative,
547 1642 590 1705 sit
610 1642 742 1706 mortale
761 1662 872 1727 pecca·
929 1645 1082 1728 patientia
1101 1654 1280 1726 generatur.

124 1742 206 1798 tum.
223 1737 302 1801 ltem
327 1738 491 1802 humilitas
513 1740 546 1802 in
571 1740 698 1804 incessu
721 1741 874 1824 omnique
969 1744 1085 1818 Quarto
1103 1745 1191 1808 addit
1210 1744 1389 1828 Apostolus,
1405 1753 1441 1808 ut
1459 1762 1517 1808 nos
1536 1743 1674 1808 invicem
1697 1753 1822 1812 linteam

123 1843 290 1916 apparatu,
299 1836 450 1918 quoniam
466 1855 524 1920 per
536 1837 650 1902 lsaiam
665 1839 806 1921 loquitur
820 1838 874 1902 lio
892 1837 916 1902 B
930 1841 1094 1906 caritative
1108 1849 1141 1906 et
1154 1843 1206 1926 pie
1221 1843 1435 1908 sustineamus
1453 1862 1490 1906 ae
1510 1849 1676 1926 supporte·
1689 1818 1711 1863 ²·

1 1946 66 1998 rem,
79 1949 110 1998 re,
126 1933 236 1996 minus
262 1951 269 1995 :
294 1935 353 1998 Pro
378 1952 417 1998 eo
440 1936 525 2018 quod
550 1935 679 2000 elevate
700 1944 776 1998 sunt
798 1936 875 2001 iiliae
931 1959 1014 2014 mus,
1027 1941 1298 2023 quemadmodum
1313 1942 1346 2004 in
1361 1941 1477 2005 nostris
1496 1939 1676 2004 defectibus

1 2011 18 2052 ⁷·
125 2032 215 2108 Sion,
232 2040 265 2095 et
278 2033 523 2097 ambulaverunt
538 2033 620 2097 collo
634 2042 750 2109 erecto,
762 2042 794 2098 et
807 2053 875 2117 gra·
931 2056 950 2100 a
981 2038 1045 2100 lieo
1076 2038 1326 2103 misericorditer
1357 2039 1485 2103 tolerari
1517 2046 1675 2121 optamus.

125 2131 171 2192 du
195 2131 374 2212 composito
398 2132 598 2206 incedebant,
619 2132 798 2196 decalvabit
820 2134 877 2197 lio-
931 2134 1071 2209 Quilibet
1090 2135 1177 2199 enim
1198 2138 1342 2220 proprios
1362 2136 1459 2200 habet
1477 2136 1631 2210 deiectus,
1648 2143 1680 2199 et

126 2229 237 2292 minus
261 2229 415 2292 verticem
440 2231 583 2293 filiarum
607 2230 693 2306 Sion,
719 2239 778 2294 etc.
803 2233 877 2296 ldeo
932 2233 1054 2314 indiget
1067 2253 1086 2296 a
1100 2234 1255 2316 proximis
1270 2235 1453 2318 supportari
1472 2241 1567 2317 atque
1581 2253 1600 2297 a
1615 2234 1679 2298 Deo

126 2329 166 2390 de
189 2347 224 2392 se
247 2328 318 2410 ipso
338 2335 470 2391 testatur
489 2329 700 2412 Hieronymus
717 2347 723 2392 :
740 2329 788 2393 Ab
804 2331 877 2394 ado·
932 2332 1182 2396 misericorditer
1210 2333 1341 2416 adspici.
1368 2335 1455 2398 Unde
1484 2333 1541 2416 qui
1570 2340 1680 2396 contra

127 2426 282 2489 lescentia
297 2445 368 2490 mea
383 2427 465 2490 nihil
480 2426 526 2490 sic
542 2426 640 2490 didici
660 2428 780 2491 evitare
795 2429 878 2492 sicut
931 2431 1091 2514 proximos
1106 2439 1236 2516 propter
1249 2449 1357 2495 eorum
1372 2431 1626 2496 defectuositates
1641 2432 1682 2494 ia-

126 2525 255 2588 tumido
270 2526 365 2589 corde
380 2533 412 2588 et
427 2533 533 2588 erecto
554 2526 636 2589 collo
652 2526 809 2590 incedere.
822 2528 879 2590 Per
932 2531 993 2593 cile
1007 2531 1272 2613 indignatur,cito
1287 2531 1615 2613 amaricatur,ecsque
1630 2531 1682 2593 de·

127 2623 324 2704 Sophoniam
339 2639 467 2704 quoque
482 2622 636 2686 Dominus
652 2624 876 2686 comminatur:
933 2629 1029 2711 spicit
1057 2637 1089 2692 et
1119 2636 1307 2713 supportare
1338 2629 1454 2702 renuit,
1485 2629 1563 2712 quid
1594 2628 1680 2691 aliud

1 2741 111 2796 opaca.
127 2720 272 2783 visitabo
293 2740 389 2803 super
409 2738 538 2784 omnem
558 2721 613 2803 qui
633 2730 814 2803 arroganter
834 2723 879 2785 in·
933 2733 1144 2810 promeretur,
1170 2727 1232 2788 nisi
1258 2733 1293 2788 ut
1316 2726 1399 2788 Deus
1423 2744 1497 2788 eum
1521 2726 1606 2807 juste
1630 2727 1681 2788 de-

126 2820 282 2900 greditur.
300 2820 335 2882 ln
351 2820 574 2882 Ecclesiastico
594 2838 722 2903 quoque
739 2822 783 2883 ait
797 2821 878 2884 Scri·
934 2826 1057 2908 spiciat,
1075 2825 1279 2906 rigoroseque
1292 2825 1424 2905 judicet,
1440 2832 1472 2887 et
1486 2824 1556 2905 ejus
1572 2841 1681 2906 pecca·

1 2934 110 2986 terens.
127 2924 225 2999 ptura
242 2934 249 2977 :
265 2918 300 2980 ln
321 2918 438 2980 vestitu
460 2935 500 2979 ne
519 2917 665 2998 glorieris
686 2938 837 3000 unquam.
934 2931 965 2986 ta
986 2923 1124 3004 graviter
1144 2921 1327 2996 ulciscatur,
1344 2929 1380 2984 ut
1399 2922 1570 3004 impleatur
1589 2922 1623 2984 in
1643 2939 1680 2984 eo

2 3033 112 3089 pressea.
168 3014 318 3078 &cundo
332 3013 449 3095 adjecit
462 3015 641 3097 Apostolus,
651 3015 688 3077 Et
703 3018 915 3082 mansuetu-C
934 3022 1018 3103 quod
1047 3020 1091 3082 ait
1120 3019 1272 3094 Salvator,
1298 3019 1415 3083 Eadem
1441 3037 1590 3082 mensura
1617 3038 1680 3102 qua
1693 3039 1829 3094 uaccam

126 3115 215 3177 dine.
233 3114 355 3196 Nempe
370 3122 442 3197 post
457 3115 683 3188 bumilitatem,
701 3115 878 3198 presertim
934 3119 1036 3181 mensi
1059 3118 1195 3193 lueritis,
1213 3118 1399 3180 remetietur
1420 3117 1531 3180 vobisl
1695 3105 1716 3146 ²·

127 3221 254 3295 spectat
277 3214 316 3276 ad
341 3231 604 3294 unumquemque
629 3213 878 3277 Christilidelem
911 3243 916 3252 ·
972 3217 1133 3279 Postremo
1162 3215 1405 3278 saluberrimam
1430 3214 1599 3297 Apostolus
1628 3215 1681 3278 dat

128 3312 353 3386 mansuetudo,
370 3329 427 3394 per
448 3330 545 3394 quam
567 3311 606 3373 iit
625 3311 689 3375 Deo
709 3311 878 3393 proximis·
933 3314 1121 3388 doctrinam,
1139 3321 1174 3376 ut
1196 3313 1297 3375 simus
1317 3313 1445 3376 solliciti
1464 3331 1590 3376 servare
1610 3313 1680 3375 uni·
1706 3324 1827 3382 sptem,

127 3431 193 3495 que
217 3409 376 3484 amabilis,
393 3417 425 3472 et
447 3410 479 3472 in
503 3416 615 3472 mutua
638 3411 878 3474 conversatione
933 3420 1030 3476 tatem
1046 3412 1177 3494 spiritus
1198 3412 1231 3474 in
1245 3412 1375 3474 vinculo
1392 3412 1490 3494 pacis.
1508 3412 1680 3492 Unusquis-
1696 3390 1717 3432 ⁸·

127 3508 307 3572 tolerabilis
322 3527 358 3570 ac
373 3507 489 3570 suavis.
502 3508 632 3590 Propter
647 3507 706 3570 boc
725 3508 757 3569 in
773 3508 878 3570 Eccle-
933 3530 996 3593 que
1011 3527 1086 3590 ergo
1100 3529 1226 3572 summe
1241 3509 1415 3592 provideat,
1433 3515 1533 3583 curet,
1550 3517 1681 3572 conetur

19 3637 41 3665 cc
52 3625 65 3664 t.
81 3637 109 3673 m,
126 3607 260 3671 siastico
275 3606 392 3670 dicitur
402 3624 408 3668 :
419 3605 488 3681 Fili,
499 3606 532 3668 in
548 3606 793 3668 mansuetudine
808 3624 879 3690 ope
933 3629 973 3672 ne
989 3628 1046 3672 sua
1061 3607 1289 3689 singularitate,
1300 3606 1682 3690 impatientia,turbulen-

2 3699 16 3727 ’·
124 3726 160 3770 ra
190 3715 247 3768 tua
275 3706 337 3780 iac,
367 3711 399 3768 et
427 3723 524 3786 super
552 3721 679 3766 omnem
710 3703 877 3767 bominum
933 3708 987 3779 tia,
1004 3705 1237 3770 inordinatione
1257 3713 1312 3768 aut
1333 3723 1536 3788 quacumque
1556 3723 1683 3786 perver-

124 3805 264 3886 gloriam
287 3805 438 3886 diligeris.
455 3801 661 3866 Mansuetudo
682 3820 808 3885 quoque
831 3811 878 3866 est
933 3807 1025 3869 sitate
1049 3805 1128 3868 alios
1152 3804 1258 3868 turbet
1287 3803 1551 3866 dissentientesve
1575 3803 1681 3878 iaciat,

126 3903 259 3984 signum
289 3902 464 3984 sapientie,
490 3901 573 3963 sicut
602 3901 648 3964 ira
674 3909 721 3963 est
750 3902 876 3982 signum
932 3913 964 3967 et
980 3923 1020 3967 ne
1036 3905 1104 3984 ipse
1123 3903 1163 3966 ab
1183 3903 1254 3966 aliis
1274 3921 1333 3985 per
1353 3903 1468 3965 mentis
1488 3901 1681 3964 discordiam

10 4035 47 4064 m
62 4035 110 4070 u.
126 4001 284 4064 stultitiae.
302 4001 432 4082 Propter
453 4000 536 4081 quod
560 3998 695 4062 lacobus
719 4000 763 4062 ait
780 3999 878 4073 :Quis
933 4009 1108 4084 separetur,
1132 4003 1187 4065 sed
1212 4002 1386 4076 caritatem,
1410 4019 1533 4084 pacem,
1561 4000 1682 4064 contor-

10 4115 15 4125 ·
126 4100 259 4184 sapiens
281 4107 313 4161 et
333 4098 556 4180 disciplinatus
579 4099 662 4160 iuter
681 4098 879 4161 vosl0steu-
935 4102 1078 4164 mitatem
1094 4100 1286 4162 laudabilem
1302 4099 1377 4163 totis
1393 4099 1516 4161 viribus
1531 4098 1637 4162 loveat
1651 4106 1682 4161 et

126 4200 183 4262 dat
214 4198 432 4280 operationem
457 4216 547 4260 suam
575 4197 607 4258 iu
634 4196 877 4260 mansuetudine
893 4195 917 4258 D
934 4206 1101 4263 conservet
1116 4217 1190 4260 cum
1205 4198 1256 4260 his
1272 4198 1354 4260 inter
1370 4215 1449 4278 quos
1465 4204 1679 4259 conversatur.

125 4296 303 4380 sapientie.
322 4295 464 4376 lienique
486 4295 541 4376 qui
565 4315 640 4358 vere
662 4303 709 4357 est
733 4296 876 4369 humilis,
934 4298 998 4362 lloc
1021 4297 1108 4359 enim
1129 4295 1308 4376 angelicum
1332 4303 1389 4368 est,
1407 4294 1483 4376 quia
1504 4294 1536 4356 in
1561 4294 1682 4375 angelis

125 4415 193 4460 non
218 4394 310 4458 facile
339 4400 469 4477 propter
492 4393 643 4474 injuriam
668 4393 730 4456 sibi
756 4394 876 4457 illatam
935 4394 1128 4458 inviolabilis
1144 4401 1192 4456 est
1211 4392 1350 4466 dilectio,
1368 4411 1429 4474 pax
1447 4399 1542 4473 atque
1558 4393 1681 4455 consor-

126 4493 291 4568 irascitur,
318 4511 376 4555 nec
401 4491 612 4554 inordinatam
640 4492 761 4574 appetit
786 4491 877 4555 ultio·
934 4493 1027 4556 initas
1048 4498 1156 4554 sancta
1173 4508 1179 4552 :
1197 4490 1281 4553 unde
1299 4489 1452 4552 unitatem
1474 4488 1605 4571 spiritus
1621 4489 1682 4551 sol-

125 4611 206 4656 nem
231 4610 238 4654 :
262 4591 372 4674 sicque
400 4609 438 4652 ex
462 4589 643 4652 bumilitate
668 4591 878 4654 mansuetudo
933 4610 1008 4654 vere
1032 4597 1064 4652 et
1089 4588 1255 4651 vinculum
1279 4588 1367 4670 pacis
1395 4588 1591 4670 dirumpere,
1617 4586 1683 4651 dia·

125 4699 289 4756 causatur.
934 4689 1075 4752 bolicum
1098 4687 1157 4749 rite
1182 4692 1338 4749 censetur.
1355 4685 1477 4749 ldcirco
1501 4687 1539 4749 de
1564 4685 1681 4748 talibus

1 4804 14 4832 v
54 4820 111 4858 aa,
168 4789 278 4852 Tertio
301 4787 388 4851 addit
408 4785 589 4869 Apostolus,
612 4786 691 4849 Cum
716 4787 877 4869 patientia,
934 4785 1562 4867 turbatoribus,inquietis,perversis,ait
1577 4785 1609 4846 in
1625 4803 1681 4848 sua

127 4889 209 4971 quia
224 4887 292 4950 baec
306 4885 409 4948 virtus
425 4885 515 4948 valde
536 4886 714 4948 necessaria
728 4893 776 4948 est
791 4886 878 4949 omni
935 4885 1092 4950 canonica
1105 4884 1201 4947 ludas
1216 4883 1378 4966 apostolus
1395 4900 1402 4945 ε
1419 4883 1457 4945 lli
1477 4891 1551 4945 sunt
1566 4903 1682 4965 queru·
1709 4905 1815 4950 cumis.
1910 4881 1918 4896 '

127 4985 223 5049 iideli
239 4985 273 5046 in
288 4984 353 5046 vita
373 4983 532 5065 praesenti,
549 5002 619 5064 quae
636 4984 880 5047 adversitatibus
935 4983 1004 5058 losi,
1031 4989 1292 5054 murmuratores
1323 4981 1499 5044 secundum
1526 4981 1683 5044 desideria

129 5085 229 5168 plena
254 5090 311 5145 est.
337 5082 411 5145 Ideo
435 5101 475 5144 ne
499 5081 572 5164 quis
594 5090 726 5164 propter
748 5083 880 5145 adversa
935 5101 992 5145 sua
1006 5081 1224 5159 ambulantes3
1242 5081 1393 5161 itemque,
1409 5079 1445 5142 lli
1461 5079 1594 5161 (iuquit)
1608 5086 1684 5141 sunt
1710 5093 1768 5136 rou.
1783 5096 1815 5137 rc.

129 5181 345 5246 immoderate
369 5180 512 5242 tristetur
535 5199 571 5242 ac
597 5181 810 5262 perturbetur,
827 5201 880 5263 pa·
936 5180 990 5263 qui
1007 5187 1173 5260 segregant
1193 5179 1391 5260 semetipsos,
1408 5177 1572 5250 animales,
1589 5176 1684 5259 spiri-

2 5303 113 5352 reumo.
129 5281 247 5344 tientia
263 5279 391 5360 indiget.
405 5278 448 5342 De
464 5298 527 5362 qua
542 5279 586 5340 ait
601 5278 741 5343 Salvator
757 5297 764 5342 ε
781 5280 815 5342 ln
833 5299 882 5362 pa·
936 5287 1005 5342 tum
1027 5297 1090 5341 non
1111 5278 1275 5340 babentes.
