4140 6258
438 447 499 516 tot
784 471 933 524 nonnum
952 473 984 522 ιιι
1005 473 1078 522 rosr
1098 471 1292 522 ιιιιιιιιιιιιι.
1312 491 1350 504 -
1371 473 1471 523 snnrro
1491 472 1644 522 secuunus

477 643 522 704 Et
540 643 739 718 publicanus
762 665 783 706 o
807 649 899 723 longe
920 653 1022 716 stans,
1038 644 1187 709 videlicet
1200 646 1226 710 Α
1241 645 1328 709 nitur
1349 645 1469 710 iudicis
1494 645 1612 708 summi
1637 643 1799 708 sententia.
1813 646 1904 714 Amen,
1915 643 1936 706 il

438 737 471 801 in
488 741 656 822 posteriori
677 750 709 805 et
729 750 871 806 extrema
890 750 979 826 parte
999 744 1123 827 templi,
1140 764 1187 807 re·
1241 754 1289 808 est
1312 763 1397 820 vere,
1414 746 1486 806 dieo
1511 747 1598 805 vobis
1612 765 1624 804 .·
1638 745 1816 812 Descendit,
1831 742 1857 804 id
1873 751 1938 814 esta

437 846 554 920 putans
578 857 612 903 se
633 840 801 923 indignum
826 829 1051 905 sacratioribus
1074 843 1187 926 templi
1241 844 1362 927 templo
1384 844 1524 916 recessit,
1546 845 1600 904 hie
1621 841 1808 926 publicanus
1817 843 1939 919 justifica-

438 936 528 1012 loois,
551 937 701 1002 videlicet
723 940 820 1003 choro
845 948 877 1003 et
899 940 1002 1014 altari,
1019 941 1189 1024 appropin-
1243 953 1307 1014 tus,
1330 943 1362 1005 id
1384 950 1433 1006 est
1454 943 1493 1005 de
1518 942 1638 1023 injusto
1660 941 1767 1022 justus
1787 958 1803 1002 a
1820 939 1872 1002 lieo
1888 939 1940 1002 elle

437 1054 544 1117 quare.
563 1036 620 1098 Per
635 1038 720 1119 quod
737 1038 911 1102 multorum
927 1038 1023 1101 etiam
1039 1058 1125 1102 nunc
1140 1059 1188 1103 sa·
1242 1048 1323 1116 etus,
1349 1060 1405 1104 seu
1428 1060 1446 1104 a
1470 1040 1609 1123 peccatis
1631 1045 1784 1123 purgatus
1802 1037 1941 1100 virtutibus-

438 1134 602 1197 eerdotum
629 1144 661 1198 et
690 1136 880 1200 elericorum
910 1137 1190 1220 impudentissima
1242 1158 1304 1222 que
1323 1147 1463 1213 ornatus,
1481 1141 1517 1200 iu.
1536 1141 1668 1200 demum
1692 1137 1942 1204 scamellum

437 1233 627 1314 reprobatur
651 1235 869 1318 praesumptio,
895 1235 951 1317 qui
975 1254 1076 1317 quum
1101 1236 1188 1298 vitiis
1243 1246 1291 1301 est
1306 1257 1370 1320 prae
1386 1237 1552 1312 Pharisaeo,
1569 1237 1625 1319 qui
1640 1236 1724 1298 sieut
1739 1234 1942 1318 peecatorrdre·

438 1330 553 1394 anima
576 1333 783 1415 corporisque
803 1333 917 1416 repleti
942 1334 1016 1408 sint,
1034 1352 1121 1396 sacra
1146 1342 1189 1397 te·
1242 1337 1301 1412 nit,
1318 1336 1364 1400 sic
1390 1343 1537 1419 peccator
1561 1353 1708 1398 reversus
1731 1341 1790 1408 est,
1808 1333 1862 1395 imo
1880 1333 1943 1415 pejor

439 1446 513 1491 men
535 1428 658 1511 ingredi
680 1430 759 1505 loca,
777 1431 971 1514 pollutisque
991 1431 1084 1494 labiis
1106 1432 1188 1514 psal·
1243 1435 1337 1498 rediit
1360 1453 1457 1517 quam
1482 1434 1581 1508 venit,
1605 1432 1681 1516 quia
1705 1431 1740 1506 in
1764 1430 1867 1514 templo
1885 1431 1942 1493 intu-

440 1526 516 1599 lere,
533 1528 699 1592 autetiam
721 1529 881 1594 celebrere
898 1538 1105 1613 presumunt.
1123 1533 1188 1594 No·
1243 1533 1334 1598 muit.
1344 1536 1428 1602 Quia
1437 1534 1543 1594 omnis
1555 1534 1614 1612 qui
1628 1551 1660 1592 se
1672 1535 1798 1592 ecattat
1810 1549 1857 1612 per
1869 1549 1943 1611 super·

440 1627 524 1686 lebat
558 1647 615 1688 nec
646 1633 751 1689 ocutos
784 1628 964 1712 corporales
997 1633 1041 1690 ad
1074 1633 1189 1690 eoetum
1242 1632 1341 1706 biam,
1359 1632 1390 1694 id
1410 1637 1469 1706 est,
1486 1649 1638 1712 magnum
1653 1648 1733 1692 vane
1753 1647 1787 1691 se
1804 1633 1943 1710 reputata

439 1728 559 1796 levare,
581 1744 646 1807 pre
668 1727 790 1808 pudore
813 1727 1043 1810 magnitudinis
1066 1747 1103 1790 ac
1125 1734 1190 1789 tur·
1243 1729 1404 1812 propriam
1419 1729 1642 1792 excellentiam
1661 1727 1787 1809 quaerit,
1801 1727 1944 1787 humiliati·
2025 1715 2026 1718 ’

438 1822 595 1904 pitudinis
609 1825 762 1888 vitiorum
777 1843 908 1889 suorum
930 1826 1122 1890 erubescens
1137 1844 1187 1889 eo·
1203 1827 1226 1890 B
1244 1837 1312 1898 tur,
1329 1827 1361 1890 id
1385 1835 1444 1901 est,
1460 1847 1479 1889 a
1502 1827 1566 1890 Deo
1588 1826 1697 1907 judice
1718 1824 1900 1908 deprimetur,
1911 1841 1943 1884 re-

438 1939 506 1985 ram
521 1921 637 1986 divinae
651 1924 828 1987 sanctitatis
843 1925 1012 2006 prasentia
1026 1944 1186 2008 apparere,
1242 1926 1441 2008 probabitur,
1467 1933 1563 2008 atque
1588 1926 1622 1987 in
1647 1931 1767 1986 terram
1791 1921 1943 2005 projicietur,

437 2027 470 2083 et
496 2021 595 2084 Deum
621 2041 715 2084 suum
741 2022 773 2084 in
799 2022 889 2086 coelis
913 2023 1108 2086 habitantem
1133 2023 1187 2086 vix
1242 2025 1304 2087 nisi
1321 2023 1449 2087 interim
1465 2043 1539 2088 vere
1555 2023 1705 2106 poeniteat
1721 2040 1816 2104 seque
1827 2019 1944 2082 humiliet

437 2119 557 2180 audens
578 2119 749 2202 adspicere.
767 2124 834 2183 Sed
852 2123 1057 2197 percutiebat
1074 2131 1187 2198 pectus
1241 2126 1285 2185 Et
1300 2124 1405 2202 quise
1419 2124 1587 2192 humiliat,
1604 2117 1945 2204 propriapeecata,dele·

437 2237 546 2288 suum,
562 2235 601 2279 ex
617 2218 817 2282 contritionis
833 2219 953 2293 dolore,
970 2227 1002 2281 et
1019 2219 1188 2302 reprehen-
1241 2221 1437 2295 ctuositates,
1467 2219 1655 2301 fragilitates
1683 2219 1871 2299 vilitatesque
1894 2234 1945 2278 suas

437 2315 515 2377 dens
544 2332 599 2378 eor
627 2335 732 2392 suum,
757 2318 843 2399 quod
870 2325 1032 2380 tantorum
1057 2317 1118 2379 luit
1142 2317 1187 2380 vi·
1242 2318 1672 2400 recognoscendo,etbeose
1688 2317 1795 2399 ipsum
1807 2313 1946 2378 cordialiter

437 2413 556 2477 tiorum
581 2415 669 2497 origo
695 2424 726 2478 et
753 2435 857 2480 eausa.
882 2417 1019 2480 Pectoris
1048 2435 1186 2499 namque
1241 2417 1452 2499 subjiciendo,
1461 2415 1759 2498 eealtabitur,quia
1775 2415 1859 2477 abeo
1871 2411 1946 2474 laudr-

437 2512 614 2594 percussio,
635 2520 683 2576 est
706 2513 867 2578 interioris
891 2515 1056 2598 pravitatis
1081 2534 1186 2598 repre·
1241 2517 1441 2599 bitur,atque
1456 2517 1496 2579 ab
1512 2533 1550 2579 eo
1565 2515 1719 2597 suscipiet
1733 2513 1945 2594 donagratieac

436 2608 560 2684 hensio,
577 2610 740 2674 autetiam
762 2612 1017 2694 compunctionis
1033 2613 1182 2675 ostensio.
1240 2615 1396 2678 virtutum
1413 2614 1446 2676 in
1462 2615 1526 2677 vita
1541 2613 1702 2696 presenti,
1718 2613 1855 2693 donaque
1866 2608 1945 2690 glorie

435 2710 554 2770 Dicens
569 2730 581 2770 .·
594 2713 693 2781 Deus,
704 2713 874 2787 propitius
891 2722 956 2772 esto
975 2713 1061 2771 mitt
1074 2730 1184 2788 pecca·
1240 2714 1273 2776 in
1289 2712 1447 2788 futuro,et
1463 2712 1494 2775 in
1511 2729 1609 2793 regno
1624 2710 1746 2774 eoelesti
1763 2710 1838 2772 inter
1849 2706 1944 2788 augelus

436 2809 511 2867 tori.
524 2806 629 2871 Oratio
644 2807 751 2871 brevis
765 2808 874 2882 verbo,
886 2810 941 2872 sed
958 2827 1070 2890 magna
1085 2809 1184 2871 virtu·
1240 2812 1461 2885 constituetur,
1470 2809 1562 2891 juxta
1576 2809 1655 2872 illud
1670 2808 1748 2873 tob:
1765 2807 1819 2882 Oui
1832 2803 2022 2868 humiliantes.

434 2905 611 2980 te,modica
626 2907 811 2989 quantitate,
824 2908 878 2970 sed
895 2908 989 2990 plena
1006 2908 1178 2970 sententia:
1236 2919 1288 2974 tus
1299 2909 1408 2982 luerit,
1415 2909 1476 2971 erit
1490 2909 1523 2971 in
1538 2907 1745 2989 gloria.Unde
1761 2906 1793 2968 in
1804 2901 1943 2968 Proverbiis

435 3022 531 3085 quam
562 3005 698 3088 ipsemet
722 3003 865 3069 Christus
894 3006 1083 3088 composuit.
1109 3005 1181 3068 fleo
1196 3007 1218 3072 C
1236 3007 1559 3072 habeturzttumitem
1572 3006 1688 3088 spiritu
1701 3004 1848 3087 suscipiet
1858 3001 1943 3083 gloria;
1953 3022 2023 3065 urens.

435 3120 573 3184 namque
598 3103 747 3186 parabola
774 3111 833 3178 est,
860 3104 903 3167 ita
928 3105 1013 3186 quod
1038 3103 1181 3168 Christus
1236 3106 1412 3218 superbum
1427 3122 1503 3168 vero
1519 3111 1670 3187 sequetur
1681 3103 1848 3165 humrlrtas
1853 3088 1972 3162 lderrro

434 3201 547 3263 asserit
571 3200 779 3283 publicanum
804 3203 850 3265 sic
873 3220 991 3277 orasse,
1012 3209 1048 3264 ut
1071 3203 1182 3265 doceat
1237 3205 1387 3296 princeps
1410 3203 1665 3285 Apostolorum:
1686 3198 1889 3264 Humrlramrnr
1901 3197 1944 3277 (ιι
1954 3156 2027 3260 irenei

435 3315 493 3362 nos
514 3299 557 3361 ite
575 3317 674 3363 orare.
692 3301 887 3383 Frequenter
904 3319 980 3383 ergo
999 3302 1066 3364 haec
1085 3299 1182 3362 verba
1236 3303 1320 3415 quit)
1336 3301 1395 3364 sub
1412 3299 1532 3383 potenti
1550 3320 1646 3363 manu
1664 3299 1732 3374 Dei,
1750 3307 1785 3362 ut
1796 3316 1846 3362 vos
1858 3295 1944 3359 exaltet

435 3397 529 3460 corde
550 3397 733 3461 humillimo
754 3417 792 3461 ac
814 3399 950 3462 terrenti
971 3399 1126 3461 dicamus.
1237 3402 1269 3463 in
1282 3407 1424 3481 tempore
1440 3398 1640 3462 visitationis.
1648 3399 1732 3460 Deus
1746 3397 1946 3480 quippesuper·
1963 3415 2006 3458 m:

475 3493 596 3559 Deinde
617 3497 655 3558 ad
679 3504 819 3559 nostram
844 3496 1103 3561 informationem
1127 3515 1181 3579 po·
1237 3499 1287 3563 bis
1305 3497 1435 3573 resistit,
1452 3497 1630 3560 humilibus
1645 3504 1752 3560 autem
1768 3497 1819 3559 dat
1833 3493 1943 3576 gratian.
2026 3509 2027 3522 ³

945 3939 1136 4026 SERMO
1176 3939 1473 4027 SECUNDUS

773 4233 778 4240 ν
851 4207 993 4254 CONTRA
1022 4207 1230 4254 sorbuere!
1256 4207 1298 4252 ΕΤ
1327 4207 1447 4254 ΠΗΑΒ
1475 4208 1569 4256 atos,

507 4489 679 4550 DIBILIS
694 4507 800 4547 eoram
811 4491 877 4548 Deo
893 4494 923 4546 et
938 4487 1123 4546 hominibus
1137 4496 1183 4546 est
1197 4484 1221 4547 D
1237 4485 1441 4568 potissimum
1466 4487 1586 4562 docuit,
1611 4487 1747 4551 dicendo
1767 4505 1774 4550 :
1794 4485 1871 4550 Besti
1890 4493 2027 4566 pau-ret¹²

521 4586 683 4661 superbie.
701 4585 796 4648 Eecli.
814 4603 845 4659 x,
863 4584 890 4646 7.
1236 4603 1328 4666 peres
1353 4584 1480 4666 spirito,
1504 4585 1537 4648 id
1561 4593 1609 4649 est
1633 4587 1780 4660 humiles,
1802 4582 1947 4648 secundun

475 4681 632 4764 Superbia
646 4690 693 4745 est
714 4683 911 4746 inordinatus
931 4683 1092 4765 appetitus
1111 4700 1182 4765 pro·
1236 4701 1333 4745 unam
1349 4683 1593 4766 expositionem,
1609 4684 1759 4766 quoniam
1776 4684 1903 4766 ipsorum
1914 4685 1948 4742 est

436 4779 513 4862 pria
535 4779 741 4855 excellentie,
758 4797 814 4843 seu
835 4781 884 4843 sui
905 4780 1007 4862 ipsius
1025 4781 1182 4862 reputatio
1236 4799 1370 4861 regnum
1387 4781 1557 4862 eoelorum3
1573 4790 1605 4846 et
1619 4783 1746 4858 iterum,
1756 4782 2027 4846 oiseiteanenec

436 4875 533 4940 nimis
551 4896 672 4958 magna.
690 4878 754 4941 Hoc
770 4879 883 4942 vitium
899 4897 988 4942 οιιιιιι
980 4879 1182 4942 'Christiano
1236 4880 1312 4961 quia
1328 4880 1415 4943 mitis
1430 4900 1502 4943 sum
1519 4889 1550 4944 et
1564 4881 1696 4944 humilis
1712 4881 1815 4944 corde·
1808 4879 1947 4959 ,itemque

434 4983 484 5039 est
508 4975 711 5058 potissimum
741 4976 940 5058 fugiendum.
968 4979 1083 5054 Primo,
1107 4996 1183 5061 quo
1236 4977 1303 5040 Nisi
1324 4977 1469 5041 conversi
1490 4978 1625 5054 fueritis,
1641 4988 1673 5042 et
1692 4975 2017 5043 efficiaminisicutotr
2016 5006 2027 5018 -

435 5074 522 5138 niem
545 5074 746 5137 documentis
770 5082 801 5137 et
823 5075 974 5159 operibus
997 5096 1053 5140 seu
1078 5096 1183 5139 exem·
1237 5075 1374 5157 parvuli,
1401 5094 1465 5139 non
1491 5076 1683 5140 intrabitis'
1674 5097 1709 5140 m
1730 5093 1855 5158 regnum
1877 5055 1971 5135 caelo*

435 5173 497 5256 plis
526 5171 653 5236 Domini
677 5172 776 5234 nostri
804 5172 878 5236 lesu
903 5174 1019 5238 Christi
1044 5175 1182 5238 maxime
1237 5192 1319 5236 rum.
1337 5173 1375 5236 Et
1397 5173 1499 5237 item:
1517 5175 1626 5238 Omnis
1648 5175 1704 5258 qui
1726 5193 1757 5238 se
1777 5173 1891 5242 exaltat,
1905 5169 1997 5230 tu-re
2016 5176 2027 5214 ·³

437 5271 656 5335 contrariatur.
687 5268 765 5334 Nam
795 5271 937 5336 Christus
968 5273 1182 5337 humilitatam
1238 5271 1433 5354 miliabitur;
1449 5273 1769 5356 etquisehumiliat,
1778 5243 2008 5335 exaltabitur.¹“'¹'
