4214 6254
362 524 394 571 m
414 525 466 571 nra
487 525 603 572 sauma
623 523 840 573 rauracosras.
862 543 902 554 -
922 523 964 570 m
985 523 1181 588 narrsrosos3
1204 526 1302 573 sanae
1324 526 1469 573 summus
1651 509 1690 572 93

140 690 217 754 licet
237 691 419 757 insolubilis
439 694 493 758 ille
513 715 613 758 nexus
638 713 694 758 seu
717 694 888 778 colligatio,
905 692 1008 757 dmm
1032 694 1135 757 valide
1156 693 1335 758 radicemur
1356 714 1393 758 ac
1412 693 1603 756 inflammati
1623 712 1692 776 per·

140 789 281 870 pertinet
305 792 344 855 ad
373 793 542 876 perfectos,
568 793 624 875 qui
654 792 742 856 mille
772 799 890 855 mortes
943 811 1126 855 sereremus
1149 793 1181 854 in
1203 811 1314 856 eorum
1338 792 1496 874 spirituali
1517 809 1636 865 amore,
1657 799 1692 853 ut

140 887 274 951 mallent
294 891 418 974 perpeti
439 911 534 974 quam
554 911 572 954 a
594 891 658 954 [teo
673 891 772 954 averti
788 899 842 953 aut
857 893 889 953 in
943 889 1044 953 abeis
1062 891 1162 953 averti
1180 909 1243 954 non
1259 891 1432 964 valeamus,
1449 891 1504 952 sed
1524 889 1691 952 indissolu-

141 987 249 1068 ipsum
272 990 484 1071 praevaricari.
944 987 1052 1050 biliter
1067 988 1206 1069 colligati
1221 989 1322 1051 simus
1337 989 1458 1051 eisdem
1473 1005 1480 1050 :
1496 989 1538 1051 ita
1554 996 1588 1050 ut
1603 987 1693 1069 quid-

180 1085 337 1169 Deinceps
357 1087 415 1151 hos
435 1095 499 1150 tres
519 1087 658 1151 caritatis
678 1087 814 1150 effectus
834 1107 890 1150 seu
944 1087 1021 1168 quid
1042 1087 1179 1168 injuriae,
1200 1086 1442 1170 persecutionis,
1461 1087 1626 1162 molestiae,
1646 1086 1692 1148 in·

138 1190 230 1246 actus
246 1185 363 1249 habere
378 1187 543 1262 debemus,
559 1187 664 1270 primo
679 1186 764 1249 circa
778 1187 889 1261 Deum,
944 1185 1103 1260 videntia,
1127 1185 1364 1268 ingratitudinis
1393 1186 1485 1250 nobis
1513 1185 1690 1260 intulerint,

139 1281 257 1346 deinde
281 1283 366 1347 circa
396 1285 559 1368 proximos
583 1303 703 1349 omnes
730 1283 889 1347 Debemus
944 1300 1006 1346 non
1023 1301 1183 1346 cessemus
1198 1304 1216 1346 a
1232 1284 1373 1366 perfecto
1387 1303 1498 1348 eorum
1513 1283 1692 1358 amore‚sed

139 1399 217 1462 crgo
238 1382 379 1465 primum
399 1401 469 1447 esse
484 1385 548 1448 Deo
565 1403 623 1467 per
639 1385 802 1446 caritatem
822 1383 891 1445 uni·
944 1383 1176 1464 compatiamur
1195 1391 1226 1445 et
1245 1384 1455 1466 deprecemur
1475 1401 1533 1467 pro
1551 1385 1608 1457 eis,
1625 1383 1693 1446 vin·

139 1482 176 1552 ti,
193 1489 229 1543 ut
250 1481 279 1543 ei
303 1500 400 1565 super
421 1483 530 1546 omnia
551 1489 586 1544 ut
608 1500 734 1545 summo
756 1482 840 1545 bono
859 1487 891 1544 et
944 1489 1052 1543 centes
1076 1489 1231 1562 quantum
1258 1481 1289 1544 in
1315 1482 1408 1545 nobis
1430 1489 1488 1557 est,
1513 1481 1633 1544 malum
1659 1481 1691 1543 in

138 1579 255 1642 ultimo
270 1579 330 1644 fini
344 1582 574 1656 adhereamus,
590 1581 782 1656 afficiamur,
795 1588 891 1662 atque
945 1579 1038 1642 bono.
1055 1579 1154 1661 Cujus
1174 1578 1415 1664 perfectissimae
1430 1581 1571 1644 caritatis
1587 1599 1691 1643 exem·

137 1677 178 1738 ad
194 1677 266 1759 ejus
286 1679 440 1742 honorem
456 1688 488 1743 et
502 1679 706 1743 dilectionem
728 1698 784 1741 nos
805 1679 890 1761 ipsos
945 1677 1034 1759 plum
1051 1677 1194 1741 Christus
1213 1679 1351 1742 ostendit
1371 1679 1402 1741 in
1424 1697 1529 1752 cruce,
1547 1698 1604 1762 pro
1624 1696 1693 1741 oro·

137 1796 175 1838 ac
191 1785 298 1840 cetera
312 1777 421 1841 omnia
435 1779 632 1853 ordinemus,
650 1779 692 1841 ita
707 1779 792 1861 quod
809 1778 890 1840 nibil
944 1775 1133 1840 cifixoribus
1161 1778 1335 1857 exorand03
1359 1786 1391 1839 et
1419 1779 1608 1860 Stephanus,
1634 1796 1693 1859 pro

138 1883 250 1939 contra
265 1877 410 1940 ordinem
426 1878 567 1941 caritatis
583 1886 729 1961 optemus
749 1884 803 1939 aut
817 1895 890 1959 ope·
907 1879 930 1943 B
945 1875 1011 1936 suis
1036 1875 1264 1956 lapidatoribus
1289 1876 1382 1938 flexis
1403 1876 1539 1957 genibus
1562 1895 1691 1959 precem

139 1993 260 2038 remur.
286 1976 433 2040 Secundo
458 1975 612 2040 debemus
642 1995 699 2060 per
727 1976 890 2038 caritatem
944 1972 1123 2054 fundendo;
1147 1974 1261 2037 Paulus
1291 1992 1429 2058 quoque,
1455 1975 1510 2058 qui
1538 1984 1690 2058 tanquam

138 2093 210 2136 esse
227 2074 259 2136 in
276 2075 376 2138 Deum
393 2075 732 2158 transpositi,translati
748 2083 779 2137 et
795 2084 892 2138 trans
945 2072 1242 2154 indulgentissimus
1263 2081 1363 2156 pater,
1380 2083 1468 2138 tanto
1490 2075 1562 2158 plus
1583 2075 1692 2137 adver-

137 2171 282 2247 formati,
306 2192 363 2255 per
388 2173 447 2236 hoc
472 2174 556 2256 quod
582 2175 620 2237 ad
644 2174 715 2254 ejus
740 2173 890 2237 intensio
944 2171 1035 2234 sariis
1059 2172 1126 2234 sois
1151 2172 1323 2248 condoluit,
1345 2181 1463 2255 quanto
1483 2173 1628 2256 graviora
1651 2173 1692 2236 ab

138 2289 209 2332 rem
236 2271 442 2336 dilectionem
467 2290 524 2335 nos
550 2273 677 2336 assidue
702 2273 889 2346 excitamus
944 2271 991 2332 eis
1012 2270 1191 2352 patiebatur
1211 2271 1352 2334 adversa.

137 2369 354 2444 extendimus,
371 2371 545 2445 elevamus,
561 2379 593 2434 et
608 2371 714 2452 ipsum
734 2371 890 2434 sincerius
983 2369 1135 2432 Preterea
1149 2377 1273 2432 constat
1286 2371 1325 2433 ad
1340 2370 1422 2433 bano
1438 2369 1576 2434 caritatis
1592 2370 1694 2454 perfe-

138 2467 350 2550 contemplari
370 2468 534 2544 enitimur,
556 2470 774 2552 virtutumque
794 2488 891 2552 opera
945 2467 1083 2530 ctionem
1099 2469 1184 2530 etad
1199 2468 1257 2531 bos
1272 2476 1336 2532 tres
1354 2477 1444 2535 actus
1460 2469 1561 2552 ipsius
1576 2487 1692 2552 nequa-

138 2567 311 2629 iustantius
336 2585 533 2642 exercemus,
554 2568 654 2631 Deum
675 2569 805 2643 orando,
826 2568 891 2630 lau·
944 2585 1040 2648 quam
1061 2584 1118 2629 nos
1138 2585 1231 2649 posse
1250 2569 1441 2650 pertingere,
1458 2567 1521 2631 nisi
1535 2587 1554 2631 a
1569 2569 1693 2651 privato

137 2665 255 2739 dando,
281 2665 409 2747 pietatis
434 2685 471 2729 ac
498 2665 630 2748 justitiae
657 2685 755 2750 opera
782 2685 889 2749 prose·
944 2673 976 2726 et
994 2665 1112 2727 carnali
1133 2684 1241 2729 amore
1261 2667 1389 2748 penitus
1411 2685 1636 2749 expurgemur,
1652 2667 1692 2729 ab

137 2763 268 2844 quaudo
294 2779 301 2824 :
328 2783 385 2846 per
410 2783 481 2845 quaa
510 2764 617 2826 omnia
640 2766 705 2828 Deo
728 2765 890 2848 praecipue
944 2763 1031 2825 omni
1053 2781 1180 2847 quoquc
1201 2764 1414 2840 animositate,
1431 2765 1616 2840 ambitione,
1635 2765 1691 2840 ira,

138 2861 367 2936 assimilamur,
383 2871 416 2925 et
436 2863 468 2924 in
489 2863 596 2945 ipsum
615 2862 888 2939 transformamur,
944 2864 1154 2946 impatientia,
1176 2865 1349 2947 cupiditate
1374 2864 1552 2946 ceterisque
1576 2863 1695 2946 passio

139 2961 192 3022 cui
215 2960 381 3043 proprium
404 2969 452 3023 est
474 2961 616 3024 misereri
638 2981 675 3025 ae
696 2981 837 3045 parcere,
858 2971 889 3026 et
943 2982 1022 3026 uum
1039 2963 1291 3026 immoderantiis
1307 2964 1402 3046 plane
1418 2963 1519 3026 simus
1535 2963 1690 3038 mundati,

11 3094 73 3136 Ἢ,
103 3119 110 3129 ,
138 3059 196 3140 qui
210 3058 317 3139 justus
332 3067 390 3134 est,
407 3066 439 3121 et
451 3059 554 3141 justos
569 3079 605 3123 ac
619 3060 759 3142 justitias
774 3061 887 3143 diligit.
905 3063 927 3128 C
943 3061 1071 3124 alienati
1092 3070 1123 3124 et
1142 3061 1316 3136 reformati,
1334 3069 1429 3144 atque
1451 3062 1484 3124 in
1505 3069 1613 3124 sancta
1633 3062 1691 3124 hu·

138 3157 246 3220 Tertio
266 3157 422 3220 debemus
445 3158 509 3222 lieo
535 3159 799 3224 indissolubiliter
819 3179 889 3223 esse
943 3160 1088 3234 militate,
1099 3159 1601 3242 mansuetudine,patientia,aliis
1616 3177 1692 3242 quo-

138 3255 305 3337 conjuncti
325 3264 357 3319 et
376 3257 526 3339 colligati,
544 3277 618 3320 aum
640 3258 723 3320 intra
743 3277 800 3323 nos
818 3278 890 3322 con·
944 3279 1006 3341 que
1030 3258 1203 3321 virtutibus
1230 3258 1404 3322 moralibus
1428 3257 1569 3321 stabiliti.
1587 3259 1690 3334 Quum

138 3355 229 3418 tinue
253 3374 290 3418 ac
319 3356 555 3420 ferventissime
583 3358 833 3440 amplectentes3
859 3366 890 3421 et
944 3376 1019 3438 ergo
1034 3359 1094 3420 hoc
1111 3357 1205 3422 modo
1221 3357 1377 3420 fuerimus
1394 3357 1426 3418 in
1444 3357 1572 3420 caritate
1588 3358 1691 3440 perfe-

137 3454 168 3516 ei
184 3452 327 3536 plenarie
343 3455 544 3530 conformati,
559 3473 655 3519 omne
675 3457 706 3519 id
724 3458 890 3540 quodsum
944 3456 998 3530 cti,
1015 3457 1139 3520 viscera
1154 3455 1293 3518 caritatis
1310 3455 1424 3530 induti,
1442 3455 1474 3518 iu
1495 3455 1645 3520 bonitatis
1661 3465 1693 3520 et

137 3553 280 3616 caritatis
309 3554 535 3635 quoquomodo
567 3555 713 3618 lasivum
746 3564 805 3630 est,
836 3564 891 3618 aut
944 3555 1119 3617 sanctitatis
1133 3553 1286 3617 affectum
1302 3554 1433 3618 omnino
1448 3555 1693 3630 conversi,tunc

136 3651 241 3712 sancti
269 3649 405 3715 fervoris
434 3653 672 3728 minorativom,
699 3654 890 3717 cordialissi-
945 3653 1078 3736 Spiritui
1113 3653 1228 3716 Sancto
1262 3652 1443 3715 sublimiter
1478 3653 1693 3717 conformabi-

137 3767 191 3811 me
216 3749 407 3812 detestantes
434 3769 470 3812 ac
496 3749 666 3832 fugientes,
693 3770 756 3814 non
786 3753 889 3814 solum
946 3770 1028 3826 mur,
1046 3770 1064 3813 a
1081 3752 1187 3833 pravis
1203 3749 1440 3833 suspicionibus
1456 3759 1487 3812 et
1503 3753 1589 3814 omni
1607 3752 1695 3814 mali·

135 3848 295 3928 graviora,
316 3848 372 3910 sed
396 3855 428 3910 et
453 3848 587 3911 minima
611 3869 745 3932 quaque
770 3849 890 3913 abomi-
945 3850 988 3911 tia
1003 3850 1130 3930 penitus
1145 3849 1284 3911 alienati.
1302 3848 1389 3911 Tunc
1406 3849 1537 3930 insuper
1553 3850 1585 3911 in
1601 3849 1693 3913 nobis

137 3955 251 4008 nantes
274 3953 423 4028 peccata3
444 3946 554 4029 sicque
575 3947 743 4023 habituali,
761 3949 890 4012 radicati
945 3947 1005 4009 orit
1029 3966 1089 4028 pax
1115 3947 1239 4011 interna
1261 3956 1324 4009 tam
1349 3947 1484 4022 stabilis,
1507 3955 1592 4010 tanta
1612 3955 1694 4010 tran-

135 4063 175 4106 ac
191 4043 330 4107 roborati
350 4044 382 4106 in
398 4044 529 4108 Deitatis
550 4063 669 4120 amore,
687 4053 721 4108 ut
735 4054 890 4128 quantum
945 4044 1086 4126 quillitas
1102 4046 1320 4119 mentis‚tanta
1335 4045 1439 4107 cordis
1455 4045 1597 4120 dulcedo,
1607 4053 1693 4108 tanta

137 4143 173 4204 in
193 4141 254 4204 bac
275 4141 379 4223 fragili
400 4161 494 4205 carne
513 4162 550 4206 ac
568 4143 656 4206 labili
673 4145 737 4207 vita
752 4145 822 4208 fieri
839 4165 890 4209 va·
944 4144 983 4206 ad
1004 4145 1169 4207 universos
1189 4144 1378 4226 benignitas,
1395 4152 1482 4207 tanta
1501 4145 1692 4208 munificen-

136 4241 192 4315 let,
215 4240 280 4302 dici
301 4241 460 4321 possimus
485 4241 518 4303 in
542 4243 672 4305 caritate
693 4243 838 4326 perfecti,
860 4248 929 4311 etl)
946 4243 998 4318 tia,
1016 4243 1188 4305 liberalitas
1207 4250 1301 4325 atque
1324 4245 1518 4318 communio,
1535 4251 1621 4306 unta
1642 4244 1691 4308 lae-

137 4337 360 4400 inavertibiles
381 4338 421 4400 ab
442 4339 563 4402 eadem.
946 4342 1014 4404 titia
1038 4341 1141 4404 cordis
1167 4341 1198 4403 in
1228 4341 1373 4415 Domino,
1400 4342 1603 4423 quodetiam
1634 4362 1692 4425 per

179 4437 314 4517 insuper
329 4444 361 4498 et
375 4437 413 4499 ad
432 4439 594 4520 proximos
614 4439 671 4501 bos
687 4440 827 4503 caritatis
841 4460 890 4504 aa·
944 4441 1051 4502 omnia
1066 4439 1126 4502 ista
1140 4439 1430 4522 abundantiamque
1445 4458 1555 4503 eorum
1570 4441 1693 4504 assimi-

137 4544 190 4597 tus
206 4533 324 4598 babere
345 4553 402 4598 nos
422 4536 592 4618 congruit:
611 4545 645 4599 ut
665 4537 823 4620 spirituali
844 4541 890 4602 di·
945 4539 1083 4602 labimur
1103 4546 1208 4602 mente
1231 4538 1390 4621 paracleto
1411 4539 1543 4622 Spiritui
1565 4541 1690 4616 Sancto,

137 4633 287 4696 lectionis
312 4634 441 4697 vinculo
465 4635 589 4698 cunctis
614 4635 791 4700 viatoribus
816 4657 889 4702 con·
945 4639 996 4701 cui
1017 4639 1167 4721 praedicta
1184 4638 1250 4702 baec
1266 4639 1374 4701 omnia
1388 4639 1644 4722 appropriantur,
1661 4649 1693 4704 et

135 4733 324 4814 jungamur,
341 4750 451 4796 eorum
467 4733 677 4797 desiderando
699 4735 834 4800 salutem
856 4745 891 4800 ut
945 4738 1156 4800 essentialiter
1176 4745 1250 4800 suut
1271 4739 1355 4819 quod
1375 4746 1423 4800 est
1445 4738 1522 4821 ipse.

137 4831 304 4914 propriam
316 4849 325 4910 ;
351 4839 384 4894 et
413 4833 445 4894 in
469 4831 609 4895 fraterna
639 4833 768 4897 caritate
794 4837 890 4918 profi·
986 4836 1091 4898 Simus
1109 4852 1184 4916 ergo
1199 4836 1332 4898 omnino
1346 4836 1514 4910 caritativi,
1531 4856 1594 4900 non
1610 4857 1694 4920 qua-

138 4929 267 5003 ciendo,
292 4928 557 4993 transformemur
583 4931 616 4992 in
641 4949 705 5006 eos,
734 4940 768 4994 ut
791 4953 890 4997 unum
945 4942 1050 4996 rentes
1067 4934 1151 5015 quod
1173 4942 1318 4996 nostrum
1338 4943 1386 4996 est
1403 4942 1536 4996 tantum.
1555 4936 1621 4998 lmo
1635 4955 1693 5000 uos

137 5047 216 5090 cum
237 5028 285 5090 eis
308 5027 408 5090 simus
430 5029 463 5090 in
483 5031 557 5104 Deo,
574 5037 606 5092 et
625 5029 692 5092 zelo
711 5032 822 5095 salutis
842 5053 892 5097 ec·
946 5034 1031 5115 ipsos
1056 5041 1088 5095 et
1111 5032 1268 5115 quidquid
1294 5051 1463 5114 possumus
1484 5041 1516 5096 et
1536 5034 1693 5098 habemus

137 5145 212 5189 rum
236 5127 339 5189 simus
363 5127 500 5202 accensi,
528 5127 675 5190 faciendo
699 5148 756 5212 pro
780 5149 890 5194 eorum
946 5131 1100 5214 proximis
1130 5131 1354 5194 liberalissime
1384 5131 1618 5214 impendamus,
1647 5135 1691 5196 nil

136 5224 240 5288 salute
265 5223 350 5306 quod
375 5241 565 5306 possumus3
580 5233 675 5307 atqua
699 5226 730 5288 in
753 5228 803 5290 bis
824 5238 891 5293 tan-
945 5228 1038 5292 uobis
1063 5229 1229 5312 proprium
1253 5237 1459 5304 reservantes,
1481 5231 1536 5292 sed
1561 5247 1690 5296 omnem

135 5332 209 5386 tum
230 5330 262 5386 et
281 5322 405 5386 tamdiu
427 5323 639 5388 exercitemus
662 5342 720 5389 nos
742 5325 839 5410 ipsos,
856 5337 892 5392 ut
944 5328 1078 5410 gratiam
1098 5327 1190 5392 nobis
1210 5328 1476 5395 communicatam
1497 5329 1543 5392 eis
1564 5337 1628 5394 toto
1646 5330 1691 5396 af·
