4154 6258
426 467 487 533 458
647 487 795 536 nonmroa
815 489 858 535 xv
877 488 951 536 rosr
970 487 1166 535 mrmrurau.
1187 506 1227 518 -
1247 487 1290 536 aa
1310 489 1484 539 aaarorosos
1495 491 1505 555 ;
1527 490 1627 539 smuo
1647 491 1759 540 surus

429 660 486 744 qui
502 679 536 724 se
552 660 660 743 ipsum
681 659 819 724 inaniter
834 660 1019 744 magnilicat
1034 668 1066 722 et
1080 660 1177 724 extol-
1192 660 1219 724 A
1234 661 1370 725 molesti.
1394 662 1474 725 ilinc
1498 663 1576 727 alibi
1599 663 1678 726 dicit
1699 663 1864 746 Apostolus
1882 681 1889 726 :
1908 667 1953 742 uui
1963 685 2040 734 amm

429 760 476 834 lit,
487 760 578 843 quasi
593 761 635 823 sit
647 760 808 825 virtuosus
823 769 878 824 aut
892 780 911 824 a
925 779 959 824 se
974 761 1043 844 ipso
1056 760 1178 843 aliquid
1232 759 1315 823 bene
1340 768 1481 842 praesunt
1504 761 1694 845 presbyteri,
1713 761 1834 844 duplici
1855 763 1953 829 bonore

430 859 506 923 boni
525 859 657 933 babens,
680 878 714 922 se
738 859 845 942 ipsum
870 860 1004 934 seducit,
1026 860 1177 942 quoniam
1232 858 1321 940 digni
1342 858 1530 935 habeantur,
1548 861 1686 924 maxime
1705 860 1762 942 qni
1783 860 1914 924 laborant
1929 863 1953 926 iu

431 956 560 1041 propria
578 957 715 1020 elatione
734 965 881 1032 cecatur,
898 965 930 1020 et
949 957 1011 1020 sibi
1031 957 1093 1040 ipsi
1113 977 1179 1020 ma·
1232 956 1349 1035 verbo;
1374 963 1406 1018 et
1429 957 1536 1020 denuo
1562 975 1569 1020 :
1594 959 1680 1039 Rogo
1703 973 1771 1032 vos,
1793 957 1908 1032 iratres,
1928 969 1953 1022 ut
1967 983 2041 1026 meu.

430 1056 516 1119 xime
540 1063 635 1119 nocet
658 1056 809 1138 superbia
833 1075 899 1120 sua.
922 1057 1009 1119 Unde
1033 1056 1178 1119 llabaeuo
1233 1054 1386 1118 noveritis
1414 1073 1468 1118 eos
1494 1055 1551 1138 qui
1579 1064 1722 1138 praesunt
1743 1056 1833 1119 vobis
1854 1067 1882 1120 et
1903 1049 2012 1122 no¹²¹²

377 1182 416 1220 .ιι,
429 1154 475 1216 ait
499 1175 506 1219 :
533 1154 696 1228 Quomodo
719 1155 831 1218 viuum
861 1162 1023 1238 potantem
1047 1154 1177 1237 decipit,
1233 1161 1310 1216 nent
1324 1172 1391 1229 vos,
1409 1162 1444 1217 ut
1458 1154 1602 1218 habeatis
1622 1155 1694 1218 illos
1712 1155 1953 1220 abuudantiusin

431 1253 478 1316 sic
499 1253 560 1316 erit
574 1253 625 1316 vir
645 1253 815 1336 superbus,
832 1262 864 1317 et
883 1273 946 1318 nou
965 1252 1176 1317 decorabitur.
1233 1251 1370 1332 bonore3
1387 1261 1517 1336 propter
1538 1271 1619 1335 opus
1639 1253 1771 1316 illorum
1793 1273 1898 1336 pacem
1915 1255 1955 1318 ba-

431 1353 705 1427 Quemadmodum
727 1353 814 1416 enim
835 1354 947 1417 viuum
972 1353 1112 1417 suaviter
1132 1353 1178 1414 in·
1233 1350 1306 1414 bete
1325 1369 1400 1414 oum
1418 1352 1475 1415 eis.
1492 1353 1556 1416 Nec
1577 1351 1685 1415 solum
1705 1353 1858 1434 superior,
1872 1355 1919 1416 sed
1932 1363 1955 1416 et

432 1458 504 1524 irat,
520 1451 577 1514 sed
597 1451 693 1533 paulo
712 1460 784 1534 post
799 1469 959 1514 venenum
979 1451 1133 1514 diffundit
1147 1459 1180 1514 et
1233 1449 1371 1532 quilibet
1384 1450 1507 1514 doctior
1521 1451 1692 1514 salubriter
1707 1451 1845 1533 aliquem
1858 1451 1954 1514 insim-

432 1549 556 1612 mordet
578 1557 612 1612 ut
634 1549 783 1631 regulus3
806 1550 852 1612 sio
874 1569 956 1612 vana
976 1549 1087 1630 gloria,
1109 1567 1179 1632 pre
1233 1566 1290 1610 ens
1312 1556 1344 1611 et
1365 1548 1546 1623 exhortans,
1566 1549 1606 1611 ab
1629 1549 1685 1612 illo
1706 1557 1756 1612 est
1777 1549 1955 1613 honorandus

432 1647 502 1730 pria
524 1647 765 1730 complacentia,
787 1647 885 1710 stulta
905 1647 1011 1722 eletio,
1027 1647 1107 1710 ialsa
1129 1648 1178 1710 sui
1233 1647 1478 1731 specialiterque
1498 1649 1663 1723 amandus,
1683 1655 1834 1730 tanquam
1852 1648 1955 1712 beneia-

433 1745 533 1828 ipsius
559 1745 727 1828 reputatio,
753 1746 845 1828 quasi
875 1745 1011 1809 dulciter
1035 1746 1178 1808 animum
1233 1753 1302 1808 etor
1321 1746 1512 1829 praecipuus.
1529 1747 1660 1829 Propter
1681 1748 1766 1829 quod
1786 1747 1834 1810 vir
1851 1747 1955 1829 sapiens

433 1843 666 1926 ingrediuntur,
692 1846 748 1907 sed
772 1845 835 1907 nisi
860 1862 934 1908 mox
958 1845 1177 1919 extrudantur,
1192 1845 1215 1907 B
1233 1844 1364 1925 quidam
1392 1851 1584 1926 protestatur
1607 1864 1614 1909 ε
1638 1845 1732 1908 Danti
1757 1845 1835 1908 mibi
1855 1846 1955 1927 sapien·
1964 1863 2042 1906 mna

433 1941 531 2004 instar
549 1941 690 2005 basilisci
706 1942 857 2004 inliciunt
876 1951 1028 2018 mentem,
1045 1950 1077 2004 et
1090 1943 1178 2005 omni
1232 1941 1322 2016 tiam,
1347 1942 1430 2005 dabo
1451 1943 1597 2025 gloriam.
1624 1943 1663 2005 Et
1690 1943 1881 2025 Augustinus
1903 1961 1909 2004 :
1929 1944 1954 2006 Si

432 2040 588 2102 virtutum
605 2040 732 2122 privant
747 2040 870 2104 decore.
887 2040 1009 2104 idcirco
1024 2059 1058 2103 se
1074 2041 1179 2123 ipsum
1234 2057 1296 2115 me,
1323 2039 1437 2124 inquit,
1464 2059 1573 2124 posses
1601 2041 1717 2105 docere
1746 2042 1830 2124 quod
1857 2041 1954 2114 nescio,

432 2137 514 2200 bene
530 2137 691 2200 examinet
704 2137 851 2212 bomo,et
865 2138 1007 2201 inveniet
1021 2157 1055 2201 se
1070 2157 1181 2202 aarum·
1234 2156 1297 2203 non
1326 2139 1430 2202 solum
1458 2140 1566 2203 verbis
1596 2140 1834 2223 corripientem,
1862 2141 1909 2202 sed
1932 2149 1956 2200 et

432 2235 950 2319 nosurn,defectuosumpericulis
966 2237 1107 2319 undique
1123 2238 1181 2299 cir·
1234 2237 1351 2320 pugnis
1373 2238 1547 2301 cadentem
1569 2238 1721 2302 deberem
1741 2247 1773 2302 te
1792 2236 1956 2321 patientissi·

434 2335 673 2399 cumvellatum.
691 2335 749 2409 Qui
769 2343 877 2399 autem
892 2336 1021 2399 caritate
1036 2345 1068 2398 et
1080 2337 1181 2418 gratia
1234 2356 1285 2400 me
1306 2336 1474 2399 sustinere.

436 2441 533 2510 earet,
550 2433 760 2516 spiritualiter
780 2435 861 2497 nibil
883 2442 940 2498 est.
1272 2436 1433 2498 Postremo
1461 2434 1605 2498 bortatur
1628 2433 1799 2517 Apostolus
1827 2443 1860 2496 ut
1881 2433 2032 2500 berem..

473 2532 631 2615 Amplius,
652 2533 744 2596 docet
762 2533 930 2616 Apostolus
953 2534 1063 2615 utqui
1083 2533 1180 2597 inior-
1233 2535 1386 2598 iacientes
1407 2551 1471 2597 uon
1491 2533 1693 2608 deficiemus,
1710 2535 1767 2597 sed
1788 2535 1957 2596 incessanter

435 2638 564 2693 mantur
581 2630 746 2714 abaliquo
766 2632 805 2694 de
823 2631 1058 2714 pertinentibus
1077 2633 1116 2694 ad
1135 2651 1182 2693 sa·
1233 2641 1329 2715 atque
1349 2631 1511 2696 ferventer
1529 2633 1665 2695 Domino
1684 2632 1901 2714 obsequamur,
1914 2630 1957 2712 qui

434 2729 625 2811 lutamgrati
642 2729 707 2792 sint
721 2748 780 2793 suo
795 2730 981 2804 instructori,
989 2737 1021 2793 et
1035 2730 1064 2792 ei
1080 2730 1182 2792 vicem
1235 2750 1298 2795 uon
1319 2730 1492 2806 deridetur,
1509 2748 1568 2793 nec
1589 2730 1723 2804 fallitur,
1741 2731 1796 2794 sed
1810 2730 1908 2794 omnia
1920 2748 1957 2790 su
1975 2751 2024 2794 aa·

435 2829 620 2910 rependant.
646 2827 726 2891 ilinc
751 2829 891 2909 religiosi
915 2849 1009 2892 suum
1034 2829 1181 2911 spiritua·
1235 2830 1470 2913 perclarissime
1499 2829 1652 2903 intuetur,
1678 2836 1711 2892 et
1736 2829 1901 2912 unicuique
1921 2845 1957 2889 se

436 2926 500 2988 lem
522 2933 657 3008 patrem,
673 2945 691 2988 a
706 2943 771 3007 quo
785 2927 927 3007 quotidie
947 2927 1117 2990 salubriter
1137 2927 1182 2989 in·
1236 2928 1378 2990 cundum
1393 2928 1477 3009 quod
1494 2927 1711 3000 seminaverit,
1726 2927 1846 2990 reddet.
1860 2926 1957 2989 idcirco
1977 2937 2026 2981 aa·

436 3031 615 3098 struuntur,
640 3023 758 3086 debent
787 3024 969 3107 specialiter
992 3026 1084 3088 valde
1111 3026 1181 3088 dili·
1197 3027 1218 3092 G
1236 3027 1313 3090 dum
1336 3033 1463 3108 tempus
1485 3025 1653 3100 babemus,
1669 3043 1840 3108 operemur
1860 3024 1957 3088 bonum
1976 3037 2007 3080 m

435 3142 520 3205 gere,
537 3124 701 3198 bonorare,
718 3123 790 3186 etsi
806 3123 1182 3205 exhumanairagilitate
1235 3126 1274 3188 ad
1297 3143 1419 3199 omnes,
1436 3125 1474 3187 ad
1499 3125 1607 3187 minus
1633 3125 1753 3188 orando
1776 3142 1835 3206 pro
1856 3123 1957 3186 univer-

437 3223 472 3284 in
492 3223 601 3304 aliquo
616 3221 748 3285 iorsitan
763 3222 966 3286 deiectuosus
984 3222 1091 3298 luerit,
1108 3242 1182 3305 sup·
1237 3224 1292 3297 sis,
1309 3231 1341 3286 et
1354 3241 1452 3305 opera
1470 3222 1709 3296 misericordia,
1725 3223 1894 3304 prasertim
1909 3220 1957 3302 spi·

440 3330 577 3403 portare,
594 3341 652 3385 nec
673 3323 700 3385 ei
724 3321 862 3385 iaciliter
884 3322 1041 3403 indignari
1063 3329 1095 3384 et
1114 3341 1183 3385 esse
1238 3323 1375 3399 ritualia,
1392 3323 1466 3387 totis
1486 3322 1611 3386 viribus
1632 3341 1855 3405 exsequamur.

987 3699 1179 3786 SERMO
1220 3699 1438 3786 SEXTUS

478 3947 537 3995 nuo
560 3948 597 3994 ΕΤ
617 3947 725 3994 AlilllAE
745 3948 945 3995 ruosaorluus
967 3948 1174 4004 suuvruuuult,
1194 3947 1257 3994 Nou
1278 3945 1543 3994 couourlsoaurns
1564 3945 1691 4009 usums3
1712 3946 1749 3992 ΕΤ
1768 3946 1808 3993 1)ss
1828 3945 1925 3992 muru!

884 4047 1101 4093 ruurouauloll
1121 4045 1347 4094 soaululuublua
1368 4045 1533 4092 Auluuuba.

513 4301 698 4364 UAERJTu
700 4300 849 4376 primum
866 4317 1003 4376 reguum
1018 4299 1081 4360 Dei
1090 4306 1119 4357 et
1127 4299 1186 4375 ju·
1199 4296 1224 4357 ll
1239 4294 1301 4358 sibi
1326 4295 1428 4358 iinem
1449 4293 1615 4358 constituit
1632 4313 1639 4358 :
1657 4293 1723 4357 imo
1744 4294 1875 4377 ipsemet
1893 4291 1958 4354 Deus

522 4400 649 4460 stitiam
669 4398 752 4475 ejus,
768 4406 798 4457 et
813 4398 881 4456 liceo
899 4397 1009 4456 omnia
1029 4396 1186 4472 adjicien·
1239 4401 1287 4456 est
1306 4393 1376 4474 ejus
1396 4393 1473 4457 iinis
1493 4391 1671 4475 objectalis,
1688 4400 1721 4456 et
1740 4391 1882 4456 beatifica
1894 4387 1958 4452 visio

437 4507 494 4558 tur
515 4499 611 4558 vodis.
629 4495 735 4558 llatth.
753 4512 795 4570 v1,
813 4495 862 4558 33.
1238 4492 1294 4555 Dei
1311 4500 1359 4554 est
1375 4492 1446 4573 ejus
1464 4491 1540 4554 linis
1556 4490 1712 4555 formalis.
1729 4491 1808 4554 ilinc
1827 4485 1957 4572 itaqucin

476 4595 511 4656 ln
535 4592 701 4675 evangelio
725 4593 890 4667 hodierno,
918 4593 1027 4656 multis
1052 4591 1183 4655 divinis·
1238 4591 1403 4672 evangelio
1418 4590 1478 4653 isto
1492 4589 1605 4653 asserit
1620 4590 1774 4664 Christus,
1789 4588 1870 4672 quod
1883 4599 1958 4648 neruo
1972 4602 2017 4648 aa*
2030 4611 2043 4639 e.

436 4692 526 4756 simis
555 4691 755 4755 documentis
785 4692 915 4754 instruit
944 4710 1001 4755 nos
1030 4690 1180 4754 Salvator.
1237 4689 1363 4753 duobus
1378 4688 1517 4752 dominis
1533 4687 1633 4771 possit
1647 4687 1958 4764 servireouicumque
1969 4673 1991 4712 ²⁸*

435 4791 550 4865 Primo,
567 4791 651 4874 quod
666 4808 730 4853 uon
747 4808 916 4873 possumus
932 4790 1029 4853 simul
1043 4789 1184 4853 iinaliter
1237 4797 1345 4852 autem
1369 4789 1401 4851 in
1424 4787 1554 4852 caritate
1575 4795 1607 4850 et
1625 4787 1727 4869 gratia
1748 4793 1818 4860 stat,
1833 4787 1892 4850 Deo
1910 4799 1960 4844 ser

436 4890 589 4953 inhaerere
614 4906 742 4953 summo
766 4895 798 4951 et
819 4888 1075 4952 incommutabili
1100 4888 1183 4952 bono
1237 4887 1301 4967 vit;
1317 4887 1465 4970 quivero
1485 4885 1611 4950 mortali
1629 4885 1775 4967 subjacet
1793 4885 1898 4967 culpa,
1911 4895 1960 4942 ser·

435 4994 468 5050 et
483 4985 577 5048 rebus
597 4987 709 5051 orestis
729 4986 868 5051 caducis.
886 4987 1015 5069 Oportet
1030 4987 1116 5050 enim
1132 4986 1184 5049 vel
1238 4987 1284 5049 vit
1312 4985 1449 5060 diabolo,
1475 4985 1532 5068 qui
1558 4983 1708 5067 princeps
1737 4982 1846 5047 mundi
1870 4987 1899 5044 et
1917 4993 2043 5040 uranus

436 5083 470 5146 in
494 5101 620 5148 summo
648 5084 732 5149 bono
761 5085 954 5148 constituere
979 5084 1041 5148 sibi
1070 5084 1182 5159 iiuern,
1239 5084 1382 5148 illiorum
1404 5083 1563 5166 superbiae
1583 5082 1773 5166 appellatur.
1969 5058 2040 5160 ζμ

435 5191 491 5246 aut
506 5191 591 5247 certe
606 5183 639 5246 in
659 5184 755 5247 rebus
773 5184 897 5247 creatis.
915 5183 1114 5265 Quicumque
1129 5201 1183 5245 au·
1279 5183 1453 5247 Caveamua
1473 5182 1628 5265 igiturne
1647 5181 1686 5245 ad
1705 5181 1824 5264 aliquid
1842 5175 1960 5259 amplius

437 5290 503 5347 tem
525 5302 621 5366 super
640 5283 748 5348 omnia
767 5282 871 5364 diligit
890 5284 1002 5359 Deum,
1019 5283 1046 5345 is
1066 5282 1099 5345 in
1120 5283 1185 5346 lieo
1241 5301 1336 5365 quam
1356 5282 1396 5346 ad
1415 5283 1516 5346 Deum
1535 5279 1727 5345 aiiiciamur.
1743 5280 1809 5343 lmo
1823 5293 1916 5361 quun
1931 5270 1961 5336 ad
