4164 6258
327 475 475 526 noumrca
496 475 527 522 rv
548 475 622 524 rosr
642 473 836 522 mrunarau.
858 492 895 504 ·-
917 473 960 520 ao
980 473 1175 538 marciacum
1198 475 1297 523 suario
1317 475 1429 524 sauros
1595 457 1653 522 221

104 644 221 707 dicitur
244 647 450 710 temerarium
475 647 543 710 sive
565 646 793 729 suspiciosum,
816 643 891 709 uth
945 645 1171 710 Verumtamen
1192 646 1223 709 in
1245 646 1295 709 his
1315 646 1418 710 modis
1438 645 1574 720 duobus,
1591 661 1655 708 non

103 744 229 824 quando
244 745 283 807 de
299 745 407 808 dubiis
423 753 454 808 et
468 745 603 810 occultis
622 745 696 828 quis
716 764 754 807 ex
777 744 852 807 levi·
906 760 977 806 reor
998 744 1123 806 licitum
1144 763 1218 806 cum
1240 745 1354 828 aquali
1377 744 1569 807 certitudine
1592 761 1656 806 ma-

103 840 159 902 bus
172 843 365 922 conjecturis
377 851 409 906 et
421 843 671 927 signisjudicare
681 843 849 925 presumit.
907 841 973 903 lum
997 842 1035 904 de
1057 843 1165 924 aliquo
1183 843 1338 923 judicare.
1356 843 1390 905 ln
1411 843 1516 924 primo
1535 841 1655 904 etenim

140 939 298 1016 Secundo,
314 941 458 1023 judicare
480 943 619 1005 sumitur
640 941 853 1005 communiter
908 939 1012 1013 modo,
1030 960 1104 1003 cum
1128 941 1274 1004 absoluta
1298 940 1488 1004 certitudine
1512 940 1656 1021 judicare

102 1045 130 1098 et
154 1047 285 1102 extense
302 1057 309 1103 :
327 1049 360 1102 et
381 1041 424 1104 ita
445 1048 493 1104 est
516 1041 599 1104 idem
623 1040 708 1123 quod
730 1038 852 1122 aliquid
907 1038 946 1100 de
972 1039 1118 1120 proximo
1142 1039 1235 1120 licet;
1252 1040 1284 1102 in
1307 1040 1448 1102 secundo
1471 1047 1590 1113 autem,
1605 1057 1658 1120 ge-

103 1136 162 1198 tale
178 1145 233 1198 aut
249 1138 310 1201 tale
325 1137 489 1202 allirmare
509 1145 564 1200 aut
580 1139 748 1213 estimare,
765 1137 852 1200 vide·
908 1137 1058 1199 neraliter
1074 1137 1244 1220 loquendo,
1256 1155 1320 1200 non
1336 1138 1411 1202 licet
1427 1139 1498 1212 hoc,
1510 1137 1565 1200 scd
1582 1156 1655 1200 cum

104 1234 177 1295 licet
201 1253 315 1298 verum
340 1246 395 1298 aut
419 1237 548 1310 lalsum,
566 1237 686 1299 bonum
711 1244 765 1298 aut
791 1253 854 1297 ma·
908 1235 1044 1316 quadam
1061 1237 1221 1318 praecipua
1237 1236 1468 1318 probabilitate.
1485 1236 1552 1299 Non
1569 1236 1655 1298 enim

103 1334 181 1408 lum,
205 1335 329 1399 licitum
350 1337 418 1400 sive
437 1337 587 1400 illicitum
609 1343 767 1419 reputare.
788 1335 853 1400 Sic·
909 1333 1174 1396 certitudinaliter
1189 1336 1345 1418 sequitur,
1361 1335 1422 1397 lste
1437 1342 1469 1396 et
1484 1335 1544 1397 ista
1559 1334 1655 1396 simul

104 1452 164 1513 que
185 1435 225 1495 ad
245 1433 423 1518 quemlibet
442 1437 563 1498 ratione
584 1441 726 1497 utentem
746 1434 854 1516 aliquo
909 1430 941 1492 in
958 1429 1039 1494 lecto
1055 1431 1175 1494 inventi
1192 1439 1266 1494 sunt
1282 1431 1455 1513 nudi,ergo
1471 1439 1546 1494 sunt
1560 1431 1657 1495 iorni-

106 1531 244 1612 pertinet
260 1533 439 1606 modo,Deo
454 1533 694 1616 perteremiam
709 1533 852 1595 dicente:
909 1529 971 1590 cati
994 1545 1001 1589 :
1025 1530 1100 1610 quia
1125 1537 1221 1592 staret
1245 1531 1329 1612 quod
1356 1549 1423 1592 mas
1445 1537 1550 1593 sectus
1573 1537 1657 1593 esset

6 1629 134 1702 laissi
159 1631 357 1710 separareris
377 1631 553 1712 pretiosum
577 1649 595 1692 a
616 1630 684 1704 vili,
706 1631 797 1712 quasi
819 1647 854 1694 os
909 1633 963 1688 aut
997 1626 1143 1708 frigidus,
1174 1637 1229 1690 aut
1263 1648 1320 1711 per
1348 1629 1464 1711 impios
1497 1628 1656 1711 compulsi

106 1745 213 1788 meum
230 1728 302 1790 eris.
317 1727 354 1790 Et
370 1729 507 1791 maxime
523 1727 618 1792 debet
632 1729 854 1812 unusquisque
910 1731 1017 1787 essent
1041 1725 1137 1787 simul
1165 1726 1282 1807 jacere.
1309 1727 1437 1810 Legitur
1465 1745 1593 1811 quoque
1617 1727 1657 1790 de

105 1834 193 1886 actus
207 1826 350 1908 proprios
361 1826 505 1908 judicare
519 1826 692 1890 secundum
705 1827 790 1908 quod
803 1843 855 1908 po
868 1826 891 1888 B
911 1823 938 1884 S.
956 1822 1127 1898 Bernardo,
1143 1825 1227 1908 quod
1249 1825 1436 1907 religionem
1451 1825 1593 1889 nondum
1609 1825 1656 1887 iu-

106 1931 176 1996 test‚
188 1931 223 1986 ut
237 1924 277 1986 de
292 1925 384 1987 bonis
399 1925 516 2006 gratias
533 1924 597 1988 Deo
611 1931 693 2006 agat,
705 1925 744 1986 de
762 1924 854 1987 malis
909 1939 1028 2002 gresso,
1051 1923 1214 2004 impudica
1238 1923 1345 2006 puella
1364 1943 1397 1986 se
1421 1923 1532 2004 injecit
1553 1942 1589 1987 ac
1609 1940 1657 1988 so·

26 2052 89 2086 aa.
106 2021 268 2103 poenitcat,
285 2022 411 2085 dicente
432 2022 583 2105 Apostolo
605 2041 611 2084 :
633 2023 665 2085 Si
689 2041 746 2086 nos
769 2023 854 2106 ipsos
910 2019 1006 2082 elavit
1031 2020 1063 2082 in
1085 2021 1184 2100 lecto;
1201 2021 1255 2084 illc
1277 2039 1353 2084 vero
1377 2041 1451 2084 cum
1479 2022 1568 2084 omni
1593 2039 1657 2084 mo·

6 2133 8 2144 ¹
106 2119 366 2198 dijudicaremus,
384 2139 446 2184 non
468 2121 578 2202 utique
596 2120 824 2201 judicaremur.
910 2118 1011 2180 destia
1040 2118 1072 2180 in
1096 2112 1282 2182 extremam
1302 2119 1409 2182 lectuli
1435 2139 1468 2183 se
1497 2121 1657 2184 collocans

143 2218 259 2292 Tertio,
275 2218 419 2297 judicare
438 2219 576 2281 sumitur
590 2219 853 2282 communissime
909 2217 1167 2298 partem,mansit
1181 2217 1387 2281 castissimus.
1404 2219 1657 2302 lnsuper,quam-

106 2333 162 2398 pro
191 2334 395 2398 quacumque
424 2317 688 2399 apprehensione,
715 2336 777 2399 qua
799 2317 854 2380 ali·
910 2313 958 2375 vis
974 2314 1012 2377 de
1028 2313 1120 2378 uobis
1137 2315 1214 2398 ipsis
1229 2335 1265 2379 ac
1279 2317 1363 2392 aliis,
1376 2317 1414 2379 ad
1430 2324 1557 2400 tempus
1573 2319 1656 2382 scire

104 2414 180 2495 quid
203 2414 457 2496 apprehenditur
476 2423 511 2476 ut
533 2423 591 2488 est,
608 2416 659 2478 vel
682 2422 717 2477 ut
739 2433 853 2479 conve·
910 2429 968 2493 pro
992 2421 1079 2476 certo
1102 2413 1263 2495 possimus
1292 2433 1350 2478 nos
1374 2433 1443 2479 esse
1469 2415 1500 2478 in
1526 2424 1656 2498 peccato

104 2513 194 2574 niens
211 2530 268 2574 seu
283 2513 444 2575 nocivum.
462 2513 501 2575 Et
521 2513 564 2574 ita
581 2513 739 2594 judicium
755 2515 792 2577 ad
813 2515 853 2577 ir·
911 2510 1046 2584 mortali,
1063 2519 1249 2578 nontamen
1269 2531 1342 2576 cum
1363 2513 1508 2578 absoluta
1529 2515 1657 2577 certitu-

103 2609 269 2673 rationalia
281 2611 429 2674 animalia
443 2618 680 2696 quoque,atque
694 2613 732 2674 ad
746 2633 854 2695 quam·
908 2607 983 2670 dine
996 2609 1077 2671 scire
1093 2610 1237 2673 valemus
1251 2629 1307 2675 nos
1324 2612 1409 2695 ipsos
1427 2619 1481 2675 aut
1495 2613 1575 2676 alios
1587 2633 1656 2677 esse

103 2708 182 2772 libet
209 2710 403 2790 cognitivum
434 2729 471 2772 ac
496 2711 704 2792 appetitivam
731 2719 853 2793 spectat
909 2707 941 2768 iu
957 2707 1087 2769 caritate
1107 2717 1139 2770 et
1153 2710 1264 2790 gratia,
1281 2709 1350 2772 sine
1368 2711 1561 2773 revelatione
1576 2712 1656 2774 divi-

103 2807 288 2888 potentiam.
315 2807 394 2870 Nam
419 2809 500 2881 ovis,
522 2809 591 2871 viso
620 2809 705 2890 lupo,
729 2809 853 2888 judicat
908 2824 957 2868 na.
976 2806 1153 2889 Propterea,
1171 2809 1318 2890 quamvis
1336 2828 1374 2871 en
1390 2808 1550 2872 evidentia
1568 2808 1655 2884 lacti,

102 2925 175 2968 eum
191 2906 254 2968 sibi
270 2907 431 2980 nocivum,
439 2914 469 2969 et
485 2906 725 2989 lugit3visaque
741 2917 851 2984 matre,
908 2904 947 2966 de
967 2905 1059 2968 nobis
1079 2925 1115 2968 ac
1137 2906 1209 2968 aliis
1228 2907 1494 2969 certitudinaliter
1510 2907 1656 2989 judicare

100 3004 222 3084 iudicat
252 3023 322 3067 eam
353 3005 415 3067 sibi
444 3005 699 3080 convenientem,
724 3014 755 3070 et
784 3007 890 3072 cur-C
909 3003 1069 3084 possimus
1091 3023 1160 3067 esse
1182 3022 1239 3067 nos
1261 3005 1292 3067 in
1312 3005 1407 3086 culpa
1428 3007 1552 3069 mortali
1567 3025 1575 3086 ;
1592 3025 1655 3070 non

102 3103 143 3163 rit
166 3103 205 3164 ad
227 3103 417 3165 caminata
440 3103 526 3165 hunc
548 3121 689 3178 sensum,
706 3123 854 3188 unaque«
908 3108 1014 3163 tamen
1038 3101 1095 3176 sic,
1117 3102 1201 3185 quod
1226 3103 1326 3164 simus
1350 3102 1541 3184 simpliciter
1566 3104 1654 3179 boni,

101 3219 166 3280 que
190 3201 528 3282 potentiatcognitiva,
549 3201 725 3264 seeundum
751 3203 852 3285 philo·
908 3199 1058 3262 videlicet
1082 3201 1115 3262 in
1143 3200 1272 3262 caritate
1298 3208 1330 3262 et
1352 3201 1454 3280 gratia
1478 3201 1654 3276 constituti,

102 3297 233 3380 sophos,
255 3298 377 3379 judicat
401 3299 440 3362 de
465 3317 523 3362 suo
547 3299 684 3380 objecto.
707 3301 794 3364 Unde
820 3302 853 3365 in
907 3307 961 3361 aut
980 3298 1065 3381 quod
1089 3299 1172 3361 actio
1194 3306 1301 3362 nostra
1320 3299 1362 3362 sit
1381 3299 1541 3363 meritorie
1560 3299 1654 3376 bona,

6 3429 86 3466 tants,
102 3395 188 3458 libro
203 3395 262 3460 lob
278 3395 413 3460 babetur
429 3414 436 3458 :
454 3397 564 3460 Nonne
578 3407 690 3479 gustus
705 3418 793 3462 escas
808 3401 854 3463 di·
908 3397 1055 3478 quamvis
1071 3397 1112 3460 sit
1127 3395 1211 3459 bona
1225 3415 1263 3459 ex
1284 3415 1410 3478 genere.
1428 3397 1533 3461 Nihilo
1549 3399 1656 3461 minus

6 3483 62 3528 '¹¹¹¹·
100 3494 237 3574 judicat,
253 3503 285 3557 et
300 3495 408 3558 lauces
424 3496 622 3558 comedentis
638 3501 806 3579 saporemt
908 3502 1042 3577 possunt
1067 3495 1099 3557 in
1129 3495 1236 3577 aliquo
1260 3513 1414 3578 apparere
1438 3504 1484 3560 tot
1509 3505 1542 3560 et
1569 3503 1656 3560 unta

141 3593 264 3674 ltaque,
287 3594 365 3656 dum
390 3593 421 3655 in
445 3594 611 3675 evangelio
633 3593 788 3658 hodierno
810 3595 853 3658 lo·
908 3593 1077 3656 meritoriae
1098 3593 1248 3656 bonitatis
1268 3611 1305 3655 ac
1324 3595 1500 3656 sanctitatis
1524 3595 1653 3670 indicia,

16 3713 83 3758 nu.
99 3691 214 3770 quitur
229 3690 516 3766 Christus,uNolite
530 3692 854 3773 judicare»,sumitur
907 3691 1087 3775 quodcum
1117 3692 1308 3754 certitudine
1334 3693 1470 3755 multum
1496 3693 1655 3775 probabili

95 3789 246 3869 judicare
265 3789 406 3852 secundo
426 3789 530 3853 modo.
549 3789 587 3852 Et
608 3791 852 3872 intelligendum
908 3797 939 3852 et
954 3790 1045 3852 valde
1062 3791 1222 3874 precipua
1243 3791 1337 3854 liceat
1354 3791 1498 3872 judicare
1515 3809 1588 3854 eum
1604 3811 1656 3855 ve·

97 3895 147 3950 cst
173 3887 310 3950 verbum
334 3888 394 3951 hoc
419 3889 602 3964 Salvatoris,
626 3908 689 3954 non
714 3893 753 3954 de
777 3911 853 3974 quo
909 3909 942 3952 re
968 3888 1129 3952 meritorie
1154 3889 1286 3964 bonum,
1312 3908 1368 3952 seu
1394 3889 1426 3952 in
1451 3890 1580 3952 caritate
1605 3910 1656 3954 ex-

95 4003 242 4068 cumque
262 3985 396 4066 judicio,
416 3986 472 4048 sed
492 3987 531 4049 de
549 3987 672 4066 judicio
694 3989 853 4052 inordina·
908 3989 1074 4052 sistentem
1103 3995 1134 4051 et
1163 3989 1227 4051 Deo
1260 3997 1439 4070 acceptum,
1470 4009 1571 4072 quum
1601 3990 1655 4052 illa

95 4091 140 4157 to,
170 4090 281 4165 utpote
306 4083 345 4146 de
369 4082 492 4163 judicio
517 4101 678 4166 perverso,
705 4095 737 4147 et
763 4105 852 4150 usur·
908 4087 1025 4150 indicia
1055 4087 1241 4150 revelationi
1268 4087 1473 4170 aequipollere
1499 4089 1655 4151 veraciter

95 4189 186 4263 pato,
203 4201 239 4243 ac
254 4183 425 4244 temerario
440 4201 497 4244 seu
513 4183 699 4264 suspicioso.
712 4184 800 4258 Ouod
817 4191 851 4246 ut
866 4188 891 4250 D
908 4185 1083 4247 videantur.

93 4280 220 4342 clarius
236 4280 444 4361 intelligatur,
461 4289 585 4363 oportet
599 4281 693 4355 scire,
704 4283 788 4364 quod
802 4283 852 4364 ju·
946 4283 1061 4356 Tertio,
1076 4283 1238 4364 judicatur
1254 4285 1374 4347 malum
1394 4285 1433 4346 de
1449 4285 1596 4366 proximo
1614 4305 1652 4349 ex

92 4381 174 4442 dicii
202 4381 342 4443 secundo
367 4382 460 4444 modo
480 4383 602 4463 accepti
625 4384 758 4446 diversae
776 4390 851 4446 suut
907 4381 1032 4444 levibus
1047 4383 1151 4444 causis
1167 4391 1198 4444 et
1214 4383 1323 4463 signis.
1334 4383 1366 4445 ln
1383 4401 1447 4465 quo
1459 4383 1583 4465 judicio
1599 4386 1652 4448 tri·

91 4497 205 4541 causae
220 4486 250 4540 et
265 4478 345 4540 varii
361 4479 477 4560 gradus
490 4479 585 4560 :quia
605 4479 764 4544 interdum
781 4500 851 4564 pro·
906 4480 980 4562 plen
1000 4487 1048 4542 est
1066 4481 1191 4561 gradus.
1210 4479 1345 4554 Primus,
1362 4481 1438 4543 dum
1458 4482 1531 4564 quis
1554 4501 1593 4544 ex
1613 4483 1654 4546 le-

90 4577 184 4638 cedit
206 4595 244 4639 ex
266 4577 427 4640 evidentia
447 4575 532 4650 lacti,
550 4585 585 4638 ut
605 4578 631 4639 si
654 4579 725 4660 quis
745 4581 850 4644 videat
906 4578 1002 4641 vibus
1027 4578 1131 4641 causis
1154 4585 1209 4639 aut
1232 4577 1343 4659 signis,
1369 4578 1484 4661 incipit
1506 4580 1653 4645 dubitare

88 4673 286 4757 quempiam
303 4675 425 4737 lurtum
442 4682 497 4736 aut
512 4674 722 4739 homicidium
738 4697 848 4760 perpe·
906 4678 944 4740 de
961 4675 1098 4758 proximi
1114 4675 1255 4737 bonitate
1268 4693 1275 4736 :
1288 4683 1319 4737 et
1335 4675 1394 4738 hoc
1409 4677 1534 4740 veniale
1551 4685 1654 4742 exstat

87 4783 256 4852 trantem;
273 4775 434 4837 interdurn
455 4793 493 4837 ex
512 4774 716 4838 evidentibus
736 4776 846 4858 signis,
905 4784 1083 4858 peccatum,
1107 4793 1146 4836 ex
1171 4772 1357 4836 infirmitate
1383 4775 1522 4838 humana
1545 4796 1654 4860 proce·

88 4880 123 4934 ut
141 4873 171 4935 si
193 4872 377 4934 inveniatur
392 4873 496 4935 nudus
513 4893 585 4936 cum
603 4875 688 4938 nuda
705 4875 738 4937 in
755 4876 846 4950 lecto,
905 4875 1001 4952 dens;
1028 4892 1086 4935 nec
1115 4874 1174 4936 hoc
1204 4873 1333 4955 proprie
1362 4874 1542 4956 appellatur
1568 4876 1652 4957 judi·

87 4991 167 5033 cum
184 4969 436 5033 circumstantiis
452 4971 622 5035 violentam
637 4975 849 5057 suspicionem
903 4973 1001 5044 cium,
1018 4972 1073 5034 sed
1099 4971 1199 5053 magis
1224 4972 1373 5054 suspicio.
1396 4973 1561 5035 Secundus
1584 4993 1652 5054 gra-

85 5067 315 5131 causantibus.
342 5067 458 5150 Sicque
489 5069 608 5133 malurn
632 5073 672 5134 de
702 5073 848 5155 proximo
903 5071 973 5144 dus,
999 5071 1140 5132 dumea
1169 5069 1355 5150 hujusmodi
1386 5071 1486 5152 signis
1515 5071 1654 5135 tirmiter

83 5167 254 5250 judicare,
270 5166 359 5228 nulla
379 5174 425 5229 est
442 5167 546 5249 culpa,
562 5177 594 5230 et
613 5170 745 5233 cuilibet
761 5171 845 5247 licet,
903 5169 1000 5232 sentit
1014 5175 1069 5230 aut
1083 5167 1196 5230 asserit
1211 5169 1250 5231 de
1266 5169 1411 5252 proximo
1427 5169 1513 5250 quod
1533 5171 1574 5232 sit
1589 5189 1652 5232 ma-

84 5273 123 5332 ut
148 5265 371 5328 communiter
392 5264 537 5328 scribunt
556 5267 710 5330 doctores.
903 5270 953 5332 lus
970 5285 977 5330 :
994 5268 1079 5351 quod
1094 5267 1223 5350 proprie
1239 5275 1370 5330 vocatur
1383 5267 1553 5350 judicium.
1571 5269 1651 5334 Etsi
