4164 6258
439 491 586 539 normuea
607 490 650 535 vu
671 490 744 536 rosr
764 491 958 538 rarurrarau.
980 510 1020 520 -
1041 492 1140 539 saeuo
1161 493 1314 540 succubus
1590 475 1651 542 279

106 664 196 728 sereri
212 683 250 726 ac
266 665 447 738 subvenire,
465 666 638 730 virtutibus
652 685 704 729 eas
719 667 848 729 ditando
863 666 889 730 A
904 666 946 728 do
965 665 1123 729 desiderio
1143 665 1259 730 divine
1279 665 1502 730 miserationis.
1524 665 1651 729 Satisla·

106 781 138 824 ac
161 763 372 844 spiritualiter
396 764 582 837 reficiendo,
607 783 704 846 quam
728 764 847 826 vilibus
904 763 967 825 ctio
981 764 1112 826 demum
1127 765 1169 826 sit
1184 765 1452 846 condigna,prout
1467 764 1652 846 magnitudo

107 860 354 944 mortalibusque
369 861 565 944 corporibus.
579 862 758 925 clamemus
773 880 848 942 ergo
903 863 1044 942 exegerit
1059 861 1170 944 culpae.
1188 863 1265 926 Nam
1286 861 1460 926 satisfactio
1477 881 1534 924 seu
1554 862 1653 944 poeui·

108 977 175 1020 cnm
196 959 292 1040 plena
312 957 433 1022 liducia
452 967 483 1022 et
503 960 674 1022 incessanti
698 960 848 1022 instantia
903 960 1002 1022 tentia
1014 979 1106 1042 quam
1119 961 1195 1023 lacit
1209 961 1347 1024 bomoiu
1361 961 1483 1024 mortali
1498 961 1652 1024 exsistens

106 1057 141 1118 ad
166 1057 336 1119 Dominum
364 1058 463 1120 Deum
489 1065 644 1130 nostrum,
669 1066 703 1119 ut
725 1058 847 1120 animas
904 1067 1111 1141 peccato,non
1127 1068 1175 1122 est
1185 1060 1349 1122 sufficiens
1365 1077 1424 1122 nec
1438 1061 1499 1123 Deo
1512 1067 1650 1142 accepta,

106 1163 224 1217 nostras
247 1155 382 1230 reliciat,
405 1155 542 1230 roboret,
559 1155 648 1231 ditet,
665 1157 847 1238 jugiterque
903 1156 959 1218 sed
976 1158 1201 1239 recuperanda.
1218 1194 1257 1204 -
1271 1159 1415 1240 lusuper,
1432 1176 1489 1239 per
1504 1165 1567 1220 tres
1582 1157 1650 1220 dies

106 1255 458 1335 conservet,gratiarum
473 1255 664 1318 charismata
680 1255 849 1317 inluuden·
904 1255 980 1317 istos
1006 1256 1141 1338 intelligi
1170 1264 1305 1339 possunt
1328 1264 1393 1319 tres
1422 1264 1523 1319 status
1547 1256 1649 1318 divini

106 1353 152 1424 do,
170 1352 276 1414 inlusa
296 1352 505 1434 perficiendo,
521 1361 616 1435 atque
631 1354 669 1417 ad
686 1352 786 1415 linem
801 1372 849 1415 sa·
904 1353 1061 1436 obsequii,
1078 1355 1201 1417 scilicet
1215 1362 1315 1417 status
1336 1354 1574 1437 incipientium,
1591 1361 1650 1416 sta·

107 1449 313 1512 luberrimum
344 1451 557 1532 perducendo.
586 1451 665 1513 ilinc
693 1450 779 1513 euim
809 1451 847 1512 ad
905 1459 955 1512 tus
975 1452 1226 1534 proficientium,
1242 1461 1275 1515 et
1297 1460 1397 1516 status
1422 1452 1647 1535 perlectorum.

14 1547 251 1616 ianntlehraeos
280 1547 424 1610 hortatur
452 1548 621 1630 Apostolus
654 1567 660 1612 :
690 1549 848 1610 Adeamus
905 1550 943 1612 Et
966 1551 999 1612 iu
1029 1569 1222 1633 unoquoque
1252 1552 1385 1614 istorum
1413 1551 1573 1614 adherere
1598 1551 1651 1614 de·

107 1665 175 1706 cum
198 1643 319 1707 fiducia
342 1646 380 1708 ad
406 1645 555 1708 thronum
579 1648 687 1728 gratiae
711 1647 792 1727 ejus,
814 1654 849 1708 ut
904 1647 1018 1710 bemus
1034 1649 1097 1710 Deo
1113 1668 1170 1731 per
1186 1650 1362 1724 caritatem,
1380 1649 1594 1712 bumilitatem
1614 1668 1651 1711 ac

108 1743 354 1806 misericordiam
383 1761 628 1825 consequamur,
655 1752 686 1806 et
714 1745 847 1825 gratiam
906 1745 1095 1829 proficiendi
1112 1755 1259 1810 conatum
1271 1764 1277 1808 :
1288 1755 1324 1808 ut
1338 1766 1378 1809 ex
1393 1747 1449 1809 Dei
1464 1765 1571 1810 amore
1587 1765 1652 1810 om·

108 1841 305 1904 inveniamus
327 1843 360 1903 iu
381 1843 500 1904 auxilio
522 1851 711 1924 opportuno.
867 1845 958 1908 Buia
979 1845 1132 1906 iaciamus
1152 1846 1191 1906 ad
1208 1845 1308 1926 ipsius
1324 1845 1499 1924 honorem;
1517 1864 1575 1927 per
1594 1845 1651 1906 hu-

145 1940 289 2002 Secuudo
309 1941 461 2002 docemur
479 1961 517 2003 er
537 1941 702 2022 evaugelio
722 1940 846 2004 hodier-
906 1941 1084 2016 militatem,
1099 1960 1227 2006 omnem
1248 1941 1427 2024 proiectum
1448 1951 1604 2016 nostrum,
1621 1950 1653 2006 ct

108 2055 155 2110 uo,
177 2045 211 2098 ut
235 2056 309 2099 cum
336 2036 427 2098 turba
451 2037 509 2099 hae
534 2037 668 2099 verbum
694 2037 749 2101 Dei
773 2057 846 2100 cum
905 2039 1061 2122 quidquid
1082 2040 1114 2102 in
1134 2039 1227 2103 uobis
1249 2040 1406 2103 exstiterit
1425 2039 1511 2114 boui,
1532 2041 1598 2104 llco
1615 2039 1652 2102 ii-

111 2136 227 2216 ingeuti
260 2136 377 2198 mentis
412 2135 570 2198 desiderio
603 2137 781 2211 audiamus,
816 2145 849 2199 et
905 2137 1018 2200 dcliter
1032 2138 1374 2219 adscribamus;atquc
1389 2157 1446 2219 per
1459 2139 1569 2218 jugem
1585 2155 1653 2220 pro-

110 2234 229 2298 Christo
252 2255 288 2298 ac
313 2235 383 2316 ejus
409 2235 547 2309 vicariis,
575 2235 712 2317 prelatis
737 2237 849 2318 praedi-
905 2235 1036 2298 iicieudi
1061 2243 1222 2310 conatum,
1245 2255 1372 2318 semper
1396 2237 1435 2298 ad
1461 2237 1593 2299 meliora
1616 2255 1651 2298 ac
1667 2263 1798 2313 neme,

109 2333 328 2415 catoribusque
356 2333 479 2396 devotis
508 2333 666 2402 stabiliter
693 2333 850 2396 adhaerea-
906 2333 1059 2396 viciniora
1088 2334 1182 2396 saluti
1212 2334 1389 2395 tendamus.
1416 2334 1480 2396 Nec
1510 2353 1650 2416 unquam

14 2451 95 2494 enas.
110 2451 177 2494 mus
199 2451 235 2494 ac
260 2432 392 2494 fervide.
414 2432 500 2494 Beati
524 2432 610 2494 euim
636 2433 691 2515 qui
715 2433 851 2495 audiunt
906 2431 937 2494 iu
963 2432 1028 2494 vita
1052 2433 1110 2494 hac
1141 2450 1198 2494 uos
1228 2432 1477 2514 apprehendisse
1502 2439 1651 2514 putemus
1667 2449 1800 2506 altrepia,

14 2559 96 2596 atel.
110 2530 239 2592 verbum
263 2531 319 2593 liei
344 2539 376 2593 et
399 2530 583 2593 custodiunt
606 2530 694 2592 illud.
720 2531 767 2602 Et,
790 2530 849 2604 Qui
905 2528 1024 2592 bouum
1047 2547 1111 2610 quo
1129 2529 1303 2610 gradimur,
1320 2537 1375 2590 aut
1394 2528 1545 2592 sulficere
1567 2529 1652 2610 quod
1669 2515 1701 2555 ¹³·

109 2648 143 2690 er
164 2629 227 2692 Deo
245 2637 303 2702 est,
321 2629 455 2691 verbum
476 2629 531 2692 Dei
550 2629 648 2690 audit.
666 2629 849 2710 Rursusque
902 2626 968 2707 jam
992 2626 1140 2702 lecimus,
1159 2646 1259 2709 quum
1281 2628 1366 2688 dicat
1383 2627 1552 2708 Apostolus
1569 2647 1576 2690 :
1594 2627 1652 2702 Qui
1668 2647 1801 2698 etatae.

14 2727 846 2808 .1m.:t.scriplttlnest:Cuttlsanctosancttlsel'is.
905 2745 938 2788 se
974 2733 1062 2808 putat
1095 2725 1216 2806 aliquid
1251 2745 1320 2788 esse
1351 2744 1451 2806 quum
1485 2725 1565 2787 nihil
1599 2726 1650 2796 sit,

107 2826 169 2888 lllis
184 2845 258 2907 ergo
273 2825 434 2908 applicare
449 2845 483 2887 sc
498 2825 593 2888 dehet
607 2825 815 2899 Christianus,
832 2847 850 2888 a
906 2825 973 2906 ipse
993 2844 1026 2886 se
1047 2823 1179 2886 seducit.
1196 2825 1263 2886 lmo
1286 2823 1428 2906 quotidie
1448 2824 1481 2884 in
1500 2841 1575 2884 vera
1596 2823 1653 2884 hu-

108 2922 222 3003 quibus
248 2923 401 2983 virtutum
426 2921 583 3003 exempla,
608 2922 772 3002 sapientiae
795 2923 848 2986 do·
906 2923 1051 2996 militate,
1079 2922 1109 2984 iu
1140 2930 1248 2984 sancta
1276 2921 1467 2994 ohedientia,
1495 2921 1526 2982 in
1556 2921 1651 2983 stabi·

108 3028 261 3092 sumente,
278 3019 485 3082 consiliorum
510 3020 726 3082 moderamina
750 3021 850 3103 possit
868 3025 889 3087 C
906 3022 927 3083 li
953 3020 1208 3093 mansuetudine,
1235 3019 1267 3081 iu
1295 3018 1503 3100 insuperabili
1530 3019 1651 3101 patieu-

108 3118 257 3199 accipere.
285 3117 415 3180 lllorum
440 3135 567 3200 quoque
592 3119 750 3191 consortia
774 3127 849 3181 suut
905 3121 958 3192 tia,
985 3119 1017 3180 in
1047 3117 1263 3180 sincerissima
1292 3117 1346 3178 Dei
1377 3122 1409 3178 et
1432 3117 1650 3198 proximorum

109 3217 242 3289 vitanda,
269 3217 324 3299 qui
349 3216 479 3280 trahunt
503 3217 541 3278 ad
566 3217 655 3290 vitia,
681 3217 719 3278 ad
744 3217 846 3292 ludos,
904 3217 1048 3280 omnium
1072 3215 1201 3276 caritate
1224 3232 1378 3276 conemur
1404 3214 1571 3296 prolicere,
1591 3215 1651 3275 sic-

107 3315 202 3395 jocos,
218 3315 401 3388 cachinnos,
418 3315 617 3377 curiositates
637 3324 668 3377 et
685 3316 849 3378 carnalita-
906 3325 940 3377 ut
965 3315 1107 3376 bortatur
1130 3312 1326 3394 Apostolus:
1351 3312 1556 3377 AEmulamiui
1581 3312 1651 3373 cha·
1680 3335 1798 3388 icem,

110 3422 163 3474 tes.
180 3413 300 3476 ldcirco
316 3414 347 3475 in
364 3413 586 3476 Ecclesiastico
603 3414 822 3496 scriptumest
839 3435 846 3480 :
905 3414 1035 3476 rismata
1059 3411 1205 3490 meliora;
1231 3419 1263 3473 et
1288 3410 1432 3473 Christus
1454 3411 1486 3472 iu
1511 3410 1651 3490 Evange-
1666 3402 1699 3442 ³¹·

14 3511 165 3584 aimoni
189 3511 473 3574 communicaverit
494 3511 643 3594 superbo,
665 3513 775 3574 induet
799 3533 848 3574 su·
906 3511 948 3573 lio
974 3529 981 3574 ε
1009 3507 1221 3589 Negotiamini
1250 3508 1327 3571 dum
1354 3509 1459 3570 venio.
1485 3509 1648 3591 Siquidem
1664 3533 1797 3586 manans.

14 3659 23 3686 ,
38 3689 42 3696 .
57 3672 95 3700 m
111 3610 267 3690 pcrbiam;
284 3617 316 3672 et
334 3628 456 3684 rursus,
473 3609 550 3672 Cum
574 3609 692 3672 audace
712 3628 775 3673 uon
795 3629 848 3674 eas
905 3617 986 3670 stare
1007 3615 1038 3669 et
1056 3625 1119 3669 uon
1140 3606 1298 3687 progredi,
1315 3615 1363 3668 est
1378 3626 1396 3668 a
1414 3606 1507 3670 bonis
1527 3625 1650 3670 cessare

43 3751 47 3762 .
110 3707 139 3768 in
163 3709 225 3781 via,
247 3708 397 3789 quoniam
424 3715 574 3790 tanquam
597 3707 678 3769 uihil
704 3716 751 3770 cst
775 3717 847 3771 ante
904 3714 998 3788 atquc
1019 3704 1478 3787 retrogradi.-lterum,per
1500 3713 1563 3768 tres
1583 3707 1650 3769 dies

109 3806 197 3867 illum
220 3807 359 3888 sanguis.
383 3806 526 3888 [leuique
549 3807 651 3886 gulosi
676 3814 708 3868 et
731 3807 848 3869 lubrici
906 3805 981 3867 istos
1006 3803 1140 3883 intelligi
1165 3812 1299 3885 possunt
1324 3804 1520 3886 principium
1545 3805 1651 3887 operis

106 3903 143 3964 ad
159 3922 215 3964 sua
229 3903 375 3964 alliciunt
389 3903 630 3986 inquinamenta
645 3903 746 3967 socios
761 3921 845 3966 suos.
905 3903 992 3978 boni,
1010 3902 1191 3984 prosecutio
1210 3902 1292 3982 ejus,
1309 3909 1340 3963 et
1360 3905 1596 3984 perseverantia
1618 3904 1649 3966 in

145 4001 248 4064 Tertio
267 4021 305 4064 ex
325 4003 490 4082 cvangelio
510 4001 570 4063 isto
589 4002 742 4065 docemur
762 4002 848 4065 Chri·
904 4002 1017 4063 eodem
1038 4019 1139 4082 usque
1155 4001 1188 4062 iu
1204 4000 1316 4074 linem,
1333 4021 1389 4063 seu
1411 4000 1488 4064 lalix
1506 4020 1650 4064 consum-

107 4107 153 4161 sto
168 4100 325 4162 adherere
345 4118 403 4181 per
418 4099 570 4160 triduum.
587 4098 722 4161 Possunt
739 4108 846 4162 autem
906 4101 1002 4162 matio
1018 4100 1051 4160 in
1067 4098 1355 4162 codemllebemus
1371 4100 1468 4180 igitur
1483 4100 1565 4162 bona
1580 4118 1651 4182 ope-

107 4215 161 4277 per
183 4206 246 4259 tres
265 4197 333 4259 dies
358 4197 493 4278 intelligi
515 4199 663 4261 contritio
685 4200 789 4262 cordis
809 4202 847 4263 de
863 4203 887 4264 b
905 4217 938 4259 ra
967 4197 1106 4259 fideliter
1135 4196 1294 4270 inchoare,
1320 4197 1456 4258 viriliter
1486 4197 1649 4258 continua-

106 4296 191 4356 omni
212 4302 352 4376 peccato,
373 4295 533 4358 confessio
554 4297 618 4360 oris
643 4297 795 4379 plenaria,
817 4307 849 4360 et
904 4315 948 4369 re,
970 4295 1140 4357 salubriter
1165 4312 1399 4368 consummare,
1422 4295 1571 4376 quoniam
1594 4295 1648 4376 qui
1677 4315 1796 4366 nactam,

107 4392 278 4456 satisfactio
306 4393 413 4476 operis
442 4394 545 4475 digua.
574 4394 847 4467 Quemadmodum
904 4394 1155 4477 perseveraverit
1171 4413 1272 4475 usquc
1292 4393 1324 4455 iu
1345 4392 1455 4467 linem,
1474 4393 1525 4455 hic
1543 4393 1649 4456 salvus
1664 4381 1797 4430 ²²³¹¹¹l·¹³·

107 4490 211 4571 itaque
230 4492 315 4552 omni
331 4491 408 4554 hora
423 4511 604 4575 peccamus,
621 4493 733 4556 saltem
751 4495 783 4556 in
799 4514 849 4557 ve·
904 4493 972 4556 erit.
990 4529 1029 4537 -
1045 4493 1215 4564 Postremo,
1233 4510 1289 4572 per
1309 4499 1371 4553 tres
1392 4491 1460 4553 dies
1482 4491 1558 4554 istos
1581 4509 1651 4573 pos-

107 4588 245 4650 uialihus
265 4590 379 4672 culpis,
401 4591 447 4652 sic
468 4591 555 4653 omni
578 4593 654 4655 hora
673 4594 712 4656 de
732 4595 848 4657 nostris
905 4600 979 4654 sum
999 4589 1133 4670 intelligi
1157 4597 1220 4650 tres
1242 4597 1349 4651 etates
1372 4589 1512 4652 hominis
1534 4591 1651 4674 princi-

109 4687 244 4766 peccatis
266 4688 447 4751 cordialiter
469 4690 645 4765 doleamne,
662 4692 849 4772 ingemisce·
905 4689 1003 4772 palea,
1029 4687 1177 4750 videlicet
1203 4687 1349 4769 pueritia,
1373 4688 1536 4768 juventus,
1562 4707 1651 4752 sene·

109 4804 189 4858 mus,
201 4785 324 4848 veniam
341 4786 560 4869 deprecemur,
575 4798 606 4851 et
621 4808 760 4870 congruo
776 4799 851 4852 tem·
905 4796 983 4850 ctus.
1015 4787 1049 4848 lu
1079 4785 1196 4867 quibus
1229 4786 1363 4848 Domino
1394 4787 1458 4849 Deo
1490 4786 1650 4850 adherere

109 4901 183 4963 pore
200 4883 582 4967 conliteamur,quouiam
601 4888 633 4949 in
649 4888 849 4951 consessione
905 4895 1000 4968 atquc
1022 4885 1142 4946 servire
1164 4883 1330 4959 debemus,
1347 4893 1504 4966 quatenus
1526 4885 1555 4948 ei
1579 4885 1649 4959 soli,

107 4983 214 5044 omnia
228 4981 549 5046 lavantur.Conlessio
564 5004 691 5068 quoque
706 4987 747 5048 sit
762 5008 849 5070 pura,
906 4983 1051 5066 pucritiae
1080 4981 1205 5054 florem,
1235 4983 1413 5062 juventutis
1442 4982 1584 5064 vigorem
1615 5003 1651 5044 ac

109 5081 212 5162 plena,
228 5089 344 5162 aperta,
363 5101 435 5144 cum
459 5083 579 5164 pudore
597 5085 635 5146 de
652 5087 851 5167 turpitudine
906 5081 1079 5144 senectutis
1112 5082 1329 5143 maturitatem
1362 5081 1503 5163 plenarie
1533 5080 1651 5143 oliera-

109 5180 268 5254 vitiorum,
294 5200 368 5242 cum
397 5181 511 5242 humili
544 5181 758 5262 recognitione
783 5203 851 5265 prc—
908 5201 987 5243 mus.
1007 5180 1104 5260 Carjus
1124 5181 1318 5242 contrarium
1338 5189 1436 5261 agunt
1456 5180 1559 5252 multi,
1576 5198 1652 5261 quo-

109 5277 186 5359 priae
201 5277 448 5342 defectuositatis
463 5297 499 5341 ac
517 5279 743 5354 vilitatis,cum
758 5282 852 5343 lervi-
908 5280 993 5341 uiam
1009 5278 1178 5360 pueritiam
1194 5297 1229 5340 ac
1244 5279 1445 5359 juventutem
1462 5277 1493 5340 iu
1511 5278 1653 5342 vanitati-
