4288 6264
434 483 474 549 46
699 504 848 553 nonnum
869 507 887 550 v
908 505 982 552 uosr
1003 501 1131 550 Pascua.
1153 519 1193 532 -
1213 503 1255 548 an
1276 501 1471 566 aaa1o10s0s;
1494 503 1592 550 saauo
1614 504 1727 550 snxrrs

438 673 517 736 dens
532 681 565 738 θῖ
584 675 761 760 alloquens,
777 695 841 740 non
861 677 922 738 sibi
942 675 1067 738 licitum
1085 672 1225 737 creditit
1241 673 1335 736 debet
1359 692 1428 736 esse
1450 675 1696 756 proportionata,
1722 674 1806 736 sicut
1828 672 1987 754 quantitas

438 771 541 834 oculis
556 775 662 855 vagari
679 784 710 838 ct
731 777 881 839 aliorsum
897 774 1073 856 adspicere,
1090 793 1188 855 quan·
1240 771 1407 834 medicinae
1432 771 1569 833 sanitati.
1593 772 1680 834 Finis
1704 779 1811 834 autem
1835 770 1986 833 orationis

438 877 471 932 to
496 873 596 952 magis
623 874 677 955 qui
702 874 825 936 accedit
849 875 889 935 ad
912 873 1095 946 Dominum,
1113 891 1187 934 nus·
1240 868 1370 943 vocaliS,
1383 877 1431 932 est
1446 869 1630 932 interiorem
1646 870 1750 932 cordis
1765 869 1924 932 fervorem
1939 887 1987 930 ae·

439 986 532 1049 quam
547 970 586 1031 ad
602 971 664 1034 alia
678 971 773 1034 debet
788 989 915 1034 movere
931 970 1056 1033 oculum
1073 970 1185 1043 cordis,
1241 966 1375 1028 condere
1394 984 1400 1027 :
1419 967 1489 1029 ideo
1504 968 1653 1030 convenit
1671 966 1848 1030 orationem
1864 967 1986 1029 tamdiu

438 1066 494 1127 sed
519 1067 660 1130 intentus
689 1088 758 1132 esse
784 1071 815 1131 in
845 1087 918 1130 eum
944 1068 999 1150 qui
1029 1074 1188 1130 scrutatur
1241 1065 1354 1127 durare
1370 1073 1405 1127 ut
1421 1065 1498 1127 utile
1516 1067 1616 1128 estad
1637 1065 1924 1128 inflammationem
1941 1065 1987 1126 iu·

438 1163 532 1225 corda
547 1173 579 1226 et
594 1185 696 1240 renea,
714 1174 747 1228 ut
765 1167 936 1250 impleatur
951 1166 1034 1247 quod
1050 1167 1094 1226 ait
1108 1165 1187 1248 apo·
1242 1163 1322 1224 terni
1338 1162 1474 1225 affectus
1490 1164 1522 1224 in
1539 1164 1611 1226 Deo.
1622 1164 1789 1246 Quumque
1805 1163 1906 1226 oratio
1920 1164 1987 1224 sine

290 1281 421 1334 trimas.
437 1261 547 1336 stolus,
564 1263 642 1326 Volo
664 1266 749 1328 viros
771 1283 860 1328 orare
881 1266 913 1326 in
936 1265 1022 1327 omui
1046 1264 1126 1338 loco,
1144 1263 1186 1324 le·
1241 1259 1425 1342 fatigatione
1441 1270 1472 1322 ct
1488 1261 1580 1324 taedio
1596 1261 1773 1324 continuari
1790 1279 1853 1323 non
1874 1268 1986 1342 potest,

437 1367 547 1422 rantes
570 1381 665 1444 puras
686 1381 798 1424 manus
821 1363 890 1424 sine
912 1363 957 1424 ira
982 1370 1013 1424 et
1034 1363 1188 1445 discepta-
1241 1366 1290 1421 est
1304 1359 1540 1422 finiendaNam
1559 1360 1673 1422 mentis
1689 1360 1821 1422 attentio
1835 1367 1867 1422 et
1881 1367 1988 1422 sancta

438 1458 546 1521 tionel
1041 1467 1046 1478 ’
1240 1457 1370 1521 allectio
1384 1475 1448 1520 non
1464 1467 1513 1521 θεῖ
1527 1459 1590 1521 cito
1605 1460 1782 1541 rumpenda
1796 1459 1923 1541 quando
1937 1477 1989 1541 po

479 1557 598 1620 Rursus
623 1559 656 1620 in
685 1560 794 1622 eadem
825 1561 978 1642 quaritur
1004 1560 1133 1641 Regula,
1160 1561 1186 1622 si
1242 1564 1303 1618 test
1321 1557 1444 1618 durare.
1462 1556 1678 1620 Protendenda
1693 1557 1789 1638 igitur
1808 1564 1858 1619 est
1875 1557 1986 1632 oratio,

438 1655 591 1736 possibile
606 1665 654 1719 est
672 1657 837 1721 bominem
857 1658 1002 1722 obtinere
1019 1667 1054 1720 ut
1073 1658 1104 1718 in
1121 1677 1187 1721 om·
1243 1672 1305 1717 uon
1327 1655 1425 1716 aridis
1444 1655 1561 1730 verbis,
1578 1656 1634 1717 sed
1653 1655 1838 1717 continuato
1856 1654 1984 1717 affectu.

438 1752 471 1813 ni
488 1753 557 1816 loco
571 1761 604 1816 et
619 1763 761 1838 tempore
777 1774 840 1820 non
855 1764 987 1838 vagetur
1002 1775 1092 1818 meus
1107 1757 1184 1838 ejus
1243 1754 1329 1816 Unde
1348 1762 1380 1815 θῖ
1395 1754 1538 1817 Christus
1560 1755 1591 1816 in
1612 1754 1754 1816 oratione
1773 1761 1986 1837 pernoctasse,
2001 1776 2109 1824 nocam

438 1859 469 1913 et
484 1854 644 1933 quomodo
660 1852 690 1915 id
707 1853 778 1915 fieri
796 1862 907 1936 potest.
925 1855 1103 1937 Respondet
1121 1855 1222 1918 ma-R
1242 1861 1273 1914 et
1301 1853 1448 1934 passione
1478 1853 1615 1915 instante
1639 1853 1795 1935 prolixius
1819 1870 1925 1915 orasse
1948 1853 1987 1914 ad
2016 1877 2066 1918 rau
2080 1892 2099 1916 i.

437 1969 519 2031 gnus
534 1952 798 2026 Basilius:Quod
816 1953 968 2035 possibile
984 1955 1036 2028 sit,
1048 1954 1186 2016 ostendit
1242 1959 1381 2015 nostram
1415 1953 1627 2014 eruditionem
1659 1951 1861 2014 describitur.
1891 1941 2037 2014 luter-⁴³·

290 2074 423 2124 rannus.
438 2049 493 2130 qui
519 2049 599 2112 dixit
626 2067 633 2112 :
659 2051 749 2114 Oculi
776 2052 840 2114 mei
865 2071 992 2134 semper
1016 2053 1055 2114 ad
1082 2052 1186 2115 Domi·
1241 2051 1318 2113 dum
1334 2070 1471 2134 quoque,
1489 2071 1582 2115 orans
1597 2053 1765 2134 gratiosea
1784 2052 1849 2115 Deo
1868 2071 1987 2134 praeve-

303 2173 344 2216 1³³.
357 2175 423 2222 aaa
438 2165 516 2209 num
526 2165 535 2226 3
552 2155 584 2210 et
598 2148 726 2224 iterum,
742 2149 951 2212 Providebam
966 2150 1136 2212 Dominum
1153 2151 1186 2212 in
1242 2150 1339 2225 nitur,
1370 2150 1557 2225 illustratur,
1584 2151 1779 2226 accenditur,
1811 2150 1986 2225 roboratur,

437 2254 612 2328 conspeetu
629 2264 699 2310 meo
714 2266 851 2330 semper,
867 2248 1019 2330 quoniam
1034 2268 1053 2310 a
1068 2249 1187 2311 dextris
1242 2249 1285 2310 ita
1309 2257 1344 2310 ut
1367 2249 1543 2312 orationem
1567 2249 1676 2311 multis
1700 2250 1865 2313 continuet
1889 2250 1987 2324 horis,

438 2352 486 2406 est
507 2344 586 2406 mihi
605 2364 646 2408 ne
668 2363 879 2408 commovear.
897 2346 1060 2420 Quomodo
1080 2353 1186 2409 autem
1242 2348 1337 2410 etiam
1356 2348 1447 2430 quasi
1467 2348 1590 2430 absque
1609 2346 1813 2422 difficultate,
1831 2348 1896 2410 imo
1915 2367 1987 2410 eum

439 2442 592 2524 possibile
614 2443 655 2504 sit
673 2443 739 2524 jam
760 2444 912 2520 diximus,
930 2451 1050 2527 utpote,
1072 2445 1099 2506 si
1123 2462 1186 2508 non
1242 2446 1362 2527 ingenti
1380 2446 1602 2526 jucunditate:
1620 2447 1891 2528 quemadmodum
1914 2445 1987 2527 legi-

437 2540 550 2602 demus
570 2541 671 2604 otium
692 2542 806 2606 animae
826 2550 952 2618 nostra,
969 2542 1024 2605 sed
1045 2542 1077 2604 in
1100 2542 1186 2605 omni
1241 2551 1293 2606 tur
1308 2545 1346 2606 de
1361 2543 1476 2606 abbate
1491 2545 1725 2627 Arseuiqquod
1740 2564 1759 2607 a
1773 2563 1907 2628 vespere
1922 2545 1989 2606 sab

439 2645 584 2721 tempore
605 2640 644 2703 de
665 2640 729 2703 Deo
750 2649 782 2703 et
804 2641 842 2702 de
864 2641 1027 2723 operibus,
1045 2641 1137 2704 donis
1156 2649 1188 2704 et
1242 2641 1307 2704 bati
1336 2641 1526 2705 extendebat
1555 2661 1668 2704 manus
1699 2661 1772 2705 suas
1801 2643 1841 2704 ad
1872 2642 1988 2706 coelurn

439 2736 607 2800 benefieiis
622 2737 692 2819 ejus
713 2739 901 2820 cogitemus,
918 2740 1093 2821 cademque
1112 2758 1186 2801 eum
1242 2757 1345 2814 orans,
1371 2741 1472 2803 donec
1497 2759 1589 2802 mane
1612 2741 1664 2802 die
1689 2741 1859 2805 dominicas
1882 2759 1988 2804 ascen-

438 2834 639 2898 confessione
661 2843 693 2897 θῖ
714 2837 888 2918 gratiarum
912 2837 1036 2900 actione
1061 2855 1188 2919 semper
1242 2838 1320 2900 dens
1335 2838 1381 2900 sol
1403 2839 1576 2900 illustraret
1594 2838 1708 2901 faeiem
1730 2838 1811 2920 ejus,
1828 2846 1860 2901 et
1879 2839 1925 2902 sic
1942 2858 1988 2902 re-

438 2933 603 2996 volvamus
623 2934 656 2996 in
679 2942 795 2998 mente.
1242 2936 1484 3000 sidebat.Abbas
1500 2954 1627 3019 quoque
1643 2938 1737 3000 llulas
1753 2938 1792 3000 de
1808 2937 1989 3001 beatissimo

290 3063 422 3117 p„„‚„‚g,
477 3032 595 3095 lterum
620 3033 773 3115 quaritur
797 3033 854 3109 ibi,
876 3034 954 3116 quid
979 3042 1037 3109 est,
1061 3033 1186 3098 Psallite
1202 3038 1223 3100 G
1241 3035 1356 3097 abbate
1367 3036 1553 3098 Bessarione
1566 3035 1806 3100 narravitzl'eni
1819 3036 1987 3118 aliquando

437 3131 607 3212 sapienter.
634 3133 816 3215 Respondet
838 3133 974 3195 Basilius
995 3150 1002 3194 :
1026 3132 1114 3207 Quod
1140 3139 1187 3194 est
1242 3134 1275 3196 in
1291 3134 1404 3196 cellam
1420 3133 1519 3196 Patris
1540 3134 1613 3208 mei,
1631 3142 1662 3195 et
1682 3134 1791 3197 inveni
1811 3152 1886 3196 eum
1906 3141 1987 3196 stan·

437 3229 470 3291 in
490 3230 572 3292 cibis
591 3248 763 3313 corporeus
781 3239 905 3312 gustus,
923 3249 1187 3313 unumquemque
1242 3239 1306 3294 tem
1336 3233 1374 3294 ad
1399 3232 1586 3306 orationem,
1612 3241 1644 3295 et
1669 3250 1781 3295 manus
1806 3232 1877 3313 ejus
1900 3239 1988 3294 erant

438 3328 547 3390 cibum
571 3328 665 3409 eujus
688 3329 730 3391 sit
753 3329 877 3412 saporis
903 3328 1100 3404 discernens,
1126 3329 1186 3391 hoe
1242 3338 1379 3393 extensas
1399 3330 1432 3391 in
1453 3330 1589 3408 coelum3
1606 3331 1846 3412 permansitque
1866 3330 1926 3393 boe
1944 3330 1987 3392 fa-

437 3433 486 3488 est
510 3426 542 3488 in
567 3426 674 3490 verbis
701 3445 798 3490 saerae
824 3427 996 3509 Scripturae
1022 3427 1187 3509 sapientiae
1241 3429 1329 3491 ciens
1349 3428 1466 3510 jugiter
1487 3447 1545 3510 per
1566 3429 1809 3510 quatuordeeim
1828 3429 1907 3492 dies.

438 3543 560 3587 sensus.
578 3524 609 3587 Si
625 3523 699 3605 quis
714 3541 788 3604 ergo
808 3524 854 3586 sie
874 3525 1073 3587 intellectum
1092 3544 1186 3587 suum
1281 3527 1380 3606 lgitur
1399 3527 1490 3607 juxta
1511 3527 1686 3608 praehabita
1708 3528 1869 3590 discamus
1892 3536 1923 3589 et
1943 3546 1989 3590 as

437 3622 581 3685 intendat
595 3622 627 3683 in
643 3621 741 3684 verba
756 3621 881 3703 singula
897 3622 1092 3704 psalmodiae,
1105 3623 1188 3685 sicut
1242 3643 1426 3686 sueseamus
1441 3625 1637 3688 orationibus
1653 3627 1772 3688 sanctis
1787 3626 1944 3700 insistere,
1959 3634 1989 3687 et

435 3729 547 3802 gustus
568 3721 709 3782 intentus
730 3727 778 3782 θεῖ
797 3719 836 3782 ad
856 3720 1081 3782 discretionem
1097 3737 1187 3803 sapo-
1242 3731 1314 3785 ante
1329 3723 1505 3786 orationem
1519 3723 1558 3784 ad
1579 3742 1649 3784 eam
1667 3740 1724 3785 nos
1739 3741 1918 3804 praepararc
1933 3741 1989 3805 per

436 3819 480 3881 ris
496 3817 650 3894 ciborum,
661 3819 721 3880 iste
737 3819 873 3900 complet
887 3819 974 3901 quod
990 3819 1111 3881 dictum
1128 3826 1185 3894 est,
1242 3820 1359 3882 mentis
1388 3819 1645 3882 recollectionem
1670 3828 1700 3881 et
1731 3819 1918 3882 salutarium
1943 3839 1988 3882 re·

436 3916 562 3980 Psallite
580 3917 751 4000 sapienter.
1243 3938 1314 3980 rum
1337 3918 1586 3980 meditationem.
1605 3918 1769 3980 actualem
1794 3937 1922 4001 quoque
1946 3927 1989 3980 at·

477 4015 568 4078 Nunc
590 4015 776 4091 videndum,
792 4035 832 4078 an
854 4017 955 4079 oratio
979 4035 1049 4079 esse
1074 4016 1188 4078 debeat
1242 4017 1417 4079 tentionem
1433 4015 1619 4079 continuare
1638 4023 1733 4098 atque
1753 4016 1918 4079 intendere
1933 4036 1988 4080 seu

438 4115 589 4178 diuturna
603 4120 634 4177 et
648 4113 755 4176 verbis
771 4114 945 4196 prolixallt
959 4115 1087 4178 videtur
1102 4114 1187 4198 quod
1242 4134 1368 4197 augere,
1386 4123 1417 4176 et
1434 4114 1534 4196 magis
1549 4133 1585 4176 ac
1601 4115 1700 4194 magis
1721 4113 1924 4178 inflammare
1940 4132 1989 4177 co

438 4233 514 4290 uon,
524 4233 624 4298 quum
640 4213 673 4275 in
689 4213 861 4295 Evangelio
876 4214 1019 4278 Christus
1034 4222 1186 4278 testetur:
1203 4219 1226 4279 D
1243 4233 1368 4288 nomm,
1396 4212 1556 4275 infinitam
1581 4213 1636 4274 liei
1667 4212 1854 4287 bonitatem,
1879 4214 1988 4276 carita-

300 4325 425 4382 uarrl.v·,
439 4315 579 4388 Orantes‚
596 4313 695 4376 nolite
712 4312 849 4375 multum
865 4312 962 4395 loqui.
975 4313 1013 4375 Et
1028 4314 1188 4377 Climacus
1243 4320 1319 4386 tem,
1346 4311 1508 4393 pietatem,
1529 4311 1688 4391 justitiam
1712 4320 1745 4374 et
1767 4311 1987 4376 excellentiam

292 4395 312 4436 ⁷·
439 4411 551 4475 scribit
567 4429 574 4474 :
590 4412 635 4474 Ne
657 4411 782 4475 coneris
803 4412 941 4474 multum
963 4412 1050 4494 loqui
1070 4413 1102 4475 in
1121 4430 1188 4475 ora·
1244 4410 1407 4485 intuendo,
1425 4410 1569 4492 proprias
1585 4409 1679 4471 etiarn
1700 4410 1906 4486 calamitates,
1924 4412 1988 4474 cul-

439 4513 536 4586 tione,
557 4517 592 4572 ut
618 4527 682 4573 non
705 4509 745 4572 ad
771 4511 991 4592 quesitionem
1015 4509 1187 4573 verborum
1244 4528 1311 4592 pas
1327 4508 1595 4583 defectuositates,
1613 4509 1755 4590 pericula
1774 4511 1986 4592 ponderando.

440 4628 529 4672 mens
544 4617 599 4672 tua
611 4609 794 4691 dissipetur.
813 4609 915 4671 Unum
933 4608 1067 4671 verbum
1085 4609 1188 4692 publi·
1246 4608 1282 4669 Et
1301 4607 1425 4689 quoties
1445 4625 1502 4670 nos
1520 4607 1645 4687 evagari
1664 4609 1832 4684 sentimus,
1850 4617 1989 4672 mentem

439 4708 509 4772 cani
540 4709 640 4772 Deum
669 4707 709 4769 ad
739 4707 993 4770 misericordiam
1023 4706 1125 4781 flexit,
1156 4715 1188 4770 et
1243 4706 1282 4767 ad
1305 4706 1405 4767 Deum
1427 4706 1572 4787 protinus
1598 4721 1795 4782 revocemus,
1812 4713 1844 4768 et
1863 4707 1902 4768 de
1922 4707 1991 4790 ipsa

440 4826 540 4869 unum
565 4806 700 4870 verbum
722 4805 820 4868 fidele
844 4806 969 4868 salvum
993 4804 1070 4867 fecit
1095 4805 1186 4868 latro·
1243 4803 1448 4866 distractione
1464 4803 1730 4885 poeniteamus,ac
1745 4813 1906 4868 recentem
1923 4823 1991 4869 con-

298 4929 423 4986 uaqnl,
439 4924 532 4986 nem3
548 4906 646 4968 David
669 4922 796 4987 quoque
817 4904 963 4978 dicendo,
980 4903 1109 4966 Peccavi
1130 4904 1188 4966 Do·
1243 4903 1400 4986 cipiamus
1422 4901 1602 4982 fervorem3
1619 4911 1714 4985 atque
1737 4903 1769 4965 in
1790 4903 1858 4967 fine
1878 4905 1990 4988 paulu-

294 4998 325 5038 η·
440 5007 539 5082 mino,
569 5006 670 5067 Deum
698 5003 761 5066 sibi
791 5001 1019 5066 reconciliavit.
1049 5002 1187 5065 llfultilo·
1243 5003 1309 5064 lum
1327 5001 1519 5064 meditemur
1534 5002 1610 5064 dum
1626 5011 1727 5078 vacat,
1745 5004 1935 5087 veniamque
1950 5005 1989 5068 de

440 5107 553 5190 quium
578 5102 769 5185 plerumque
790 5100 823 5163 in
848 5101 990 5164 oratione
1013 5100 1189 5183 pereffudit
1243 5101 1503 5164 distractionibus
1518 5109 1550 5164 et
1564 5102 1861 5167 defectuositatibus
1877 5105 1910 5168 in
1926 5124 1991 5170 ora·

440 5211 583 5269 ruentem
598 5209 631 5264 et
644 5200 899 5284 phantasticavit.
917 5199 964 5263 Ad
980 5199 1047 5264 baec
1062 5200 1092 5263 S.
1109 5199 1188 5264 Tho
1242 5201 1329 5265 tione
1351 5199 1468 5262 habitis
1491 5201 1699 5282 postulemus.

440 5323 508 5369 mas
540 5301 742 5384 respondet:
769 5299 932 5375 Quantitas
960 5300 1006 5362 rei
1039 5316 1097 5363 suo
1125 5300 1186 5362 fini
1288 5300 1459 5375 Postremo,
1489 5301 1636 5381 quamvis
1666 5307 1803 5383 quatuor
1831 5312 1992 5386 ponantur
