4154 6258
428 473 490 546 392
650 497 798 545 commea
818 499 862 544 ιιι
883 497 956 545 rosr
975 497 1170 544 mmusrmr.
1189 515 1229 526 -
1249 496 1291 543 ιιι
1311 495 1485 544 umrorosos
1496 495 1505 559 ;
1527 495 1627 544 sunno
1647 495 1758 542 snxros

470 669 586 744 Tertio,
604 669 790 733 surditatem
806 677 838 732 et
856 668 1122 732 mutiiicationem
1140 686 1177 731 ae
1192 667 1216 731 Α
1233 685 1296 742 ces,
1312 667 1368 751 qui
1389 667 1451 730 nisi
1475 686 1509 730 se
1529 668 1615 750 ipsos
1637 667 1760 731 sortiter
1780 665 1910 742 vicerint,
1923 675 1946 730 et
2047 659 2048 716 l

430 767 666 831 indurationem
690 768 836 851 praelatas
858 768 934 831 lacit
957 785 1046 830 amor
1070 785 1177 828 carna·
1232 767 1393 829 salubrem
1409 766 1470 829 sibi
1487 766 1566 850 ipsis
1584 766 1767 830 violentiam
1782 765 1889 828 inferre
1901 775 1946 829 sut·

431 865 481 940 lis,
498 873 530 928 et
549 886 647 948 prava
666 867 823 949 voluptas,
839 886 910 950 quaa
928 873 1080 948 tanquam
1099 883 1177 948 pon·
1231 865 1364 946 egerint,
1386 883 1551 948 nunquam
1572 865 1611 928 ad
1634 883 1746 928 verum
1762 863 1946 946 perducentur

429 967 504 1028 dera
527 967 671 1047 quaedam
696 966 827 1028 trahunt
850 973 990 1028 mentem
1015 965 1175 1038 deorsum,
1231 964 1420 1047 proiectum.

428 1071 460 1126 et
483 1064 571 1126 vitiis
595 1064 863 1147 passionibusque
889 1062 1068 1144 subjiciunt
1089 1069 1177 1125 tanto
1270 1063 1331 1124 Has
1352 1080 1426 1144 ergo
1446 1071 1477 1126 et
1497 1062 1575 1125 alias
1594 1062 1735 1125 animam
1753 1059 1947 1124 surdilicantes

427 1162 576 1237 validius,
594 1171 713 1245 quanto
736 1162 893 1226 sensualis
916 1162 970 1224 illa
992 1161 1121 1224 allectio
1145 1169 1177 1224 et
1230 1180 1267 1223 ac
1293 1161 1509 1224 mutilieautes
1533 1169 1565 1224 et
1591 1161 1783 1224 obdurantes
1809 1178 1905 1222 causas
1924 1170 1947 1222 et
2048 1213 2049 1228 ,

427 1260 596 1324 delectatio
616 1261 795 1324 inordinata
813 1261 933 1323 luerint
952 1259 1052 1341 magis
1074 1259 1176 1322 inten-
1232 1259 1341 1341 culpas
1362 1259 1509 1334 vitemus,
1526 1267 1558 1322 et
1576 1260 1668 1341 juxta
1688 1257 1855 1341 apostoliea
1872 1259 1947 1321 docu-
2048 1253 2049 1256 ’

428 1359 572 1423 emilina
586 1358 690 1439 gulosi
705 1367 737 1421 et
752 1358 910 1441 crapulosi
925 1358 1022 1422 verba
1037 1357 1188 1420 salubria.
1232 1365 1349 1432 menta,
1366 1357 1407 1420 sit
1429 1357 1565 1438 quilibet
1586 1364 1731 1420 nostrum
1753 1355 1840 1420 velox
1858 1357 1892 1418 ad
1907 1375 2035 1424 ιι-ιιωιιιι.

428 1457 468 1520 de
484 1455 665 1530 sobrietate,
676 1456 869 1520 abstinentia
884 1464 915 1519 et
930 1456 1072 1538 corporis
1088 1457 1177 1518 casti·
1231 1456 1383 1518 diendum
1399 1454 1496 1518 verba
1510 1455 1632 1529 salutis,
1643 1455 1743 1518 verba
1756 1455 1947 1537 correptionis,

428 1547 556 1636 gatione
585 1555 789 1638 impatienter
816 1555 1006 1637 suscipiunt,
1032 1573 1091 1617 nec
1120 1574 1178 1636 per
1231 1553 1464 1628 aedificationis,
1482 1553 1728 1626 informationis,
1739 1570 1801 1617 non
1814 1553 1900 1614 verba
1911 1553 1949 1614 de

429 1652 692 1735 approbationem
708 1653 775 1716 haee
790 1654 934 1728 audiunt,
952 1653 1007 1715 sed
1023 1653 1122 1733 magis
1138 1654 1178 1715 ir·
1231 1653 1379 1714 tractoria
1409 1659 1465 1714 aut
1494 1651 1660 1715 discordias
1689 1651 1879 1724 seminativa,
1903 1669 1948 1714 nec

431 1751 544 1814 rident.
561 1750 715 1814 Vitandus
735 1768 810 1832 ergo
831 1759 879 1813 est
898 1751 1055 1832 religiosis
1073 1751 1177 1813 omnis
1230 1751 1329 1814 verba
1348 1751 1465 1825 inania,
1482 1751 1605 1824 nociva,
1622 1749 1791 1824 turbativa,
1806 1749 1854 1812 vel
1867 1750 1899 1811 ad
1911 1769 1948 1811 ca·
2049 1775 2050 1822 ι

429 1867 518 1911 amor
540 1847 687 1922 carnalis,
703 1856 735 1910 et
754 1849 904 1911 universa
922 1848 1078 1912 sensualis
1099 1848 1177 1911 alle·
1194 1847 1216 1908 B
1231 1849 1366 1912 chinnos
1392 1849 1561 1912 moventia.
1579 1850 1712 1931 insuper
1734 1848 1893 1912 Dominum
1909 1849 1948 1910 de-

429 1947 503 2020 otio,
521 1953 585 2008 tam
607 1946 691 2008 circa
712 1965 746 2009 se
769 1947 854 2030 ipsos
874 1966 970 2029 quam
991 1947 1076 2009 circa
1095 1955 1177 2010 cete·
1231 1966 1398 2030 precemur
1413 1954 1447 2009 ut
1462 1947 1553 2010 tollat
1567 1947 1597 2008 in
1611 1955 1766 2011 eternum
1779 1967 1796 2009 a
1811 1946 1895 2009 nobis
1907 1965 1948 2008 cor
1976 1961 2020 2003 ιιι

429 2052 533 2118 ros,et
548 2044 633 2106 circa
649 2045 790 2126 corporis
805 2045 1032 2119 alimenta,sed
1049 2053 1078 2108 et
1095 2045 1178 2108 cirea
1231 2044 1404 2127 lapideum,
1429 2063 1589 2120 aversum,
1614 2064 1768 2120 amarum,
1792 2053 1826 2107 et
1847 2051 1949 2126 prestet
1958 2032 2021 2065 ¹¹⁰¹*

429 2161 509 2204 vana
524 2142 646 2216 solatia,
664 2143 749 2205 cirea
764 2143 866 2218 ludos,
882 2144 982 2224 jocos,
999 2142 1180 2206 contabula·
1231 2144 1324 2206 nobis
1352 2163 1406 2207 cor
1434 2163 1596 2220 carneum,
1626 2163 1681 2208 cor
1709 2145 1949 2226 compunctionis,

428 2242 542 2316 tiones,
559 2242 722 2304 discursus
737 2261 774 2305 ac
790 2242 934 2325 proprias
955 2241 1127 2314 libertates,
1145 2241 1178 2303 in
1232 2242 1409 2306 devotionis
1433 2243 1602 2325 omnisque
1623 2243 1732 2324 gratiae
1754 2242 1884 2305 faciliter
1900 2262 1951 2303 sus

429 2338 547 2422 quibus
563 2339 730 2401 assuefieri
746 2340 961 2421 periculosum
978 2346 1027 2402 est
1041 2340 1178 2402 maxime
1232 2341 1407 2421 captivum,
1424 2339 1548 2403 fortiter
1567 2341 1780 2420 retentivum3
1803 2347 1835 2402 et
1854 2341 1951 2421 aperis·
2050 2399 2051 2426 ,

430 2444 462 2498 et
486 2436 617 2499 omnino
647 2437 836 2499 damnabile.
863 2438 1031 2519 Propterea
1055 2438 1088 2499 in
1113 2437 1179 2499 solo
1234 2458 1305 2500 mus
1329 2456 1363 2501 os
1393 2446 1537 2501 nostrum
1564 2439 1603 2502 ad
1628 2437 1725 2501 verba
1751 2437 1892 2511 salubria,
1913 2456 1950 2498 ac·
2050 2431 2051 2484 ἶ

430 2535 495 2597 Deo
523 2535 727 2615 gaudendum
757 2544 815 2608 est,
841 2543 873 2598 et
901 2536 1103 2618 exstirpanda
1133 2543 1181 2598 est
1233 2535 1374 2598 ausando
1402 2553 1459 2598 uos
1490 2536 1587 2617 ipsos,
1612 2533 1861 2617 aediiicandoque
1881 2534 1949 2597 alios.

430 2632 600 2696 delectatio
624 2652 730 2714 prava.
749 2633 889 2695 Cornelis
908 2634 1058 2715 equidem
1078 2651 1178 2707 amor,
1233 2635 1405 2708 Postremo,
1438 2634 1554 2698 Christi
1587 2633 1735 2717 exemplo
1766 2635 1951 2716 adspiciamus

431 2731 587 2794 sensualis
602 2729 732 2793 allectio
752 2738 847 2812 atque
866 2731 1076 2794 immoderata
1096 2732 1180 2794 dele·
1234 2734 1266 2796 in
1283 2734 1411 2808 coelum,
1428 2734 1467 2795 ad
1484 2734 1583 2796 Deum
1605 2732 1676 2796 coeli
1699 2734 1833 2796 levando
1851 2751 1898 2795 cor
1913 2749 1952 2792 no

431 2831 538 2904 ctatio,
555 2829 746 2893 mirabiliter
760 2850 797 2892 ac
814 2830 1039 2893 miserabiliter
1055 2850 1109 2894 eor
1124 2831 1180 2893 hu·
1234 2839 1347 2906 strum,
1360 2839 1391 2893 et
1406 2849 1503 2912 super
1519 2831 1667 2904 miseriis,
1684 2830 1952 2894 defectuositatibus

432 2947 562 2990 manum
583 2937 753 3003 excecant,
771 2930 911 3004 trabunt,
928 2929 1089 3012 variisque
1109 2949 1180 3012 pec·
1234 2949 1270 2992 ac
1286 2929 1425 3011 peccatis
1441 2929 1558 2992 nostris
1578 2929 1761 2992 cordialiter
1777 2948 1814 2991 ac
1832 2929 1952 3010 irequen·

432 3027 510 3088 catis
533 3026 710 3089 involvunt.
1194 3029 1216 3093 G
1234 3035 1282 3091 ter
1297 3045 1478 3109 gemamus3
1490 3028 1744 3091 misericordiam
1760 3027 1950 3110 imploremus,
2051 3033 2052 3042 ’

472 3125 599 3199 Quarto,
616 3125 662 3188 sic
687 3125 831 3200 surdum,
849 3133 973 3188 mutum
997 3134 1029 3189 et
1053 3127 1179 3189 indura·
1235 3135 1267 3190 et
1287 3126 1463 3190 defleamus
1488 3144 1524 3187 ac
1549 3127 1758 3189 emendemus
1778 3125 1894 3188 assidue
1909 3141 1951 3186 nos

432 3230 501 3285 tum
516 3222 593 3285 iacit
607 3223 792 3304 religiosum
812 3224 930 3286 duritia
948 3225 1063 3298 cordis,
1075 3233 1108 3286 et
1121 3225 1180 3286 im·
1235 3226 1332 3307 ipsoS,
1349 3243 1421 3286 cum
1437 3224 1592 3306 Propheta
1611 3224 1754 3286 dicentes
1773 3243 1810 3286 ac
1826 3223 1951 3286 iacientes

434 3321 557 3385 mansio
579 3322 700 3404 proprii
726 3342 847 3385 sensus.
866 3323 945 3385 Sunt
967 3323 1085 3385 etenim
1111 3324 1179 3405 qui·
1235 3324 1319 3406 quod
1338 3323 1382 3384 ait
1398 3340 1405 3383 ε
1422 3323 1511 3385 Sicut
1530 3322 1614 3385 oculi
1631 3322 1757 3386 ancillae
1778 3323 1810 3383 in
1830 3319 1950 3383 manibus
1960 3335 2035 3376 aaa:

433 3421 505 3484 dam
522 3421 638 3504 partim
655 3440 693 3484 ex
712 3421 849 3483 naturali
869 3421 1077 3504 dispositione
1096 3422 1178 3496 duri,
1235 3421 1371 3484 dominae
1393 3440 1468 3494 suae,
1486 3420 1529 3483 ita
1544 3420 1628 3484 oculi
1643 3422 1744 3483 nostri
1759 3422 1798 3484 ad
1813 3419 1950 3483 Βοιιιίιιιι

434 3519 588 3582 indociles
608 3527 703 3603 atquc
726 3520 758 3582 in
778 3539 874 3582 sensu
894 3519 1025 3602 proprio
1045 3520 1181 3601 pertina—
1237 3520 1333 3582 Deum
1355 3526 1509 3594 nostrum,
1536 3520 1636 3582 donec
1659 3520 1846 3583 misereatur
1864 3515 1950 3580 nostri.

983 3906 1176 3993 suello
1215 3905 1435 3993 SEXTUS

584 4157 623 4202 nn
644 4157 805 4205 uvsrnuus
827 4159 1007 4206 cunlrrorus
1029 4158 1118 4204 suani
1140 4157 1176 4202 nr
1197 4157 1279 4213 uurr,
1300 4157 1367 4211 oon
1388 4155 1420 4202 m
1441 4155 1558 4203 scoruu
1579 4157 1638 4203 suu
1660 4157 1837 4204 numianus

539 4227 545 4239 '
1015 4256 1087 4302 eoru
1109 4255 1227 4301 nunnus
1248 4255 1406 4301 nnurcvosr.

504 4507 1222 4580 DMIRABANTUR,diacoma-Beneom·D
1238 4506 1373 4570 salvabit
1388 4525 1443 4570 vos
1460 4523 1466 4568 :
1484 4514 1561 4569 tune
1580 4506 1766 4589 aperientur
1784 4505 1864 4570 oculi
1882 4519 1956 4566 caco

520 4607 578 4666 nia
599 4608 698 4684 feeit,·
712 4616 743 4666 et
765 4609 882 4667 surdos
901 4608 980 4683 fecit
1004 4607 1135 4675 audire,
1151 4613 1182 4663 et
1237 4624 1321 4678 rum,
1346 4612 1379 4667 et
1401 4623 1493 4668 aures
1518 4606 1687 4669 surdorum
1712 4605 1880 4688 patebunt;
1897 4609 1955 4662 tunc

436 4713 541 4765 mutos
562 4702 905 4783 toqui.llarc.v11,37.
1237 4703 1329 4766 saliet
1347 4703 1431 4766 sieut
1450 4722 1563 4766 cervus
1582 4703 1726 4778 claudus,
1743 4712 1774 4767 et
1794 4709 1893 4786 aperta
1910 4697 1955 4761 crit

477 4801 606 4877 Quando
621 4801 763 4864 Salvator
777 4801 900 4865 curavit
887 4802 1046 4865 tsurdum
1067 4808 1097 4863 et
1113 4819 1182 4862 mu·
1237 4801 1342 4883 lingua
1357 4809 1521 4865 mutorum.
1528 4803 1748 4865 lerumtamen
1763 4803 1876 4865 llarcus
1887 4815 1956 4861 evan

438 4908 506 4964 tum
522 4901 560 4963 de
576 4917 640 4982 quo
654 4918 792 4981 praeseus
813 4899 954 4981 loquitur
968 4898 1180 4980 evangelium,
1236 4900 1349 4981 gelista
1368 4898 1549 5012 specialiter
1566 4900 1678 4963 recitat
1698 4901 1737 4964 de
1756 4902 1817 4964 isto
1835 4899 1917 4963 surdo
1931 4902 1954 4957 et
1974 4905 2031 4950 tc

297 5018 385 5063 ιιιιιι.
394 5031 423 5069 ιι
438 4999 562 5064 curavit
581 5006 612 5062 et
632 4997 711 5061 alios
733 4997 849 5060 multos
874 4998 986 5060 surdos
1006 5016 1042 5059 aa
1066 5005 1181 5072 mutos,
1238 5006 1325 5061 muto
1329 4999 1421 5080 ,quia
1435 4999 1466 5060 in
1483 4997 1553 5079 ejus
1568 4999 1732 5062 curatione
1747 4999 1882 5064 Christus
1896 4994 1955 5058 mul·
1964 4973 2023 5012 ³⁸⁵¹

290 5085 378 5188 ζῇ·
342 5095 378 5132 ”·
357 5083 423 5130 ³⁰·
418 5112 538 5162 'caecos
561 5113 688 5179 quoque
712 5114 748 5157 ac
772 5094 904 5169 debiles,
923 5102 958 5156 ut
983 5095 1015 5157 in
1039 5095 1183 5158 Malthace
1237 5096 1506 5180 tamysticeegit,
1514 5095 1955 5179 etmagnapraeliguravitmv

403 5198 564 5293 legitur,
581 5195 719 5277 impleus
735 5195 843 5277 quod
835 5214 867 5256 m
882 5195 963 5257 Isaia
982 5194 1045 5257 de
1037 5212 1107 5276 rpso
1123 5194 1184 5256 luit
1237 5195 1333 5257 steria
1336 5202 1450 5276 ,atque
1466 5194 1629 5258 solennius
1644 5194 1727 5258 iacta
1742 5202 1790 5259 est
1803 5195 1893 5275 hujus
1905 5207 1955 5252 sur·
2051 5177 2053 5262 l

289 5249 424 5354 {pua
437 5295 655 5378 praedietum:
677 5293 757 5356 Eece
782 5293 864 5356 Deus
890 5300 994 5356 vester
1018 5293 1133 5368 veniet,
1151 5300 1182 5355 et
1238 5293 1268 5356 dr
1285 5311 1321 5355 ao
1337 5293 1417 5355 mutr
1433 5291 1562 5356 curatio
1575 5293 1669 5356 Porro
1684 5293 1776 5358 turba
1790 5313 1858 5376 quae
1870 5306 1957 5354 omna
