<?xml version="1.0" encoding="UTF-8"?>
<!DOCTYPE html PUBLIC "-//W3C//DTD XHTML 1.0 Transitional//EN"
    "http://www.w3.org/TR/xhtml1/DTD/xhtml1-transitional.dtd">
<html xmlns="http://www.w3.org/1999/xhtml" xml:lang="en" lang="en">
 <head>
  <title>
</title>
<meta http-equiv="Content-Type" content="text/html;charset=utf-8" />
  <meta name='ocr-system' content='tesseract 3.04.00' />
  <meta name='ocr-capabilities' content='ocr_page ocr_carea ocr_par ocr_line ocrx_word'/>
</head>
<body>
  <div class='ocr_page' id='page_1' title='image "./doctorisecstati01unkngoog/doctorisecstati01unkngoog_0185.png"; bbox 0 0 4214 6254; ppageno 0'>
   <div class='ocr_carea' id='block_1_1' title="bbox 439 497 1650 566">
    <p class='ocr_par' dir='ltr' id='par_1_1' title="bbox 439 497 1650 566">
     <span class='ocr_line' id='line_1_1' title="bbox 439 497 1650 566; baseline -0.003 -2"><span class='ocrx_word' id='word_1_1' title='bbox 439 497 498 564; x_wconf 76' lang='lat' dir='ltr'>l62</span> <span class='ocrx_word' id='word_1_2' title='bbox 792 517 939 566; x_wconf 81' lang='lat' dir='ltr'>neutrum</span> <span class='ocrx_word' id='word_1_3' title='bbox 961 517 984 564; x_wconf 88' lang='lat'>11</span> <span class='ocrx_word' id='word_1_4' title='bbox 1005 517 1077 563; x_wconf 88' lang='lat' dir='ltr'>rosr</span> <span class='ocrx_word' id='word_1_5' title='bbox 1098 513 1295 562; x_wconf 78' lang='lat' dir='ltr'>rerurrxrnn.</span> <span class='ocrx_word' id='word_1_6' title='bbox 1315 532 1355 544; x_wconf 97' lang='lat'>—</span> <span class='ocrx_word' id='word_1_7' title='bbox 1376 513 1474 562; x_wconf 84' lang='lat' dir='ltr'>sunno</span> <span class='ocrx_word' id='word_1_8' title='bbox 1496 515 1650 562; x_wconf 80' lang='lat' dir='ltr'>succubus</span> 
     </span>
    </p>
   </div>
   <div class='ocr_carea' id='block_1_2' title="bbox 292 682 2071 5405">
    <p class='ocr_par' dir='ltr' id='par_1_2' title="bbox 355 682 2071 967">
     <span class='ocr_line' id='line_1_2' title="bbox 355 682 2071 770; baseline -0.003 -20"><span class='ocrx_word' id='word_1_9' title='bbox 355 703 357 708; x_wconf 76' lang='grc'>’</span> <span class='ocrx_word' id='word_1_10' title='bbox 440 687 554 750; x_wconf 89' lang='lat' dir='ltr'>diebus</span> <span class='ocrx_word' id='word_1_11' title='bbox 579 688 643 750; x_wconf 91' lang='lat' dir='ltr'>illis</span> <span class='ocrx_word' id='word_1_12' title='bbox 662 693 806 770; x_wconf 76' lang='lat' dir='ltr'>querant</span> <span class='ocrx_word' id='word_1_13' title='bbox 825 687 970 750; x_wconf 90' lang='lat' dir='ltr'>homines</span> <span class='ocrx_word' id='word_1_14' title='bbox 995 693 1141 760; x_wconf 90' lang='lat' dir='ltr'>mortem,</span> <span class='ocrx_word' id='word_1_15' title='bbox 1159 693 1190 748; x_wconf 88' lang='lat' dir='ltr'>et</span> <span class='ocrx_word' id='word_1_16' title='bbox 1205 688 1230 750; x_wconf 83' lang='grc' dir='ltr'>Α</span> <span class='ocrx_word' id='word_1_17' title='bbox 1245 685 1321 746; x_wconf 91' lang='lat' dir='ltr'>dum</span> <span class='ocrx_word' id='word_1_18' title='bbox 1336 684 1453 767; x_wconf 90' lang='lat' dir='ltr'>aliquis</span> <span class='ocrx_word' id='word_1_19' title='bbox 1473 691 1545 766; x_wconf 88' lang='lat' dir='ltr'>post</span> <span class='ocrx_word' id='word_1_20' title='bbox 1560 682 1756 766; x_wconf 81' lang='lat' dir='ltr'><strong>opulentiam</strong></span> <span class='ocrx_word' id='word_1_21' title='bbox 1775 682 1921 763; x_wconf 87' lang='lat' dir='ltr'>grandem</span> <span class='ocrx_word' id='word_1_22' title='bbox 1936 702 1973 745; x_wconf 89' lang='lat' dir='ltr'>re·</span> <span class='ocrx_word' id='word_1_23' title='bbox 2070 707 2071 754; x_wconf 83' lang='lat' dir='ltr'>t</span> 
     </span>
     <span class='ocr_line' id='line_1_3' title="bbox 441 781 1973 866; baseline -0.004 -18"><span class='ocrx_word' id='word_1_24' title='bbox 441 805 505 849; x_wconf 92' lang='lat' dir='ltr'>non</span> <span class='ocrx_word' id='word_1_25' title='bbox 522 785 687 850; x_wconf 85' lang='lat' dir='ltr'>invenient</span> <span class='ocrx_word' id='word_1_26' title='bbox 702 805 791 866; x_wconf 91' lang='lat' dir='ltr'>eam;</span> <span class='ocrx_word' id='word_1_27' title='bbox 807 793 838 848; x_wconf 90' lang='lat' dir='ltr'>et</span> <span class='ocrx_word' id='word_1_28' title='bbox 853 785 1081 848; x_wconf 90' lang='lat' dir='ltr'>desiderabunt</span> <span class='ocrx_word' id='word_1_29' title='bbox 1095 785 1188 859; x_wconf 87' lang='lat' dir='ltr'>mori,</span> <span class='ocrx_word' id='word_1_30' title='bbox 1245 791 1340 866; x_wconf 89' lang='lat' dir='ltr'>pente</span> <span class='ocrx_word' id='word_1_31' title='bbox 1362 784 1607 865; x_wconf 87' lang='lat' dir='ltr'>depauperatur.</span> <span class='ocrx_word' id='word_1_32' title='bbox 1621 781 1709 856; x_wconf 83' lang='lat' dir='ltr'>Quod</span> <span class='ocrx_word' id='word_1_33' title='bbox 1729 789 1856 843; x_wconf 87' lang='lat' dir='ltr'>sanctus</span> <span class='ocrx_word' id='word_1_34' title='bbox 1874 781 1926 842; x_wconf 85' lang='lat' dir='ltr'>lob</span> <span class='ocrx_word' id='word_1_35' title='bbox 1943 783 1973 842; x_wconf 93' lang='lat' dir='ltr'>si-</span> 
     </span>
     <span class='ocr_line' id='line_1_4' title="bbox 443 879 2059 967; baseline -0.004 -19"><span class='ocrx_word' id='word_1_36' title='bbox 443 893 476 948; x_wconf 87' lang='lat' dir='ltr'>et</span> <span class='ocrx_word' id='word_1_37' title='bbox 499 885 601 967; x_wconf 88' lang='lat' dir='ltr'>fugiet</span> <span class='ocrx_word' id='word_1_38' title='bbox 625 903 709 948; x_wconf 90' lang='lat' dir='ltr'>mors</span> <span class='ocrx_word' id='word_1_39' title='bbox 733 885 773 948; x_wconf 92' lang='lat' dir='ltr'>ab</span> <span class='ocrx_word' id='word_1_40' title='bbox 798 886 854 948; x_wconf 89' lang='lat' dir='ltr'>cis.</span> <span class='ocrx_word' id='word_1_41' title='bbox 881 885 969 948; x_wconf 90' lang='lat' dir='ltr'>Unde</span> <span class='ocrx_word' id='word_1_42' title='bbox 994 892 1025 946; x_wconf 90' lang='lat' dir='ltr'>ct</span> <span class='ocrx_word' id='word_1_43' title='bbox 1049 884 1191 948; x_wconf 82' lang='lat' dir='ltr'>Christus</span> <span class='ocrx_word' id='word_1_44' title='bbox 1247 883 1280 944; x_wconf 91' lang='lat' dir='ltr'>bi</span> <span class='ocrx_word' id='word_1_45' title='bbox 1302 882 1456 944; x_wconf 90' lang='lat' dir='ltr'>accidisse</span> <span class='ocrx_word' id='word_1_46' title='bbox 1477 881 1685 964; x_wconf 80' lang='lat' dir='ltr'>conqueritur</span> <span class='ocrx_word' id='word_1_47' title='bbox 1706 899 1713 943; x_wconf 94' lang='lat'>:</span> <span class='ocrx_word' id='word_1_48' title='bbox 1734 880 1799 961; x_wconf 84' lang='lat' dir='ltr'>Ego</span> <span class='ocrx_word' id='word_1_49' title='bbox 1817 879 2059 962; x_wconf 60' lang='lat' dir='ltr'>(inquiens)1„„,÷</span> 
     </span>
    </p>

    <p class='ocr_par' dir='ltr' id='par_1_3' title="bbox 292 979 2060 5405">
     <span class='ocr_line' id='line_1_5' title="bbox 321 979 1975 1067; baseline 0 -25"><span class='ocrx_word' id='word_1_50' title='bbox 321 997 407 1042; x_wconf 68' lang='lat' dir='ltr'>nata</span> <span class='ocrx_word' id='word_1_51' title='bbox 443 985 524 1047; x_wconf 88' lang='lat' dir='ltr'>dixit</span> <span class='ocrx_word' id='word_1_52' title='bbox 543 985 582 1047; x_wconf 91' lang='lat' dir='ltr'>de</span> <span class='ocrx_word' id='word_1_53' title='bbox 601 985 680 1047; x_wconf 88' lang='lat' dir='ltr'>luda</span> <span class='ocrx_word' id='word_1_54' title='bbox 702 984 862 1067; x_wconf 83' lang='lat' dir='ltr'>proditore</span> <span class='ocrx_word' id='word_1_55' title='bbox 880 983 1027 1046; x_wconf 93' lang='lat' dir='ltr'>:Bonum</span> <span class='ocrx_word' id='word_1_56' title='bbox 1047 983 1077 1045; x_wconf 91' lang='lat' dir='ltr'>ei</span> <span class='ocrx_word' id='word_1_57' title='bbox 1097 989 1191 1054; x_wconf 86' lang='lat' dir='ltr'>esset,</span> <span class='ocrx_word' id='word_1_58' title='bbox 1247 982 1408 1064; x_wconf 91' lang='lat' dir='ltr'>quondam</span> <span class='ocrx_word' id='word_1_59' title='bbox 1424 980 1479 1044; x_wconf 95' lang='lat' dir='ltr'>ille</span> <span class='ocrx_word' id='word_1_60' title='bbox 1493 981 1677 1063; x_wconf 88' lang='lat' dir='ltr'>opulentus,</span> <span class='ocrx_word' id='word_1_61' title='bbox 1694 987 1825 1061; x_wconf 90' lang='lat' dir='ltr'>repente</span> <span class='ocrx_word' id='word_1_62' title='bbox 1841 979 1975 1042; x_wconf 90' lang='lat' dir='ltr'>contritus</span> 
     </span>
     <span class='ocr_line' id='line_1_6' title="bbox 295 1063 1975 1162; baseline -0.002 -18"><span class='ocrx_word' id='word_1_63' title='bbox 295 1075 351 1114; x_wconf 57' lang='lat'>¹¹¹¹¹</span> <span class='ocrx_word' id='word_1_64' title='bbox 361 1063 396 1108; x_wconf 73' lang='lat'>²⁴·</span> <span class='ocrx_word' id='word_1_65' title='bbox 443 1083 470 1144; x_wconf 92' lang='lat' dir='ltr'>si</span> <span class='ocrx_word' id='word_1_66' title='bbox 490 1091 583 1145; x_wconf 90' lang='lat' dir='ltr'>natus</span> <span class='ocrx_word' id='word_1_67' title='bbox 602 1100 667 1145; x_wconf 89' lang='lat' dir='ltr'>non</span> <span class='ocrx_word' id='word_1_68' title='bbox 683 1090 768 1145; x_wconf 89' lang='lat' dir='ltr'>esset</span> <span class='ocrx_word' id='word_1_69' title='bbox 785 1082 882 1146; x_wconf 92' lang='lat' dir='ltr'>homo</span> <span class='ocrx_word' id='word_1_70' title='bbox 902 1081 967 1143; x_wconf 91' lang='lat' dir='ltr'>ille.</span> <span class='ocrx_word' id='word_1_71' title='bbox 985 1081 1049 1145; x_wconf 90' lang='lat' dir='ltr'>Hoc</span> <span class='ocrx_word' id='word_1_72' title='bbox 1062 1081 1102 1143; x_wconf 89' lang='lat' dir='ltr'>da</span> <span class='ocrx_word' id='word_1_73' title='bbox 1117 1097 1193 1162; x_wconf 85' lang='lat' dir='ltr'>quo</span> <span class='ocrx_word' id='word_1_74' title='bbox 1247 1098 1329 1141; x_wconf 89' lang='lat' dir='ltr'>sum.</span> <span class='ocrx_word' id='word_1_75' title='bbox 1346 1079 1553 1154; x_wconf 88' lang='lat' dir='ltr'>—Quartum</span> <span class='ocrx_word' id='word_1_76' title='bbox 1577 1078 1736 1141; x_wconf 89' lang='lat' dir='ltr'>ferculum</span> <span class='ocrx_word' id='word_1_77' title='bbox 1761 1079 1975 1153; x_wconf 88' lang='lat' dir='ltr'>damnatorum,</span> 
     </span>
     <span class='ocr_line' id='line_1_7' title="bbox 443 1177 1976 1262; baseline -0.005 -17"><span class='ocrx_word' id='word_1_78' title='bbox 443 1182 521 1245; x_wconf 90' lang='lat' dir='ltr'>libet</span> <span class='ocrx_word' id='word_1_79' title='bbox 536 1182 747 1245; x_wconf 91' lang='lat' dir='ltr'>condemnato</span> <span class='ocrx_word' id='word_1_80' title='bbox 766 1180 1020 1262; x_wconf 84' lang='lat' dir='ltr'>aetemaliterqne</span> <span class='ocrx_word' id='word_1_81' title='bbox 1041 1179 1191 1241; x_wconf 91' lang='lat' dir='ltr'>damnan·</span> <span class='ocrx_word' id='word_1_82' title='bbox 1248 1186 1296 1240; x_wconf 90' lang='lat' dir='ltr'>est</span> <span class='ocrx_word' id='word_1_83' title='bbox 1310 1179 1490 1261; x_wconf 81' lang='lat' dir='ltr'>desperatio</span> <span class='ocrx_word' id='word_1_84' title='bbox 1510 1177 1716 1260; x_wconf 89' lang='lat' dir='ltr'>sempiterna,</span> <span class='ocrx_word' id='word_1_85' title='bbox 1732 1195 1796 1259; x_wconf 88' lang='lat' dir='ltr'>qua</span> <span class='ocrx_word' id='word_1_86' title='bbox 1815 1177 1912 1258; x_wconf 84' lang='lat' dir='ltr'>magis</span> <span class='ocrx_word' id='word_1_87' title='bbox 1928 1183 1976 1239; x_wconf 90' lang='lat' dir='ltr'>tor-</span> 
     </span>
     <span class='ocr_line' id='line_1_8' title="bbox 441 1275 1975 1363; baseline -0.004 -21"><span class='ocrx_word' id='word_1_88' title='bbox 441 1281 482 1344; x_wconf 91' lang='lat' dir='ltr'>do</span> <span class='ocrx_word' id='word_1_89' title='bbox 510 1280 627 1363; x_wconf 89' lang='lat' dir='ltr'>poterit</span> <span class='ocrx_word' id='word_1_90' title='bbox 655 1279 729 1342; x_wconf 90' lang='lat' dir='ltr'>dici.</span> <span class='ocrx_word' id='word_1_91' title='bbox 756 1315 796 1326; x_wconf 89' lang='lat'>—</span> <span class='ocrx_word' id='word_1_92' title='bbox 821 1278 1003 1342; x_wconf 89' lang='lat' dir='ltr'>Secundum</span> <span class='ocrx_word' id='word_1_93' title='bbox 1033 1277 1192 1340; x_wconf 93' lang='lat' dir='ltr'>ferculum</span> <span class='ocrx_word' id='word_1_94' title='bbox 1247 1285 1386 1358; x_wconf 92' lang='lat' dir='ltr'>quentur</span> <span class='ocrx_word' id='word_1_95' title='bbox 1406 1277 1438 1338; x_wconf 94' lang='lat' dir='ltr'>in</span> <span class='ocrx_word' id='word_1_96' title='bbox 1460 1283 1578 1350; x_wconf 90' lang='lat' dir='ltr'>mente,</span> <span class='ocrx_word' id='word_1_97' title='bbox 1595 1295 1692 1358; x_wconf 91' lang='lat' dir='ltr'>quam</span> <span class='ocrx_word' id='word_1_98' title='bbox 1714 1275 1788 1356; x_wconf 88' lang='lat' dir='ltr'>igne</span> <span class='ocrx_word' id='word_1_99' title='bbox 1802 1275 1836 1336; x_wconf 90' lang='lat' dir='ltr'>in</span> <span class='ocrx_word' id='word_1_100' title='bbox 1851 1291 1975 1356; x_wconf 86' lang='lat' dir='ltr'>corpore.</span> 
     </span>
     <span class='ocr_line' id='line_1_9' title="bbox 441 1372 1978 1453; baseline -0.005 -12"><span class='ocrx_word' id='word_1_101' title='bbox 441 1397 540 1442; x_wconf 81' lang='lat' dir='ltr'>coenae</span> <span class='ocrx_word' id='word_1_102' title='bbox 555 1378 733 1453; x_wconf 78' lang='lat' dir='ltr'>infernaliS,</span> <span class='ocrx_word' id='word_1_103' title='bbox 751 1385 801 1441; x_wconf 90' lang='lat' dir='ltr'>est</span> <span class='ocrx_word' id='word_1_104' title='bbox 816 1378 870 1440; x_wconf 92' lang='lat' dir='ltr'>illa</span> <span class='ocrx_word' id='word_1_105' title='bbox 886 1375 1119 1440; x_wconf 74' lang='lat' dir='ltr'>inaestimabilis</span> <span class='ocrx_word' id='word_1_106' title='bbox 1134 1381 1193 1436; x_wconf 93' lang='lat' dir='ltr'>tar-</span> <span class='ocrx_word' id='word_1_107' title='bbox 1248 1411 1288 1419; x_wconf 85' lang='lat'>—-</span> <span class='ocrx_word' id='word_1_108' title='bbox 1316 1375 1467 1448; x_wconf 83' lang='lat' dir='ltr'>Quintum</span> <span class='ocrx_word' id='word_1_109' title='bbox 1497 1375 1668 1450; x_wconf 91' lang='lat' dir='ltr'>ferculum,</span> <span class='ocrx_word' id='word_1_110' title='bbox 1699 1381 1747 1436; x_wconf 98' lang='grc' dir='ltr'>θεῖ</span> <span class='ocrx_word' id='word_1_111' title='bbox 1776 1372 1978 1436; x_wconf 88' lang='lat' dir='ltr'>infelicissima</span> 
     </span>
     <span class='ocr_line' id='line_1_10' title="bbox 440 1472 1978 1558; baseline -0.005 -19"><span class='ocrx_word' id='word_1_112' title='bbox 440 1475 521 1540; x_wconf 88' lang='lat' dir='ltr'>tarci</span> <span class='ocrx_word' id='word_1_113' title='bbox 545 1476 628 1558; x_wconf 84' lang='lat' dir='ltr'>ignis</span> <span class='ocrx_word' id='word_1_114' title='bbox 654 1475 791 1558; x_wconf 91' lang='lat' dir='ltr'>punitio,</span> <span class='ocrx_word' id='word_1_115' title='bbox 818 1476 873 1558; x_wconf 92' lang='lat' dir='ltr'>qui</span> <span class='ocrx_word' id='word_1_116' title='bbox 900 1473 1193 1557; x_wconf 81' lang='lat' dir='ltr'>incomparabiliter</span> <span class='ocrx_word' id='word_1_117' title='bbox 1249 1473 1383 1536; x_wconf 90' lang='lat' dir='ltr'>societas</span> <span class='ocrx_word' id='word_1_118' title='bbox 1408 1490 1519 1537; x_wconf 91' lang='lat' dir='ltr'>eorum</span> <span class='ocrx_word' id='word_1_119' title='bbox 1548 1473 1587 1536; x_wconf 91' lang='lat' dir='ltr'>ad</span> <span class='ocrx_word' id='word_1_120' title='bbox 1614 1472 1765 1546; x_wconf 91' lang='lat' dir='ltr'>invicem,</span> <span class='ocrx_word' id='word_1_121' title='bbox 1792 1491 1863 1554; x_wconf 81' lang='lat' dir='ltr'>quae</span> <span class='ocrx_word' id='word_1_122' title='bbox 1886 1489 1978 1554; x_wconf 85' lang='lat' dir='ltr'>poenas</span> 
     </span>
     <span class='ocr_line' id='line_1_11' title="bbox 440 1571 1979 1656; baseline -0.003 -20"><span class='ocrx_word' id='word_1_123' title='bbox 440 1573 559 1656; x_wconf 77' lang='lat' dir='ltr'>affligit</span> <span class='ocrx_word' id='word_1_124' title='bbox 577 1573 743 1638; x_wconf 87' lang='lat' dir='ltr'>damnatos</span> <span class='ocrx_word' id='word_1_125' title='bbox 763 1573 854 1655; x_wconf 85' lang='lat' dir='ltr'>juxta</span> <span class='ocrx_word' id='word_1_126' title='bbox 875 1573 1067 1654; x_wconf 78' lang='lat' dir='ltr'>exigentiam</span> <span class='ocrx_word' id='word_1_127' title='bbox 1089 1571 1192 1654; x_wconf 86' lang='lat' dir='ltr'>pravi·</span> <span class='ocrx_word' id='word_1_128' title='bbox 1249 1572 1310 1634; x_wconf 93' lang='lat' dir='ltr'>sibi</span> <span class='ocrx_word' id='word_1_129' title='bbox 1334 1580 1445 1635; x_wconf 91' lang='lat' dir='ltr'>mutuo</span> <span class='ocrx_word' id='word_1_130' title='bbox 1466 1581 1570 1654; x_wconf 84' lang='lat' dir='ltr'>auget.</span> <span class='ocrx_word' id='word_1_131' title='bbox 1588 1573 1639 1635; x_wconf 87' lang='lat' dir='ltr'>Sic</span> <span class='ocrx_word' id='word_1_132' title='bbox 1662 1571 1776 1634; x_wconf 83' lang='lat' dir='ltr'>etalio</span> <span class='ocrx_word' id='word_1_133' title='bbox 1797 1578 1925 1653; x_wconf 88' lang='lat' dir='ltr'>possunt</span> <span class='ocrx_word' id='word_1_134' title='bbox 1944 1571 1979 1631; x_wconf 94' lang='lat' dir='ltr'>di-</span> 
     </span>
     <span class='ocr_line' id='line_1_12' title="bbox 442 1669 1979 1753; baseline -0.001 -21"><span class='ocrx_word' id='word_1_135' title='bbox 442 1673 515 1735; x_wconf 91' lang='lat' dir='ltr'>tatis</span> <span class='ocrx_word' id='word_1_136' title='bbox 530 1692 587 1736; x_wconf 87' lang='lat' dir='ltr'>seu</span> <span class='ocrx_word' id='word_1_137' title='bbox 602 1673 831 1735; x_wconf 89' lang='lat' dir='ltr'>demeritorum</span> <span class='ocrx_word' id='word_1_138' title='bbox 847 1689 970 1744; x_wconf 89' lang='lat' dir='ltr'>eorum,</span> <span class='ocrx_word' id='word_1_139' title='bbox 987 1670 1193 1753; x_wconf 91' lang='lat' dir='ltr'>quemadmo·</span> <span class='ocrx_word' id='word_1_140' title='bbox 1248 1691 1340 1734; x_wconf 87' lang='lat' dir='ltr'>versa</span> <span class='ocrx_word' id='word_1_141' title='bbox 1354 1672 1507 1752; x_wconf 87' lang='lat' dir='ltr'>assignari</span> <span class='ocrx_word' id='word_1_142' title='bbox 1524 1670 1645 1733; x_wconf 87' lang='lat' dir='ltr'>fercula</span> <span class='ocrx_word' id='word_1_143' title='bbox 1660 1689 1759 1734; x_wconf 81' lang='lat' dir='ltr'>coenae</span> <span class='ocrx_word' id='word_1_144' title='bbox 1774 1669 1944 1733; x_wconf 87' lang='lat' dir='ltr'>infernalis.</span> <span class='ocrx_word' id='word_1_145' title='bbox 1952 1670 1979 1730; x_wconf 92' lang='lat' dir='ltr'>ln</span> 
     </span>
     <span class='ocr_line' id='line_1_13' title="bbox 442 1765 1979 1853; baseline 0.002 -27"><span class='ocrx_word' id='word_1_146' title='bbox 442 1765 520 1830; x_wconf 88' lang='lat' dir='ltr'>dum</span> <span class='ocrx_word' id='word_1_147' title='bbox 541 1769 687 1851; x_wconf 77' lang='lat' dir='ltr'>praecipit</span> <span class='ocrx_word' id='word_1_148' title='bbox 709 1787 855 1831; x_wconf 89' lang='lat' dir='ltr'>summus</span> <span class='ocrx_word' id='word_1_149' title='bbox 880 1775 912 1829; x_wconf 89' lang='lat' dir='ltr'>et</span> <span class='ocrx_word' id='word_1_150' title='bbox 934 1765 1115 1829; x_wconf 90' lang='lat' dir='ltr'>infallibilis</span> <span class='ocrx_word' id='word_1_151' title='bbox 1142 1767 1193 1828; x_wconf 88' lang='lat' dir='ltr'>Ju·</span> <span class='ocrx_word' id='word_1_152' title='bbox 1249 1789 1312 1853; x_wconf 92' lang='lat' dir='ltr'>qua</span> <span class='ocrx_word' id='word_1_153' title='bbox 1336 1771 1431 1833; x_wconf 89' lang='lat' dir='ltr'>etiam</span> <span class='ocrx_word' id='word_1_154' title='bbox 1457 1770 1574 1853; x_wconf 83' lang='lat' dir='ltr'>triplex</span> <span class='ocrx_word' id='word_1_155' title='bbox 1599 1771 1730 1852; x_wconf 91' lang='lat' dir='ltr'>ponitur</span> <span class='ocrx_word' id='word_1_156' title='bbox 1754 1768 1878 1832; x_wconf 90' lang='lat' dir='ltr'>sonitus</span> <span class='ocrx_word' id='word_1_157' title='bbox 1901 1769 1979 1830; x_wconf 85' lang='lat' dir='ltr'>mise</span> 
     </span>
     <span class='ocr_line' id='line_1_14' title="bbox 443 1864 1979 1948; baseline 0.001 -22"><span class='ocrx_word' id='word_1_158' title='bbox 443 1864 502 1928; x_wconf 86' lang='lat' dir='ltr'>dex</span> <span class='ocrx_word' id='word_1_159' title='bbox 520 1886 527 1930; x_wconf 90' lang='lat'>:</span> <span class='ocrx_word' id='word_1_160' title='bbox 543 1867 702 1941; x_wconf 86' lang='lat' dir='ltr'>Quantum</span> <span class='ocrx_word' id='word_1_161' title='bbox 717 1867 911 1948; x_wconf 89' lang='lat' dir='ltr'>glorificavit</span> <span class='ocrx_word' id='word_1_162' title='bbox 925 1885 958 1928; x_wconf 92' lang='grc' dir='ltr'>εθ</span> <span class='ocrx_word' id='word_1_163' title='bbox 973 1873 1004 1927; x_wconf 90' lang='grc' dir='ltr'>θῖ</span> <span class='ocrx_word' id='word_1_164' title='bbox 1018 1866 1052 1927; x_wconf 95' lang='lat' dir='ltr'>in</span> <span class='ocrx_word' id='word_1_165' title='bbox 1067 1864 1192 1927; x_wconf 90' lang='lat' dir='ltr'>deliciis</span> <span class='ocrx_word' id='word_1_166' title='bbox 1205 1871 1229 1934; x_wconf 90' lang='lat' dir='ltr'>B</span> <span class='ocrx_word' id='word_1_167' title='bbox 1249 1887 1369 1944; x_wconf 87' lang='lat' dir='ltr'>rorum,</span> <span class='ocrx_word' id='word_1_168' title='bbox 1386 1869 1455 1931; x_wconf 93' lang='lat' dir='ltr'>loco</span> <span class='ocrx_word' id='word_1_169' title='bbox 1477 1869 1673 1932; x_wconf 90' lang='lat' dir='ltr'>musicorum</span> <span class='ocrx_word' id='word_1_170' title='bbox 1699 1867 1979 1930; x_wconf 87' lang='lat' dir='ltr'>instrumentorum.</span> 
     </span>
     <span class='ocr_line' id='line_1_15' title="bbox 442 1963 1980 2046; baseline -0.001 -20"><span class='ocrx_word' id='word_1_171' title='bbox 442 1964 514 2040; x_wconf 92' lang='lat' dir='ltr'>fuit,</span> <span class='ocrx_word' id='word_1_172' title='bbox 539 1973 663 2028; x_wconf 91' lang='lat' dir='ltr'>tantum</span> <span class='ocrx_word' id='word_1_173' title='bbox 693 1966 765 2029; x_wconf 86' lang='lat' dir='ltr'>date</span> <span class='ocrx_word' id='word_1_174' title='bbox 792 1965 840 2027; x_wconf 93' lang='lat' dir='ltr'>illi</span> <span class='ocrx_word' id='word_1_175' title='bbox 869 1972 1065 2029; x_wconf 88' lang='lat' dir='ltr'>tormentum</span> <span class='ocrx_word' id='word_1_176' title='bbox 1090 1970 1122 2025; x_wconf 90' lang='lat' dir='ltr'>ct</span> <span class='ocrx_word' id='word_1_177' title='bbox 1147 1963 1192 2024; x_wconf 93' lang='lat' dir='ltr'>lu·</span> <span class='ocrx_word' id='word_1_178' title='bbox 1247 1967 1383 2042; x_wconf 91' lang='lat' dir='ltr'>Primus,</span> <span class='ocrx_word' id='word_1_179' title='bbox 1395 1975 1443 2030; x_wconf 88' lang='lat' dir='ltr'>cst</span> <span class='ocrx_word' id='word_1_180' title='bbox 1457 1967 1574 2031; x_wconf 91' lang='lat' dir='ltr'>stridor</span> <span class='ocrx_word' id='word_1_181' title='bbox 1589 1967 1751 2046; x_wconf 85' lang='lat' dir='ltr'>dentium3</span> <span class='ocrx_word' id='word_1_182' title='bbox 1768 1965 1980 2038; x_wconf 87' lang='lat' dir='ltr'>secundus,est</span> 
     </span>
     <span class='ocr_line' id='line_1_16' title="bbox 442 2063 1979 2149; baseline -0.001 -24"><span class='ocrx_word' id='word_1_183' title='bbox 442 2072 539 2126; x_wconf 91' lang='lat' dir='ltr'>ctum.</span> <span class='ocrx_word' id='word_1_184' title='bbox 556 2065 652 2128; x_wconf 86' lang='lat' dir='ltr'>Poena</span> <span class='ocrx_word' id='word_1_185' title='bbox 671 2064 821 2148; x_wconf 85' lang='lat' dir='ltr'>equidem</span> <span class='ocrx_word' id='word_1_186' title='bbox 843 2065 926 2146; x_wconf 84' lang='lat' dir='ltr'>ignis</span> <span class='ocrx_word' id='word_1_187' title='bbox 949 2063 1111 2126; x_wconf 91' lang='lat' dir='ltr'>molestior</span> <span class='ocrx_word' id='word_1_188' title='bbox 1132 2069 1189 2124; x_wconf 89' lang='lat' dir='ltr'>est.</span> <span class='ocrx_word' id='word_1_189' title='bbox 1247 2066 1394 2149; x_wconf 86' lang='lat' dir='ltr'>planctus</span> <span class='ocrx_word' id='word_1_190' title='bbox 1422 2066 1567 2130; x_wconf 92' lang='lat' dir='ltr'>omnium</span> <span class='ocrx_word' id='word_1_191' title='bbox 1596 2064 1841 2144; x_wconf 85' lang='lat' dir='ltr'>damnatorum3</span> <span class='ocrx_word' id='word_1_192' title='bbox 1871 2065 1979 2136; x_wconf 87' lang='lat' dir='ltr'>tertius,</span> 
     </span>
     <span class='ocr_line' id='line_1_17' title="bbox 442 2161 1670 2246; baseline 0.001 -20"><span class='ocrx_word' id='word_1_193' title='bbox 442 2163 565 2245; x_wconf 80' lang='lat' dir='ltr'>Cogitet</span> <span class='ocrx_word' id='word_1_194' title='bbox 583 2182 658 2246; x_wconf 89' lang='lat' dir='ltr'>ergo</span> <span class='ocrx_word' id='word_1_195' title='bbox 680 2165 902 2246; x_wconf 91' lang='lat' dir='ltr'>unusquisque</span> <span class='ocrx_word' id='word_1_196' title='bbox 924 2182 1019 2245; x_wconf 90' lang='lat' dir='ltr'>quarn</span> <span class='ocrx_word' id='word_1_197' title='bbox 1043 2161 1192 2225; x_wconf 87' lang='lat' dir='ltr'>intolera·</span> <span class='ocrx_word' id='word_1_198' title='bbox 1247 2166 1388 2228; x_wconf 92' lang='lat' dir='ltr'>ululatus</span> <span class='ocrx_word' id='word_1_199' title='bbox 1409 2173 1457 2228; x_wconf 93' lang='grc' dir='ltr'>θεῖ</span> <span class='ocrx_word' id='word_1_200' title='bbox 1477 2166 1670 2236; x_wconf 79' lang='lat' dir='ltr'>daemonum.</span> 
     </span>
     <span class='ocr_line' id='line_1_18' title="bbox 442 2261 1981 2344; baseline 0 -20"><span class='ocrx_word' id='word_1_201' title='bbox 442 2262 508 2324; x_wconf 96' lang='lat' dir='ltr'>bile</span> <span class='ocrx_word' id='word_1_202' title='bbox 532 2261 594 2324; x_wconf 93' lang='lat' dir='ltr'>sibi</span> <span class='ocrx_word' id='word_1_203' title='bbox 619 2269 703 2325; x_wconf 90' lang='lat' dir='ltr'>esset</span> <span class='ocrx_word' id='word_1_204' title='bbox 731 2263 817 2325; x_wconf 92' lang='lat' dir='ltr'>nudo</span> <span class='ocrx_word' id='word_1_205' title='bbox 847 2279 980 2344; x_wconf 90' lang='lat' dir='ltr'>corpore</span> <span class='ocrx_word' id='word_1_206' title='bbox 1003 2279 1060 2343; x_wconf 90' lang='lat' dir='ltr'>per</span> <span class='ocrx_word' id='word_1_207' title='bbox 1088 2278 1190 2321; x_wconf 90' lang='lat' dir='ltr'>unum</span> <span class='ocrx_word' id='word_1_208' title='bbox 1287 2265 1402 2338; x_wconf 84' lang='lat' dir='ltr'>Quarta</span> <span class='ocrx_word' id='word_1_209' title='bbox 1423 2271 1471 2327; x_wconf 89' lang='lat' dir='ltr'>est</span> <span class='ocrx_word' id='word_1_210' title='bbox 1493 2282 1584 2328; x_wconf 87' lang='lat' dir='ltr'>coena</span> <span class='ocrx_word' id='word_1_211' title='bbox 1608 2262 1757 2337; x_wconf 71' lang='lat' dir='ltr'>coelestis,</span> <span class='ocrx_word' id='word_1_212' title='bbox 1774 2262 1806 2324; x_wconf 93' lang='lat' dir='ltr'>id</span> <span class='ocrx_word' id='word_1_213' title='bbox 1833 2269 1883 2325; x_wconf 85' lang='grc' dir='ltr'>θεῖ</span> <span class='ocrx_word' id='word_1_214' title='bbox 1904 2262 1981 2324; x_wconf 88' lang='lat' dir='ltr'>beata</span> 
     </span>
     <span class='ocr_line' id='line_1_19' title="bbox 442 2357 1981 2445; baseline -0.002 -21"><span class='ocrx_word' id='word_1_215' title='bbox 442 2361 528 2424; x_wconf 89' lang='lat' dir='ltr'>diem</span> <span class='ocrx_word' id='word_1_216' title='bbox 549 2361 655 2442; x_wconf 89' lang='lat' dir='ltr'>jacere</span> <span class='ocrx_word' id='word_1_217' title='bbox 678 2362 711 2422; x_wconf 94' lang='lat' dir='ltr'>in</span> <span class='ocrx_word' id='word_1_218' title='bbox 735 2361 807 2442; x_wconf 88' lang='lat' dir='ltr'>igne</span> <span class='ocrx_word' id='word_1_219' title='bbox 832 2379 927 2443; x_wconf 89' lang='lat' dir='ltr'>quern</span> <span class='ocrx_word' id='word_1_220' title='bbox 955 2359 1117 2422; x_wconf 90' lang='lat' dir='ltr'>cernimus</span> <span class='ocrx_word' id='word_1_221' title='bbox 1140 2357 1192 2420; x_wconf 91' lang='lat' dir='ltr'>hic</span> <span class='ocrx_word' id='word_1_222' title='bbox 1248 2363 1379 2426; x_wconf 89' lang='lat' dir='ltr'>refectio</span> <span class='ocrx_word' id='word_1_223' title='bbox 1395 2364 1573 2426; x_wconf 89' lang='lat' dir='ltr'>Beatorum.</span> <span class='ocrx_word' id='word_1_224' title='bbox 1586 2364 1619 2425; x_wconf 96' lang='lat' dir='ltr'>ln</span> <span class='ocrx_word' id='word_1_225' title='bbox 1635 2381 1699 2445; x_wconf 92' lang='lat' dir='ltr'>qua</span> <span class='ocrx_word' id='word_1_226' title='bbox 1712 2361 1774 2423; x_wconf 92' lang='lat' dir='ltr'>tria</span> <span class='ocrx_word' id='word_1_227' title='bbox 1788 2369 1866 2423; x_wconf 88' lang='lat' dir='ltr'>sunt</span> <span class='ocrx_word' id='word_1_228' title='bbox 1880 2360 1981 2443; x_wconf 89' lang='lat' dir='ltr'>priuci-</span> 
     </span>
     <span class='ocr_line' id='line_1_20' title="bbox 442 2456 1981 2545; baseline 0 -24"><span class='ocrx_word' id='word_1_229' title='bbox 442 2458 567 2522; x_wconf 88' lang='lat' dir='ltr'>ferverc</span> <span class='ocrx_word' id='word_1_230' title='bbox 594 2476 600 2521; x_wconf 95' lang='lat'><strong>:</strong></span> <span class='ocrx_word' id='word_1_231' title='bbox 626 2459 764 2541; x_wconf 86' lang='lat' dir='ltr'>qualiter</span> <span class='ocrx_word' id='word_1_232' title='bbox 789 2459 886 2539; x_wconf 88' lang='lat' dir='ltr'>igitur</span> <span class='ocrx_word' id='word_1_233' title='bbox 915 2457 1080 2520; x_wconf 90' lang='lat' dir='ltr'>infernalis</span> <span class='ocrx_word' id='word_1_234' title='bbox 1110 2456 1192 2537; x_wconf 89' lang='lat' dir='ltr'>ignis</span> <span class='ocrx_word' id='word_1_235' title='bbox 1246 2463 1331 2545; x_wconf 88' lang='lat' dir='ltr'>palia</span> <span class='ocrx_word' id='word_1_236' title='bbox 1351 2463 1572 2545; x_wconf 68' lang='lat' dir='ltr'>sarculaque</span> <span class='ocrx_word' id='word_1_237' title='bbox 1593 2469 1668 2524; x_wconf 90' lang='lat' dir='ltr'>sunt</span> <span class='ocrx_word' id='word_1_238' title='bbox 1688 2468 1751 2523; x_wconf 89' lang='lat' dir='ltr'>tres</span> <span class='ocrx_word' id='word_1_239' title='bbox 1772 2461 1864 2523; x_wconf 88' lang='lat' dir='ltr'>dotes</span> <span class='ocrx_word' id='word_1_240' title='bbox 1882 2461 1981 2522; x_wconf 84' lang='lat' dir='ltr'>anime</span> 
     </span>
     <span class='ocr_line' id='line_1_21' title="bbox 443 2555 1982 2642; baseline -0.001 -22"><span class='ocrx_word' id='word_1_241' title='bbox 443 2557 629 2620; x_wconf 90' lang='lat' dir='ltr'>incendium</span> <span class='ocrx_word' id='word_1_242' title='bbox 659 2556 859 2620; x_wconf 84' lang='lat' dir='ltr'>sustinebitf</span> <span class='ocrx_word' id='word_1_243' title='bbox 888 2557 976 2620; x_wconf 90' lang='lat' dir='ltr'>Unde</span> <span class='ocrx_word' id='word_1_244' title='bbox 1004 2555 1090 2638; x_wconf 90' lang='lat' dir='ltr'>apud</span> <span class='ocrx_word' id='word_1_245' title='bbox 1119 2556 1192 2616; x_wconf 83' lang='lat' dir='ltr'>ttze-</span> <span class='ocrx_word' id='word_1_246' title='bbox 1246 2561 1452 2624; x_wconf 81' lang='lat' dir='ltr'>succedentes</span> <span class='ocrx_word' id='word_1_247' title='bbox 1468 2569 1500 2623; x_wconf 91' lang='lat' dir='ltr'>et</span> <span class='ocrx_word' id='word_1_248' title='bbox 1515 2560 1798 2642; x_wconf 86' lang='lat' dir='ltr'>correspondentes</span> <span class='ocrx_word' id='word_1_249' title='bbox 1811 2557 1982 2638; x_wconf 86' lang='lat' dir='ltr'>theologicis</span> 
     </span>
     <span class='ocr_line' id='line_1_22' title="bbox 292 2653 1982 2730; baseline 0.001 -16"><span class='ocrx_word' id='word_1_250' title='bbox 292 2668 427 2724; x_wconf 62' lang='lat' dir='ltr'>necatam,</span> <span class='ocrx_word' id='word_1_251' title='bbox 443 2656 580 2719; x_wconf 89' lang='lat' dir='ltr'>cbielcm</span> <span class='ocrx_word' id='word_1_252' title='bbox 605 2657 759 2720; x_wconf 87' lang='lat' dir='ltr'>Dominus</span> <span class='ocrx_word' id='word_1_253' title='bbox 783 2662 979 2718; x_wconf 88' lang='lat' dir='ltr'>contestatur</span> <span class='ocrx_word' id='word_1_254' title='bbox 1006 2675 1013 2718; x_wconf 74' lang='grc' dir='ltr'>ε</span> <span class='ocrx_word' id='word_1_255' title='bbox 1039 2653 1192 2717; x_wconf 88' lang='lat' dir='ltr'>Conflabo</span> <span class='ocrx_word' id='word_1_256' title='bbox 1246 2659 1349 2722; x_wconf 92' lang='lat' dir='ltr'>tribus</span> <span class='ocrx_word' id='word_1_257' title='bbox 1373 2658 1558 2722; x_wconf 91' lang='lat' dir='ltr'>virtutibus.</span> <span class='ocrx_word' id='word_1_258' title='bbox 1584 2658 1726 2721; x_wconf 90' lang='lat' dir='ltr'>Primum</span> <span class='ocrx_word' id='word_1_259' title='bbox 1751 2657 1922 2730; x_wconf 90' lang='lat' dir='ltr'>ferculum,</span> <span class='ocrx_word' id='word_1_260' title='bbox 1944 2663 1982 2717; x_wconf 88' lang='lat' dir='ltr'>est</span> 
     </span>
     <span class='ocr_line' id='line_1_23' title="bbox 292 2736 1982 2838; baseline -0.002 -20"><span class='ocrx_word' id='word_1_261' title='bbox 292 2736 362 2778; x_wconf 60' lang='lat'><strong>²⁰³²·</strong></span> <span class='ocrx_word' id='word_1_262' title='bbox 442 2773 499 2818; x_wconf 92' lang='lat' dir='ltr'>vos</span> <span class='ocrx_word' id='word_1_263' title='bbox 516 2762 548 2817; x_wconf 89' lang='lat' dir='ltr'>ct</span> <span class='ocrx_word' id='word_1_264' title='bbox 567 2755 759 2818; x_wconf 87' lang='lat' dir='ltr'>succendam</span> <span class='ocrx_word' id='word_1_265' title='bbox 774 2771 830 2816; x_wconf 88' lang='lat' dir='ltr'>vos</span> <span class='ocrx_word' id='word_1_266' title='bbox 847 2754 880 2815; x_wconf 89' lang='lat' dir='ltr'>in</span> <span class='ocrx_word' id='word_1_267' title='bbox 895 2754 968 2836; x_wconf 90' lang='lat' dir='ltr'>igne</span> <span class='ocrx_word' id='word_1_268' title='bbox 983 2752 1100 2816; x_wconf 92' lang='lat' dir='ltr'>furoris</span> <span class='ocrx_word' id='word_1_269' title='bbox 1116 2751 1190 2827; x_wconf 91' lang='lat' dir='ltr'>mei,</span> <span class='ocrx_word' id='word_1_270' title='bbox 1245 2758 1362 2822; x_wconf 75' lang='lat' dir='ltr'>divina</span> <span class='ocrx_word' id='word_1_271' title='bbox 1381 2758 1527 2822; x_wconf 85' lang='lat' dir='ltr'>esseutiae</span> <span class='ocrx_word' id='word_1_272' title='bbox 1549 2757 1634 2819; x_wconf 88' lang='lat' dir='ltr'>clara</span> <span class='ocrx_word' id='word_1_273' title='bbox 1654 2756 1777 2830; x_wconf 87' lang='lat' dir='ltr'>notitia,</span> <span class='ocrx_word' id='word_1_274' title='bbox 1794 2757 1873 2838; x_wconf 90' lang='lat' dir='ltr'>quia</span> <span class='ocrx_word' id='word_1_275' title='bbox 1895 2763 1928 2816; x_wconf 97' lang='lat' dir='ltr'>ut</span> <span class='ocrx_word' id='word_1_276' title='bbox 1946 2754 1982 2815; x_wconf 86' lang='lat' dir='ltr'>ait</span> 
     </span>
     <span class='ocr_line' id='line_1_24' title="bbox 441 2837 2060 2934; baseline -0.006 -9"><span class='ocrx_word' id='word_1_277' title='bbox 441 2862 473 2916; x_wconf 72' lang='lat' dir='ltr'>ei</span> <span class='ocrx_word' id='word_1_278' title='bbox 493 2853 715 2917; x_wconf 67' lang='lat' dir='ltr'>conflabimini</span> <span class='ocrx_word' id='word_1_279' title='bbox 739 2853 772 2914; x_wconf 81' lang='lat' dir='ltr'>iil</span> <span class='ocrx_word' id='word_1_280' title='bbox 792 2852 899 2916; x_wconf 70' lang='lat' dir='ltr'>mediO</span> <span class='ocrx_word' id='word_1_281' title='bbox 919 2852 1001 2932; x_wconf 87' lang='lat' dir='ltr'>ejus,</span> <span class='ocrx_word' id='word_1_282' title='bbox 1018 2852 1101 2913; x_wconf 88' lang='lat' dir='ltr'>siout</span> <span class='ocrx_word' id='word_1_283' title='bbox 1120 2869 1193 2914; x_wconf 87' lang='lat' dir='ltr'>con·</span> <span class='ocrx_word' id='word_1_284' title='bbox 1245 2857 1390 2931; x_wconf 87' lang='lat' dir='ltr'>loannes,</span> <span class='ocrx_word' id='word_1_285' title='bbox 1408 2837 1595 2918; x_wconf 82' lang='lat' dir='ltr'>Videbimus</span> <span class='ocrx_word' id='word_1_286' title='bbox 1618 2875 1693 2918; x_wconf 89' lang='lat' dir='ltr'>eum</span> <span class='ocrx_word' id='word_1_287' title='bbox 1715 2855 1810 2917; x_wconf 91' lang='lat' dir='ltr'>sicuti</span> <span class='ocrx_word' id='word_1_288' title='bbox 1836 2863 1885 2916; x_wconf 90' lang='lat' dir='ltr'>est</span> <span class='ocrx_word' id='word_1_289' title='bbox 1901 2871 1908 2915; x_wconf 78' lang='grc' dir='ltr'><em>τ</em></span> <span class='ocrx_word' id='word_1_290' title='bbox 1923 2871 2060 2934; x_wconf 47' lang='lat' dir='ltr'>querat-s</span> 
     </span>
     <span class='ocr_line' id='line_1_25' title="bbox 440 2947 2007 3035; baseline -0.003 -19"><span class='ocrx_word' id='word_1_291' title='bbox 440 2954 539 3016; x_wconf 85' lang='lat' dir='ltr'>fletur</span> <span class='ocrx_word' id='word_1_292' title='bbox 553 2960 721 3035; x_wconf 88' lang='lat' dir='ltr'>argentum</span> <span class='ocrx_word' id='word_1_293' title='bbox 738 2953 771 3014; x_wconf 95' lang='lat' dir='ltr'>in</span> <span class='ocrx_word' id='word_1_294' title='bbox 787 2952 894 3015; x_wconf 88' lang='lat' dir='ltr'>medio</span> <span class='ocrx_word' id='word_1_295' title='bbox 908 2950 1191 3014; x_wconf 77' lang='lat' dir='ltr'>fornacis—&#39;fer</span> <span class='ocrx_word' id='word_1_296' title='bbox 1246 2955 1327 3018; x_wconf 91' lang='lat' dir='ltr'>visio</span> <span class='ocrx_word' id='word_1_297' title='bbox 1355 2962 1403 3017; x_wconf 91' lang='lat' dir='ltr'>est</span> <span class='ocrx_word' id='word_1_298' title='bbox 1428 2953 1694 3018; x_wconf 69' lang='lat' dir='ltr'>inestimabiliter</span> <span class='ocrx_word' id='word_1_299' title='bbox 1720 2953 1872 3035; x_wconf 87' lang='lat' dir='ltr'>gratiosa,</span> <span class='ocrx_word' id='word_1_300' title='bbox 1895 2947 2007 3034; x_wconf 66' lang='lat' dir='ltr'>quun2¹</span> 
     </span>
     <span class='ocr_line' id='line_1_26' title="bbox 440 3037 1982 3136; baseline -0.014 -21"><span class='ocrx_word' id='word_1_301' title='bbox 440 3053 521 3115; x_wconf 92' lang='lat' dir='ltr'>tium</span> <span class='ocrx_word' id='word_1_302' title='bbox 536 3052 764 3127; x_wconf 77' lang='lat' dir='ltr'>ferculumest</span> <span class='ocrx_word' id='word_1_303' title='bbox 775 3048 1095 3113; x_wconf 86' lang='lat' dir='ltr'>vehementissimum</span> <span class='ocrx_word' id='word_1_304' title='bbox 1112 3048 1228 3118; x_wconf 84' lang='lat' dir='ltr'>illudc</span> <span class='ocrx_word' id='word_1_305' title='bbox 1247 3037 1330 3116; x_wconf 73' lang='lat' dir='ltr'>Deu&#39;s</span> <span class='ocrx_word' id='word_1_306' title='bbox 1360 3055 1401 3116; x_wconf 79' lang='lat' dir='ltr'>sit</span> <span class='ocrx_word' id='word_1_307' title='bbox 1430 3053 1565 3116; x_wconf 54' lang='lat' dir='ltr'>infinita,</span> <span class='ocrx_word' id='word_1_308' title='bbox 1594 3051 1858 3136; x_wconf 58' lang='lat' dir='ltr'>pulchritudinis,</span> <span class='ocrx_word' id='word_1_309' title='bbox 1883 3069 1982 3113; x_wconf 61' lang='lat' dir='ltr'><strong>com-e.</strong></span> 
     </span>
     <span class='ocr_line' id='line_1_27' title="bbox 439 3146 1983 3233; baseline -0.005 -17"><span class='ocrx_word' id='word_1_310' title='bbox 439 3150 541 3233; x_wconf 85' lang='lat' dir='ltr'>frigus</span> <span class='ocrx_word' id='word_1_311' title='bbox 563 3151 728 3233; x_wconf 77' lang='lat' dir='ltr'>gebenna.</span> <span class='ocrx_word' id='word_1_312' title='bbox 746 3150 834 3213; x_wconf 86' lang='lat' dir='ltr'>Unde</span> <span class='ocrx_word' id='word_1_313' title='bbox 857 3157 889 3212; x_wconf 89' lang='lat' dir='ltr'>et</span> <span class='ocrx_word' id='word_1_314' title='bbox 909 3148 967 3213; x_wconf 86' lang='lat' dir='ltr'>Job</span> <span class='ocrx_word' id='word_1_315' title='bbox 988 3148 1032 3210; x_wconf 81' lang='lat' dir='ltr'>ait</span> <span class='ocrx_word' id='word_1_316' title='bbox 1049 3168 1055 3211; x_wconf 95' lang='lat'><strong>:</strong></span> <span class='ocrx_word' id='word_1_317' title='bbox 1071 3147 1118 3209; x_wconf 83' lang='lat' dir='ltr'>Ad</span> <span class='ocrx_word' id='word_1_318' title='bbox 1144 3146 1190 3208; x_wconf 86' lang='lat' dir='ltr'>ni·</span> <span class='ocrx_word' id='word_1_319' title='bbox 1247 3153 1375 3216; x_wconf 82' lang='lat' dir='ltr'>nicntiae</span> <span class='ocrx_word' id='word_1_320' title='bbox 1404 3161 1435 3214; x_wconf 91' lang='lat' dir='ltr'>et</span> <span class='ocrx_word' id='word_1_321' title='bbox 1464 3151 1692 3215; x_wconf 90' lang='lat' dir='ltr'>deliciositatis.</span> <span class='ocrx_word' id='word_1_322' title='bbox 1724 3150 1920 3224; x_wconf 88' lang='lat' dir='ltr'>Secundum,</span> <span class='ocrx_word' id='word_1_323' title='bbox 1945 3155 1983 3210; x_wconf 85' lang='lat' dir='ltr'>est</span> 
     </span>
     <span class='ocr_line' id='line_1_28' title="bbox 320 3246 1984 3329; baseline -0.004 -15"><span class='ocrx_word' id='word_1_324' title='bbox 320 3268 325 3280; x_wconf 92' lang='lat'>·</span> <span class='ocrx_word' id='word_1_325' title='bbox 440 3251 542 3314; x_wconf 93' lang='lat' dir='ltr'>mium</span> <span class='ocrx_word' id='word_1_326' title='bbox 565 3251 703 3314; x_wconf 90' lang='lat' dir='ltr'>calorem</span> <span class='ocrx_word' id='word_1_327' title='bbox 723 3257 863 3312; x_wconf 90' lang='lat' dir='ltr'>trauseat</span> <span class='ocrx_word' id='word_1_328' title='bbox 882 3248 922 3310; x_wconf 89' lang='lat' dir='ltr'>ab</span> <span class='ocrx_word' id='word_1_329' title='bbox 942 3247 1033 3329; x_wconf 91' lang='lat' dir='ltr'>aquis</span> <span class='ocrx_word' id='word_1_330' title='bbox 1054 3246 1188 3309; x_wconf 92' lang='lat' dir='ltr'>nivium.</span> <span class='ocrx_word' id='word_1_331' title='bbox 1247 3251 1356 3315; x_wconf 81' lang='lat' dir='ltr'>fruitio</span> <span class='ocrx_word' id='word_1_332' title='bbox 1377 3249 1528 3313; x_wconf 91' lang='lat' dir='ltr'>beatifica</span> <span class='ocrx_word' id='word_1_333' title='bbox 1548 3269 1682 3312; x_wconf 84' lang='lat' dir='ltr'>summae</span> <span class='ocrx_word' id='word_1_334' title='bbox 1702 3256 1734 3312; x_wconf 90' lang='lat' dir='ltr'>et</span> <span class='ocrx_word' id='word_1_335' title='bbox 1753 3248 1892 3312; x_wconf 83' lang='lat' dir='ltr'>infinitae</span> <span class='ocrx_word' id='word_1_336' title='bbox 1908 3248 1984 3310; x_wconf 91' lang='lat' dir='ltr'>boni·</span> 
     </span>
     <span class='ocr_line' id='line_1_29' title="bbox 440 3344 1984 3431; baseline -0.003 -20"><span class='ocrx_word' id='word_1_337' title='bbox 440 3351 543 3424; x_wconf 87' lang='lat' dir='ltr'>Quum</span> <span class='ocrx_word' id='word_1_338' title='bbox 569 3349 655 3411; x_wconf 91' lang='lat' dir='ltr'>enim</span> <span class='ocrx_word' id='word_1_339' title='bbox 682 3355 766 3410; x_wconf 88' lang='lat' dir='ltr'>terra</span> <span class='ocrx_word' id='word_1_340' title='bbox 790 3347 831 3410; x_wconf 91' lang='lat' dir='ltr'>sit</span> <span class='ocrx_word' id='word_1_341' title='bbox 850 3346 1038 3409; x_wconf 86' lang='lat' dir='ltr'>naturaliter</span> <span class='ocrx_word' id='word_1_342' title='bbox 1062 3344 1189 3426; x_wconf 84' lang='lat' dir='ltr'>frigida,</span> <span class='ocrx_word' id='word_1_343' title='bbox 1247 3351 1319 3412; x_wconf 92' lang='lat' dir='ltr'>tatis</span> <span class='ocrx_word' id='word_1_344' title='bbox 1338 3368 1344 3412; x_wconf 95' lang='lat'><strong>:</strong></span> <span class='ocrx_word' id='word_1_345' title='bbox 1362 3368 1433 3431; x_wconf 75' lang='lat' dir='ltr'>quaa</span> <span class='ocrx_word' id='word_1_346' title='bbox 1454 3368 1555 3431; x_wconf 91' lang='lat' dir='ltr'>quum</span> <span class='ocrx_word' id='word_1_347' title='bbox 1579 3348 1620 3410; x_wconf 92' lang='lat' dir='ltr'>sit</span> <span class='ocrx_word' id='word_1_348' title='bbox 1644 3346 1780 3410; x_wconf 73' lang='lat' dir='ltr'>infinitae</span> <span class='ocrx_word' id='word_1_349' title='bbox 1804 3346 1984 3419; x_wconf 89' lang='lat' dir='ltr'>dulcedinis,</span> 
     </span>
     <span class='ocr_line' id='line_1_30' title="bbox 440 3444 1986 3530; baseline -0.003 -21"><span class='ocrx_word' id='word_1_350' title='bbox 440 3455 472 3510; x_wconf 90' lang='lat' dir='ltr'>et</span> <span class='ocrx_word' id='word_1_351' title='bbox 488 3446 634 3509; x_wconf 88' lang='lat' dir='ltr'>infernus</span> <span class='ocrx_word' id='word_1_352' title='bbox 655 3446 688 3508; x_wconf 94' lang='lat' dir='ltr'>in</span> <span class='ocrx_word' id='word_1_353' title='bbox 708 3446 814 3509; x_wconf 92' lang='lat' dir='ltr'>medio</span> <span class='ocrx_word' id='word_1_354' title='bbox 829 3453 920 3509; x_wconf 76' lang='lat' dir='ltr'>terrae</span> <span class='ocrx_word' id='word_1_355' title='bbox 939 3463 1009 3507; x_wconf 91' lang='lat' dir='ltr'>esse</span> <span class='ocrx_word' id='word_1_356' title='bbox 1030 3444 1187 3518; x_wconf 88' lang='lat' dir='ltr'>credatur,</span> <span class='ocrx_word' id='word_1_357' title='bbox 1247 3469 1284 3512; x_wconf 82' lang='lat' dir='ltr'>ea</span> <span class='ocrx_word' id='word_1_358' title='bbox 1299 3448 1363 3510; x_wconf 90' lang='lat' dir='ltr'>frui</span> <span class='ocrx_word' id='word_1_359' title='bbox 1378 3447 1521 3530; x_wconf 89' lang='lat' dir='ltr'>plenarie</span> <span class='ocrx_word' id='word_1_360' title='bbox 1537 3447 1569 3508; x_wconf 93' lang='lat' dir='ltr'>in</span> <span class='ocrx_word' id='word_1_361' title='bbox 1585 3465 1619 3509; x_wconf 92' lang='lat' dir='ltr'>se</span> <span class='ocrx_word' id='word_1_362' title='bbox 1635 3446 1772 3528; x_wconf 89' lang='lat' dir='ltr'>ipsa,est</span> <span class='ocrx_word' id='word_1_363' title='bbox 1788 3464 1919 3527; x_wconf 90' lang='lat' dir='ltr'>prorsus</span> <span class='ocrx_word' id='word_1_364' title='bbox 1934 3463 1986 3506; x_wconf 88' lang='lat' dir='ltr'>ma-</span> 
     </span>
     <span class='ocr_line' id='line_1_31' title="bbox 441 3541 1985 3628; baseline -0.002 -21"><span class='ocrx_word' id='word_1_365' title='bbox 441 3553 564 3610; x_wconf 88' lang='lat' dir='ltr'>constat</span> <span class='ocrx_word' id='word_1_366' title='bbox 588 3545 673 3627; x_wconf 93' lang='lat' dir='ltr'>quod</span> <span class='ocrx_word' id='word_1_367' title='bbox 703 3544 879 3607; x_wconf 88' lang='lat' dir='ltr'>maximum</span> <span class='ocrx_word' id='word_1_368' title='bbox 909 3543 1011 3624; x_wconf 87' lang='lat' dir='ltr'>frigus</span> <span class='ocrx_word' id='word_1_369' title='bbox 1041 3543 1083 3604; x_wconf 93' lang='lat' dir='ltr'>sit</span> <span class='ocrx_word' id='word_1_370' title='bbox 1106 3541 1152 3604; x_wconf 92' lang='lat' dir='ltr'>ibi</span> <span class='ocrx_word' id='word_1_371' title='bbox 1181 3561 1187 3605; x_wconf 95' lang='lat'><strong>:</strong></span> <span class='ocrx_word' id='word_1_372' title='bbox 1247 3547 1295 3628; x_wconf 83' lang='lat' dir='ltr'>gis</span> <span class='ocrx_word' id='word_1_373' title='bbox 1311 3565 1408 3628; x_wconf 90' lang='lat' dir='ltr'>quam</span> <span class='ocrx_word' id='word_1_374' title='bbox 1425 3545 1510 3608; x_wconf 91' lang='lat' dir='ltr'>credi</span> <span class='ocrx_word' id='word_1_375' title='bbox 1528 3552 1632 3628; x_wconf 90' lang='lat' dir='ltr'>potest</span> <span class='ocrx_word' id='word_1_376' title='bbox 1648 3544 1839 3625; x_wconf 89' lang='lat' dir='ltr'>jucundum.</span> <span class='ocrx_word' id='word_1_377' title='bbox 1858 3543 1985 3608; x_wconf 87' lang='lat' dir='ltr'>Tertium</span> 
     </span>
     <span class='ocr_line' id='line_1_32' title="bbox 441 3642 1986 3727; baseline -0.003 -21"><span class='ocrx_word' id='word_1_378' title='bbox 441 3644 527 3727; x_wconf 92' lang='lat' dir='ltr'>quod</span> <span class='ocrx_word' id='word_1_379' title='bbox 547 3663 604 3727; x_wconf 91' lang='lat' dir='ltr'>per</span> <span class='ocrx_word' id='word_1_380' title='bbox 619 3662 717 3726; x_wconf 90' lang='lat' dir='ltr'>aquas</span> <span class='ocrx_word' id='word_1_381' title='bbox 738 3643 861 3706; x_wconf 88' lang='lat' dir='ltr'>nivium</span> <span class='ocrx_word' id='word_1_382' title='bbox 878 3643 1072 3722; x_wconf 88' lang='lat' dir='ltr'>designatur,</span> <span class='ocrx_word' id='word_1_383' title='bbox 1089 3660 1189 3723; x_wconf 91' lang='lat' dir='ltr'>quum</span> <span class='ocrx_word' id='word_1_384' title='bbox 1247 3644 1417 3719; x_wconf 90' lang='lat' dir='ltr'>ferculum,</span> <span class='ocrx_word' id='word_1_385' title='bbox 1434 3651 1482 3706; x_wconf 87' lang='lat' dir='ltr'>est</span> <span class='ocrx_word' id='word_1_386' title='bbox 1498 3643 1607 3717; x_wconf 90' lang='lat' dir='ltr'>tentio,</span> <span class='ocrx_word' id='word_1_387' title='bbox 1624 3643 1685 3705; x_wconf 93' lang='lat' dir='ltr'>hoc</span> <span class='ocrx_word' id='word_1_388' title='bbox 1700 3651 1750 3705; x_wconf 92' lang='lat' dir='ltr'>est</span> <span class='ocrx_word' id='word_1_389' title='bbox 1763 3642 1873 3716; x_wconf 91' lang='lat' dir='ltr'>firma,</span> <span class='ocrx_word' id='word_1_390' title='bbox 1889 3660 1986 3704; x_wconf 86' lang='lat' dir='ltr'>secura</span> 
     </span>
     <span class='ocr_line' id='line_1_33' title="bbox 441 3740 1986 3826; baseline -0.004 -22"><span class='ocrx_word' id='word_1_391' title='bbox 441 3761 532 3825; x_wconf 82' lang='lat' dir='ltr'>aquae</span> <span class='ocrx_word' id='word_1_392' title='bbox 555 3742 618 3805; x_wconf 70' lang='lat' dir='ltr'>illas</span> <span class='ocrx_word' id='word_1_393' title='bbox 642 3742 707 3803; x_wconf 91' lang='lat' dir='ltr'>siut</span> <span class='ocrx_word' id='word_1_394' title='bbox 731 3741 854 3822; x_wconf 84' lang='lat' dir='ltr'>frigidae</span> <span class='ocrx_word' id='word_1_395' title='bbox 877 3740 978 3802; x_wconf 89' lang='lat' dir='ltr'>valde.</span> <span class='ocrx_word' id='word_1_396' title='bbox 998 3740 1058 3802; x_wconf 90' lang='lat' dir='ltr'>Sed</span> <span class='ocrx_word' id='word_1_397' title='bbox 1081 3746 1191 3801; x_wconf 91' lang='lat' dir='ltr'>contra</span> <span class='ocrx_word' id='word_1_398' title='bbox 1247 3751 1464 3826; x_wconf 89' lang='lat' dir='ltr'>perpetuaque</span> <span class='ocrx_word' id='word_1_399' title='bbox 1490 3742 1606 3804; x_wconf 91' lang='lat' dir='ltr'>mentis</span> <span class='ocrx_word' id='word_1_400' title='bbox 1633 3741 1665 3802; x_wconf 92' lang='lat' dir='ltr'>iu</span> <span class='ocrx_word' id='word_1_401' title='bbox 1692 3741 1756 3803; x_wconf 89' lang='lat' dir='ltr'>Deo</span> <span class='ocrx_word' id='word_1_402' title='bbox 1780 3741 1903 3803; x_wconf 85' lang='lat' dir='ltr'>defixio</span> <span class='ocrx_word' id='word_1_403' title='bbox 1930 3740 1986 3801; x_wconf 84' lang='lat' dir='ltr'>sire</span> 
     </span>
     <span class='ocr_line' id='line_1_34' title="bbox 441 3837 1986 3923; baseline -0.005 -19"><span class='ocrx_word' id='word_1_404' title='bbox 441 3843 501 3904; x_wconf 92' lang='lat' dir='ltr'>boc</span> <span class='ocrx_word' id='word_1_405' title='bbox 526 3840 626 3921; x_wconf 88' lang='lat' dir='ltr'>objici</span> <span class='ocrx_word' id='word_1_406' title='bbox 649 3847 764 3923; x_wconf 89' lang='lat' dir='ltr'>potest,</span> <span class='ocrx_word' id='word_1_407' title='bbox 780 3841 856 3922; x_wconf 93' lang='lat' dir='ltr'>quia</span> <span class='ocrx_word' id='word_1_408' title='bbox 876 3839 904 3902; x_wconf 92' lang='lat' dir='ltr'>si</span> <span class='ocrx_word' id='word_1_409' title='bbox 928 3839 1069 3901; x_wconf 89' lang='lat' dir='ltr'>damnati</span> <span class='ocrx_word' id='word_1_410' title='bbox 1091 3845 1192 3900; x_wconf 91' lang='lat' dir='ltr'>trans·</span> <span class='ocrx_word' id='word_1_411' title='bbox 1248 3841 1388 3903; x_wconf 84' lang='lat' dir='ltr'>inbaesio.</span> <span class='ocrx_word' id='word_1_412' title='bbox 1403 3840 1438 3900; x_wconf 91' lang='lat' dir='ltr'>ln</span> <span class='ocrx_word' id='word_1_413' title='bbox 1454 3839 1571 3921; x_wconf 91' lang='lat' dir='ltr'>quibus</span> <span class='ocrx_word' id='word_1_414' title='bbox 1587 3837 1691 3899; x_wconf 93' lang='lat' dir='ltr'>tribus</span> <span class='ocrx_word' id='word_1_415' title='bbox 1708 3837 1879 3918; x_wconf 79' lang='lat' dir='ltr'>praemium</span> <span class='ocrx_word' id='word_1_416' title='bbox 1895 3855 1986 3898; x_wconf 87' lang='lat' dir='ltr'>esseu-</span> 
     </span>
     <span class='ocr_line' id='line_1_35' title="bbox 442 3933 1986 4018; baseline -0.005 -16"><span class='ocrx_word' id='word_1_417' title='bbox 442 3947 520 4003; x_wconf 91' lang='lat' dir='ltr'>eunt</span> <span class='ocrx_word' id='word_1_418' title='bbox 538 3940 578 4002; x_wconf 86' lang='lat' dir='ltr'>de</span> <span class='ocrx_word' id='word_1_419' title='bbox 599 3939 739 4001; x_wconf 89' lang='lat' dir='ltr'>maximo</span> <span class='ocrx_word' id='word_1_420' title='bbox 759 3939 863 4001; x_wconf 91' lang='lat' dir='ltr'>calore</span> <span class='ocrx_word' id='word_1_421' title='bbox 883 3939 921 4000; x_wconf 94' lang='lat' dir='ltr'>ad</span> <span class='ocrx_word' id='word_1_422' title='bbox 941 3937 1118 4000; x_wconf 83' lang='lat' dir='ltr'>maximum</span> <span class='ocrx_word' id='word_1_423' title='bbox 1136 3937 1192 3998; x_wconf 90' lang='lat' dir='ltr'>fri·</span> <span class='ocrx_word' id='word_1_424' title='bbox 1246 3939 1321 4001; x_wconf 90' lang='lat' dir='ltr'>tiale</span> <span class='ocrx_word' id='word_1_425' title='bbox 1342 3937 1496 4000; x_wconf 90' lang='lat' dir='ltr'>consistit.</span> <span class='ocrx_word' id='word_1_426' title='bbox 1514 3936 1595 3999; x_wconf 89' lang='lat' dir='ltr'>Sunt</span> <span class='ocrx_word' id='word_1_427' title='bbox 1614 3943 1646 3998; x_wconf 91' lang='lat' dir='ltr'>ct</span> <span class='ocrx_word' id='word_1_428' title='bbox 1659 3936 1721 3998; x_wconf 91' lang='lat' dir='ltr'>alia</span> <span class='ocrx_word' id='word_1_429' title='bbox 1742 3936 1844 3997; x_wconf 89' lang='lat' dir='ltr'>multa</span> <span class='ocrx_word' id='word_1_430' title='bbox 1864 3933 1986 4018; x_wconf 86' lang='lat' dir='ltr'>praedul·</span> 
     </span>
     <span class='ocr_line' id='line_1_36' title="bbox 442 4034 1985 4120; baseline -0.006 -18"><span class='ocrx_word' id='word_1_431' title='bbox 442 4059 514 4120; x_wconf 87' lang='lat' dir='ltr'>gos,</span> <span class='ocrx_word' id='word_1_432' title='bbox 535 4056 610 4120; x_wconf 87' lang='lat' dir='ltr'>ergo</span> <span class='ocrx_word' id='word_1_433' title='bbox 633 4038 835 4120; x_wconf 85' lang='lat' dir='ltr'>refrigerium</span> <span class='ocrx_word' id='word_1_434' title='bbox 860 4037 989 4111; x_wconf 89' lang='lat' dir='ltr'>habent,</span> <span class='ocrx_word' id='word_1_435' title='bbox 1012 4036 1192 4099; x_wconf 90' lang='lat' dir='ltr'>accedendo</span> <span class='ocrx_word' id='word_1_436' title='bbox 1248 4039 1296 4100; x_wconf 88' lang='lat' dir='ltr'>cia</span> <span class='ocrx_word' id='word_1_437' title='bbox 1314 4035 1434 4098; x_wconf 90' lang='lat' dir='ltr'>fercula</span> <span class='ocrx_word' id='word_1_438' title='bbox 1448 4035 1627 4109; x_wconf 89' lang='lat' dir='ltr'>Beatorum,</span> <span class='ocrx_word' id='word_1_439' title='bbox 1644 4034 1795 4097; x_wconf 88' lang='lat' dir='ltr'>videlicet</span> <span class='ocrx_word' id='word_1_440' title='bbox 1812 4034 1985 4116; x_wconf 86' lang='lat' dir='ltr'>conspicere</span> 
     </span>
     <span class='ocr_line' id='line_1_37' title="bbox 444 4131 1985 4218; baseline -0.005 -17"><span class='ocrx_word' id='word_1_441' title='bbox 444 4139 483 4201; x_wconf 90' lang='lat' dir='ltr'>ab</span> <span class='ocrx_word' id='word_1_442' title='bbox 499 4156 631 4202; x_wconf 86' lang='lat' dir='ltr'>excessu</span> <span class='ocrx_word' id='word_1_443' title='bbox 647 4137 760 4200; x_wconf 88' lang='lat' dir='ltr'>caloris</span> <span class='ocrx_word' id='word_1_444' title='bbox 775 4137 814 4199; x_wconf 91' lang='lat' dir='ltr'>ad</span> <span class='ocrx_word' id='word_1_445' title='bbox 828 4135 966 4218; x_wconf 87' lang='lat' dir='ltr'>aliquale</span> <span class='ocrx_word' id='word_1_446' title='bbox 982 4135 1084 4216; x_wconf 91' lang='lat' dir='ltr'>frigus</span> <span class='ocrx_word' id='word_1_447' title='bbox 1097 4154 1103 4196; x_wconf 93' lang='lat'>:</span> <span class='ocrx_word' id='word_1_448' title='bbox 1116 4134 1193 4216; x_wconf 91' lang='lat' dir='ltr'>quia</span> <span class='ocrx_word' id='word_1_449' title='bbox 1248 4135 1364 4200; x_wconf 84' lang='lat' dir='ltr'>Christi</span> <span class='ocrx_word' id='word_1_450' title='bbox 1390 4133 1621 4196; x_wconf 86' lang='lat' dir='ltr'>humanitatem</span> <span class='ocrx_word' id='word_1_451' title='bbox 1645 4141 1677 4194; x_wconf 90' lang='lat' dir='ltr'>et</span> <span class='ocrx_word' id='word_1_452' title='bbox 1696 4132 1861 4214; x_wconf 83' lang='lat' dir='ltr'>Virginem</span> <span class='ocrx_word' id='word_1_453' title='bbox 1884 4131 1985 4213; x_wconf 87' lang='lat' dir='ltr'>glorio-</span> 
     </span>
     <span class='ocr_line' id='line_1_38' title="bbox 444 4230 1986 4315; baseline -0.006 -15"><span class='ocrx_word' id='word_1_454' title='bbox 444 4256 508 4302; x_wconf 93' lang='lat' dir='ltr'>non</span> <span class='ocrx_word' id='word_1_455' title='bbox 533 4236 685 4299; x_wconf 89' lang='lat' dir='ltr'>transitur</span> <span class='ocrx_word' id='word_1_456' title='bbox 709 4235 749 4298; x_wconf 91' lang='lat' dir='ltr'>de</span> <span class='ocrx_word' id='word_1_457' title='bbox 772 4243 915 4298; x_wconf 86' lang='lat' dir='ltr'>extremo</span> <span class='ocrx_word' id='word_1_458' title='bbox 944 4235 982 4296; x_wconf 90' lang='lat' dir='ltr'>ad</span> <span class='ocrx_word' id='word_1_459' title='bbox 1012 4241 1192 4296; x_wconf 87' lang='lat' dir='ltr'>extremum</span> <span class='ocrx_word' id='word_1_460' title='bbox 1208 4242 1232 4304; x_wconf 83' lang='grc' dir='ltr'>Ι)</span> <span class='ocrx_word' id='word_1_461' title='bbox 1248 4250 1442 4306; x_wconf 91' lang='lat' dir='ltr'>sam,omnes</span> <span class='ocrx_word' id='word_1_462' title='bbox 1458 4249 1585 4315; x_wconf 91' lang='lat' dir='ltr'>quoque</span> <span class='ocrx_word' id='word_1_463' title='bbox 1599 4230 1814 4312; x_wconf 89' lang='lat' dir='ltr'>angelicorum</span> <span class='ocrx_word' id='word_1_464' title='bbox 1830 4232 1986 4314; x_wconf 90' lang='lat' dir='ltr'>spirituum</span> 
     </span>
     <span class='ocr_line' id='line_1_39' title="bbox 445 4330 1986 4419; baseline -0.006 -21"><span class='ocrx_word' id='word_1_465' title='bbox 445 4337 507 4399; x_wconf 90' lang='lat' dir='ltr'>nisi</span> <span class='ocrx_word' id='word_1_466' title='bbox 522 4356 580 4419; x_wconf 90' lang='lat' dir='ltr'>per</span> <span class='ocrx_word' id='word_1_467' title='bbox 595 4335 749 4408; x_wconf 91' lang='lat' dir='ltr'>medium,</span> <span class='ocrx_word' id='word_1_468' title='bbox 766 4342 802 4395; x_wconf 93' lang='lat' dir='ltr'>ut</span> <span class='ocrx_word' id='word_1_469' title='bbox 816 4333 945 4396; x_wconf 87' lang='lat' dir='ltr'>divinus</span> <span class='ocrx_word' id='word_1_470' title='bbox 962 4331 1133 4415; x_wconf 84' lang='lat' dir='ltr'>Dionysius</span> <span class='ocrx_word' id='word_1_471' title='bbox 1148 4331 1191 4394; x_wconf 94' lang='lat' dir='ltr'>lo·</span> <span class='ocrx_word' id='word_1_472' title='bbox 1248 4331 1386 4406; x_wconf 90' lang='lat' dir='ltr'>ordines,</span> <span class='ocrx_word' id='word_1_473' title='bbox 1412 4339 1443 4393; x_wconf 91' lang='lat' dir='ltr'>et</span> <span class='ocrx_word' id='word_1_474' title='bbox 1467 4331 1611 4393; x_wconf 93' lang='lat' dir='ltr'>omnium</span> <span class='ocrx_word' id='word_1_475' title='bbox 1639 4330 1805 4393; x_wconf 89' lang='lat' dir='ltr'>beatorum</span> <span class='ocrx_word' id='word_1_476' title='bbox 1829 4330 1986 4393; x_wconf 91' lang='lat' dir='ltr'>hominum</span> 
     </span>
     <span class='ocr_line' id='line_1_40' title="bbox 299 4405 1986 4517; baseline -0.007 -20"><span class='ocrx_word' id='word_1_477' title='bbox 299 4405 327 4435; x_wconf 42' lang='lat' dir='ltr'>&#39;i&#39;</span> <span class='ocrx_word' id='word_1_478' title='bbox 445 4435 564 4517; x_wconf 92' lang='lat' dir='ltr'>quitur.</span> <span class='ocrx_word' id='word_1_479' title='bbox 574 4434 620 4496; x_wconf 84' lang='lat' dir='ltr'>Ad</span> <span class='ocrx_word' id='word_1_480' title='bbox 635 4434 695 4495; x_wconf 90' lang='lat' dir='ltr'>boc</span> <span class='ocrx_word' id='word_1_481' title='bbox 711 4450 809 4514; x_wconf 89' lang='lat' dir='ltr'>super</span> <span class='ocrx_word' id='word_1_482' title='bbox 823 4431 1047 4513; x_wconf 80' lang='lat' dir='ltr'>Apocalypsim</span> <span class='ocrx_word' id='word_1_483' title='bbox 1063 4447 1192 4512; x_wconf 91' lang='lat' dir='ltr'>respon·</span> <span class='ocrx_word' id='word_1_484' title='bbox 1248 4431 1364 4511; x_wconf 86' lang='lat' dir='ltr'>gradus</span> <span class='ocrx_word' id='word_1_485' title='bbox 1385 4450 1422 4492; x_wconf 92' lang='lat' dir='ltr'>ac</span> <span class='ocrx_word' id='word_1_486' title='bbox 1447 4430 1677 4504; x_wconf 89' lang='lat' dir='ltr'>distinctiones,</span> <span class='ocrx_word' id='word_1_487' title='bbox 1694 4429 1876 4512; x_wconf 89' lang='lat' dir='ltr'>horumque</span> <span class='ocrx_word' id='word_1_488' title='bbox 1897 4425 1986 4490; x_wconf 91' lang='lat' dir='ltr'>omni·</span> 
     </span>
     <span class='ocr_line' id='line_1_41' title="bbox 446 4527 1984 4613; baseline -0.007 -19"><span class='ocrx_word' id='word_1_489' title='bbox 446 4535 499 4594; x_wconf 88' lang='lat' dir='ltr'>det</span> <span class='ocrx_word' id='word_1_490' title='bbox 521 4533 680 4605; x_wconf 67' lang='lat' dir='ltr'>filbertus</span> <span class='ocrx_word' id='word_1_491' title='bbox 706 4531 792 4613; x_wconf 93' lang='lat' dir='ltr'>quod</span> <span class='ocrx_word' id='word_1_492' title='bbox 821 4530 961 4592; x_wconf 86' lang='lat' dir='ltr'>damnati</span> <span class='ocrx_word' id='word_1_493' title='bbox 988 4536 1153 4591; x_wconf 89' lang='lat' dir='ltr'>transeunt</span> <span class='ocrx_word' id='word_1_494' title='bbox 1176 4548 1194 4590; x_wconf 90' lang='lat' dir='ltr'>a</span> <span class='ocrx_word' id='word_1_495' title='bbox 1251 4549 1304 4591; x_wconf 92' lang='lat' dir='ltr'>urn</span> <span class='ocrx_word' id='word_1_496' title='bbox 1321 4548 1433 4592; x_wconf 90' lang='lat' dir='ltr'>secura</span> <span class='ocrx_word' id='word_1_497' title='bbox 1447 4537 1542 4612; x_wconf 88' lang='lat' dir='ltr'>atque</span> <span class='ocrx_word' id='word_1_498' title='bbox 1562 4536 1679 4592; x_wconf 80' lang='lat' dir='ltr'>aeterua</span> <span class='ocrx_word' id='word_1_499' title='bbox 1693 4527 1816 4611; x_wconf 90' lang='lat' dir='ltr'>perfrui</span> <span class='ocrx_word' id='word_1_500' title='bbox 1836 4528 1984 4590; x_wconf 86' lang='lat' dir='ltr'>societate.</span> 
     </span>
     <span class='ocr_line' id='line_1_42' title="bbox 447 4624 1987 4709; baseline -0.005 -17"><span class='ocrx_word' id='word_1_501' title='bbox 447 4631 587 4692; x_wconf 88' lang='lat' dir='ltr'>maximo</span> <span class='ocrx_word' id='word_1_502' title='bbox 612 4631 716 4692; x_wconf 88' lang='lat' dir='ltr'>calore</span> <span class='ocrx_word' id='word_1_503' title='bbox 740 4629 779 4690; x_wconf 89' lang='lat' dir='ltr'>ad</span> <span class='ocrx_word' id='word_1_504' title='bbox 803 4627 980 4690; x_wconf 88' lang='lat' dir='ltr'>maximum</span> <span class='ocrx_word' id='word_1_505' title='bbox 1005 4627 1107 4708; x_wconf 84' lang='lat' dir='ltr'>frigus</span> <span class='ocrx_word' id='word_1_506' title='bbox 1137 4627 1194 4688; x_wconf 92' lang='lat' dir='ltr'>irn·</span> <span class='ocrx_word' id='word_1_507' title='bbox 1290 4629 1328 4691; x_wconf 91' lang='lat' dir='ltr'>Ut</span> <span class='ocrx_word' id='word_1_508' title='bbox 1343 4647 1417 4709; x_wconf 84' lang='lat' dir='ltr'>crgo</span> <span class='ocrx_word' id='word_1_509' title='bbox 1438 4627 1627 4690; x_wconf 90' lang='lat' dir='ltr'>infernalem</span> <span class='ocrx_word' id='word_1_510' title='bbox 1649 4627 1736 4688; x_wconf 89' lang='lat' dir='ltr'>illarn</span> <span class='ocrx_word' id='word_1_511' title='bbox 1758 4645 1883 4690; x_wconf 89' lang='lat' dir='ltr'>coenam</span> <span class='ocrx_word' id='word_1_512' title='bbox 1898 4624 1987 4687; x_wconf 85' lang='lat' dir='ltr'>valca-</span> 
     </span>
     <span class='ocr_line' id='line_1_43' title="bbox 449 4724 1986 4809; baseline 0 -19"><span class='ocrx_word' id='word_1_513' title='bbox 449 4729 595 4802; x_wconf 88' lang='lat' dir='ltr'>mediate,</span> <span class='ocrx_word' id='word_1_514' title='bbox 613 4735 644 4790; x_wconf 91' lang='lat' dir='ltr'>et</span> <span class='ocrx_word' id='word_1_515' title='bbox 665 4745 729 4789; x_wconf 91' lang='lat' dir='ltr'>non</span> <span class='ocrx_word' id='word_1_516' title='bbox 751 4745 808 4809; x_wconf 91' lang='lat' dir='ltr'>per</span> <span class='ocrx_word' id='word_1_517' title='bbox 832 4726 958 4808; x_wconf 84' lang='lat' dir='ltr'>gradus,</span> <span class='ocrx_word' id='word_1_518' title='bbox 975 4724 1112 4788; x_wconf 90' lang='lat' dir='ltr'>faciente</span> <span class='ocrx_word' id='word_1_519' title='bbox 1135 4725 1194 4788; x_wconf 92' lang='lat' dir='ltr'>hoc</span> <span class='ocrx_word' id='word_1_520' title='bbox 1251 4747 1322 4790; x_wconf 93' lang='lat' dir='ltr'>mus</span> <span class='ocrx_word' id='word_1_521' title='bbox 1337 4728 1480 4802; x_wconf 87' lang='lat' dir='ltr'>evadere,</span> <span class='ocrx_word' id='word_1_522' title='bbox 1491 4735 1523 4789; x_wconf 92' lang='lat' dir='ltr'>et</span> <span class='ocrx_word' id='word_1_523' title='bbox 1538 4727 1631 4790; x_wconf 87' lang='lat' dir='ltr'>istam</span> <span class='ocrx_word' id='word_1_524' title='bbox 1647 4726 1810 4790; x_wconf 86' lang='lat' dir='ltr'>coelestem</span> <span class='ocrx_word' id='word_1_525' title='bbox 1825 4726 1986 4808; x_wconf 79' lang='lat' dir='ltr'>acquirere,</span> 
     </span>
     <span class='ocr_line' id='line_1_44' title="bbox 447 4823 1986 4908; baseline -0.005 -19"><span class='ocrx_word' id='word_1_526' title='bbox 447 4825 679 4908; x_wconf 89' lang='lat' dir='ltr'>omnipotentia</span> <span class='ocrx_word' id='word_1_527' title='bbox 701 4825 757 4887; x_wconf 87' lang='lat' dir='ltr'>Dei</span> <span class='ocrx_word' id='word_1_528' title='bbox 782 4842 789 4886; x_wconf 75' lang='grc' dir='ltr'>ε</span> <span class='ocrx_word' id='word_1_529' title='bbox 814 4825 932 4887; x_wconf 92' lang='lat' dir='ltr'>idcirco</span> <span class='ocrx_word' id='word_1_530' title='bbox 956 4844 995 4888; x_wconf 87' lang='lat' dir='ltr'>ex</span> <span class='ocrx_word' id='word_1_531' title='bbox 1020 4825 1078 4887; x_wconf 93' lang='lat' dir='ltr'>bac</span> <span class='ocrx_word' id='word_1_532' title='bbox 1102 4824 1194 4886; x_wconf 91' lang='lat' dir='ltr'>alter·</span> <span class='ocrx_word' id='word_1_533' title='bbox 1250 4827 1434 4889; x_wconf 89' lang='lat' dir='ltr'>studeamus</span> <span class='ocrx_word' id='word_1_534' title='bbox 1450 4844 1536 4888; x_wconf 90' lang='lat' dir='ltr'>nunc</span> <span class='ocrx_word' id='word_1_535' title='bbox 1552 4825 1676 4888; x_wconf 85' lang='lat' dir='ltr'>Christo</span> <span class='ocrx_word' id='word_1_536' title='bbox 1690 4825 1834 4908; x_wconf 91' lang='lat' dir='ltr'>quotidie</span> <span class='ocrx_word' id='word_1_537' title='bbox 1850 4823 1986 4907; x_wconf 89' lang='lat' dir='ltr'>spiritua-</span> 
     </span>
     <span class='ocr_line' id='line_1_45' title="bbox 448 4921 1986 5005; baseline -0.005 -17"><span class='ocrx_word' id='word_1_538' title='bbox 448 4926 576 4988; x_wconf 86' lang='lat' dir='ltr'>natione</span> <span class='ocrx_word' id='word_1_539' title='bbox 600 4943 664 4987; x_wconf 91' lang='lat' dir='ltr'>non</span> <span class='ocrx_word' id='word_1_540' title='bbox 688 4922 784 4986; x_wconf 88' lang='lat' dir='ltr'>habet</span> <span class='ocrx_word' id='word_1_541' title='bbox 807 4942 918 4986; x_wconf 91' lang='lat' dir='ltr'>eorum</span> <span class='ocrx_word' id='word_1_542' title='bbox 947 4941 1041 5005; x_wconf 86' lang='lat' dir='ltr'>poena</span> <span class='ocrx_word' id='word_1_543' title='bbox 1064 4923 1195 5004; x_wconf 88' lang='lat' dir='ltr'>refrige-</span> <span class='ocrx_word' id='word_1_544' title='bbox 1251 4926 1314 4987; x_wconf 91' lang='lat' dir='ltr'>lem</span> <span class='ocrx_word' id='word_1_545' title='bbox 1337 4925 1440 4988; x_wconf 89' lang='lat' dir='ltr'>facere</span> <span class='ocrx_word' id='word_1_546' title='bbox 1460 4944 1596 5000; x_wconf 89' lang='lat' dir='ltr'>coenam,</span> <span class='ocrx_word' id='word_1_547' title='bbox 1614 4932 1645 4986; x_wconf 91' lang='lat' dir='ltr'>et</span> <span class='ocrx_word' id='word_1_548' title='bbox 1663 4924 1742 4986; x_wconf 88' lang='lat' dir='ltr'>vitia</span> <span class='ocrx_word' id='word_1_549' title='bbox 1763 4923 1818 4986; x_wconf 91' lang='lat' dir='ltr'>illa</span> <span class='ocrx_word' id='word_1_550' title='bbox 1839 4924 1938 4986; x_wconf 88' lang='lat' dir='ltr'>vitare</span> <span class='ocrx_word' id='word_1_551' title='bbox 1955 4921 1986 4981; x_wconf 81' lang='lat' dir='ltr'>de</span> 
     </span>
     <span class='ocr_line' id='line_1_46' title="bbox 449 5021 1985 5106; baseline -0.004 -20"><span class='ocrx_word' id='word_1_552' title='bbox 449 5024 544 5098; x_wconf 91' lang='lat' dir='ltr'>rium,</span> <span class='ocrx_word' id='word_1_553' title='bbox 562 5023 617 5085; x_wconf 89' lang='lat' dir='ltr'>sed</span> <span class='ocrx_word' id='word_1_554' title='bbox 635 5028 853 5103; x_wconf 85' lang='lat' dir='ltr'>augmentum.</span> <span class='ocrx_word' id='word_1_555' title='bbox 868 5021 947 5084; x_wconf 88' lang='lat' dir='ltr'>Nam</span> <span class='ocrx_word' id='word_1_556' title='bbox 967 5022 1050 5083; x_wconf 89' lang='lat' dir='ltr'>sicut</span> <span class='ocrx_word' id='word_1_557' title='bbox 1068 5022 1195 5103; x_wconf 93' lang='lat' dir='ltr'>opposi-</span> <span class='ocrx_word' id='word_1_558' title='bbox 1250 5024 1368 5106; x_wconf 91' lang='lat' dir='ltr'>quibus</span> <span class='ocrx_word' id='word_1_559' title='bbox 1385 5024 1417 5086; x_wconf 91' lang='lat' dir='ltr'>in</span> <span class='ocrx_word' id='word_1_560' title='bbox 1437 5024 1602 5104; x_wconf 87' lang='lat' dir='ltr'>evangelio</span> <span class='ocrx_word' id='word_1_561' title='bbox 1622 5023 1737 5104; x_wconf 87' lang='lat' dir='ltr'>legitur</span> <span class='ocrx_word' id='word_1_562' title='bbox 1757 5022 1921 5095; x_wconf 88' lang='lat' dir='ltr'>hodiomo,</span> <span class='ocrx_word' id='word_1_563' title='bbox 1936 5021 1985 5081; x_wconf 90' lang='lat' dir='ltr'>boc</span> 
     </span>
     <span class='ocr_line' id='line_1_47' title="bbox 449 5119 1984 5205; baseline -0.004 -19"><span class='ocrx_word' id='word_1_564' title='bbox 449 5133 480 5187; x_wconf 92' lang='lat' dir='ltr'>ta</span> <span class='ocrx_word' id='word_1_565' title='bbox 497 5124 588 5205; x_wconf 86' lang='lat' dir='ltr'>juxta</span> <span class='ocrx_word' id='word_1_566' title='bbox 608 5140 641 5185; x_wconf 88' lang='lat' dir='ltr'>se</span> <span class='ocrx_word' id='word_1_567' title='bbox 661 5121 764 5203; x_wconf 90' lang='lat' dir='ltr'>posita</span> <span class='ocrx_word' id='word_1_568' title='bbox 784 5119 900 5182; x_wconf 89' lang='lat' dir='ltr'>clarius</span> <span class='ocrx_word' id='word_1_569' title='bbox 921 5119 1136 5194; x_wconf 88' lang='lat' dir='ltr'>innotescunt,</span> <span class='ocrx_word' id='word_1_570' title='bbox 1154 5120 1196 5182; x_wconf 86' lang='lat' dir='ltr'>ita</span> <span class='ocrx_word' id='word_1_571' title='bbox 1251 5131 1299 5186; x_wconf 89' lang='lat' dir='ltr'>cst</span> <span class='ocrx_word' id='word_1_572' title='bbox 1318 5122 1513 5204; x_wconf 88' lang='lat' dir='ltr'>superbiam,</span> <span class='ocrx_word' id='word_1_573' title='bbox 1529 5122 1694 5184; x_wconf 86' lang='lat' dir='ltr'>avaritiam</span> <span class='ocrx_word' id='word_1_574' title='bbox 1714 5129 1810 5203; x_wconf 88' lang='lat' dir='ltr'>atque</span> <span class='ocrx_word' id='word_1_575' title='bbox 1825 5120 1984 5189; x_wconf 80' lang='lat' dir='ltr'>luxuriam,</span> 
     </span>
     <span class='ocr_line' id='line_1_48' title="bbox 447 5219 1986 5304; baseline -0.005 -16"><span class='ocrx_word' id='word_1_576' title='bbox 447 5226 526 5288; x_wconf 93' lang='lat' dir='ltr'>dum</span> <span class='ocrx_word' id='word_1_577' title='bbox 548 5223 604 5285; x_wconf 92' lang='lat' dir='ltr'>uni</span> <span class='ocrx_word' id='word_1_578' title='bbox 628 5239 738 5286; x_wconf 91' lang='lat' dir='ltr'>eorum</span> <span class='ocrx_word' id='word_1_579' title='bbox 763 5221 899 5283; x_wconf 89' lang='lat' dir='ltr'>alterurn</span> <span class='ocrx_word' id='word_1_580' title='bbox 922 5219 1075 5293; x_wconf 89' lang='lat' dir='ltr'>succedit,</span> <span class='ocrx_word' id='word_1_581' title='bbox 1096 5219 1197 5300; x_wconf 88' lang='lat' dir='ltr'>magis</span> <span class='ocrx_word' id='word_1_582' title='bbox 1251 5229 1283 5284; x_wconf 91' lang='lat' dir='ltr'>et</span> <span class='ocrx_word' id='word_1_583' title='bbox 1308 5230 1412 5284; x_wconf 88' lang='lat' dir='ltr'>cetera</span> <span class='ocrx_word' id='word_1_584' title='bbox 1435 5221 1594 5296; x_wconf 89' lang='lat' dir='ltr'>universa,</span> <span class='ocrx_word' id='word_1_585' title='bbox 1614 5221 1812 5304; x_wconf 88' lang='lat' dir='ltr'>virtutesque</span> <span class='ocrx_word' id='word_1_586' title='bbox 1835 5219 1902 5282; x_wconf 94' lang='lat' dir='ltr'>illis</span> <span class='ocrx_word' id='word_1_587' title='bbox 1925 5235 1986 5281; x_wconf 90' lang='lat' dir='ltr'>cou-</span> 
     </span>
     <span class='ocr_line' id='line_1_49' title="bbox 297 5315 1986 5405; baseline -0.007 -15"><span class='ocrx_word' id='word_1_588' title='bbox 297 5319 302 5326; x_wconf 79' lang='grc'><strong>’</strong></span> <span class='ocrx_word' id='word_1_589' title='bbox 350 5351 353 5358; x_wconf 52' lang='grc'>“</span> <span class='ocrx_word' id='word_1_590' title='bbox 448 5324 595 5400; x_wconf 89' lang='lat' dir='ltr'>sentitur,</span> <span class='ocrx_word' id='word_1_591' title='bbox 615 5323 808 5404; x_wconf 88' lang='lat' dir='ltr'>graviusque</span> <span class='ocrx_word' id='word_1_592' title='bbox 830 5319 976 5401; x_wconf 89' lang='lat' dir='ltr'>affligere</span> <span class='ocrx_word' id='word_1_593' title='bbox 1001 5318 1091 5396; x_wconf 90' lang='lat' dir='ltr'>solet,</span> <span class='ocrx_word' id='word_1_594' title='bbox 1114 5319 1196 5382; x_wconf 90' lang='lat' dir='ltr'>siout</span> <span class='ocrx_word' id='word_1_595' title='bbox 1251 5321 1363 5384; x_wconf 89' lang='lat' dir='ltr'>trarias</span> <span class='ocrx_word' id='word_1_596' title='bbox 1391 5320 1546 5398; x_wconf 89' lang='lat' dir='ltr'>obtinere,</span> <span class='ocrx_word' id='word_1_597' title='bbox 1572 5338 1760 5384; x_wconf 87' lang='lat' dir='ltr'>conservare</span> <span class='ocrx_word' id='word_1_598' title='bbox 1784 5328 1880 5405; x_wconf 91' lang='lat' dir='ltr'>atque</span> <span class='ocrx_word' id='word_1_599' title='bbox 1903 5315 1986 5404; x_wconf 85' lang='lat' dir='ltr'>perfi-</span> 
     </span>
    </p>
   </div>
   <div class='ocr_carea' id='block_1_3' title="bbox 0 0 2125 6244">
    <p class='ocr_par' dir='ltr' id='par_1_4' title="bbox 0 0 2125 6244">
     <span class='ocr_line' id='line_1_50' title="bbox 0 0 2125 6244; baseline 0 0"><span class='ocrx_word' id='word_1_600' title='bbox 0 0 2125 6244; x_wconf 95' lang='lat' dir='ltr'> </span> 
     </span>
    </p>
   </div>
  </div>
 </body>
</html>
