4164 6258
327 503 475 553 noruurm
496 503 531 550 m
550 502 624 550 rosr
644 500 838 550 mmrrarnu.
860 519 899 532 -
920 501 963 550 an
982 499 1178 566 asarotosos3
1200 504 1299 552 annuo
1320 505 1457 562 ocurras
1609 490 1669 556 {89

117 673 175 753 sti;
198 673 302 756 magis
323 673 436 738 volunt
457 673 637 737 consentire
661 671 869 754 suggestioni·
883 671 909 736 Α
923 671 988 736 Deo
1002 679 1034 736 et
1047 673 1169 755 angelis
1188 674 1258 755 ejus
1273 673 1414 738 virtuose
1433 694 1469 740 ac
1486 684 1670 740 reverenter

116 771 176 834 hus
201 773 398 848 daemonum,
422 790 518 856 quam
542 771 746 855 acquiescere
770 769 868 853 inspi·
923 769 1104 832 conversari
1130 770 1280 834 nitamur.
1307 771 1376 836 Non
1405 772 1479 855 plus
1501 791 1671 836 vereamur

115 870 297 934 mtionibus
330 871 447 936 Christi
478 889 516 934 ac
546 870 762 951 angelorum3
796 868 868 951 plus
922 885 959 929 ac
970 886 1162 931 veneremur
1176 871 1377 952 presentiam
1392 871 1671 955 bominum‚quam

114 969 258 1050 diligunt
288 988 380 1033 suam
412 969 626 1052 perditionem
658 974 691 1030 et
720 975 867 1041 mortem,
923 967 978 1028 Dei
1003 985 1039 1029 ac
1064 967 1250 1049 angelorum
1272 985 1279 1030 :
1301 968 1432 1044 idcirco,
1454 970 1539 1052 quod
1564 987 1670 1034 coram

115 1087 213 1150 quam
245 1068 345 1131 vitam
377 1067 539 1131 salubrem
570 1065 868 1148 beatitudinemque
923 1064 1066 1128 honestis
1085 1065 1271 1131 hominibus
1293 1069 1381 1151 loqui
1400 1075 1455 1132 aut
1473 1087 1566 1150 agere
1583 1087 1672 1132 vere·

115 1174 281 1242 emmam,
298 1166 357 1230 hoc
378 1173 436 1240 est,
452 1174 584 1249 peccata
605 1163 751 1228 mortalia
771 1182 867 1247 quarn
922 1164 1148 1240 cundaremm,
1165 1183 1272 1229 coram
1288 1167 1352 1230 Deo
1367 1175 1399 1230 et
1414 1165 1537 1249 angelis
1552 1167 1672 1230 sanctis

116 1267 264 1329 virtutes.
285 1265 445 1348 Quidquid
470 1265 612 1347 suggerit
636 1264 773 1348 Spiritus
794 1263 868 1326 San·
923 1263 1073 1344 cogitare,
1090 1272 1250 1346 appetere,
1267 1265 1392 1348 operari
1413 1264 1595 1329 nullatenus
1617 1284 1671 1328 au·

117 1372 200 1442 ctus,
218 1365 377 1449 quidquid
393 1365 552 1447 inspirant
565 1363 669 1445 augeli
685 1363 797 1436 sancti,
813 1362 866 1425 ab·
923 1362 1065 1426 deamus.
1083 1362 1121 1425 Et
1142 1383 1305 1426 summum
1327 1373 1501 1428 amatorem
1525 1373 1670 1428 nostrum

115 1463 253 1544 jiciunt3
279 1463 436 1547 quidquid
466 1462 611 1525 immittit
635 1461 682 1524 eis
710 1459 866 1536 diabolus,
922 1462 1029 1525 lesum
1046 1461 1206 1525 Christum
1223 1461 1335 1526 saltem
1351 1463 1515 1526 redamare
1530 1481 1594 1526 aon
1609 1461 1670 1526 dif-

117 1563 276 1646 quidquid
302 1579 375 1625 caro
398 1562 567 1636 desiderat,
589 1561 733 1644 protinus
754 1577 868 1643 appro-
923 1559 1073 1623 feramus.

117 1661 207 1738 bant,
228 1663 375 1745 cupiunt,
402 1666 649 1744 prosequuntur.
676 1658 751 1721 'lum
774 1659 869 1722 vehe·
965 1658 1103 1739 Legitur,
1120 1659 1206 1744 quod
1228 1659 1449 1724 sanctissimus
1473 1667 1568 1742 atque
1593 1680 1671 1744 pre

117 1768 245 1824 menter
264 1769 296 1824 et
315 1758 489 1824 infeliciter
509 1765 639 1841 peccata
658 1756 869 1821 obtenebrant
925 1756 1062 1839 inclytus
1077 1765 1197 1840 martyr
1212 1758 1383 1833 Christi,B.
1396 1759 1547 1839 lgnatius,
1561 1760 1672 1823 doctor

117 1859 302 1938 bominem;
322 1866 387 1921 tam
410 1858 514 1920 valide
536 1857 659 1921 vitiose
680 1855 866 1920 affectiones
885 1853 959 1918 bac
984 1855 1127 1937 pontifex
1151 1856 1380 1932 Antiochenus,
1397 1858 1575 1940 discipulus
1600 1857 1671 1920 bea·

116 1959 184 2020 suis
202 1957 397 2041 ponderibus
412 1957 543 2019 trahunt
557 1963 695 2018 mentem
710 1955 865 2018 deorsum
924 1953 1041 2016 tissimi
1064 1955 1193 2018 loannis
1217 1955 1364 2038 apostoli,
1378 1957 1486 2019 lesum
1510 1956 1670 2020 Christum

155 2057 317 2140 Deinceps
331 2054 436 2136 angeli
453 2054 565 2128 sancti,
583 2054 702 2117 milites
718 2053 773 2116 Dei
792 2053 867 2116 insi·
924 2054 1095 2116 Dominum
1111 2062 1255 2116 nostrum
1276 2055 1501 2118 ardentissime
1515 2055 1607 2123 valde
1626 2057 1671 2119 di·

116 2155 279 2236 gnissimi,
296 2173 383 2237 purte
398 2161 430 2216 et
446 2152 716 2216 innocentissimas
733 2160 866 2226 mentes,
924 2151 1009 2214 lexit.
1032 2151 1089 2226 Qui
1114 2171 1214 2234 quum
1242 2151 1303 2214 sub
1325 2152 1458 2233 Traiano
1480 2154 1670 2236 imperatore

116 2256 206 2317 cives
221 2254 365 2336 supemi‚
383 2251 560 2315 beatissimi
582 2250 773 2326 intellectus,
790 2251 869 2313 cari·
922 2251 1111 2331 gravissima
1127 2267 1184 2333 pro
1198 2249 1263 2313 fide
1284 2250 1399 2314 Christi
1420 2259 1581 2334 pateretur
1596 2271 1670 2334 sup-

116 2361 217 2416 tatem
242 2360 274 2415 ot
294 2351 445 2434 pietatem
470 2369 561 2412 suam
586 2348 738 2412 eximiam
763 2349 866 2422 nobis,
924 2349 1031 2430 plicia,
1053 2366 1116 2411 uon
1142 2349 1277 2412 cessavit
1301 2351 1410 2413 lesum
1430 2350 1590 2413 Christum
1615 2369 1670 2414 no-

117 2450 214 2513 luteis
229 2451 432 2525 vasis,sacois
447 2446 868 2522 stercoreis‚vitiosis,foedis
924 2448 1045 2510 minare
1071 2466 1108 2510 ac
1136 2447 1293 2511 invocare.
1317 2449 1417 2523 Quem
1447 2468 1547 2533 quum
1575 2450 1670 2512 inter-

115 2569 151 2612 ac
170 2549 303 2622 vilibus,
320 2549 514 2612 incessanter
529 2547 731 2631 impendunt,
748 2545 867 2629 ubique
924 2555 1087 2626 rogassent
1110 2553 1246 2611 tortores
1270 2565 1327 2610 our
1350 2565 1467 2611 nomeu
1491 2549 1551 2611 boo
1576 2548 1668 2610 toties

116 2667 188 2722 nos,
205 2656 361 2731 quantum
383 2648 415 2710 in
437 2647 514 2730 ipsis
530 2655 589 2720 est,
605 2645 813 2709 custodiendo
831 2663 867 2707 ac
923 2644 1102 2727 replicaret,
1134 2645 1299 2728 respondit
1324 2663 1331 2707 :
1357 2647 1421 2710 lloc
1452 2664 1569 2710 nomen
1599 2664 1667 2709 cor·

115 2747 330 2830 protegend03
347 2747 429 2810 bona
445 2747 613 2829 inspirant,
625 2747 725 2809 Deum
741 2763 799 2828 pro
815 2763 868 2808 no
922 2744 954 2806 di
972 2762 1043 2806 meo
1063 2743 1253 2826 inscriptum
1275 2744 1387 2818 babeo,
1405 2745 1525 2808 idcirco
1539 2744 1580 2807 ab
1600 2745 1669 2825 ejus

115 2848 165 2910 bis
181 2847 373 2920 exoranl,de
388 2847 505 2910 nostris
520 2845 705 2909 excessibus
720 2845 869 2927 quodam·
923 2841 1123 2906 invocatione
1139 2861 1263 2905 cessare
1280 2860 1341 2905 non
1357 2842 1457 2905 valeo.
1474 2843 1517 2906 Eo
1532 2860 1607 2924 ergo
1621 2861 1671 2906 oc-

115 2946 214 3010 modo
234 2945 472 3018 contristantur,
493 2946 532 3007 de
551 2943 740 3026 poenitentia
760 2951 868 3006 nostra
923 2940 999 3014 ciso,
1018 2941 1064 3003 illi
1080 2941 1135 3022 qui
1154 2941 1214 3004 hoo
1233 2941 1414 3015 audierunt,
1431 2942 1574 3004 volentes
1589 2941 1671 3003 veri-

113 3054 145 3107 et
160 3043 257 3108 bonis
272 3042 423 3126 operibus
438 3042 529 3106 valde
546 3042 701 3106 laetantur.
713 3041 750 3104 Et
765 3041 867 3105 nihilo
882 3033 904 3098 C
922 3047 1018 3102 tatem
1048 3038 1220 3102 verborum
1249 3039 1407 3102 curiosius
1436 3039 1587 3121 experiri,
1617 3058 1671 3103 oor

115 3143 226 3205 minus
246 3148 292 3204 tot
309 3148 341 3204 et
361 3149 447 3204 tanta
466 3159 578 3203 eorum
602 3139 762 3203 beneficia
777 3139 866 3202 dissi·
922 3137 993 3218 ejus
1013 3157 1051 3200 ex
1072 3153 1204 3219 corpore
1226 3136 1458 3212 abstraxerunt,
1476 3146 1507 3200 et
1525 3137 1670 3200 scinden-

115 3241 291 3314 mulamus,
309 3240 375 3303 imo
392 3257 451 3302 uec
467 3239 726 3318 consideramus3
742 3238 865 3302 caritati
922 3245 970 3299 les
995 3235 1074 3298 illud
1100 3253 1157 3317 per
1180 3235 1333 3308 medium,
1351 3235 1544 3298 invenerunt
1568 3243 1670 3298 totum

113 3348 146 3403 et
160 3338 396 3403 benevolentiae
412 3355 522 3400 eorum
539 3337 623 3399 circa
644 3352 702 3399 nos
720 3337 867 3418 ingratis-
922 3335 982 3397 hoo
1003 3351 1132 3406 nomeu,
1147 3333 1238 3395 lesus
1257 3332 1412 3407 Christus,
1429 3333 1534 3396 aureis
1556 3333 1670 3396 litteris

114 3438 192 3502 simi
208 3454 398 3512 sumus,nec
413 3435 553 3517 aliquam
566 3451 678 3498 eorum
692 3435 866 3517 presentie
922 3431 1123 3514 inscriptum.
1141 3430 1231 3493 Tanti
1247 3448 1322 3511 ergo
1344 3431 1490 3514 martyris
1510 3432 1668 3514 exemplo,

112 3557 149 3600 ao
166 3535 367 3600 excellentiae
384 3533 594 3596 reverentiam
612 3532 811 3595 exhibemus.
921 3531 1082 3593 discamus
1104 3528 1265 3591 Christum
1286 3527 1450 3592 ferventer
1467 3530 1611 3611 diligere,
1627 3539 1671 3592 at-

154 3635 219 3699 Sed
242 3633 469 3716 resipiscamus
491 3651 509 3694 a
531 3630 744 3714 negligentiis,
764 3630 866 3711 ingra-
921 3645 984 3709 que
1006 3645 1044 3689 ex
1068 3626 1138 3706 ejus
1159 3643 1278 3700 amore,
1295 3626 1413 3688 sanctis
1434 3626 1586 3709 operibus
1607 3627 1669 3689 ala-

113 3732 310 3797 titudinibus
334 3739 366 3794 et
389 3730 653 3814 perversitatibus
678 3727 810 3808 nostris;
835 3735 867 3790 et
922 3725 1017 3788 criter
1032 3725 1194 3808 occupari,
1210 3725 1343 3788 adversa
1358 3743 1486 3808 quoque
1506 3743 1580 3786 oum
1597 3743 1671 3805 gau·

112 3832 224 3895 omnia
245 3829 311 3910 jam
338 3835 487 3912 pretaota
510 3827 733 3911 adspicientes,
760 3843 866 3889 coram
921 3825 974 3887 dio
995 3825 1071 3906 pati.

562 4167 676 4250 AD
724 4165 1226 4250 RELIGIOSOS

669 4561 844 4650 seulfo
882 4563 1126 4665 QUARTUS

184 4787 332 4846 othlono
353 4786 445 4834 011le
467 4785 644 4841 northwic,
664 4785 855 4832 noveramus
877 4785 945 4831 slva
966 4783 1178 4841 eundumne,
1198 4783 1344 4840 TANQUAhl
1366 4783 1405 4830 be
1426 4785 1512 4832 HANU
1534 4785 1596 4844 ost,

460 4885 667 4934 BENlCNlSSlll
689 4885 808 4941 earum,
829 4883 1028 4930 stemmatum
1049 4881 1253 4937 laureacus
1275 4883 1330 4930 Sl'l'.

197 5121 476 5187 UMILIAMLVI
481 5119 540 5179 sub
545 5120 675 5195 potenti
683 5137 785 5178 manu
794 5119 867 5188 Dei,
883 5112 908 5175 Ι)
962 5115 1114 5178 Videmus
1136 5134 1233 5198 quam
1253 5123 1435 5177 reverenter
1452 5123 1548 5200 atque
1567 5117 1670 5181 bumi-

209 5233 246 5283 ut
270 5241 324 5281 vos
345 5223 466 5280 eealtet
488 5219 523 5278 in
547 5227 687 5295 tempore
709 5219 867 5277 visitatio·
924 5214 995 5276 liter
1015 5213 1134 5276 milites
1155 5221 1187 5276 et
1207 5213 1344 5276 ministri
1366 5231 1476 5295 regum
1495 5233 1531 5277 ec
1551 5216 1668 5298 princi-

113 5324 180 5384 cis.
198 5320 212 5383 l
228 5319 310 5382 Petr.
326 5335 358 5394 v,
374 5315 403 5380 6.
923 5331 1000 5395 pum
1016 5311 1124 5377 saeculi
1141 5312 1237 5393 hujus
1253 5311 1320 5375 suis
1337 5313 1477 5376 dominis
1491 5313 1667 5399 obsequan-
