4192 6258
440 517 505 582 boo
653 537 801 584 nonnum
822 539 885 585 nvn
906 539 980 586 rosr
999 540 1193 586 rnrrnrarnu.
1213 558 1253 570 ·-
1273 542 1315 588 an
1335 543 1509 590 numerosos
1520 543 1528 607 ;
1550 543 1649 592 sunno
1670 545 1782 592 sarnus

993 955 1184 1043 SERMO
1224 956 1445 1045 SEXTUS

623 1224 661 1270 bs
683 1225 826 1272 nlbnoru
847 1226 1041 1272 sumussic!
1062 1223 1288 1272 rusticanarum
1309 1225 1346 1270 ΕΤ
1367 1225 1560 1273 suasurum!
1580 1227 1814 1286 uulldlosouull,

908 1327 959 1383 QUI
981 1327 1055 1373 OPUS
1076 1323 1199 1371 HABRNT
1220 1323 1331 1370 cusam
1352 1326 1373 1370 Δ
1394 1324 1529 1372 ClllilS'l'O.

483 1603 575 1664 PSE
596 1606 831 1680 apprehensum
857 1608 986 1666 sanavit
1011 1625 1095 1665 eum.
1116 1601 1233 1666 Lucri
1286 1603 1351 1666 Nec
1370 1603 1475 1667 solum
1495 1603 1582 1680 istos,
1599 1605 1654 1668 sed
1674 1614 1706 1668 ct
1726 1623 1779 1669 eos
1799 1607 1856 1688 qui
1876 1607 1907 1670 in
1920 1608 1978 1670 roli-

497 1718 560 1775 xrv,
576 1699 605 1764 l.
1246 1700 1339 1781 gione
1354 1702 1543 1778 devotiores,
1554 1703 1736 1778 alacriores,
1748 1705 1977 1788 exemplarioras

485 1797 670 1882 spiritualia
689 1819 746 1883 per
761 1802 938 1884 corporalia
952 1801 1111 1883 designari
1127 1819 1193 1864 cer·
1247 1805 1279 1860 et
1300 1798 1507 1880 perfectiores
1530 1820 1600 1864 esse
1623 1810 1804 1876 censentur,
1830 1804 1977 1886 impugnat

444 1897 605 1962 tissimum
629 1907 695 1979 est3
716 1907 748 1962 et
770 1899 854 1962 sicut
876 1901 958 1964 dona
981 1901 1089 1982 gratiae
1112 1899 1193 1962 desi·
1247 1896 1308 1958 ista
1323 1897 1485 1980 superbia,
1502 1900 1679 1963 secundum
1700 1901 1786 1983 quod
1806 1901 1850 1964 ait
1863 1902 1976 1964 bernar·

444 2003 581 2076 guantur
601 2015 659 2079 per
677 1997 759 2060 dona
778 2006 909 2073 natura,
927 1998 973 2061 sio
990 1998 1073 2061 mala
1091 1996 1193 2079 culpae
1246 1995 1305 2057 dus
1322 2011 1329 2055 :
1352 1995 1515 2078 Superbia
1535 1996 1651 2061 vitium
1673 2007 1841 2081 peccatum
1861 2007 1905 2062 cst
1925 2019 1976 2062 rna·

444 2094 669 2176 exprimuntur
693 2115 750 2178 per
775 2096 858 2158 mala
881 2104 1012 2160 naturae.
1038 2096 1133 2158 Porro
1159 2095 1191 2157 in
1246 2093 1380 2168 xirnum,
1404 2095 1489 2176 quod
1508 2095 1564 2158 Dei
1584 2096 1705 2178 populo
1725 2098 1825 2179 magis
1849 2098 1974 2172 insultat,

444 2193 619 2275 hydropico
641 2203 764 2278 septem
788 2195 995 2258 inveniuntur
1019 2194 1192 2278 proprieta-
1246 2190 1490 2274 specialiterque
1516 2192 1654 2274 insurgit
1678 2194 1830 2257 adversus
1858 2196 1975 2277 eosqui

445 2298 502 2366 tes,
522 2291 613 2371 juxta
636 2311 715 2374 quas
740 2293 936 2376 septiformis
960 2293 1189 2375 negligentium
1245 2296 1350 2352 cetera
1364 2290 1514 2352 videntur
1528 2291 1644 2357 vicisse
1660 2293 1974 2374 peccatabndecnirn

443 2407 480 2450 ac
496 2390 701 2471 pereuntium
722 2391 942 2473 religiosorum
958 2391 1121 2454 distinctio
1138 2409 1192 2473 po·
1244 2388 1383 2451 animam
1404 2388 1491 2451 illam
1511 2396 1611 2453 tentet
1630 2390 1792 2473 superbia,
1811 2411 1904 2474 quam
1923 2392 1975 2454 sibi

443 2495 504 2552 test
526 2489 671 2570 intelligi.
1245 2486 1429 2569 subjugavit
1448 2488 1597 2572 tepiditas
1616 2497 1671 2552 aut
1690 2491 1841 2573 pigritial
1856 2493 1934 2556 Unde
1951 2493 1974 2554 ci

484 2587 539 2650 Est
554 2607 693 2670 namque
709 2588 741 2651 in
758 2589 871 2672 primis
889 2590 922 2652 in
941 2589 1124 2674 hydropicis
1144 2589 1191 2652 in·
1244 2586 1364 2648 oriatur
1387 2586 1548 2669 superbia,
1571 2589 1655 2652 unde
1678 2590 1863 2654 extollentia
1883 2590 1974 2654 oculo·

442 2684 532 2748 ilatio
551 2686 682 2760 ventris,
704 2694 810 2750 turnor
825 2687 966 2770 corporis
981 2707 1017 2750 ac
1033 2687 1191 2751 membro·
1245 2701 1328 2758 rum,
1344 2683 1398 2747 cui
1412 2684 1445 2746 in
1466 2691 1590 2748 tautum
1610 2692 1715 2750 cetera
1733 2688 1812 2751 vitia
1830 2688 1974 2752 dominan-

443 2803 524 2846 rum.
548 2783 665 2867 Sisque
688 2804 745 2867 per
769 2785 979 2868 hydropicum
1002 2785 1191 2867 intelligitur
1206 2781 1230 2843 B
1245 2789 1307 2855 tur,
1324 2789 1359 2844 ut
1373 2782 1542 2863 dijudicari
1558 2803 1591 2847 se
1606 2785 1646 2848 ab
1663 2786 1821 2850 universis
1841 2796 1973 2870 tanquan

443 2883 641 2964 quicumque
656 2883 814 2965 superbus
829 2883 1070 2964 religiosus,cui
1086 2883 1190 2947 inJob
1245 2880 1307 2943 sibi
1332 2881 1415 2943 malo
1438 2883 1586 2946 conscius
1609 2884 1807 2948 arbitreturl
1831 2887 1905 2961 Quid
1926 2886 1972 2968 qui
2071 2889 2072 2902 ¹

301 3001 428 3056 aerata,
443 2980 561 3042 dicitur
577 2999 584 3044 :
601 2980 681 3054 Quid
701 2989 732 3043 te
747 2980 850 3044 elevat
865 2989 1036 3056 cortuum,
1053 2991 1084 3044 et
1099 2982 1189 3065 quasi
1244 2987 1349 3042 cetera
1378 2979 1456 3042 vitia
1485 2982 1606 3063 potenti
1631 2982 1750 3046 virtute
1775 2983 1897 3058 devicit,
1920 2983 1972 3046 nisi

296 3069 330 3111 ¹³·
443 3098 556 3162 magna
581 3080 733 3161 cogitans,
759 3081 908 3145 attonitos
937 3080 1035 3144 babes
1059 3080 1190 3145 oculosl
1245 3088 1354 3143 contra
1372 3079 1607 3162 nequissimum
1627 3083 1787 3166 superbias
1809 3085 1915 3148 vitium
1935 3083 1972 3145 di·

443 3179 523 3253 Quid
552 3186 655 3242 tumet
678 3187 788 3243 contra
811 3179 912 3242 Deum
936 3181 1068 3262 spiritus
1092 3183 1189 3242 tuusl
1245 3179 1419 3241 micaturus
1439 3179 1591 3241 accedatl

302 3301 330 3334 ,·
441 3277 552 3340 Nonne
572 3284 681 3339 contra
701 3278 801 3340 Deum
817 3284 919 3340 tumet
934 3279 1116 3341 corborum
1132 3279 1188 3361 qui
1284 3276 1364 3350 Quid
1385 3284 1492 3340 autem
1516 3277 1592 3340 mali
1614 3296 1652 3340 ox
1677 3280 1828 3362 superbia
1850 3281 1972 3344 innasca-

442 3384 551 3440 contra
571 3375 750 3458 superiores
768 3393 853 3450 suos,
870 3376 925 3439 llci
945 3377 1091 3451 vicarios,
1109 3377 1189 3440 intu-
1244 3383 1295 3437 tur
1316 3375 1474 3456 religioso,
1495 3376 1606 3458 pandit
1623 3377 1811 3454 bernardus,
1830 3380 1969 3443 dicendo:

442 3481 589 3537 mescunt
607 3480 638 3536 et
658 3491 712 3536 eos
733 3474 935 3557 despiciunt3
957 3493 1036 3557 quos
1056 3493 1119 3539 non
1140 3493 1188 3540 sc·
1244 3473 1355 3536 Gravis
1380 3474 1469 3536 labor
1492 3474 1652 3557 superbia.
1669 3475 1743 3540 llaec
1764 3485 1812 3540 est
1831 3497 1896 3560 quae
1917 3496 1970 3540 non

442 3575 509 3638 lum
529 3594 567 3638 ex
587 3575 659 3656 jure
678 3594 734 3637 scu
754 3582 913 3657 precepto
933 3574 1052 3649 divino,
1074 3575 1129 3637 sed
1149 3593 1188 3638 ex
1244 3569 1358 3651 recipit
1377 3569 1592 3652 disciplinam,
1609 3573 1714 3634 curari
1735 3575 1848 3648 renuit,
1863 3593 1915 3637 nec
1932 3594 1972 3636 rc-
2069 3635 2070 3646 ,

443 3675 572 3756 proprio
594 3690 722 3755 quoque
741 3672 865 3736 solenni
884 3680 958 3736 voto
976 3673 1131 3736 honorare
1146 3681 1190 3736 te·
1244 3667 1323 3749 cipit
1346 3668 1550 3743 medicinam,
1572 3669 1663 3733 uleus
1687 3672 1860 3753 pessimum
1882 3673 1971 3735 mede*

443 3774 587 3833 nenturl
612 3769 733 3843 Quibus
754 3770 874 3852 praelati
899 3771 1005 3832 dicere
1030 3778 1187 3852 possunt:
1244 3766 1391 3829 lemnon
1414 3767 1587 3843 sustinens,
1604 3770 1690 3851 quod
1713 3789 1773 3833 neo
1792 3770 1915 3834 summis
1931 3769 1968 3832 di·

304 3869 510 3945 naar.1v1,Non
541 3877 650 3932 contra
678 3886 735 3932 nos
765 3876 813 3931 est
841 3868 965 3932 inflatio
993 3877 1108 3944 vestra,
1134 3870 1189 3932 sed
1243 3865 1316 3947 gitis
1342 3883 1375 3926 se
1399 3865 1518 3947 patitur
1541 3867 1712 3930 attrectari.
1739 3869 1817 3932 llinc
1840 3867 1968 3952 superbia

296 3956 316 4000 ⁸·
443 3975 553 4032 contra
576 3968 685 4030 Deum.
1205 3966 1227 4030 C
1245 3971 1329 4026 recto
1344 3970 1476 4026 vocatur
1490 3965 1621 4027 morbus
1638 3965 1755 4042 dictus,
1771 3967 1838 4031 Noli
1855 3985 1900 4030 rna
1912 3977 1968 4028 tan·

476 4065 720 4148 Denique‚sicut
732 4065 906 4148 legisperiti
918 4074 950 4128 et
963 4066 1108 4130 Pharisaei
1121 4085 1190 4150 spe
1243 4062 1372 4144 gerellt
1386 4062 1593 4144 designantur
1607 4063 1739 4146 superbi
1751 4084 1808 4148 per
1820 4065 1965 4136 hericium,

442 4165 553 4228 cialius
569 4173 659 4228 erant
673 4164 814 4248 superbi,
825 4166 870 4228 sic
886 4185 987 4247 usque
1002 4166 1035 4227 in
1050 4184 1189 4248 praesens
1244 4161 1300 4242 qui
1316 4179 1373 4243 pro
1389 4159 1464 4243 pilis
1480 4161 1570 4242 quasi
1586 4161 1688 4244 spinis
1703 4172 1832 4246 opertus
1846 4164 1966 4227 estSunl

441 4265 540 4347 aliqui
560 4264 660 4345 magis
685 4263 802 4326 eruditi
825 4282 862 4326 ac
886 4264 1011 4338 famosi,
1032 4271 1107 4326 sunt
1126 4284 1190 4328 ma·
1244 4260 1362 4322 etenim
1383 4260 1513 4341 quidam
1533 4267 1619 4323 tanta
1637 4261 1775 4325 elatione
1794 4271 1881 4346 atque
1895 4261 1965 4323 duri·
2067 4329 2068 4350 χ

440 4364 489 4446 gis
509 4363 650 4446 superbi,
667 4363 741 4426 vani
757 4370 788 4425 et
802 4362 975 4438 ambitiosi,
992 4382 1092 4445 quum
1109 4371 1190 4427 oete·
1243 4359 1287 4421 tia
1310 4358 1470 4432 offuscati,
1494 4368 1529 4421 ut
1552 4378 1611 4422 neo
1636 4379 1695 4443 pro
1718 4361 1785 4424 suis
1808 4359 1964 4425 excessibus
2067 4351 2068 4360 ’

442 4463 486 4525 ris
506 4463 692 4526 humiliores
709 4462 1000 4543 etexemplariores
1016 4463 1188 4525 consistere
1244 4458 1403 4540 patiantur
1432 4475 1465 4519 se
1490 4457 1619 4541 corripi,
1644 4466 1676 4521 et
1700 4460 1876 4542 praesidenti
1901 4456 1964 4520 indi

316 4578 389 4623 sarr.
398 4591 427 4628 n.
442 4559 634 4641 obligentur,
641 4561 731 4641 juxta
747 4561 831 4643 quod
846 4560 1000 4641 scriptum
1017 4561 1190 4634 estttluan-
1242 4563 1380 4637 gnentur
1405 4556 1541 4637 correpti
1568 4575 1575 4620 :
1601 4558 1687 4638 quod
1715 4565 1764 4621 est
1792 4555 1962 4622 intolerabile

295 4643 330 4686 ²⁰·
442 4665 475 4720 to
498 4657 598 4737 major
619 4676 664 4731 es,
685 4657 819 4719 humilia
843 4664 874 4720 te
899 4657 931 4719 in
956 4657 1124 4737 omnibus3
1145 4666 1186 4733 et,
1243 4655 1375 4729 malum,
1392 4661 1424 4716 et
1442 4654 1566 4718 caecitas
1587 4663 1684 4737 atque
1706 4657 1887 4738 perversitas
1903 4673 1961 4717 con·

294 4775 426 4828 raanan.
443 4756 501 4820 Cui
525 4755 597 4837 plus
621 4755 729 4817 datum
759 4763 817 4830 est,
843 4755 915 4838 plus
945 4756 1124 4837 requiretur
1147 4758 1187 4820 ab
1242 4761 1409 4817 summata.

305 4873 426 4924 rcomn,
441 4872 488 4918 co.
506 4853 560 4917 lsti
576 4861 650 4916 sunt
664 4870 743 4936 quos
759 4853 852 4916 inllat
866 4854 1009 4929 scicntia,
1021 4855 1054 4917 in
1070 4855 1187 4937 quibus
1282 4853 1335 4914 lsti
1359 4852 1524 4914 advertant
1547 4853 1633 4932 quod
1657 4851 1817 4918 Climaous
1839 4854 1878 4917 ait
1896 4870 1902 4915 :
1922 4852 1960 4913 Sit
1989 4867 2032 4937 sl}

296 4941 315 4981 ¹·
442 4960 489 5016 est
509 4951 667 5026 informis,
685 4951 780 5026 nuda,
801 4953 950 5034 insipida,
968 4969 1031 5015 non
1051 4952 1187 5016 formata
1242 4949 1300 5012 tibi
1326 4950 1498 5024 cervicoso,
1524 4953 1683 5032 arroganti
1707 4955 1850 5028 stolato,
1874 4929 2050 5038 ρωῑοτὲ“”

441 5061 473 5114 et
496 5067 645 5134 saporosa
667 5049 798 5130 notitia;
824 5068 888 5112 non
913 5058 1083 5132 pensantes
1107 5052 1185 5115 illud
1241 5050 1326 5112 celer
1347 5057 1379 5112 et
1396 5057 1509 5112 acutus
1530 5068 1566 5112 ac
1589 5050 1830 5128 irremissibilis,
1846 5071 1901 5116 non
1918 5049 1959 5112 bo·

295 5166 425 5219 uranu.
440 5149 582 5234 Apostoli
605 5166 611 5211 :
636 5149 694 5222 Qui
719 5148 788 5210 vult
812 5149 938 5231 sapiens
963 5167 1043 5224 csse,
1070 5150 1185 5213 stultus
1201 5147 1226 5209 D
1242 5149 1357 5230 nignus
1383 5155 1414 5211 et
1439 5149 1544 5228 mitis3
1571 5148 1613 5210 sit
1637 5150 1697 5213 tibi
1726 5151 1787 5215 iste
1810 5151 1910 5216 modus
1927 5147 1958 5210 ad

441 5248 499 5312 liat
520 5256 555 5311 ut
576 5248 618 5310 sit
639 5247 774 5328 sapiens.
793 5247 847 5309 lsti
869 5247 1040 5330 specialius
1062 5267 1099 5310 ac
1119 5267 1186 5329 gra·
1241 5247 1456 5310 obedientiam
1477 5246 1610 5330 pulcher
1629 5256 1661 5311 et
1680 5248 1795 5327 bonus,
1812 5258 1845 5314 ut
1861 5249 1959 5313 scilicet

441 5347 513 5412 vius
531 5347 610 5410 alios
629 5345 850 5410 scandalizant.
1242 5364 1368 5430 semper
1381 5347 1544 5410 existimes
1554 5348 1648 5430 quod
1666 5347 1782 5432 probet
1796 5357 1827 5414 et
1840 5355 1958 5414 anatra
