4206 6258
422 484 484 552 652
626 507 774 554 commen
794 509 856 555 xxv
877 508 951 555 rosv
970 507 1164 558 mturrnrerr.
1184 527 1225 542 -
1245 509 1287 557 an
1307 509 1502 574 nmisiosos3
1525 511 1624 560 suerro
1642 511 1768 560 marrus

423 695 513 759 eque
533 677 764 742 delectabiliter
782 679 845 742 irui
860 686 866 742 l
883 681 982 755 Quam
1003 680 1210 745 delectabit
1226 682 1333 746 minus
1347 684 1431 747 Deus
1446 691 1554 748 noster
1567 684 1768 768 omnipotens
1783 687 1962 769 preparavit

423 775 583 839 tissimum
602 785 651 841 est
668 778 826 842 universis
846 780 961 854 Beatis,
979 780 1039 843 hoc
1061 799 1171 862 super·
1225 780 1317 843 nobis
1342 781 1375 842 in
1400 781 1510 845 coelisl
1534 783 1624 846 Nunc
1648 801 1723 864 ergo
1746 783 1843 846 corda
1864 791 1963 846 nostra

423 874 625 938 carissimum
655 876 787 952 bonum,
812 877 1034 942 ardentissime
1060 879 1171 960 praedi·
1224 879 1367 961 quotidie
1383 899 1455 943 cum
1474 882 1562 945 omni
1582 890 1697 945 conatu
1716 901 1900 965 purgemus,
1915 901 1962 945 cu-

424 971 553 1047 lectum‚
580 993 654 1038 cum
679 984 833 1059 perpetua
852 975 1004 1039 fruitione
1031 977 1113 1039 intra
1136 995 1169 1040 se
1225 977 1399 1041 stodiamus
1423 997 1460 1040 ac
1484 980 1682 1055 decoremus,
1703 987 1736 1042 et
1759 980 1964 1054 accendamur

422 1071 619 1154 amplexari;
637 1073 723 1136 hunc
743 1075 1036 1157 superditissimum
1056 1075 1168 1150 ileum,
1225 1075 1258 1138 in
1274 1076 1418 1140 Domino.
1436 1077 1524 1140 Sicut
1538 1078 1697 1141 desiderat
1715 1097 1829 1141 cervus
1848 1079 1887 1141 ad
1900 1078 1962 1141 fon·
1981 1103 2063 1150 rins.

423 1171 567 1234 omnium
584 1171 789 1236 bonorumet
807 1175 1014 1256 pulchrorum
1031 1193 1068 1238 ac
1088 1175 1170 1238 desi·
1225 1181 1272 1238 tes
1295 1194 1463 1258 aquarum,
1487 1177 1529 1239 ita
1553 1176 1712 1240 desideret
1733 1176 1843 1239 anima
1864 1185 1963 1240 nostra

423 1269 614 1332 derabilium
640 1272 921 1355 opulentissimum
947 1272 1079 1347 fontem,
1096 1291 1170 1336 cum
1224 1272 1263 1335 ad
1288 1274 1406 1354 ileum;
1431 1274 1565 1356 adeius
1592 1273 1777 1338 beatificam
1800 1275 1961 1348 visionem,

423 1376 541 1432 aeterua
555 1370 725 1432 securitate
741 1370 878 1434 feliciter
892 1371 1071 1454 possideret
1090 1372 1170 1434 Ecce
1224 1372 1541 1453 superdulcissimam
1574 1373 1773 1447 fruitionem,
1805 1374 1962 1436 securissi-

423 1467 528 1549 qualis
552 1475 584 1530 et
607 1477 725 1550 quanta
749 1477 797 1532 est
821 1470 957 1534 felicitas
983 1471 1169 1546 electorum,
1225 1488 1309 1532 mam
1343 1471 1578 1553 possessiouem
1611 1472 1798 1534 avidissime
1829 1473 1962 1554 suspire-

423 1584 520 1647 quam
541 1584 615 1629 vera
634 1574 667 1629 et
688 1566 885 1630 rationabilis
905 1576 953 1631 est
972 1569 1116 1631 doctrina
1134 1587 1170 1631 ac
1225 1587 1314 1648 mus;
1327 1588 1398 1652 quae
1412 1589 1541 1632 sursum
1556 1577 1631 1632 suut
1644 1571 1824 1652 sapiamus3
1835 1579 1960 1637 terrena
1978 1587 2034 1630 cas

423 1662 505 1726 fides
529 1664 792 1739 Christianorum,
813 1666 1023 1729 asserentium
1049 1667 1170 1728 nullam
1224 1667 1362 1730 carnalia
1391 1674 1424 1730 et
1452 1668 1571 1731 caduca
1600 1668 1828 1750 despiciamus.
1858 1669 1962 1731 Nullus
1972 1651 1990 1691 ²·

423 1779 536 1844 puram
559 1769 735 1825 creaturam
756 1761 855 1826 luisse
878 1764 1024 1826 idoneam
1047 1770 1078 1826 et
1097 1782 1171 1827 con·
1225 1767 1314 1830 labor
1332 1773 1484 1849 appareat
1502 1767 1594 1830 nobis
1615 1767 1732 1849 gravis,
1749 1767 1874 1830 nullum
1893 1775 1964 1830 tem·

424 1860 551 1942 dignam
572 1879 761 1944 recuperare
780 1880 816 1924 ac
837 1863 1011 1944 promereri
1029 1863 1169 1926 humano
1184 1867 1208 1929 li
1225 1885 1285 1949 pus
1299 1866 1438 1948 longum,
1446 1882 1509 1948 quo
1524 1865 1754 1929 beatitudinem
1770 1873 1887 1929 tantam
1904 1885 1964 1948 pm

422 1959 532 2040 generi
547 1959 777 2023 beatitudinem
795 1961 898 2036 istam,
915 1981 986 2044 quae
1005 1969 1053 2024 est
1068 1961 1169 2041 digni·
1226 1965 1341 2027 mereri
1370 1965 1525 2039 valemus,
1551 1970 1584 2027 et
1607 1965 1759 2046 quoniam
1789 1967 1878 2029 omni
1906 1983 1963 2028 mo-

424 2058 496 2120 tatis
512 2058 747 2140 quodammodo
762 2058 907 2134 infinita,
925 2079 1024 2142 quum
1040 2060 1082 2123 sit
1097 2059 1169 2122 inii·
1226 2071 1333 2126 mento
1348 2081 1418 2125 eam
1438 2070 1470 2126 et
1488 2062 1559 2144 ejus
1573 2071 1782 2146 augmentum
1803 2081 1964 2146 possumus

423 2155 482 2216 uiti
507 2155 583 2219 boui
608 2156 792 2220 immediata
814 2163 909 2238 atque
933 2155 1025 2218 beata
1049 2156 1166 2220 fruitio.
1225 2161 1411 2246 promereri.
1444 2161 1553 2225 Omnis
1585 2161 1707 2246 quippe
1737 2162 1903 2224 caritativa
1929 2162 1965 2223 ad

422 2252 591 2335 Propterea
622 2254 808 2334 Unigenitus
837 2255 893 2317 llei
922 2255 1095 2317 humanam
1124 2273 1170 2318 as·
1224 2262 1324 2324 Deum
1345 2258 1486 2333 allectio,
1502 2259 1607 2322 omnis
1629 2278 1758 2342 quoque
1780 2279 1820 2322 ex
1843 2261 1964 2322 carihte

327 2389 332 2398 -
423 2353 562 2434 sumpsit
589 2359 748 2427 naturam,
773 2353 861 2415 etin
889 2373 926 2417 ea
952 2373 988 2416 ac
1018 2373 1075 2436 per
1099 2373 1169 2417 eam
1224 2357 1389 2442 profluens
1410 2358 1503 2433 actio,
1519 2364 1644 2421 aeteruae
1659 2357 1824 2420 felicitatis
1843 2366 1891 2420 est
1908 2376 1965 2420 me·

274 2854 341 2962 {oruc
351 2868 408 2906 xvru,

423 2451 674 2532 recuperavitac
695 2451 812 2513 meruit
826 2451 918 2515 nobis
939 2452 1123 2515 felicitatem
1139 2460 1171 2514 et
1225 2455 1342 2520 ritoria.
1359 2455 1527 2538 Propterea
1551 2455 1672 2517 nullam
1698 2455 1854 2537 temporis
1878 2456 1963 2519 horu-

422 2549 555 2629 gloriam
572 2549 664 2611 istam
680 2549 881 2625 immensam,
892 2559 1171 2633 perpetuamcon-
1224 2556 1287 2618 lam
1308 2553 1505 2616 infructuose
1524 2560 1794 2635 pertranseamus,
1812 2554 1877 2616 imo
1895 2554 1964 2616 assi-

422 2653 624 2710 summatam.
1110 2727 1112 2732 ,
1224 2654 1286 2716 due
1300 2671 1337 2716 ac
1352 2651 1512 2716 ferventer
1526 2651 1689 2714 elevemus
1704 2669 1759 2715 cor
1774 2661 1917 2715 nostrum
1929 2653 1963 2714 ad

470 2745 508 2808 Et
532 2765 629 2820 nunc,
652 2764 671 2809 o
695 2746 819 2821 fratres,
844 2767 942 2830 quare
966 2747 1169 2830 negligimus,
1224 2751 1394 2814 Dominum
1410 2750 1511 2812 Deum
1533 2757 1689 2824 nostrum,
1705 2749 1814 2832 ipsum
1834 2758 1963 2812 coutem-

423 2846 869 2928 curtorpemuslUsquequo
890 2847 1170 2928 marcemusigna·
1224 2850 1351 2933 plaudo,
1384 2848 1555 2929 diligendo,
1587 2848 1810 2920 desiderando,
1841 2850 1962 2920 orando,

423 2944 485 3018 via,
502 2951 534 3006 et
549 2962 611 3006 non
633 2944 789 3007 intramus
809 2946 848 3007 ad
868 2945 1091 3028 possidendam
1108 2954 1169 3008 ter·
1224 2947 1392 3021 laudando,
1408 2954 1504 3028 atque
1519 2947 1552 3008 in
1567 2947 1734 3009 sanctitate
1754 2955 1787 3008 et
1800 2946 1921 3028 justitia
1937 2947 1963 3009 ei
1987 2971 2061 3014 aar..

422 3061 489 3104 ram
505 3043 693 3117 viventium,
711 3044 872 3123 regionem
890 3044 1062 3119 coelestem,
1080 3045 1168 3108 here·
1184 3045 1206 3110 G
1225 3045 1466 3128 infatigabiliter
1489 3045 1666 3107 serviendo.
1686 3045 1724 3106 Et
1747 3046 1901 3127 quoniam
1922 3037 2001 3107 Ιιι·τί

423 3141 553 3204 ditatem
585 3141 678 3204 nobis
709 3146 877 3224 parataml
907 3143 969 3205 Gur
1000 3161 1063 3206 non
1095 3163 1168 3206 cum
1225 3165 1298 3208 men
1319 3144 1398 3206 illud
1420 3151 1574 3207 aetemum
1594 3143 1809 3206 essentialiter
1826 3153 1964 3206 sanctum

422 3239 511 3302 omni
533 3239 699 3320 diligentia
721 3258 758 3301 ac
779 3239 995 3303 sollicitudine
1019 3241 1170 3303 continua
1225 3243 1417 3325 infinitoque
1442 3261 1570 3324 purum,
1594 3261 1799 3324 nequaquam
1823 3242 1966 3306 beatifice

421 3337 560 3400 vitamus
590 3338 738 3400 universa
768 3347 898 3420 peccata
926 3347 1169 3420 quantumcum-
1224 3341 1340 3423 inspici
1364 3348 1468 3422 potest
1491 3340 1554 3402 nisi
1574 3359 1593 3401 a
1617 3340 1782 3402 mentibus
1803 3341 1966 3404 omnifario

423 3453 485 3516 que
502 3435 646 3497 minutal
662 3435 725 3498 Cur
739 3452 803 3498 non
823 3454 897 3497 cum
916 3436 1003 3498 omni
1024 3455 1169 3500 reveren·
1225 3439 1416 3522 purificatis,
1441 3439 1579 3500 vitemus
1604 3456 1678 3499 cum
1703 3455 1832 3501 summo
1860 3446 1967 3502 conatu

422 3532 466 3595 tia
490 3551 571 3615 opus
595 3533 650 3596 Dei
677 3534 880 3615 peragimusl
905 3535 1005 3608 Quare
1034 3553 1097 3598 uon
1123 3536 1170 3598 in·
1224 3554 1319 3600 omne
1340 3542 1519 3618 peccatum,
1536 3541 1568 3597 et
1586 3553 1603 3596 a
1622 3535 1819 3616 quotidianis
1834 3536 1967 3618 praeteri-

424 3630 610 3693 flammatur
640 3649 695 3694 cor
723 3639 866 3694 nostrum
897 3641 961 3694 tam
992 3633 1110 3695 summi
1139 3640 1171 3696 et
1224 3633 1585 3716 tisquepeccatisomui
1603 3633 1809 3698 modonobis
1828 3634 1968 3717 possibili

425 3728 683 3811 incomparabilis
698 3729 773 3792 boni
789 3749 907 3804 amore,
925 3738 1018 3794 tantm
1038 3731 1172 3794 felicita·
1227 3751 1284 3796 nos
1310 3733 1395 3815 ipsos
1418 3732 1560 3813 quotidie
1581 3750 1811 3814 expurgemus,
1827 3741 1921 3815 atque
1939 3733 1966 3794 in

424 3829 465 3890 tis
481 3827 674 3890 allectionel
690 3828 752 3890 Cur
771 3847 833 3892 non
854 3829 983 3892 oculum
1005 3830 1120 3892 mentis
1138 3831 1170 3892 in
1226 3831 1355 3894 caritate
1371 3838 1402 3893 et
1415 3831 1515 3911 gratia
1530 3830 1767 3912 Omnipotentis
1782 3831 1968 3895 incessabili-

426 3943 497 3988 eam
518 3925 611 3987 modo
634 3943 691 4007 pro
716 3945 808 4008 posse
829 3927 1013 4008 deligimus,
1030 3936 1172 3991 contem·
1225 3938 1274 3993 ter
1295 3947 1438 3992 crescere
1459 3928 1630 4003 enitamur,
1646 3928 1686 3991 ad
1709 3929 1839 3993 laudem
1860 3936 1890 3994 et
1909 3929 1966 4010 glo

425 4023 542 4106 plando
565 4041 622 4106 pro
643 4024 766 4087 viribus
786 4026 868 4088 bona
887 4025 1005 4107 gloriae,
1023 4046 1094 4108 quae
1115 4028 1172 4090 Do·
1226 4028 1306 4090 riam
1326 4027 1406 4108 ejus.

957 4466 1150 4552 suano
1189 4433 1469 4552 runrtus'

542 4733 685 4788 QUOMODO
705 4731 856 4778 nuttutost
877 4730 1015 4778 vitututto
1036 4731 1133 4780 subter
1153 4731 1281 4779 desisto
1301 4730 1427 4778 nuuuutt
1448 4731 1481 4777 ut
1501 4731 1537 4778 SE
1559 4732 1682 4780 annue
1704 4733 1857 4780 beamur.

500 5015 547 5075 IC
557 5021 603 5073 est
618 5031 692 5072 cere
701 5012 866 5087 Propheta
881 5014 941 5091 qui
954 5020 1113 5072 venturus
1126 5020 1172 5071 est
1186 5012 1211 5074 l)
1227 5030 1316 5086 uum,
1334 5011 1485 5094 quoniam
1505 5012 1640 5095 pulchre
1661 5031 1720 5095 per
1738 5014 1848 5076 omnia
1866 5031 1971 5077 conso

515 5113 552 5170 in
568 5113 739 5171 mundum.
756 5110 865 5172 loann.
883 5127 924 5183 vr,
942 5108 989 5172 ld.
1226 5117 1304 5172 nant
1327 5109 1399 5172 sibi.
1423 5110 1462 5174 Et
1485 5111 1570 5193 quod
1592 5111 1626 5173 in
1648 5110 1787 5175 lectione
1811 5113 1872 5176 ista
1894 5113 1971 5176 lere·

464 5210 559 5273 Recte
584 5208 617 5269 in
641 5208 701 5270 ista
724 5207 884 5269 dominica
905 5207 1055 5289 leguntur
1079 5207 1172 5269 lectio
1227 5208 1307 5270 mias
1337 5208 1454 5291 legitur
1479 5207 1687 5291 prophetasse
1716 5209 1757 5272 de
1783 5209 1919 5284 Christo,
1943 5210 1971 5271 iu

426 5307 485 5369 ista
506 5305 692 5389 prophetica
712 5313 806 5387 atque
827 5305 1028 5387 evangelium
1050 5304 1173 5369 hodier·
1227 5306 1392 5388 evangelio
1408 5308 1469 5372 isto
1487 5308 1666 5372 declaratur
1685 5307 1858 5392 impletum
1880 5309 1914 5374 iu
1928 5327 1970 5374 eo.
