4140 6258
454 491 600 540 nouimus
622 491 677 540 vrn
697 492 770 542 rosr
789 490 983 540 rammasse.
1003 509 1044 520 -
1064 491 1163 540 sannio
1183 493 1307 541 manos
1596 476 1657 542 303

110 668 157 722 tur
167 678 240 741 qum
252 659 300 723 eis
312 678 376 725 non
389 669 586 744 competunt,
594 671 626 725 et
640 681 710 747 quae
724 662 855 746 ipsimet
869 664 894 729 A
909 669 961 724 tur
980 661 1135 736 cbristus,
1152 662 1237 746 quod
1258 661 1370 725 dicunt
1387 668 1419 724 et
1437 678 1500 725 non
1520 660 1652 726 faciunt.
1695 684 1783 732 uaria,

110 757 167 820 sibi
192 775 256 822 nou
287 760 392 823 inesse
421 769 627 842 cognoscunt.
654 761 689 824 ln
716 776 853 845 quorum
908 761 1039 836 lterum,
1059 761 1143 824 sicut
1161 759 1256 825 arbor
1280 761 1395 824 crescit
1417 761 1449 824 in
1473 761 1585 835 altum,
1612 761 1655 824 ila
1669 754 1755 802 “¹¹'·³·

110 873 240 939 persona
263 859 308 920 ait
331 859 510 922 Bernardus
535 876 542 920 :
567 859 747 922 Laudamur
768 878 855 922 men·
909 877 1090 922 crescamus
1110 860 1143 922 in
1159 859 1259 922 allum
1275 859 1447 941 dupliciter
1463 876 1470 921 :
1488 859 1603 942 primo,
1620 866 1656 920 ut

110 955 236 1031 dacitcr,
253 955 450 1020 delectamur
470 957 628 1036 inaniter3
644 964 676 1020 et
691 957 764 1019 vani
780 963 855 1020 sunt
908 973 1004 1020 omne
1028 956 1148 1020 bonum
1173 957 1259 1040 quod
1283 957 1408 1038 agimus
1431 965 1463 1020 et
1486 956 1653 1032 babemus,

111 1055 161 1136 qui
183 1053 364 1129 laudantur,
387 1063 420 1118 et
442 1055 610 1118 mendaces
634 1055 689 1137 qui
713 1054 852 1118 laudant.
909 1055 1044 1118 Domino
1059 1055 1123 1118 Deo
1141 1073 1215 1118 cum
1235 1055 1323 1118 omni
1343 1055 1516 1137 gratiarum
1531 1055 1655 1118 actione

111 1152 258 1216 Laudatio
277 1153 384 1236 itaque
405 1153 557 1236 perfectis
578 1160 626 1216 est
647 1153 777 1235 majoris
797 1153 854 1215 bu·
909 1161 941 1214 et
965 1152 1145 1216 bumilitate
1165 1153 1284 1236 jugiter
1303 1153 1533 1228 adscribamus,
1554 1172 1654 1236 quum

111 1251 252 1314 militatis
277 1251 448 1334 meritique
471 1253 607 1326 occasio,
629 1253 753 1316 vitiosis
780 1269 854 1315 vero
908 1251 994 1314 dicat
1008 1253 1189 1334 Apostolus,
1205 1252 1285 1327 Ouid
1304 1250 1402 1314 babes
1421 1252 1507 1334 quod
1526 1270 1588 1316 nou
1603 1271 1654 1315 ac·
1669 1275 1803 1326 issaar.

111 1349 221 1412 nociva
234 1358 301 1430 est;
319 1351 548 1433 insipientibus
562 1359 668 1414 cutem
688 1357 720 1414 et
736 1351 853 1433 imper·
910 1350 1047 1432 cepistit
1066 1357 1161 1433 atque
1177 1350 1330 1426 Salvator,
1347 1351 1421 1414 Sine
1438 1369 1488 1413 me
1503 1350 1583 1413 nibil
1600 1369 1654 1433 po
1676 1374 1803 1428 racanas,

110 1446 199 1510 fectis
221 1450 346 1512 occasio
367 1447 406 1511 fit
428 1449 528 1514 ruina
550 1467 606 1512 seu
625 1449 734 1532 gloria
753 1466 852 1522 vane,
910 1448 1000 1510 testis
1021 1447 1150 1528 facere3
1173 1449 1325 1524 secundo,
1350 1449 1596 1532 contemplando
1619 1468 1655 1513 cc
1670 1441 1690 1482 ⁵·

110 1547 167 1608 nisi
192 1547 342 1629 specialis
366 1547 468 1628 gratia
496 1565 550 1610 eos
575 1554 755 1630 praeservat.
782 1547 855 1610 ldeo
910 1544 1072 1627 diligendo
1093 1547 1193 1610 Deum
1215 1547 1407 1610 altissimum
1430 1554 1462 1610 et
1479 1548 1596 1630 gaudia
1615 1547 1657 1611 ci·

111 1645 182 1707 dicit
206 1645 401 1728 Gregorius:
423 1645 504 1708 Laus
525 1664 582 1709 suc
599 1646 702 1727 justos
722 1645 853 1720 cruciat,
911 1644 1000 1706 vium
1029 1662 1254 1726 supernorum,
1283 1663 1319 1708 ac
1349 1664 1385 1708 ea
1414 1665 1485 1728 qum
1514 1645 1657 1710 Christus

112 1744 235 1825 iniquos
257 1745 374 1808 exaltat
395 1761 402 1806 :
423 1744 478 1808 sed
498 1745 601 1826 justos
623 1745 700 1808 dum
722 1745 854 1819 cruciat,
912 1759 970 1824 pro
989 1749 1096 1805 nostra
1115 1743 1217 1806 salute
1235 1742 1419 1826 assumpsit,
1437 1743 1514 1807 fecit
1533 1762 1569 1807 ac
1589 1763 1658 1828 per-

111 1849 241 1924 purgat;
268 1843 395 1924 iniquos
417 1843 495 1906 dum
520 1843 673 1918 latificat,
697 1843 853 1925 inquinat,
874 1840 994 1904 Btulit.
1019 1842 1179 1925 Amplius,
1205 1843 1288 1905 sicut
1315 1843 1409 1906 arbor
1432 1851 1576 1927 tempore
1600 1861 1658 1908 suo

112 1941 289 2025 impiosque
304 1941 509 2004 demonstrat.
527 1941 614 2005 Unde
634 1940 720 2025 apud
740 1941 855 2004 isaiam
911 1949 999 2003 extra
1013 1940 1195 2015 deornatur,
1206 1942 1355 2019 nudatur,
1365 1943 1491 2019 arescit,
1503 1951 1536 2006 et
1550 1951 1658 2006 tamen

8 2039 250 2122 conloquitur
269 2040 352 2102 Deus
369 2057 377 2102 τ
398 2039 516 2122 Popula
536 2057 640 2115 meus,
656 2039 712 2122 qui
732 2047 763 2102 te
783 2039 855 2101 bea·
911 2039 1062 2102 radicitus
1085 2047 1252 2123 permanet
1272 2042 1356 2116 viva,
1373 2059 1495 2124 suoque
1513 2050 1658 2125 ternpore

110 2147 175 2201 tum
205 2139 329 2214 dicunt,
355 2137 417 2221 ipsi
447 2147 478 2201 te
506 2138 683 2220 decipiunt,
710 2145 742 2202 et
769 2138 854 2200 viam
911 2137 1106 2202 revirescit:
1134 2138 1178 2201 ita
1199 2138 1226 2201 si
1250 2157 1289 2202 er
1312 2139 1480 2203 bominum
1502 2141 1658 2223 pravitate

109 2257 275 2320 gressuum
291 2247 420 2302 tuorum
435 2238 602 2320 dissipant.
620 2239 771 2302 Praeterea
787 2236 856 2320 qui·
910 2235 1079 2318 contigerit
1092 2253 1151 2301 nos
1167 2237 1286 2319 injuste
1300 2237 1473 2314 diffamari,
1483 2240 1657 2314 contemni,

110 2338 178 2400 dam
204 2338 248 2400 ita
271 2337 379 2401 vitiosi
403 2355 440 2399 ac
468 2336 577 2400 miseri
607 2345 692 2412 sunt,
717 2345 753 2399 ut
776 2336 855 2400 alios
910 2334 1316 2418 suppeditari,maneamus
1331 2337 1416 2400 intus
1433 2338 1465 2400 in
1480 2338 1588 2402 anima
1601 2356 1659 2421 per

109 2437 300 2519 vituperent,
316 2443 372 2499 aut
386 2435 561 2518 vituperari
575 2435 616 2498 ab
630 2435 702 2498 aliis
718 2435 856 2498 libenter
910 2432 1074 2496 caritatem
1099 2433 1256 2510 viventes,
1282 2435 1461 2519 ceterisque
1484 2436 1658 2500 virtutibus

108 2535 247 2609 audiant,
265 2542 299 2597 ut
318 2552 357 2596 ex
377 2534 438 2597 boc
458 2534 520 2617 ipsi
541 2533 766 2597 laudabiliores
787 2551 854 2597 crc-
910 2549 947 2594 ac
969 2532 1093 2595 meritis
1115 2549 1223 2596 coram
1247 2533 1311 2596 lieo
1331 2533 1490 2616 fulgentes
1501 2552 1511 2614 ;
1527 2535 1655 2610 iterum,

108 2633 230 2696 dantur.
248 2633 327 2696 ilinc
347 2631 392 2695 ait
409 2631 622 2716 Hieronymus
640 2649 647 2694 :
664 2630 784 2695 Vilium
799 2632 854 2694 bo
911 2629 938 2692 si
958 2649 1016 2713 per
1033 2630 1251 2706 adversitates,
1268 2630 1457 2696 tenutiones
1476 2641 1509 2696 et
1528 2633 1660 2697 tribula·

108 2731 229 2794 minum
252 2738 302 2794 est
320 2737 352 2794 et
373 2749 463 2794 suam
482 2730 608 2794 laudem
629 2730 853 2812 quarentium,
911 2729 1014 2792 tiones
1028 2729 1106 2792 victi
1126 2737 1157 2792 ct
1177 2729 1257 2812 lapsi
1277 2729 1446 2806 fuerimus,
1462 2747 1526 2794 non
1541 2731 1584 2795 ob
1596 2732 1658 2796 boo

107 2831 183 2893 alios
204 2829 312 2893 facere
333 2828 426 2904 viles,
449 2829 525 2912 quia
545 2829 677 2892 alterius
695 2828 856 2911 vitupera·
911 2827 1043 2890 omnino
1068 2827 1253 2910 frangamur
1281 2835 1336 2890 aut
1359 2828 1576 2910 desperemus,
1603 2831 1659 2894 sed

109 2928 191 2992 tione
211 2927 334 2991 laudari
350 2945 384 2990 se
399 2933 514 3011 putant
524 2945 533 3008 ;
548 2934 581 2990 et
595 2927 650 3010 qui
667 2943 725 2990 suo
740 2927 855 2990 merito
910 2944 968 3007 per
983 2925 1215 3007 paenitentiam,
1232 2924 1467 2990 confessionem
1486 2935 1518 2990 et
1537 2927 1659 2992 satisfa-

109 3028 232 3110 plaoere
263 3043 326 3090 non
355 3033 500 3110 possunt,
526 3025 651 3109 placere
680 3025 793 3089 volunt
822 3025 853 3088 in
869 3027 891 3093 C
910 3023 1048 3086 ctionem
1076 3024 1282 3106 resurgendo,
1308 3025 1518 3108 spiritualiter
1542 3027 1659 3090 revire-

110 3125 345 3209 comparatione
367 3125 525 3208 pejorum.
910 3137 1046 3186 scamus.

152 3225 306 3289 Praeterea
340 3219 388 3286 in*
403 3223 568 3305 evaugelio
598 3223 659 3287 isto
692 3231 856 3306 comparat
964 3221 1115 3284 Praetcrca
1147 3239 1186 3283 ex
1218 3221 1384 3303 evangelio
1415 3222 1476 3286 isto
1505 3224 1658 3287 docemur

108 3322 251 3386 Christus
277 3321 441 3385 bominem
465 3321 645 3384 virtuosum
669 3321 777 3385 arbori
800 3321 855 3388 bo-
910 3337 1006 3401 quam
1025 3325 1113 3382 arcta
1131 3319 1243 3382 silvia
1262 3320 1384 3395 salutis,
1402 3328 1433 3383 et
1451 3341 1548 3404 quam
1570 3322 1657 3385 diffi·
1671 3347 1805 3400 aaran,

107 3440 164 3496 nae,
179 3421 347 3485 bominem
368 3419 488 3483 malum
507 3417 613 3482 arbori
635 3418 851 3482 infructuosae.
912 3416 973 3480 cile
997 3417 1039 3479 sit
1062 3416 1176 3480 salvari
1202 3433 1209 3478 :
1235 3417 1311 3499 quia
1333 3435 1396 3482 non
1417 3426 1541 3483 tantum
1563 3420 1658 3485 arbor
1672 3412 1750 3462 ¹⁴³⁹·

108 3520 144 3582 Ut
162 3520 262 3601 igitur
280 3519 382 3581 simus
400 3519 495 3582 arbor
514 3517 607 3593 bona,
629 3516 802 3592 fructuosa,
820 3517 853 3581 in
911 3513 1035 3577 fructus
1051 3513 1150 3578 malos
1166 3514 1345 3596 producens
1360 3516 1574 3581 comburenda
1589 3537 1659 3582 cen·

107 3619 266 3700 profunda
288 3637 325 3681 ac
349 3617 450 3681 solida
474 3616 655 3680 bumilitate
679 3623 776 3680 totam
799 3635 853 3681 no·
912 3621 1009 3688 setur,
1026 3612 1081 3676 sed
1101 3613 1198 3675 etiam
1219 3611 1363 3695 illaque
1383 3613 1482 3678 bonos
1502 3633 1566 3680 non
1587 3616 1658 3679 effi-

108 3725 202 3780 stram
219 3716 494 3780 conversationem
510 3714 855 3789 fundemus.0uemad·
912 3711 955 3774 cit
978 3711 1111 3774 fructus.
1135 3710 1300 3785 Quocirca,
1323 3719 1360 3774 ut
1382 3711 1427 3774 ait
1448 3713 1656 3796 Fulgentius:

107 3815 238 3878 modum
254 3813 347 3878 arbor
362 3813 461 3877 mittit
475 3812 596 3876 radices
610 3833 683 3876 suas
698 3812 854 3896 profunde
911 3810 943 3873 Si
966 3809 1116 3873 sterilitas
1141 3809 1173 3871 in
1200 3809 1306 3890 ignem
1331 3810 1479 3886 mittitur,
1502 3813 1658 3896 rapacitas

106 3913 137 3976 in
153 3921 285 3988 terram,
301 3921 334 3976 et
353 3911 436 3976 sicut
454 3911 548 3975 arbor
568 3919 712 3995 tempore
730 3929 789 3976 suo
809 3913 855 3975 vi·
911 3908 988 3991 quid
1014 3911 1176 3970 mereturl
1203 3907 1285 3970 Etsi
1309 3927 1438 3992 semper
1457 3911 1582 3974 ardebit
1601 3911 1657 3994 qui

105 4013 226 4092 rescit3
253 4011 297 4074 ita
321 4030 378 4094 per
404 4016 513 4073 sancta
539 4009 698 4074 desideria
721 4011 855 4074 interius
911 4005 1106 4090 pauperibus
1121 4024 1179 4068 sua
1193 4023 1257 4070 non
1273 4008 1569 4084 communicaverit,
1579 4009 1658 4092 quid

105 4128 309 4175 renovemur.
331 4110 461 4182 lterum,
486 4109 570 4172 sicut
592 4106 687 4172 arbor
710 4117 856 4190 tempore
911 4123 1063 4188 passurus
1083 4112 1132 4167 est
1150 4103 1205 4186 qui
1226 4103 1330 4168 aliena
1344 4105 1534 4169 abstuleritl
1549 4109 1657 4190 ltaque

104 4210 240 4274 aestivali
255 4207 392 4272 floribus
407 4207 588 4282 adornatur,
606 4207 648 4268 ita
663 4207 769 4270 verbis
784 4209 856 4271 aedi·
871 4211 895 4274 D
910 4222 975 4267 non
990 4202 1115 4266 suflicit
1130 4201 1212 4266 mala
1226 4203 1337 4278 vitare,
1353 4223 1425 4286 quae
1440 4222 1497 4286 per
1512 4207 1658 4286 negativa

105 4307 275 4382 ficatoriis,
306 4304 513 4380 instructivis,
543 4305 732 4380 bumilibus,
758 4306 853 4382 veris,
912 4299 1123 4385 probibentur
1144 4307 1313 4383 praecepta,
1330 4302 1385 4364 scd
1405 4309 1529 4384 oportet
1550 4311 1582 4366 et
1603 4304 1658 4368 bo-

106 4407 242 4470 utilibus
267 4405 468 4468 abundemus
491 4421 527 4466 ac
551 4404 750 4480 decoremur,
773 4405 856 4468 sicut
912 4421 952 4466 na
966 4419 1204 4484 peragerequae
1220 4418 1277 4483 per
1292 4408 1449 4483 precepta
1463 4401 1658 4468 affirmativa

10 4507 254 4576 saanbertatur
274 4503 444 4588 Apostolus
466 4520 473 4564 :
495 4502 604 4564 Omnis
626 4519 731 4566 sermo
754 4503 855 4566 malus
910 4501 1074 4584 jubentur.
1101 4500 1231 4582 Propter
1254 4498 1340 4581 quod
1367 4499 1449 4563 dixit
1470 4500 1624 4584 Propbeta
1648 4521 1655 4566 :

105 4625 145 4668 ox
158 4622 215 4669 ore
231 4610 339 4667 vestro
357 4619 421 4667 non
441 4601 600 4683 procedat,
618 4601 672 4664 sed
691 4602 748 4683 qui
768 4601 855 4666 utilis
912 4599 1042 4664 Declina
1056 4618 1074 4661 a
1090 4598 1184 4672 malo,
1201 4605 1233 4660 et
1253 4596 1303 4660 fac
1323 4597 1453 4661 bonum.
1470 4600 1578 4684 ltaque
1593 4620 1658 4666 non
1685 4625 1804 4680 namn,

105 4712 152 4768 est
173 4704 214 4766 ad
236 4701 496 4774 edificationem,
519 4706 554 4762 ut
574 4699 628 4763 det
647 4701 781 4782 gratiam
803 4720 855 4763 au·
912 4698 1036 4762 sufficit
1057 4695 1223 4759 restituere
1243 4695 1326 4760 bona
1346 4697 1464 4778 injuste
1485 4700 1610 4783 adepta,
1626 4692 1706 4765 et²⁷·

105 4803 217 4866 dienti.
241 4803 373 4874 Rursus,
391 4799 475 4862 sicut
492 4799 586 4862 arbor
606 4798 689 4862 bona
707 4805 779 4881 post
796 4798 855 4862 flo-
911 4797 1015 4861 aliena
1038 4794 1122 4858 bona
1145 4812 1209 4858 non
1234 4812 1362 4877 cupere,
1389 4796 1444 4859 sed
1470 4806 1595 4880 oportet
1617 4801 1657 4864 de

105 4919 155 4964 res
169 4898 335 4964 fructibus
349 4897 553 4980 adimpletur,
570 4897 613 4959 ita
627 4915 665 4959 ca
679 4916 750 4979 quaa
764 4897 856 4960 doce·
912 4895 1051 4979 propriis
1075 4893 1168 4958 bonis
1196 4911 1293 4977 opera
1322 4895 1547 4962 misericordia
1570 4917 1658 4962 exer·

105 5019 177 5063 mus
193 5007 228 5063 ct
244 4997 466 5082 predicamus,
482 5012 579 5078 opere
596 4995 799 5078 impleamus,
815 5015 855 5060 ne
912 5013 994 5068 cere,
1020 4992 1196 5056 secundum
1226 4992 1310 5074 quod
1340 4994 1429 5057 adest
1457 4995 1601 5074 facultas,
1625 5006 1657 5062 et

105 5097 256 5182 reprobis
271 5095 665 5178 comparemuerarisaeis
681 5103 712 5157 et
726 5094 854 5170 Scribis,
912 5111 1007 5158 causa
1026 5092 1170 5174 requirit.
1187 5091 1267 5154 Hinc
1286 5093 1407 5176 quippe
1426 5095 1459 5157 in
1478 5095 1546 5158 fine
1565 5115 1658 5162 evan·

104 5199 160 5281 qui
176 5196 262 5280 prob
277 5195 380 5259 dolorl
399 5193 516 5256 multos
531 5193 622 5256 valde
638 5211 724 5256 nunc
739 5193 857 5256 babent
911 5191 986 5275 gelli
1011 5190 1108 5272 buius
1132 5190 1177 5252 ait
1198 5191 1340 5255 Salvator
1361 5209 1368 5254 :
1388 5193 1457 5256 Non
1476 5196 1581 5259 omnis
1600 5197 1656 5278 qui
1670 5217 1805 5274 ausano,

105 5299 310 5364 imitatores:
328 5294 367 5356 de
386 5292 505 5376 quibus
521 5291 553 5354 in
570 5291 740 5374 Evangelio
756 5291 856 5375 loqui·
913 5291 992 5356 dicit
1016 5290 1106 5364 mibi,
1131 5289 1276 5365 Domine,
1299 5291 1443 5368 Domine,
1468 5294 1599 5358 intrabit
1623 5295 1657 5361 in
1671 5283 1705 5326 ¹¹·
