4140 6258
300 495 447 544 nonnum
469 497 500 542 rx
521 497 595 544 rosr
613 497 807 545 mmrrarru.
830 517 868 528 -
890 497 931 546 ln
951 499 1146 564 marciosos3
1169 502 1268 550 cmo
1286 503 1424 560 ouaarus
1577 487 1637 551 327

102 666 244 752 quoniam
273 667 413 732 animam
442 689 533 734 suam
559 669 656 734 babet
678 671 834 734 venalem.
851 675 877 738 A
892 679 926 734 ut
943 689 1073 755 prorsus
1092 673 1321 756 diligentiores,
1336 674 1547 739 ferventiores
1565 694 1637 738 acu·

136 767 302 841 Postremo‚
327 767 412 831 sicnt
435 768 467 830 in
491 768 656 850 evangelio
685 769 838 833 hodierno
892 771 1052 854 floresque
1071 771 1172 834 simus
1190 773 1229 835 ad
1245 773 1455 837 obtinendum
1475 773 1560 837 bona
1575 773 1638 858 spi-

13 885 89 935 ssas.
102 867 186 928 docet
199 865 298 928 Filius
316 865 384 940 Dei,
402 866 462 929 filii
478 867 576 948 hujus
591 867 711 941 saculi,
727 867 838 931 videli-
892 869 1018 932 ritualia
1046 889 1084 932 ac
1107 877 1234 946 aterna,
1260 891 1356 954 quam
1386 872 1573 955 temporalia
1600 890 1637 935 ae

102 973 147 1028 cet
160 964 303 1027 homines
319 965 461 1028 carnales
475 972 571 1048 atque
587 967 751 1040 mundani,
763 985 836 1048 pru·
891 975 1026 1030 terrena.
1044 968 1134 1032 Tales
1158 970 1269 1052 utique
1293 969 1371 1034 olim
1396 969 1490 1033 multi
1512 970 1638 1035 verissi-

101 1063 251 1126 dentiores
273 1071 350 1126 sunt
371 1064 549 1128 secundum
573 1083 667 1127 suurn
693 1065 834 1140 modum,
892 1085 943 1129 me
968 1067 1133 1130 christiani
1157 1067 1296 1130 fuerunt.
1326 1068 1413 1132 Unde
1437 1069 1471 1130 in
1495 1068 1636 1151 Vitaspa·

101 1161 264 1245 quamfilii
281 1161 836 1245 lucis,idestbominesboni,juxta
891 1173 976 1227 trum
1008 1165 1211 1240 describitur,
1242 1167 1327 1248 quod
1359 1166 1473 1230 divites
1505 1167 1636 1249 quidam

100 1279 220 1323 sensum
237 1261 269 1322 in
285 1261 483 1343 expositione
497 1268 601 1324 textus
616 1261 833 1344 praehabitum.
891 1261 1025 1324 multam
1040 1268 1072 1324 et
1086 1263 1246 1344 copiosam
1263 1263 1431 1344 pecuniam
1446 1281 1552 1326 seeum
1567 1281 1637 1346 por-

101 1360 135 1421 m
148 1360 183 1421 de
201 1358 263 1423 boc
283 1359 420 1442 quilibet
436 1359 633 1424 Christianus
652 1361 766 1423 merito
783 1378 838 1422 ve·
890 1367 1038 1423 taverunt
1053 1360 1086 1422 in
1101 1379 1254 1435 eremum,
1262 1368 1297 1423 ut
1310 1360 1556 1424 distribueretur
1570 1361 1638 1424 Fra

99 1458 319 1521 recundaretur
334 1457 532 1539 gravissime,
548 1460 632 1541 quod
654 1458 761 1522 minus
776 1459 836 1522 fer·
891 1459 994 1520 tribus
1010 1458 1042 1519 in
1058 1476 1165 1521 eremo
1180 1459 1461 1522 commorantibus.
1479 1459 1569 1523 Pater
1583 1480 1636 1524 ve-

99 1577 179 1630 rens,
195 1557 340 1620 oculatus
364 1576 401 1620 ac
421 1557 557 1639 diligens
580 1565 629 1620 est
647 1558 686 1620 ad
710 1557 837 1640 profici·
890 1573 925 1618 ro
940 1556 1146 1618 eremitarum
1162 1554 1286 1619 illorum
1301 1555 1381 1618 dixit
1395 1545 1547 1620 divitibus
1562 1558 1634 1630 illis,

98 1657 206 1718 endum
227 1656 260 1718 in
280 1656 373 1719 bonis
392 1657 501 1737 gratia
514 1675 552 1718 ac
567 1657 720 1719 virtutum
741 1666 835 1740 atque
890 1655 975 1737 quod
991 1655 1113 1717 Fratres
1131 1671 1194 1716 uon
1215 1653 1393 1735 indigerent
1412 1656 1550 1737 pecunie
1570 1655 1635 1730 illa,

100 1755 128 1816 in
151 1755 271 1817 meritis
296 1762 421 1818 aeterna
445 1755 618 1828 felicitatis,
636 1763 667 1817 et
688 1755 727 1817 ad
750 1773 835 1819 com·
890 1753 1024 1837 quiade
1045 1771 1198 1815 manuum
1219 1771 1350 1815 suarum
1371 1753 1533 1817 laboribus
1550 1755 1636 1818 vive-

98 1853 280 1935 placcndum
303 1854 367 1916 [leo
388 1853 554 1926 altissimo,
570 1872 666 1935 quam
688 1853 835 1917 homines
851 1853 875 1916 B
889 1852 1045 1926 bant,ucc
1059 1851 1299 1934 acquiescerent
1313 1869 1426 1934 capere
1441 1851 1528 1914 illam
1543 1871 1637 1935 pecu·

99 1951 233 2014 camales
262 1960 357 2034 atquc
382 1952 533 2014 mundani
563 1952 602 2014 ad
626 1953 834 2016 crescendum
890 1952 987 2013 niam.
1005 1950 1172 2032 Quumque
1195 1950 1310 2012 divites
1333 1950 1470 2012 multum
1491 1959 1638 2033 rogarent

99 2051 127 2112 in
148 2048 375 2131 temporalibus
400 2049 507 2124 rebus,
529 2050 619 2112 etad
644 2050 834 2133 placendum
890 2050 1012 2114 Patrem
1036 2048 1128 2111 illum
1150 2057 1187 2111 ut
1207 2048 1327 2131 aliquid
1353 2049 1513 2112 Fratribus
1536 2050 1635 2124 daret,

99 2147 283 2230 quibusdam
303 2147 498 2210 bominibus.
517 2148 603 2210 Unde
618 2167 657 2210 ex
675 2149 726 2210 bis
747 2149 835 2212 inno
891 2147 998 2230 posuit
1013 2147 1183 2229 pecuniam
1199 2147 1231 2208 in
1247 2153 1354 2228 sporta
1368 2155 1442 2210 ante
1457 2147 1634 2222 ecclesiam,

100 2246 192 2319 tescit,
207 2253 328 2328 quanta
349 2246 390 2308 sit
410 2245 602 2320 obscuratio,
619 2246 760 2320 infectio,
777 2255 837 2310 tar-
891 2253 926 2306 ut
941 2246 1063 2308 Fratres
1078 2245 1133 2328 qui
1148 2244 1278 2319 vellent,
1296 2245 1370 2307 inde
1384 2245 1565 2328 acciperent
1581 2263 1589 2308 :
1606 2253 1638 2309 et

99 2345 172 2406 ditas
186 2351 282 2427 atque
298 2343 451 2425 fragilitas
468 2344 583 2407 mentis
601 2346 757 2407 humanae.
775 2345 836 2408 Sed
891 2361 965 2406 ecce
980 2343 1088 2406 nullus
1104 2344 1247 2406 Fratrum
1263 2343 1337 2406 inde
1352 2343 1486 2426 accepit,
1504 2343 1569 2408 imo
1584 2344 1637 2406 vix

99 2442 269 2504 defleamus
284 2442 362 2504 vitia
378 2448 410 2505 et
425 2441 569 2506 miserias
585 2443 765 2506 animarum
782 2461 835 2506 no·
891 2443 1115 2524 adspexerunt.
1137 2441 1220 2504 Talis
1243 2459 1370 2524 quoque
1391 2441 1453 2504 fuit
1477 2443 1638 2524 praecipue

98 2541 497 2622 strarum,invocemusque
510 2539 630 2622 jugiter
644 2541 766 2604 viscera
782 2541 836 2603 mi·
892 2540 1114 2603 sanctissimus
1142 2547 1232 2624 pater
1259 2539 1456 2614 Franciscus,
1482 2546 1514 2603 et
1542 2541 1638 2623 primi

97 2638 269 2702 sericordiae
286 2639 466 2713 cainani,
483 2646 518 2700 ut
533 2639 627 2701 corda
643 2647 749 2701 nostra
764 2639 835 2701 illu·
892 2640 1015 2702 Fratres
1030 2639 1157 2702 Ordinis
1177 2639 1248 2720 ejus
1265 2658 1271 2702 :
1290 2638 1356 2701 imo
1375 2657 1461 2701 nunc
1481 2657 1584 2721 usquc
1599 2639 1638 2702 de

101 2737 223 2810 minare,
241 2737 426 2812 accendere,
440 2737 588 2800 roborare
604 2737 752 2817 dignetur
769 2755 776 2800 :
794 2737 837 2800 ita
890 2737 992 2818 gratia
1013 2738 1069 2799 Dei
1090 2736 1236 2800 nonnulli
1259 2744 1334 2798 sunt
1355 2736 1442 2799 tales.

533 3092 648 3174 AD
695 3090 1197 3174 RELIGIOSOS

637 3516 811 3603 SERMO
845 3516 1089 3618 QUARTUS

216 3759 257 3806 DE
281 3755 478 3804 lrtortmrmrts
499 3754 735 3801 trrltmmrtmos
757 3754 794 3799 m
815 3753 1005 3801 cardamatis
1028 3755 1290 3802 corcdrlscmtrtrs
1312 3755 1508 3803 aetlctmtms

162 4023 211 4082 Ul
228 4038 263 4079 se
283 4017 450 4076 eaisttmac
472 4024 571 4084 stare,
593 4014 701 4072 videat
723 4031 764 4072 rte
784 4031 835 4071 ca·
853 4009 874 4074 C
890 4011 1072 4075 dominator
1092 4012 1165 4075 vitat
1186 4031 1274 4087 mem,
1292 4013 1510 4076 extollentiam
1532 4013 1638 4076 oeulo-

93 4017 239 4216 Odat.
258 4117 271 4178 l
292 4115 361 4178 Cor.
379 4133 409 4186 x,
427 4111 476 4175 ta.
891 4129 961 4172 rum
987 4127 1132 4173 meorum
1157 4129 1197 4173 ue
1221 4111 1347 4173 dederis
1372 4111 1463 4186 mibi,
1483 4119 1516 4174 et
1542 4129 1636 4174 omne

128 4217 263 4280 Sanctus
283 4212 453 4296 Apostolus
478 4211 509 4272 in
533 4209 679 4292 praesenti
700 4209 835 4290 epistola
890 4208 1084 4272 desiderium
1108 4227 1241 4290 pravum
1262 4218 1369 4271 averte
1389 4227 1407 4271 a
1427 4227 1496 4288 me;
1511 4209 1637 4271 aufera

91 4316 194 4378 multis
210 4331 270 4376 uos
292 4311 421 4374 instruit
435 4309 644 4372 documentis.
661 4308 777 4382 Prim0,
795 4327 835 4370 ne
891 4325 941 4369 me
956 4309 1076 4370 ventris
1097 4307 1383 4389 concupiscentias.
1401 4308 1509 4389 ltaque
1528 4307 1567 4368 ad
1590 4307 1637 4369 ni-

13 4439 77 4476 aaa.
89 4415 186 4478 simus
210 4411 478 4493 concupiscentes
503 4407 669 4480 malorum,
690 4409 750 4470 boc
775 4414 833 4480 est,
890 4406 935 4468 bil
960 4414 1123 4469 terrenum
1150 4424 1186 4468 ac
1213 4405 1432 4468 transitorium
1458 4405 1636 4469 inordinate

89 4521 121 4574 ut
135 4512 334 4575 inordinatas
354 4507 540 4571 affectiones
555 4514 587 4567 et
602 4505 744 4567 carnales
761 4523 835 4567 con·
889 4505 1080 4567 afficiamur.
1107 4504 1180 4566 Ideo
1205 4521 1342 4585 namque
1365 4504 1416 4586 (ut
1438 4504 1483 4567 ait
1505 4504 1636 4568 Bernar-

89 4611 303 4692 cupiscentias
332 4606 534 4687 abjiciamus,
564 4604 834 4686 quemadmodum
890 4603 962 4681 dus)
980 4603 1087 4664 anima
1109 4603 1244 4666 terrenis
1266 4603 1377 4676 iubiat,
1394 4604 1480 4685 quod
1501 4604 1636 4666 minime

13 4723 75 4775 aaa,
89 4711 117 4772 in
142 4707 371 4773 Ecclesiastico
395 4705 551 4787 scriptum
573 4711 621 4765 est
642 4721 649 4764 :
671 4703 741 4766 Post
761 4721 834 4765 con·
890 4700 1031 4764 coelestia
1048 4701 1227 4763 meditatur.
1246 4701 1419 4764 lnfelicitas
1437 4702 1470 4764 in
1485 4703 1636 4786 concupi-

89 4807 303 4890 cupiscentias
324 4814 395 4867 tuas
418 4820 481 4865 non
503 4821 567 4874 eas,
584 4809 616 4864 et
634 4821 652 4864 a
671 4802 834 4883 voluptate
890 4799 1011 4861 scentia
1034 4807 1066 4862 et
1087 4799 1271 4880 cupiditate.
1288 4799 1368 4872 Quid
1391 4800 1478 4862 enim
1503 4801 1530 4863 si
1554 4801 1635 4864 forte

87 4915 137 4968 tua
157 4913 316 4969 avertere.
339 4903 399 4966 Sed
422 4901 498 4983 quia
520 4900 579 4962 boc
598 4899 703 4981 ipsum
724 4897 835 4980 imple-
890 4897 986 4960 alicui
1002 4897 1129 4958 videtur
1144 4897 1176 4958 in
1192 4904 1390 4959 terrenarum
1407 4897 1574 4962 affluentia
1588 4917 1636 4961 re-

89 5025 119 5066 re
139 5006 266 5088 absque
288 5001 343 5065 Dei
362 5001 464 5082 gratia
486 5017 549 5062 nou
570 4997 724 5070 valemus,
744 4997 835 5079 juxta
890 5015 961 5058 rum
988 4995 1157 5077 concupita
1181 4995 1376 5077 prosperitas
1400 4996 1568 5058 arrideret
1592 4997 1636 5059 Eo

13 5125 75 5163 aar.
88 5104 176 5178 illud,
208 5103 312 5166 Nemo
342 5106 445 5182 potest
473 5116 543 5160 esse
574 5095 741 5158 continens
773 5095 835 5156 nisi
891 5095 961 5176 ipso
985 5093 1144 5156 infelicior
1165 5101 1213 5155 est
1234 5093 1351 5166 anima,
1373 5111 1437 5175 quo
1459 5093 1558 5174 magis
1583 5093 1637 5155 illa

13 5251 46 5296 tu
88 5201 168 5264 Deus
194 5201 269 5277 det3
291 5197 411 5261 idcirco
435 5214 509 5257 cum
535 5194 677 5276 sapiente
701 5192 779 5255 illud
804 5193 835 5254 in
852 5193 876 5254 D
891 5190 1105 5273 amplectitur.
1124 5191 1161 5252 Et
1183 5191 1256 5253 vide
1281 5197 1399 5272 quanta
1420 5191 1497 5253 vitia
1520 5210 1558 5252 ex
1583 5190 1637 5252 illa

89 5298 315 5362 Ecclesiastico
335 5314 502 5359 exoremus
520 5311 527 5356 :
545 5293 678 5357 Domine
699 5300 788 5373 pater
807 5299 838 5353 et
892 5289 1114 5372 superfluitate
1130 5297 1161 5352 et
1177 5289 1350 5372 cupiditate
1365 5289 1636 5352 nascuntur:binc
