4154 6258
466 451 527 518 480
682 470 830 518 nemrot
851 469 903 518 XVl
924 471 998 518 POST
1018 468 1211 517 narnium.
1233 487 1273 498 -
1292 468 1335 516 An
1355 469 1550 533 unetorosos3
1572 469 1669 516 SEREO
1688 469 1791 518 suros

467 641 523 722 qui
554 643 743 723 pravissime
771 644 853 706 lucri
877 642 1050 726 cupiditate
1080 641 1213 716 inducti,
1230 641 1363 709 Aeliam
1381 649 1412 704 et
1427 641 1566 724 ignotam
1583 641 1738 723 regionem
1753 643 1948 715 conteneant

468 740 701 822 prostituerunt
719 742 918 816 Phaedonem,
937 741 1013 823 quia
1031 740 1215 803 adolescens
1269 741 1487 821 purgatorium
1503 757 1567 822 quo
1580 739 1777 802 deducendus
1790 740 1948 812 exsistendo
1964 756 2027 800 natm

467 845 534 900 erat
556 838 802 920 pulcherrimus.
820 841 920 914 Quem
944 839 1031 901 Plato
1056 837 1216 901 bonae'in-
1271 856 1334 900 non
1356 839 1499 900 exiturus
1524 838 1587 900 nisi
1612 838 1774 900 minimum
1795 819 1975 918 quadrarum*

467 935 548 998 dolis
563 954 632 998 esse
648 938 864 1012 considerans,
876 938 1012 1000 redemit
1026 937 1163 1019 pecunia
1176 937 1215 999 de
1271 936 1446 999 reddidero.
1464 936 1511 998 lbi
1534 936 1627 998 ooulo
1647 935 1748 998 cordis
1766 936 1872 998 intueor
1889 938 1949 997 misc-

466 1035 666 1116 turpitudine
680 1043 778 1110 tanta,
795 1044 828 1099 et
842 1035 1052 1118 pbilosophiae
1068 1054 1141 1098 enm
1162 1053 1216 1118 ap·
1271 1033 1350 1096 riam
1373 1042 1406 1096 et
1426 1033 1578 1108 dolorem,
1600 1051 1725 1116 poenam
1745 1040 1775 1095 et
1794 1031 1949 1096 afflictionem

467 1130 588 1214 plicuit,
596 1132 729 1216 ejusque
744 1135 873 1197 nomine
888 1133 1122 1216 praeallegatum
1138 1150 1218 1196 com·
1272 1131 1485 1213 multiplicem
1495 1149 1503 1210 3
1515 1132 1609 1194 video
1624 1131 1669 1194 ibi
1684 1149 1837 1212 exsurgere
1848 1130 1950 1192 flemnn

467 1231 574 1313 posuit
603 1232 733 1308 librum,
763 1243 920 1315 quatenus
952 1232 1058 1314 ipsum
1087 1232 1215 1294 Phaedo-
1271 1230 1404 1311 ignium,
1429 1239 1525 1312 atque
1554 1230 1716 1293 involvere
1743 1236 1772 1291 et
1794 1229 1951 1310 reimpingcrc¹

466 1348 538 1392 nem
552 1330 592 1393 ab
606 1333 693 1394 omni
708 1332 883 1395 carnalium
895 1331 1093 1413 voluptatum
1109 1349 1216 1393 amore
1270 1329 1393 1391 animas
1414 1329 1704 1411 miserorumque
1722 1335 1855 1410 tanquam
1871 1327 1952 1388 scirtii·

468 1447 598 1512 prorsus
620 1438 786 1505 everteret,
804 1438 836 1493 et
855 1447 962 1494 amore
984 1430 1148 1512 sapientias
1171 1429 1217 1491 in·
1271 1427 1309 1492 1ae
1333 1428 1366 1488 in
1396 1427 1502 1490 medio
1526 1429 1609 1509 ignis
1639 1428 1714 1489 binc
1741 1425 1807 1488 inde
1830 1425 1951 1506 jactanto.

467 1526 657 1590 flammaret.
1270 1525 1367 1588 Multa
1386 1526 1418 1588 in
1439 1526 1522 1589 libro
1542 1526 1598 1590 illo
1615 1526 1656 1589 de
1673 1526 1730 1588 ista
1748 1523 1898 1586 scribuntur
1910 1541 1951 1584 na·

508 1626 660 1690 Praeterea
681 1628 720 1690 ad
742 1627 921 1690 habendam
947 1627 1109 1690 salubrem
1133 1645 1216 1691 mor·
1270 1625 1359 1699 teria,
1376 1625 1415 1687 ad
1429 1625 1631 1688 devotionem
1648 1623 1831 1687 excitandam
1844 1621 1952 1705 proficua

466 1727 508 1789 tis
528 1725 727 1801 memoriam,
743 1725 872 1808 expedit
891 1726 975 1807 quod
996 1726 1029 1786 in
1048 1725 1216 1817 Horologio
1309 1724 1430 1787 idcirco
1454 1724 1521 1788 baec
1545 1723 1783 1805 diligentissime
1808 1719 1952 1804 premedite

467 1833 592 1889 aeternce
617 1824 781 1906 sapientiae
806 1823 934 1896 dieitur,
954 1840 1212 1885 commemorare.
1229 1827 1253 1889 B
1272 1842 1344 1886 mur
1365 1841 1402 1886 ao
1426 1823 1597 1886 salubriter
1617 1822 1827 1904 imaginemur,
1843 1827 1952 1902 quatenns

466 1923 513 1986 lbi
534 1921 621 1984 enim
644 1940 701 2006 pro
723 1923 889 1985 excitanda
908 1922 1086 1995 devotione,
1104 1920 1215 1984 simili·
1270 1921 1378 1986 omnia
1396 1939 1478 1984 vana
1499 1928 1531 1984 et
1550 1920 1667 1984 frivola
1687 1919 1774 1982 nobis
1791 1918 1894 1982 omnino
1908 1933 1952 1977 rer·

467 2023 626 2085 tudinarie
647 2022 810 2084 inducitur
829 2021 960 2102 quidam
983 2019 1146 2102 speciosus
1166 2020 1216 2101 ju·
1270 2028 1378 2082 tantur
1402 2019 1435 2082 in
1457 2038 1621 2094 nauseam,
1638 2018 1774 2100 solisque
1791 2014 1952 2100 spiritualibus

467 2121 558 2185 venis
584 2128 685 2182 morte
714 2126 895 2202 praeventus
924 2119 970 2180 sio
1001 2118 1087 2200 loqui
1111 2124 1143 2182 et
1166 2137 1217 2181 ex·
1270 2119 1431 2181 exercitiis
1455 2137 1491 2180 ac
1515 2118 1668 2181 virtuosis
1695 2116 1841 2180 laboribus
1860 2112 1952 2176 delecte

324 2219 606 2296 r·.nl,s,clamere
637 2239 644 2282 :
676 2218 964 2281 Circumdederunt
996 2235 1047 2278 me
1078 2217 1215 2298 gemitus
1271 2237 1354 2291 mur,
1371 2216 1627 2299 etqunlibetdie
1644 2217 1954 2292 siceonversenurqua·

321 2309 341 2350 ⁶·
470 2319 592 2390 mortis,
624 2316 748 2379 dolores
783 2316 901 2378 inferni
936 2315 1216 2377 circumdederunt
1270 2317 1297 2379 si
1313 2315 1459 2379 morituri
1475 2315 1514 2376 de
1529 2315 1753 2396 seroNempe,
1763 2319 1795 2375 ut
1805 2309 1953 2374 beatissimus

470 2435 532 2480 me.
558 2416 625 2478 Heu
656 2434 718 2490 me,
746 2415 829 2478 Deus
858 2422 985 2490 aeterne,
1012 2415 1050 2476 ad
1075 2413 1152 2497 quid
1181 2413 1215 2476 in
1270 2421 1359 2495 pater
1374 2413 1527 2475 Macarius
1543 2412 1633 2487 dixit,
1643 2407 1808 2475 Monachus
1820 2426 1915 2490 semper
1925 2405 1953 2466 sic

467 2514 727 2577 huncmnndum
744 2532 815 2576 sum
835 2512 1101 2586 uatulemors,
1118 2531 1215 2594 quam
1269 2512 1378 2576 vivere
1402 2511 1497 2574 debet
1525 2511 1615 2593 quasi
1647 2517 1774 2574 centum
1795 2507 1870 2570 annis
1887 2505 1954 2566 victu·

468 2631 575 2676 amara
595 2620 643 2676 est
663 2612 818 2675 memoria
837 2619 892 2674 tua
913 2613 1000 2674 cordi
1018 2611 1161 2692 jucundo
1181 2611 1214 2673 in
1271 2631 1335 2685 rus,
1352 2618 1383 2672 et
1401 2609 1491 2692 quasi
1513 2611 1625 2673 eodem
1641 2610 1696 2673 die
1713 2626 1773 2692 quo
1790 2606 1856 2670 vivit
1867 2603 1955 2667 moritu

468 2711 593 2774 deliciis
622 2711 774 2785 enutrito,
800 2729 894 2792 quarn
925 2709 1089 2773 horribilis
1113 2717 1161 2772 est
1185 2710 1215 2772 ei
1271 2729 1335 2784 rus,
1354 2716 1390 2770 ut
1410 2708 1533 2771 scilicet
1552 2727 1626 2771 cum
1647 2727 1722 2771 vera
1740 2705 1898 2769 discretione
1910 2719 1954 2762 san·

467 2809 637 2892 praesentia
660 2815 739 2872 tual
761 2808 900 2890 equam
927 2828 1040 2891 parum
1066 2807 1216 2871 credidis·
1271 2807 1329 2869 ctis
1345 2807 1507 2870 exercitiis
1523 2806 1759 2871 ferventissime
1773 2805 1954 2868 etincessantcr

467 2927 535 2971 sem
556 2909 641 2991 quod
661 2915 725 2970 tam
743 2907 805 2970 cito
826 2908 906 2970 mori
923 2907 1106 2970 debuissem
1124 2912 1131 2967 l
1154 2907 1214 2969 Sed
1270 2906 1406 2980 insistat,
1432 2913 1589 2988 quatenus
1618 2905 1727 2969 fervor
1752 2911 1783 2968 et
1802 2898 1952 2964 discretiosc

466 3026 564 3082 nunc,
587 3025 606 3069 o
631 3024 727 3081 mors,
751 3013 881 3088 repente
910 3006 1001 3088 qnasi
1026 3025 1064 3068 ex
1088 3005 1251 3073 insidiisc
1270 3005 1410 3068 invicem
1432 3013 1556 3080 ornent,
1578 3005 1762 3079 informent,
1780 3009 1871 3083 regant
1885 3007 1952 3061 etac-

466 3125 649 3189 erumpens,
667 3123 763 3188 super
783 3123 834 3166 me
857 3104 989 3179 irruisti,
1005 3111 1037 3166 et
1057 3103 1146 3166 mille
1167 3103 1215 3166 fu·
1269 3111 1370 3166 tuent.
1387 3103 1531 3185 Denique
1551 3103 1612 3166 hoc
1633 3103 1740 3186 ipsum
1759 3109 1788 3164 et
1800 3100 1894 3164 Senem
1908 3092 1952 3156 teti·

466 3204 562 3266 nibus
578 3223 629 3266 me
646 3204 801 3285 ligasti,et
816 3210 922 3266 tecum
939 3221 990 3264 me
1006 3202 1215 3264 trahisNunc
1268 3203 1352 3284 gisse
1368 3203 1495 3265 videtur
1512 3220 1518 3264 :
1535 3201 1646 3277 Nemo,
1665 3202 1815 3284 inquiens,
1829 3199 1876 3260 scit
1890 3211 1953 3276 quan

466 3322 531 3386 prae
558 3303 666 3366 dolore
695 3301 867 3384 complosis
896 3300 1044 3363 manibus
1074 3300 1214 3381 rugitum
1270 3320 1369 3384 prope
1389 3301 1546 3364 terminus
1568 3321 1646 3364 suns
1667 3308 1812 3364 versetur.
1826 3297 1867 3360 Sic
1883 3295 1953 3373 inqu

466 3401 587 3476 emitto,
610 3401 743 3483 cupiens
768 3407 903 3463 mortem
929 3399 1073 3473 evadere,
1095 3406 1127 3462 et
1151 3415 1214 3461 non
1269 3399 1425 3462 faciamus
1447 3399 1603 3474 animum,
1619 3399 1713 3481 quasi
1735 3399 1771 3461 ad
1788 3404 1900 3458 extrema
1911 3390 1953 3469 jan

467 3506 515 3561 est
543 3499 631 3561 locus
660 3497 848 3579 effugiendi.
874 3497 898 3560 0
922 3505 1041 3579 quanta
1070 3496 1152 3560 bona
1182 3497 1214 3559 in
1269 3506 1401 3561 ventum
1424 3498 1474 3560 sit.
1493 3497 1683 3560 Venientem
1705 3513 1795 3560 nemo
1810 3491 1896 3556 hilaris
1911 3505 1955 3550 sue

468 3605 555 3660 tento
574 3605 718 3679 tempore
739 3615 815 3660 sano
835 3614 967 3679 corpore
987 3596 1092 3658 facere
1113 3595 1214 3677 potui,
1269 3597 1348 3680 cipit
1371 3605 1517 3671 mortem,
1538 3596 1599 3659 nisi
1623 3597 1681 3678 qui
1703 3616 1736 3659 se
1756 3595 1791 3658 ad
1813 3592 1881 3654 illam
1899 3603 1954 3648 con·

467 3703 498 3756 et
519 3712 582 3757 non
607 3695 669 3757 feci
688 3701 694 3756 t
716 3695 815 3767 Quam
840 3696 1012 3756 immensas
1034 3694 1215 3776 spirituales
1269 3695 1412 3778 posuerit
1440 3695 1506 3757 diu.
1534 3694 1644 3758 Omnis
1676 3695 1743 3757 dies
1765 3691 1842 3754 velut
1864 3685 1953 3749 ulfinus

466 3793 594 3855 divitias
615 3810 806 3873 congregare
831 3793 931 3874 potui,
953 3799 983 3854 et
1005 3793 1150 3873 neglexit
1169 3793 1215 3855 En
1269 3793 1464 3858 ordinandus
1484 3801 1542 3868 est,
1559 3793 1636 3876 quia
1651 3795 1692 3857 de
1707 3792 1843 3855 felicitate
1859 3781 1953 3846 bominis

467 3898 606 3954 cruentae
621 3890 741 3964 bestiae,
759 3889 893 3952 larvales
908 3891 1089 3952 daemonum
1106 3890 1213 3965 facies
1269 3892 1337 3954 dies
1356 3891 1427 3973 ejus
1447 3891 1580 3953 ultimus
1599 3891 1732 3971 judicat.
1748 3889 1821 3952 Hinc
1836 3885 1871 3948 ait
1884 3875 1954 3944 etol-

466 3988 633 4070 nigerrimi
648 3988 801 4070 ethiopes
817 3987 1067 4050 innumerabiles
1084 3989 1216 4051 circum·
1271 4009 1380 4053 macus
1413 4007 1418 4052 :
1450 3989 1519 4052 Non
1552 3997 1600 4052 est
1628 3996 1811 4071 praesentem
1835 3985 1900 4046 dien
1921 3977 1953 4058 pit

466 4088 542 4151 dant
559 4106 620 4162 me,
638 4087 825 4149 insidiantes
841 4093 873 4147 et
887 4093 1107 4167 exspectantes
1124 4087 1216 4148 mise·
1269 4089 1404 4151 transire
1428 4095 1460 4150 et
1483 4087 1626 4170 exsequi,
1647 4088 1681 4150 id
1704 4093 1761 4162 est,
1779 4085 1853 4148 diem
1871 4076 1954 4142 hodite

465 4206 534 4250 ram
549 4187 689 4250 animam
711 4203 813 4247 meam
831 4184 864 4246 in
884 4184 1030 4266 proximo
1045 4185 1212 4260 exituram,
1230 4189 1254 4251 D
1269 4206 1347 4249 num
1372 4203 1436 4248 uon
1461 4203 1631 4268 possumus
1654 4185 1707 4268 pie
1729 4193 1759 4247 et
1778 4184 1907 4245 fructuose
1921 4189 1954 4233 ct·

465 4294 500 4348 ut
515 4286 561 4348 eis
576 4284 754 4369 torquenda
770 4283 921 4345 tradatur.
940 4282 963 4346 0
979 4283 1213 4346 districtissime
1269 4285 1419 4368 pendere,
1436 4284 1498 4347 nisi
1519 4303 1594 4347 eum
1614 4293 1789 4347 extremum
1807 4287 1835 4342 et
1849 4276 1954 4340 ultinun

464 4385 575 4459 Judex,
602 4402 698 4466 quam
728 4381 964 4445 districtissima
992 4390 1067 4444 sunt
1092 4382 1214 4463 judicia
1268 4385 1365 4447 totius
1380 4384 1454 4448 vitae
1473 4392 1590 4449 nostre
1609 4383 1830 4447 existimemus.
1844 4377 1875 4440 Et
1885 4374 1954 4436 denuo

465 4488 529 4556 tun,
556 4500 652 4562 quam
682 4480 820 4543 multum
850 4481 1017 4562 ponderas,
1042 4479 1214 4561 judicando
1268 4482 1311 4544 ait
1328 4500 1335 4543 :
1352 4481 1420 4545 Non
1440 4481 1565 4544 sufficit
1585 4482 1769 4545 bominibus
1788 4479 1855 4550 dies,
1868 4481 1895 4535 ut
1909 4486 1954 4551 pot·

466 4598 517 4644 me
542 4581 707 4654 miserum,
733 4597 865 4661 eaquae
890 4578 978 4640 nulla
1001 4585 1056 4641 eut
1080 4579 1214 4641 minima
1268 4581 1333 4643 sint
1356 4599 1450 4642 suum
1478 4580 1623 4643 debitum
1651 4581 1717 4644 Deo
1744 4579 1852 4642 solvere
1873 4570 1952 4648 obtul!

466 4684 676 4761 reputantur!
697 4677 743 4738 En
759 4677 856 4740 sudor
871 4677 982 4740 mortis
998 4678 1096 4750 adest,
1114 4695 1213 4740 mem·
1268 4677 1480 4741 diminutione
1512 4687 1544 4741 et
1572 4678 1710 4742 defectu.
1741 4667 1953 4752 Quemadmodum

465 4776 524 4838 bra
537 4782 706 4858 penetrans
722 4782 754 4836 et
767 4775 884 4837 victam
900 4775 966 4856 jam
982 4793 1052 4838 esse
1066 4783 1212 4839 naturam
1267 4774 1418 4839 omnibus
1439 4775 1601 4839 alimentis
1626 4777 1726 4858 magis
1746 4769 1910 4837 necessarius
1923 4765 1954 4822 nl

466 4880 656 4937 contestans.
674 4871 697 4935 0
713 4872 864 4935 terribilis
884 4874 1052 4956 adspectus
1070 4873 1148 4955 justi
1163 4876 1213 4937 Ju·
1267 4874 1369 4958 panis,
1387 4875 1430 4937 ita
1445 4893 1510 4956 prae
1525 4875 1639 4938 ceteris
1653 4875 1745 4938 bonis
1758 4863 1952 4956 operationibus.

466 4973 546 5036 dicis
577 4972 657 5034 mihi
684 4971 751 5052 jam
780 4972 945 5053 praesentis
970 4991 1028 5054 per
1050 4971 1209 5049 timorem,
1266 4974 1388 5037 intenta
1404 4973 1568 5037 meditatio
1583 4974 1639 5036 Dei
1654 4969 1952 5036 aemonislostrenc,

466 5070 573 5134 subito
597 5069 725 5133 venturi
754 5087 811 5152 per
839 5069 1069 5133 exhibitionem
1088 5076 1094 5131 f
1120 5071 1212 5134 Nunc
1267 5071 1348 5135 scire
1364 5071 1532 5147 mori,non
1547 5072 1635 5135 aliud
1650 5081 1698 5136 est
1711 5090 1803 5155 quam
1815 5068 1848 5131 ad
1861 5067 1954 5126 nomn

464 5169 579 5244 valete,
605 5185 625 5231 o
650 5167 727 5232 soeii
757 5174 789 5230 et
817 5167 912 5230 amici
941 5168 1110 5243 carissimi,
1136 5169 1212 5251 quia
1266 5189 1393 5252 semper
1407 5189 1476 5234 esse
1495 5178 1652 5254 paratum,
1668 5170 1834 5235 seeundum
1849 5153 1955 5246 tpttffit

464 5269 540 5334 hino
569 5285 655 5333 nunc
683 5265 838 5344 exiturus,
868 5267 997 5330 oculum
1026 5267 1143 5331 mentis
1171 5270 1210 5332 ad
1265 5269 1396 5352 quidam
1415 5270 1548 5333 devotus
1566 5287 1572 5333 :
1590 5270 1677 5334 Scire
1695 5269 1785 5343 mori,
1799 5273 1841 5330 est
1855 5260 1954 5325 aninam
