4214 6254
438 459 498 526 156
704 481 852 529 DolsslelA
874 483 895 529 ll
916 481 990 530 POST
1010 483 1204 529 Tllllll'l‘A'l'lllf.
1225 501 1265 514 -·
1285 481 1459 530 ENARRATIO
1481 482 1513 529 tlt
1534 479 1729 528 nvahonnrmt

440 658 558 715 mento.
575 652 649 716 ldoo
670 653 755 716 Deus
777 653 917 737 respexit
938 654 978 718 ad
997 653 1077 719 Abel
1099 661 1130 717 ot
1151 653 1189 717 ad
1204 654 1229 718 A
1243 654 1299 718 xit.
1325 654 1405 718 ilinc
1429 653 1506 718 Cain
1531 654 1678 737 concepit
1701 653 1854 718 invidiam
1877 661 1967 717 contra

442 770 576 816 munera
605 751 687 834 ejus,
716 752 862 816 habendo
891 772 927 816 ea
956 761 1088 836 accepta
1117 771 1125 815 :
1155 753 1189 816 in
1243 752 1334 828 Abel,
1360 753 1504 836 dixitque
1527 753 1558 817 ei
1583 771 1590 816 :
1614 754 1707 829 Veni,
1732 753 1967 835 egrediamurin

442 850 535 931 cujus
555 850 682 932 signum
704 851 786 933 ignis
801 852 890 915 venit
909 853 948 914 de
968 851 1048 915 ooelo
1068 859 1100 914 et
1119 868 1192 914 con·
1244 869 1366 932 agrum.
1392 851 1560 935 Quumque
1582 859 1689 915 essent
1711 851 1744 914 in
1767 867 1851 933 agro,
1868 851 1968 932 pravis-

443 948 582 1032 sumpsit
603 949 800 1013 sacrificium
821 950 911 1013 Abel.
931 951 1027 1014 Porro
1050 951 1089 1013 ad
1114 951 1190 1014 Cain
1245 950 1346 1012 simus
1370 949 1446 1013 Cain
1471 951 1589 1013 occidit
1617 957 1764 1014 sanctum
1788 956 1819 1012 ct
1842 949 1969 1012 innocen·

444 1055 476 1110 et
499 1049 538 1111 ad
562 1048 633 1129 ejus
659 1068 794 1112 munera
817 1049 970 1114 Dominus
994 1067 1057 1113 non
1082 1067 1189 1132 respo·
1245 1049 1406 1112 tissimum
1425 1048 1514 1112 Abel.

834 1479 1139 1567 ENARRATIO
1172 1480 1227 1567 IN
1263 1479 1595 1568 EVANGELIUM

570 1747 655 1794 nouo
676 1747 795 1803 ouroxrr
815 1746 901 1793 rnorr
923 1745 1042 1792 cassu
1063 1745 1207 1803 nassau,
1225 1745 1263 1792 nr
1283 1745 1414 1793 vocxvrr
1435 1747 1560 1792 uuxros.
1582 1730 1656 1792 Luc.
1674 1747 1737 1804 xrv,
1756 1729 1856 1794 text.

504 2028 680 2093 HRlS'lUS
703 2028 736 2090 in
758 2027 924 2109 evangelio
949 2027 1113 2101 hodierno,
1135 2045 1193 2109 por
1207 2026 1231 2089 B
1246 2027 1330 2089 sicut
1352 2027 1384 2089 in
1410 2028 1517 2089 Exodo
1540 2027 1623 2090 Deus
1647 2027 1791 2110 loquitur
1815 2028 1971 2091 Pharaoni:

513 2127 782 2191 introductionem
799 2127 966 2207 cujusdam
982 2124 1190 2208 parabolae,id
1246 2125 1316 2186 [lixi
1347 2125 1416 2200 tihi,
1442 2126 1573 2188 Dimitte
1601 2126 1708 2190 filium
1739 2146 1859 2201 meum,
1884 2126 1912 2188 id
1936 2133 1973 2187 est
1997 2137 2057 2179 teti

443 2235 492 2290 est
515 2224 747 2299 similitudinis,
771 2225 863 2287 docet
886 2223 1023 2306 qualiter
1046 2223 1191 2286 homines
1246 2225 1401 2306 populum
1424 2225 1615 2288 Judaeorum.
1639 2229 1732 2287 Hora
1755 2245 1865 2296 coenoe,
1888 2225 1917 2286 id
1937 2203 2005 2286 cstss

445 2326 541 2388 variis
558 2323 660 2387 modis
681 2323 897 2405 impediantur
911 2321 950 2384 ab
965 2322 1133 2404 adeptione
1149 2321 1193 2383 fe·
1246 2323 1279 2383 in
1300 2323 1359 2384 hac
1381 2323 1495 2386 ultima
1516 2324 1627 2386 mundi
1647 2331 1749 2398 atate,
1767 2323 1800 2385 in
1816 2323 1906 2405 cujus
1923 2323 1974 2384 linc

445 2422 575 2486 licitatis
595 2429 730 2495 aterna,
748 2427 779 2483 et
795 2421 840 2481 ait
856 2437 863 2481 :
881 2424 983 2482 Homo
997 2422 1132 2500 quidam
1147 2421 1193 2496 sc·
1246 2421 1451 2483 exhibebitur
1464 2441 1553 2485 coena
1570 2423 1629 2485 ista
1644 2422 1788 2505 plenarie
1800 2422 1977 2484 cunctisole·

444 2523 489 2582 cit
504 2539 627 2581 coenam
642 2528 845 2596 mapsam
861 2521 984 2579 vocavit
999 2518 1193 2580 multosPcr
1247 2519 1317 2594 ctis,
1335 2521 1411 2582 dum
1430 2539 1542 2583 omnes
1562 2520 1658 2582 simul
1679 2520 1939 2601 glorificabuntur
1951 2519 1975 2581 in

445 2620 532 2683 hunc
557 2618 720 2681 hominem
746 2617 935 2697 intelligitur
959 2616 1113 2690 Christus
1137 2617 1191 2698 qui
1247 2635 1389 2700 corpore,
1411 2618 1592 2700 pariterque
1617 2637 1689 2680 cum
1711 2618 1848 2696 Christo,
1869 2625 1977 2700 peracto

445 2719 479 2781 in
495 2717 615 2780 unitate
631 2734 774 2798 persona
788 2723 836 2778 est
848 2734 942 2778 verus
957 2716 1040 2778 Deus
1056 2722 1088 2778 ot
1099 2734 1193 2777 verus
1248 2717 1337 2780 finali
1361 2717 1494 2798 judicio,
1520 2717 1693 2780 ascendent
1716 2718 1755 2779 ad
1777 2736 1908 2799 regnum
1929 2735 1977 2780 cce

445 2816 551 2880 homo.
572 2814 630 2890 Qui
653 2814 731 2877 fecit
753 2833 877 2878 eoenam
901 2831 1060 2893 magnam,
1078 2813 1109 2874 id
1133 2821 1191 2888 est,
1247 2817 1336 2890 leste,
1347 2817 1379 2878 in
1396 2834 1458 2898 quo
1474 2816 1612 2879 coelestis
1627 2815 1813 2879 refectionis
1828 2816 1977 2878 dulcedine

445 2913 628 2977 beatificam
643 2920 768 2976 aeternae
783 2911 892 2994 gloriae
908 2911 1113 2974 refectionem
1128 2912 1193 2973 suis
1248 2915 1467 2998 replebuntur,
1484 2915 1567 2976 sicut
1588 2915 1633 2977 ait
1654 2914 1812 2997 Propheta
1829 2935 1836 2978 ε
1854 2913 2057 2978 Satiaborrmn

445 3011 636 3096 preparavit
656 3010 777 3085 electis,
794 3011 833 3072 de
853 3029 916 3092 qna
935 3009 980 3071 ait
997 3009 1191 3091 Apostolus:
1248 3033 1347 3096 quum
1372 3013 1556 3096 apparuerit
1576 3013 1677 3094 gloria
1698 3020 1764 3088 tua,
1785 3013 1924 3076 Domine.
1942 3013 1978 3073 ln·

299 3130 430 3182 reor-..ta
446 3110 564 3175 Oculus
588 3127 651 3173 non
676 3109 767 3182 vidit,
789 3127 847 3172 neo
871 3108 957 3171 auris
981 3108 1114 3182 audivit,
1135 3127 1193 3170 nco
1248 3113 1341 3176 terim
1357 3129 1519 3193 quoquae
1532 3118 1676 3194 ternpore
1692 3112 1867 3174 descensus
1882 3109 1978 3174 Christi

446 3210 479 3272 in
501 3227 556 3272 cor
576 3208 717 3270 hominis
738 3209 961 3282 ascenderunt,
981 3227 1052 3288 quaa
1077 3225 1195 3289 praepa·
1210 3210 1232 3273 C
1248 3212 1286 3272 ad
1307 3209 1427 3272 inferos
1451 3209 1548 3291 coepit
1569 3209 1638 3273 haec
1657 3227 1748 3272 coena
1770 3209 1912 3272 exhiberi
1930 3209 1979 3270 elo·

447 3309 528 3371 ravit
543 3307 626 3370 Deus
646 3307 697 3368 his
718 3307 773 3389 qui
794 3306 932 3387 diligunt
948 3307 1049 3368 illurn.
1069 3307 1111 3368 De
1131 3324 1195 3388 qua
1249 3309 1319 3382 ctis,
1345 3308 1496 3389 quoniam
1528 3307 1672 3370 Christus
1700 3308 1806 3390 pretio
1836 3305 1979 3389 sanguinis

446 3415 478 3469 et
507 3405 651 3469 Christus
681 3405 713 3466 in
741 3405 837 3468 Coena
864 3404 945 3466 dixit
967 3404 1137 3486 Apostolis,
1163 3411 1195 3465 et
1248 3409 1297 3470 sui
1317 3405 1448 3487 januam
1469 3405 1558 3485 regni
1581 3405 1719 3469 coelestis
1740 3406 1883 3488 aperuit;
1902 3412 1979 3486 atquc

313 3504 507 3576 nac.11n,sub
523 3522 633 3567 eorum
649 3502 1088 3584 personacunctisfidelibus
1107 3504 1194 3584 :Ego
1248 3509 1281 3569 in
1306 3505 1442 3567 limbum
1467 3511 1594 3587 patrum
1620 3503 1764 3577 veniens,
1789 3520 1900 3566 omnes
1924 3522 1980 3564 san·

299 3589 333 3636 ²⁹¹
346 3589 379 3628 ³⁰'
447 3604 584 3684 dispono
598 3601 690 3664 vobis
705 3618 851 3681 regnum,
868 3608 903 3662 ut
917 3601 1017 3662 edatis
1032 3609 1064 3662 et
1078 3600 1194 3664 bibatis
1249 3612 1316 3668 ctos
1338 3603 1383 3664 ihi
1405 3603 1548 3665 detentos
1569 3619 1643 3664 mox
1665 3621 1731 3665 suae
1750 3602 1878 3664 deitatis
1898 3601 1981 3663 heati-

448 3719 546 3783 super
561 3717 704 3762 mensam
721 3717 824 3761 meam
841 3699 873 3760 in
889 3716 997 3778 regno.
1008 3699 1096 3761 Unde
1110 3701 1195 3781 apud
1249 3703 1312 3766 fico
1341 3701 1493 3763 fruitione
1517 3700 1640 3774 refecit,
1665 3700 1741 3782 quia
1770 3718 1831 3783 pro
1854 3697 1981 3781 originali

448 3799 574 3872 lsaiam,
592 3797 676 3859 inter
690 3797 807 3859 electos
823 3803 855 3859 ot
869 3797 1032 3878 reprobos,
1050 3797 1133 3860 inter
1145 3798 1195 3879 ju·
1249 3799 1404 3863 satisfecit
1423 3805 1563 3880 peccato,
1580 3797 1621 3860 ob
1641 3798 1734 3879 cujus
1754 3806 1878 3860 reatum
1897 3795 1981 3859 sancti

306 3916 433 3968 ramma,
448 3905 513 3960 stos
533 3904 565 3959 et
580 3896 707 3978 iniquos
728 3895 926 3975 distinguens
944 3913 952 3957 τ
969 3895 1050 3958 Ecce
1064 3897 1197 3979 (inquit)
1251 3899 1298 3960 illi
1328 3894 1569 3959 retardabantur
1592 3915 1610 3959 a
1634 3895 1743 3976 gloria.
1770 3897 1815 3958 De
1842 3895 1899 3958 hac
1919 3895 1982 3956 hora

301 3984 334 4025 ¹⁴·
448 3996 532 4059 servi
549 3995 613 4058 mei
631 3994 808 4066 comedent,
826 4001 857 4056 et
872 4011 928 4056 vos
943 3993 1105 4072 esurietis;
1122 4013 1196 4057 ecoe
1251 3996 1407 4078 scriptum
1427 4001 1474 4056 est
1494 3993 1527 4055 in
1548 3993 1706 4057 Canonica
1725 3993 1754 4056 S.
1771 3994 1900 4057 loannis
1915 4011 1921 4054 :
1936 3991 1982 4054 llo
1997 4008 2061 4052 rurs-

448 4095 532 4158 servi
550 4094 615 4157 mei
636 4091 811 4155 laudabunt
826 4111 890 4174 praa
906 4091 1115 4154 exsultatione
1131 4111 1197 4156 cor·
1251 4094 1383 4157 vissima
1401 4092 1479 4154 hora
1498 4098 1554 4154 est.
1573 4092 1610 4153 Et
1625 4091 1767 4175 quotidie
1787 4092 1915 4174 quidam
1932 4090 1981 4152 ele·
1994 4077 2014 4114 '³‘

448 4191 507 4268 dis,
529 4201 561 4255 et
580 4209 636 4255 vos
659 4189 837 4254 clamabitis
861 4209 926 4272 praa
948 4189 1055 4253 dolore
1080 4191 1194 4266 cordis,
1251 4193 1293 4255 cti
1313 4193 1344 4253 in
1364 4192 1423 4253 hac
1441 4191 1518 4253 hora
1538 4191 1576 4253 ad
1593 4208 1726 4272 regnum
1746 4191 1920 4254 ascendunt
1933 4205 1982 4250 cre

447 4299 479 4355 et
498 4311 563 4374 prae
586 4290 777 4353 contritione
802 4289 935 4370 spiritus
958 4288 1132 4351 ululabitis,
1150 4289 1195 4351 Ad
1252 4292 1365 4354 lorum.
1391 4290 1487 4352 Porro
1516 4289 1647 4352 refectio
1676 4287 1737 4351 ista
1765 4288 1935 4372 spiritualis
1959 4292 1983 4346 ct

446 4390 528 4452 hanc
551 4409 674 4454 coenam
695 4388 839 4452 Christus
862 4387 979 4450 multos
1000 4388 1136 4460 vocavit,
1153 4389 1236 4457 ‹li-n
1252 4389 1354 4464 beato,
1372 4389 1477 4470 potius
1497 4387 1676 4471 appellatur
1690 4406 1781 4450 coena
1796 4406 1892 4469 quam
1908 4403 1983 4468 pran-

309 4487 800 4554 nort.1v,cendo:l'oenitentiam
816 4487 911 4567 agite,
928 4485 1199 4568 appropinquabit
1251 4489 1352 4561 dium,
1380 4487 1531 4568 quoniam
1555 4504 1619 4550 non
1648 4485 1791 4548 succedit
1816 4486 1846 4548 ei
1871 4481 1984 4548 refectio

300 4569 332 4609 ¹⁷·
448 4588 534 4650 onim
550 4605 683 4668 regnum
700 4586 863 4649 coelorum.
881 4586 961 4648 llinc
976 4586 1055 4647 dicit
1070 4585 1102 4647 in
1118 4585 1199 4647 Psal-
1251 4586 1324 4661 alia,
1345 4593 1377 4648 ct
1395 4585 1491 4647 habet
1510 4592 1660 4648 aeternam
1680 4584 1823 4665 quietem
1844 4584 1874 4646 ei
1892 4581 1984 4662 adjun-

298 4699 433 4746 Pssxnxo.
450 4701 502 4747 mo
524 4702 531 4746 :
551 4683 758 4757 Annuntiavi,
780 4691 812 4746 et
832 4683 957 4746 locutus
981 4701 1070 4763 sum;
1092 4683 1199 4745 multi·
1251 4693 1346 4759 ctam,
1372 4683 1642 4766 quemadmodum
1666 4700 1766 4745 coenae
1791 4681 1824 4743 in
1849 4682 1912 4744 vita
1937 4679 1984 4739 ista

449 4783 559 4866 plicati
581 4790 656 4844 sunt
676 4801 773 4865 super
795 4800 975 4845 numerum.
1252 4782 1458 4864 conjungitur
1473 4781 1564 4864 quies
1585 4789 1749 4843 nocturna.
1762 4779 1806 4842 De
1827 4799 1890 4862 qua
1909 4793 1984 4841 coena

489 4884 532 4943 Ει
553 4881 643 4941 misit
663 4901 793 4941 servum
813 4901 921 4952 suum,
943 4881 974 4943 id
997 4887 1045 4942 est
1068 4881 1199 4963 Aposto-
1254 4882 1284 4943 in
1300 4879 1491 4963 Apocalypsi
1512 4879 1667 4961 scriptum
1687 4885 1734 4941 est
1751 4896 1758 4940 :
1776 4877 1865 4941 Beati
1884 4875 1934 4958 qui
1953 4872 2061 4943 admei

449 4980 553 5044 lorum
570 4978 779 5059 omniumque
796 4977 1038 5060 predicatorum
1055 4979 1197 5053 chorum,
1253 4998 1375 5043 coenam
1391 4978 1576 5060 nuptiarum
1593 4977 1673 5058 Agni
1689 4975 1792 5039 vocati
1807 4985 1892 5039 sunt.
1908 4974 1984 5037 llice

449 5085 568 5142 coetum
604 5095 661 5138 seu
695 5075 851 5138 ordinem.
889 5077 978 5158 Saepe
1011 5077 1129 5138 etenim
1166 5078 1197 5139 in
1253 5100 1289 5140 rc
1306 5079 1467 5148 incitatis,
1484 5077 1515 5139 id
1533 5084 1581 5138 est
1595 5075 1714 5139 hortari
1735 5075 1882 5138 homines
1900 5073 1935 5136 ad
1949 5089 1985 5131 rc·

450 5174 625 5258 Scripturis
648 5173 686 5237 fit
710 5174 831 5237 mentio
855 5174 894 5237 do
916 5181 981 5238 tota
1005 5175 1112 5257 aliqua
1136 5176 1199 5259 ple·
1251 5177 1305 5258 gni
1323 5175 1461 5240 coelestis
1477 5176 1609 5257 praemia
1624 5174 1845 5257 promerenda,
1862 5183 1898 5234 att
1914 5169 1984 5231 verri-

450 5276 490 5339 bo
506 5294 563 5343 seu
585 5273 791 5337 multitudine
810 5273 902 5355 quasi
919 5273 959 5336 de
972 5273 1103 5337 homine
1123 5293 1196 5350 uno,
1253 5285 1339 5347 rent,
1347 5275 1379 5337 id
1395 5275 1561 5350 est,l)eum
1578 5272 1804 5356 proximosque
1818 5271 1985 5342 amandoct
