4288 6264
420 525 452 573 nv
472 525 524 572 nra
545 525 661 574 sanmn
681 525 897 573 smannens.
917 543 959 556 -
978 523 1154 572 mumma
1173 524 1207 572 ννν
1227 523 1422 572 minamur
1657 503 1697 568 75

144 715 214 777 me3
226 697 281 780 qui
296 703 402 762 autem
418 698 523 781 diligit
538 699 757 782 me,diligetur
771 719 789 762 a
803 700 892 763 Patre
907 697 934 761 A
990 701 1033 760 lllt
1048 701 1093 758 ad
1107 717 1180 758 eum
1197 699 1440 778 tieniemusogo
1454 703 1486 760 et
1499 696 1696 777 Pater3haud

144 813 226 858 meo.
249 796 387 879 Diligere
411 817 560 881 namque,
582 805 630 861 est
650 797 746 860 alicui
771 797 891 861 bonum
948 796 1083 859 dubium
1099 795 1178 878 quin
1195 803 1227 858 et
1242 795 1379 878 Spiritus
1395 794 1697 878 Sanctus,quoniam

143 894 227 957 velle
244 911 251 956 :
269 895 464 959 amatoribus
483 903 590 958 autem
612 895 726 958 Christi
743 896 826 958 Deus
840 895 893 957 Pa·
948 913 1044 976 opera
1059 894 1222 957 Trinitatis
1237 894 1277 956 ad
1292 902 1380 957 extra
1395 901 1469 957 sunt
1484 893 1629 956 indivisa.
1639 893 1698 956 Ve-

142 999 192 1055 ter
206 992 290 1054 dona
302 995 411 1074 gratiae
426 1013 491 1058 sua
505 994 575 1056 vult
588 1001 684 1076 atque
699 993 846 1075 largitur3
863 1002 894 1056 et
949 994 1075 1056 niemus
1097 993 1214 1075 itaque,
1232 1010 1295 1057 non
1317 1011 1374 1074 per
1393 992 1455 1054 loci
1476 992 1695 1065 mutationem,

143 1090 170 1153 si
196 1091 470 1172 perseveraverint
493 1109 596 1174 usque
621 1091 653 1153 in
679 1091 790 1166 linem,
811 1093 893 1154 dona
947 1099 1003 1154 aut
1017 1090 1214 1172 corporalem
1229 1090 1469 1164 accessum,sed
1485 1107 1542 1177 ρον
1557 1089 1696 1152 caritatis

142 1189 252 1269 gloria
277 1189 449 1251 sortientur
472 1209 490 1252 a
513 1189 612 1252 Patre.
634 1189 802 1271 Deinceps,
818 1190 894 1271 quia
949 1197 981 1250 et
1004 1188 1111 1269 gratia
1137 1187 1439 1269 augmentationem,
1465 1206 1522 1270 per
1547 1188 1695 1269 spiritua-

143 1285 274 1349 dilectio
293 1287 392 1349 Patris
416 1306 453 1350 ac
477 1287 811 1370 supergloriosissimae
831 1288 895 1350 Tri·
950 1286 1027 1348 lium
1047 1287 1203 1349 donorum
1223 1285 1535 1369 multiplicationem.
1552 1286 1637 1348 Istud
1654 1294 1697 1348 et-

142 1384 252 1446 nitatis
266 1385 306 1447 ad
322 1385 479 1460 homines,
495 1394 544 1448 est
557 1393 685 1458 aeterna,
703 1386 822 1448 idcirco
837 1405 894 1468 per
949 1384 1035 1446 enim
1057 1383 1300 1465 intelligendum
1317 1390 1375 1456 est,
1391 1401 1455 1446 non
1470 1383 1509 1446 de
1525 1383 1629 1465 primo
1643 1383 1695 1446 ad-

141 1500 272 1545 omnem
292 1481 508 1546 differentiam
524 1484 677 1565 temporis
696 1483 891 1565 designatur,
948 1489 1045 1544 ventu
1069 1482 1168 1545 Patris
1193 1490 1225 1544 et
1245 1481 1315 1544 Filii
1340 1482 1379 1544 ad
1403 1488 1574 1554 amantem,
1594 1501 1694 1564 quum

142 1581 295 1661 quoniam
311 1598 406 1644 omne
422 1588 548 1664 tempus
566 1581 810 1663 comprehendit
824 1581 892 1644 sive
949 1597 1044 1642 nemo
1067 1579 1179 1660 diligat
1203 1581 1303 1642 Deum
1328 1580 1396 1642 sive
1420 1579 1548 1643 obediat
1571 1579 1612 1654 ei,
1633 1579 1696 1642 nisi

143 1678 279 1742 includit
293 1679 555 1744 aeternitasllinc
569 1680 654 1762 apud
667 1681 820 1742 loannem
835 1699 893 1762 per
948 1678 1053 1760 primo
1076 1685 1140 1741 tota
1161 1678 1296 1740 Trinitas
1318 1697 1392 1741 eum
1417 1677 1554 1758 gratiose
1576 1696 1696 1758 praeve-

23 1808 127 1848 aanor,
142 1777 277 1840 verbum
309 1779 461 1861 praeteriti
485 1778 639 1861 temporis
664 1779 781 1840 dicitur
807 1795 814 1840 :
840 1778 891 1841 Sic
948 1776 1041 1848 nerit,
1061 1783 1156 1858 atque
1181 1794 1238 1858 per
1261 1776 1401 1839 caritatis
1425 1783 1456 1838 et
1479 1775 1588 1857 gratiae
1612 1774 1696 1838 iniu-

23 1889 28 1900 ·
142 1875 227 1938 Deus
255 1876 367 1939 dilexit
394 1877 562 1950 muudum,
588 1885 624 1938 ut
653 1877 767 1939 Filium
796 1896 891 1939 suum
908 1875 931 1938 B
947 1874 1069 1936 sionem
1096 1881 1235 1936 mentem
1260 1874 1329 1954 ejus
1355 1874 1407 1955 pie
1432 1873 1605 1936 intraverit.
1634 1874 1693 1936 Sed

22 1993 124 2039 tutans.
142 1973 344 2055 unigenitum
364 1976 461 2038 daret.
480 1975 517 2038 Et
537 1975 652 2038 Paulus
670 1993 676 2038 :
694 1975 823 2057 Propter
844 1975 891 2036 ni·
946 1971 1002 2054 qui
1018 1971 1123 2053 diligit
1139 1972 1310 2046 Christum,
1324 1971 1434 2053 gratiis
1450 1971 1628 2054 potioribus
1641 1973 1693 2035 ad·

142 2071 238 2134 miam
265 2073 399 2154 (inquit)
423 2074 585 2136 caritatem
611 2092 673 2155 qua
698 2072 810 2135 dilexit
834 2088 891 2136 nos
947 2069 1110 2151 impletur,
1132 2069 1215 2131 sicut
1235 2070 1280 2132 ait
1302 2069 1443 2134 Salvator
1460 2089 1467 2134 :
1484 2068 1617 2132 Habenti
1639 2070 1692 2132 da·
1706 2089 1842 2140 nasama,

139 2169 240 2243 Pater,
266 2170 381 2233 Filium
406 2189 500 2234 suum
531 2171 627 2232 misit.
654 2170 738 2232 Alibi
764 2187 891 2252 qunque
946 2167 1044 2241 bitur,
1070 2175 1101 2231 et
1125 2167 1309 2230 abundabit.
1334 2169 1432 2232 Amor
1461 2186 1588 2250 quoque
1618 2167 1693 2230 iacit
1709 2155 1840 2204 ¹²³¹¹''²⁹·

140 2287 199 2350 per
221 2267 356 2330 verbum
380 2269 546 2350 praesentis
571 2269 690 2331 dicitur
709 2269 888 2351 temporis:
946 2266 1054 2329 omnia
1077 2285 1146 2329 esse
1170 2267 1383 2331 communia:
1410 2266 1481 2329 ideo
1504 2273 1622 2350 quanto
1646 2285 1693 2328 ar-

22 2397 71 2424 ula.
82 2399 124 2438 tv..
139 2367 232 2428 Pater
245 2374 330 2428 amat
344 2383 409 2429 vos.
429 2367 465 2428 Et
481 2386 566 2429 nunc
582 2366 680 2430 verbo
695 2366 794 2430 luturi
810 2375 889 2430 tem·
945 2364 1072 2426 dentius
1087 2363 1187 2426 Deum
1208 2383 1364 2438 amamus,
1382 2382 1420 2427 eo
1439 2364 1522 2427 bona
1540 2383 1597 2427 sna
1616 2365 1693 2427 libe-

22 2477 24 2488 '
139 2465 227 2547 poris
250 2465 372 2527 dictum
393 2473 441 2528 est
459 2483 465 2526 :
482 2465 638 2546 [illigetur
655 2485 673 2528 a
689 2467 778 2528 Patre
798 2484 887 2546 meo;
943 2461 1042 2525 ralius
1061 2463 1154 2525 nobis
1170 2463 1385 2526 communicat
1400 2471 1431 2526 et
1446 2463 1595 2526 infundit.
1613 2463 1651 2524 Et
1666 2463 1691 2526 si

137 2569 180 2636 et,
198 2562 287 2624 Pater
309 2580 399 2625 meus
420 2563 531 2643 diliget
552 2581 637 2626 eum.
943 2560 1131 2624 timentibus
1157 2561 1256 2624 [lenm
1281 2561 1327 2622 nil
1351 2561 1450 2634 deest,
1476 2561 1552 2644 quid
1576 2561 1692 2643 poterit
1720 2573 1839 2626 amn,

178 2659 295 2722 Omnes
310 2667 416 2722 autem
433 2661 671 2742 predestinatos
686 2660 790 2742 diligit
803 2662 887 2724 Deus
943 2659 1053 2720 deesse
1077 2659 1178 2722 Deum
1202 2659 1407 2722 amantibusl
1426 2659 1482 2722 Vel
1507 2660 1584 2742 quid
1609 2659 1692 2721 Deus
1709 2641 1741 2682 ¹⁰·

134 2757 330 2820 aeternaliter
352 2765 447 2840 οινρνο
472 2758 674 2840 simpliciter,
692 2757 788 2820 etiam
810 2765 886 2820 tnnc
942 2775 1000 2819 suo
1015 2757 1131 2838 peterit
1146 2758 1300 2838 denegare
1316 2757 1439 2820 fervido
1453 2758 1590 2830 amatori,
1598 2776 1693 2839 quum

134 2856 264 2937 quando
279 2873 343 2918 non
359 2855 497 2937 diligunt
511 2856 670 2920 Christum
691 2856 784 2918 :vult
799 2857 885 2918 enim
941 2855 1026 2917 dicat
1049 2856 1231 2940 Apostolus,
1257 2855 1314 2929 Qui
1344 2855 1482 2920 adhaeret
1507 2856 1581 2930 Deo,
1608 2875 1690 2918 unus

133 2953 182 3016 eis
200 2953 281 3016 bona
294 2953 402 3034 gratias
419 2954 450 3014 in
466 2953 665 3035 praeseuti,et
681 2953 763 3017 bona
777 2954 885 3035 gloriae
941 2954 1072 3036 spiritus
1092 2962 1142 3016 est
1156 2973 1229 3016 cum
1251 2957 1311 3017 eol
1326 2954 1432 3028 Porro,
1448 2955 1474 3016 si
1494 2953 1615 3037 aliquid
1636 2973 1688 3017 ne·
1718 2971 1791 3013 icor.
1805 2981 1832 3018 a,

134 3051 168 3112 in
191 3049 309 3114 futuro.
331 3050 452 3132 Diligit,
474 3051 615 3132 inquam,
634 3069 688 3114 eos
708 3053 883 3114 secundum
901 3049 923 3115 C
940 3059 993 3133 gat
1013 3053 1127 3126 oranti,
1145 3052 1205 3116 hoc
1229 3051 1305 3114 lacit
1327 3071 1365 3114 ex
1388 3053 1528 3126 caritate,
1546 3051 1621 3134 quia
1642 3051 1689 3114 illi
1707 3035 1737 3074 '⁷'

133 3169 202 3212 suaa
236 3156 360 3213 aterna
396 3150 683 3232 predestinationis
721 3151 882 3214 intuitum.
942 3169 1004 3212 non
1020 3151 1159 3232 expedit,
1177 3150 1228 3213 vel
1248 3150 1324 3232 quia
1341 3150 1450 3213 dilatio
1470 3150 1558 3211 utilis
1573 3149 1602 3211 ei
1618 3167 1690 3212 con-

133 3249 238 3322 Quum
262 3267 338 3312 vero
358 3255 588 3312 convertuntur
608 3256 640 3312 et
661 3249 809 3332 diligunt,
827 3251 885 3314 im·
940 3249 1032 3310 sistit.

133 3347 247 3429 pendit
261 3367 325 3410 suaa
340 3346 521 3410 dilectionis
537 3347 805 3431 ellectum,quem
823 3351 885 3432 ple·
981 3351 1023 3408 Et
1039 3350 1237 3409 mansionem
1252 3351 1342 3426 apud
1356 3368 1429 3408 eum
1443 3349 1614 3424 faciemus,
1630 3347 1689 3409 hoc

132 3464 175 3507 ne
192 3445 394 3526 finaliterque
411 3445 569 3527 impendit
584 3447 660 3508 dum
676 3447 723 3508 eis
738 3455 885 3510 aeternam
940 3453 999 3518 est,
1020 3455 1161 3509 mentem
1186 3447 1257 3527 ejus
1280 3446 1416 3528 gratiose
1438 3453 1469 3508 et
1491 3446 1543 3528 pie
1568 3445 1691 3508 inhabi-

131 3542 320 3605 ielicitatem
339 3542 479 3624 largitur.
492 3543 560 3607 Non
577 3545 814 3626 praedestinatos
829 3566 883 3609 au·
941 3542 1089 3606 labimus.
1122 3545 1224 3618 Quum
1256 3544 1343 3606 enim
1371 3543 1461 3624 juxta
1488 3543 1687 3626 Apostolum,

130 3649 198 3703 tem
223 3659 387 3722 nunqnam
413 3640 518 3722 diligit
539 3641 693 3714 absolute,
721 3643 795 3724 quia
820 3662 882 3706 non
939 3659 1071 3724 corpora
1091 3643 1276 3705 devotorum
1297 3641 1453 3724 templum
1473 3642 1537 3704 sint
1552 3641 1688 3724 Spiritus
1716 3660 1818 3704 remis.

130 3738 203 3800 vult
227 3737 274 3800 eis
299 3738 489 3820 simpliciter
512 3739 645 3821 gloriam
676 3740 882 3803 beatitudinis
940 3739 1058 3812 Sancti,
1080 3747 1198 3821 quanto
1224 3740 1324 3820 magis
1348 3745 1472 3800 mentes
1496 3743 1630 3801 eoruml
1651 3739 1689 3800 Et

129 3844 277 3914 aeternae3
302 3837 357 3899 sed
387 3837 464 3899 dnm
492 3837 630 3918 diligunt
655 3839 767 3912 Deum,
792 3848 824 3901 et
850 3841 882 3902 in
940 3837 966 3900 si
983 3837 1137 3900 debemus
1152 3838 1253 3900 Deum
1270 3837 1452 3919 glorificare
1468 3845 1499 3898 et
1513 3845 1639 3918 portare
1655 3837 1687 3898 in
1716 3847 1821 3892 tueto-

129 3942 218 3997 statu
243 3933 354 3996 salutis
383 3942 468 4009 sunt,
494 3935 599 4016 diligit
622 3954 676 3998 eos
706 3938 882 4000 secundum
940 3953 1072 4017 corpore
1088 3935 1315 4008 nostr0,multo
1331 3935 1403 4016 plns
1418 3933 1598 4015 glorificare
1614 3954 1687 3997 eum

130 4039 322 4116 praesentem
337 4031 505 4112 justitiam.
522 4034 624 4107 Quum
641 4035 746 4116 itaque
761 4036 806 4097 ait
820 4036 884 4098 Sal·
940 4032 1094 4096 debemus
1111 4033 1143 4094 in
1159 4031 1327 4094 animabus
1344 4033 1460 4096 nostris
1476 4051 1533 4114 per
1547 4041 1688 4095 contem·

129 4139 233 4203 vator,
259 4129 317 4204 Qui
347 4129 452 4212 diligit
480 4151 543 4205 me,
569 4133 720 4214 diligetur
748 4153 766 4196 a
794 4135 882 4198 Patre
940 4131 1113 4214 plationem
1137 4131 1306 4205 sinceram,
1325 4149 1383 4212 per
1406 4131 1581 4194 ferventem
1605 4150 1689 4194 amo-

129 4247 216 4302 me0,
228 4247 296 4302 seu,
309 4228 398 4291 Pater
414 4247 503 4291 meus
519 4230 630 4311 diliget
644 4250 729 4304 eum,
747 4233 881 4313 intelligi
898 4229 923 4292 D
939 4249 1077 4311 rem‚per
1086 4230 1192 4311 jugem
1207 4231 1456 4294 recordationem
1471 4231 1689 4313 ipsiusquem·

130 4335 238 4410 potest
258 4328 297 4390 de
318 4327 429 4390 electis
451 4327 506 4409 qui
533 4337 735 4410 perseverant
756 4339 787 4393 et
808 4348 881 4393 con·
937 4328 1109 4390 admodum
1125 4329 1268 4392 hortatur
1284 4331 1366 4394 Deus
1381 4331 1414 4392 in
1430 4331 1568 4395 Canticis
1583 4351 1589 4394 :
1604 4332 1687 4394 Pone
1714 4347 1832 4396 aaaron.

129 4435 335 4488 summantur
357 4427 390 4488 in
414 4426 497 4489 bono
520 4443 527 4487 :
549 4427 581 4488 hi
606 4429 727 4510 quippe
750 4448 769 4491 ο
792 4429 881 4492 Patre
939 4445 989 4488 me
1009 4426 1143 4508 (inquit)
1162 4436 1197 4489 ut
1218 4429 1418 4510 signaculum
1444 4449 1541 4512 super
1565 4448 1619 4493 cor
1640 4439 1686 4493 tu·
1702 4415 1721 4454 ⁶·

127 4523 323 4588 aeternaliter
341 4533 436 4607 atque
455 4525 647 4606 simpliciter
663 4527 881 4608 diligentur‚a
938 4544 1001 4586 um.
1028 4526 1178 4599 Qitamvis
1207 4536 1313 4590 autem
1339 4529 1686 4612 incircumscriptibilis

128 4639 196 4704 quo
219 4621 347 4704 plenam
372 4621 603 4686 beatitudinem
626 4632 879 4706 consequentum
937 4625 1020 4688 Deus
1046 4625 1087 4687 sit
1111 4625 1144 4688 in
1168 4627 1318 4690 omnibus
1343 4647 1401 4710 per
1423 4630 1605 4706 essentiam,
1631 4649 1685 4714 po-

127 4719 180 4783 vel
206 4720 245 4783 de
270 4719 425 4802 prescitis
449 4720 504 4803 qui
529 4722 567 4784 ad
592 4730 719 4804 tempus
743 4722 881 4803 diligunt
937 4724 1068 4786 tentiam
1104 4733 1198 4807 atque
1231 4728 1443 4808 presentiam,
1476 4729 1547 4793 illos
1578 4738 1684 4793 tamen

128 4818 304 4892 Christum,
321 4827 352 4880 et
373 4836 432 4901 pro
458 4826 534 4881 tunc
555 4820 731 4902 diliguntur
752 4840 770 4883 a
791 4822 879 4884 Patre
937 4822 1101 4885 dumtaxat
1126 4824 1303 4888 inhabitare
1332 4827 1486 4890 asseritur
1510 4828 1541 4892 in
1567 4829 1684 4911 quibus

127 4916 309 4978 secundum
333 4925 524 4999 praesentem
552 4917 707 4999 justitiam
735 4939 743 4983 :
769 4919 879 5002 sicque
936 4929 984 4983 est
1000 4940 1057 5003 per
1072 4922 1154 4985 dona
1173 4925 1281 5004 gratiae
1298 4933 1423 5005 gratum
1439 4926 1594 4988 facientis.
1612 4928 1685 4989 ldeo

125 5013 304 5096 diligentur
324 5014 365 5077 ab
384 5032 422 5078 οο
442 5016 594 5098 quamdiu
615 5017 747 5099 diligent
763 5019 878 5082 Filium
937 5018 968 5080 in
987 5020 1165 5084 Proverbiis
1187 5022 1304 5084 dicitur
1321 5042 1327 5086 :
1345 5023 1450 5104 Longe
1467 5031 1515 5086 est
1531 5025 1684 5087 Dominus
1711 5039 1732 5081 ν
1733 5053 1825 5091 0000000

127 5114 208 5194 ejus.
228 5113 454 5178 Verumtamen
477 5114 620 5177 Peterin
643 5135 676 5178 se
699 5117 769 5200 ipso
794 5119 879 5181 inva-
935 5116 976 5179 ab
1000 5117 1117 5200 impiis.
1137 5120 1173 5181 Et
1197 5120 1227 5182 in
1249 5121 1439 5204 Apocalypsi
1462 5122 1501 5184 de
1521 5123 1616 5202 justis
1639 5123 1684 5184 in·
1699 5105 1732 5144 ²⁹·

126 5211 252 5276 riabilis
267 5217 483 5295 permanet,et
498 5212 665 5276 diversitas
682 5213 792 5278 istaes
810 5235 878 5298 par·
935 5215 1063 5276 ducitur
1080 5233 1086 5276 :
1104 5210 1184 5278 Ecce
1200 5217 1441 5280 tabernaculum
1461 5219 1516 5282 Dei
1535 5238 1607 5281 cnm
1628 5220 1682 5282 ho·
1698 5235 1831 5293 Apuanis.

127 5315 158 5372 te
180 5317 332 5376 creature
353 5309 518 5392 accipitur.
935 5311 1089 5387 minibus,
1106 5322 1138 5376 et
1158 5314 1314 5378 habitabit
1335 5334 1408 5378 cum
1430 5316 1486 5379 eis.
