4192 6258
331 502 479 552 nouimus
500 503 554 550 xrx
575 503 648 550 rosr
667 501 862 550 rarurrarsrr.
884 519 924 531 -
944 504 987 550 an
1007 503 1203 566 nnxrarosos;
1226 504 1325 552 suano
1345 504 1457 552 saxrus
1609 484 1668 550 ott

116 687 253 753 cumque
269 673 360 738 vobis
375 675 581 740 reconciliare
596 676 693 740 Deum
706 677 866 760 appetitis.
884 677 909 742 Α
924 683 983 752 tes,
1009 683 1041 740 et
1066 696 1157 742 suam
1180 677 1279 742 vitam
1302 678 1342 742 ad
1368 675 1556 741 memoriam
1580 692 1670 740 revo-

116 767 201 832 Ecce
216 778 317 834 totum
332 773 498 848 istud,imo
513 784 545 838 et
559 775 622 838 alia
636 795 707 858 qua
722 775 871 840 brevitati
923 775 1039 840 cabant
1060 793 1067 838 ε
1087 794 1225 858 quorum
1250 775 1351 859 aliqui
1380 775 1413 838 in
1437 773 1504 838 suis
1529 772 1670 836 lacrimis

115 868 250 932 studens
267 871 391 946 omitto,
407 871 627 936 invitatorium
648 879 696 936 est
715 879 747 936 et
761 874 869 937 admo·
923 873 1144 956 pavimentum
1159 873 1358 938 balneabant.
1371 872 1478 956 Aliqui
1493 889 1569 935 vero
1585 869 1673 933 lacri-

115 965 272 1031 nitorium
297 969 336 1033 ad
360 989 398 1034 ea
422 991 494 1054 quae
518 973 630 1036 recitat
653 981 685 1036 et
708 973 870 1036 recitanda
923 972 1003 1035 mari
1018 991 1083 1036 non
1098 972 1250 1048 valentes,
1267 991 1301 1035 se
1316 972 1403 1055 ipsos
1418 969 1598 1054 disciplinis
1613 988 1671 1034 cas·

115 1081 204 1127 nunc
227 1075 311 1130 sunt.
337 1068 383 1132 Ex
409 1088 473 1152 quo
495 1077 618 1134 constat
638 1089 735 1153 quam
755 1089 869 1152 magna
922 1069 1049 1134 debant.
1074 1070 1183 1154 Aliqui
1212 1089 1309 1154 super
1331 1069 1454 1134 animas
1481 1088 1555 1132 suas
1579 1066 1672 1150 quasi

113 1161 182 1226 sint
200 1182 248 1229 ea.
922 1187 1019 1252 snper
1044 1177 1186 1233 mortuos
1211 1168 1387 1244 ululabant,
1409 1167 1616 1233 formidinem
1639 1174 1672 1230 et

157 1262 278 1328 Deinde
297 1266 513 1331 narrationem
533 1268 738 1350 prosequitur
756 1268 789 1331 in
809 1269 869 1331 hac
922 1267 1100 1348 angustiam
1115 1267 1307 1331 turbationis
1321 1268 1371 1332 sui
1387 1266 1491 1331 cordis
1509 1266 1592 1329 ferre
1607 1283 1672 1329 non

114 1359 245 1426 forma:
262 1363 415 1440 Audiens,
432 1365 548 1448 inquit,
564 1384 623 1447 ego
642 1366 804 1442 infirmus,
821 1385 870 1430 es·
923 1365 1075 1429 valentes.
1091 1366 1225 1440 Quidam
1249 1383 1326 1430 vero
1351 1366 1446 1430 corde
1470 1364 1670 1440 frendebant,

116 1477 152 1521 se
181 1462 354 1543 quamdam
383 1483 530 1546 magnam
560 1473 592 1528 et
621 1465 783 1528 insolitam
813 1465 871 1528 bu·
923 1481 957 1526 se
980 1465 1143 1528 continere
1166 1465 1301 1528 ulterius
1327 1482 1391 1528 non
1412 1471 1569 1546 potentes.

117 1558 290 1624 militatem
320 1580 357 1624 ac
390 1563 625 1627 institutionem
657 1564 868 1646 quorumdam
963 1563 1034 1627 Vidi
1059 1563 1104 1626 ibi
1129 1564 1284 1646 quosdam
1309 1581 1397 1628 more
1421 1572 1453 1626 et
1476 1580 1612 1628 moerore
1641 1568 1673 1624 et

117 1657 304 1738 degentium
334 1661 368 1723 in
393 1669 515 1726 semota
539 1663 716 1740 mansione,
742 1681 869 1726 carcere
924 1661 1129 1725 meditatione
1152 1662 1243 1745 quasi
1265 1681 1299 1726 se
1320 1663 1405 1745 ipsos
1429 1662 1620 1726 excedentes
1641 1667 1673 1722 et

116 1756 214 1834 dieta,
230 1759 319 1822 oravi
341 1760 465 1825 Patrem
487 1761 638 1836 coenobii,
655 1763 710 1844 qui
735 1761 797 1825 fuit
821 1762 868 1825 lu·
924 1769 1160 1841 exaggerantes,
1177 1769 1341 1844 stupentes
1356 1769 1389 1824 ct
1405 1760 1506 1823 multa
1521 1759 1673 1824 moestitia

116 1855 241 1920 minare
262 1857 481 1934 luminarium,
496 1860 602 1941 justus
622 1868 654 1922 et
671 1879 815 1942 magnus,
833 1868 868 1922 ut
884 1863 909 1926 B
923 1860 1014 1941 quasi
1033 1867 1137 1922 mutos
1156 1859 1301 1934 effectos,
1316 1867 1411 1942 atque
1430 1858 1470 1922 ad
1489 1857 1598 1922 omnia
1615 1857 1672 1920 bu·

116 1971 169 2016 me
184 1955 385 2037 permitteret
404 1958 482 2020 illuc
500 1960 671 2038 accedere;
687 1966 719 2022 et
737 1977 869 2022 consen·
921 1957 975 2037 jus
1006 1957 1080 2021 vitae
1109 1957 1201 2040 quasi
1231 1957 1435 2022 insensibiles
1468 1959 1668 2032 constitutos,

115 2051 158 2114 sit
173 2053 249 2136 pius
269 2055 334 2131 ille,
350 2057 407 2138 qui
425 2076 591 2140 nunquam
606 2057 709 2122 voluit
726 2058 867 2122 animam
923 2064 1063 2120 mentem
1079 2057 1118 2119 de
1137 2064 1244 2120 cetero
1260 2057 1326 2138 jam
1347 2057 1381 2120 in
1397 2056 1547 2140 abyssum
1567 2056 1672 2120 bumi-

115 2153 315 2218 contristare.
324 2155 428 2228 Quum
443 2173 519 2236 ergo
532 2157 739 2220 accessissem
755 2157 790 2220 in
804 2175 868 2240 poe·
922 2153 1020 2217 litatis
1049 2153 1289 2237 profundentes.
1319 2155 1407 2218 Alios
1435 2155 1502 2219 vidi
1531 2155 1670 2238 repletos

115 2251 291 2316 nitentium
317 2253 529 2330 mansionem,
554 2263 586 2318 et
608 2273 684 2319 vere
709 2255 743 2318 in
766 2256 868 2336 regio·
922 2253 1085 2327 moestitia,
1115 2252 1261 2316 sedentes
1289 2260 1322 2316 et
1350 2261 1467 2318 terram
1497 2253 1669 2329 intuentes,

115 2369 192 2414 nem
218 2351 410 2434 lugentium,
430 2354 598 2418 verissime
622 2355 688 2418 vidi
712 2373 785 2437 quae
808 2373 867 2418 nec
921 2369 1043 2433 suaque
1068 2351 1172 2434 capita
1195 2351 1414 2416 indesinenter
1438 2360 1613 2428 moventes,
1639 2360 1672 2416 et

115 2451 231 2513 oculus
255 2451 395 2516 bominis
419 2452 610 2535 negligentis
633 2454 789 2537 adspexit,
807 2473 867 2518 nec
922 2448 1021 2512 instar
1041 2449 1171 2513 leonum
1192 2468 1210 2513 e
1232 2451 1336 2515 cordis
1358 2452 1465 2516 medio
1488 2452 1671 2515 emittentes

116 2549 205 2612 auris
225 2550 442 2633 pusillanimis
460 2552 593 2628 audivit,
610 2570 669 2616 nec
690 2553 723 2616 in
743 2571 798 2616 cor
812 2553 867 2617 bo·
921 2547 1075 2628 rugitum,
1092 2548 1307 2632 dentibusque
1325 2549 1519 2614 frendentes·
1536 2551 1671 2625 Quidum

117 2648 217 2712 minis
237 2649 332 2714 otiosi
354 2649 578 2726 ascenderunt,
593 2651 743 2714 videlicet
762 2670 813 2716 res
835 2659 868 2715 et
921 2645 1051 2709 illorum
1073 2645 1157 2711 bona
1178 2667 1235 2731 spe
1257 2649 1481 2714 remissionem
1502 2649 1671 2733 culparum

116 2747 217 2812 rerba
234 2749 337 2812 Deum
356 2748 531 2812 violentare
550 2750 700 2826 valentia,
715 2750 868 2814 adinven-
920 2743 1107 2826 querebant
1120 2753 1152 2808 et
1171 2745 1368 2811 obtinebant.
1385 2747 1448 2811 Alii
1468 2767 1502 2811 se
1521 2748 1608 2831 ipsos
1623 2767 1671 2812 re-

115 2847 221 2910 tiones
250 2855 282 2910 et
310 2848 421 2912 modos
450 2848 601 2932 pietatem
632 2849 688 2912 Dei
720 2849 867 2912 celeriter
921 2843 1073 2907 missione
1089 2844 1236 2926 indignos
1251 2863 1290 2908 ex
1309 2846 1491 2912 bumilitate
1511 2847 1670 2911 indicibili

113 2944 294 3010 flectentes.
919 2941 1116 3023 judicabant,
1129 2951 1160 3008 et
1175 2963 1239 3008 non
1255 2963 1348 3028 posse
1363 2965 1397 3010 se
1412 2946 1596 3011 satisfacere
1610 2965 1670 3010 nec

154 3045 244 3110 Alios
273 3045 402 3109 illorum
431 3045 699 3110 incarceratorum
724 3046 790 3110 vidi
819 3053 865 3111 to-
881 3040 903 3106 C
921 3041 985 3104 Deo
999 3041 1155 3106 rationem
1171 3044 1303 3107 reddere
1318 3044 1603 3109 clamitabant.Alii
1619 3045 1671 3109 de·

114 3143 155 3205 tis
181 3143 331 3208 noctibus
354 3143 525 3226 vigilantes
547 3163 648 3227 usque
674 3163 779 3220 mane,
804 3143 864 3208 sub
920 3140 1135 3222 precabantur
1148 3141 1248 3204 Deum
1264 3143 1317 3205 hic
1337 3143 1377 3206 ad
1392 3151 1519 3227 tempus
1533 3144 1670 3208 cruciari

113 3243 234 3307 aeahere
258 3247 388 3318 stantes,
414 3244 512 3325 pedes
540 3242 695 3308 habentes
719 3243 866 3308 immabi·
921 3245 953 3300 et
970 3237 1003 3300 in
1024 3237 1134 3302 futuro
1156 3239 1408 3305 misericordiam
1430 3242 1584 3306 invenire.
1606 3242 1670 3306 Alii

114 3343 173 3417 les,
191 3349 224 3405 et
242 3359 261 3403 a
279 3341 334 3404 tali
352 3341 384 3404 vi
405 3350 526 3406 naturae
541 3342 768 3406 miserabiliter·
781 3361 864 3406 som·
922 3354 1021 3418 quum
1041 3346 1148 3400 essent
1169 3337 1230 3400 sub
1252 3356 1348 3402 onere
1371 3341 1573 3405 conscientiae
1598 3360 1671 3405 con·

114 3461 157 3506 no
182 3439 372 3516 confractos,
400 3441 457 3523 qui
485 3459 520 3505 se
549 3441 636 3524 ipsos
664 3441 863 3522 dejicientes,
920 3435 1034 3510 territi,
1057 3435 1181 3498 sincere
1205 3436 1355 3500 dicebant
1378 3455 1385 3500 :
1408 3439 1518 3522 Neque
1540 3440 1669 3504 damne-

113 3539 304 3622 ignominiis
318 3557 352 3602 se
370 3548 402 3602 et
421 3539 625 3622 improperiis
645 3539 863 3623 increpabant,
921 3550 1003 3608 mur,
1015 3533 1149 3596 D⁰¹¹¹l¹1⁰
1164 3534 1264 3610 Pater,
1276 3536 1303 3598 Si
1320 3535 1473 3617 POSSibile
1488 3546 1547 3613 Ost,
1564 3557 1668 3622 neque

112 3638 240 3702 nullam
255 3637 317 3701 sibi
337 3637 482 3720 requiem
501 3638 622 3702 dantes.
639 3638 725 3702 Alios
744 3639 810 3702 vidi
831 3638 864 3702 in
920 3630 1092 3706 salvemur,
1108 3639 1140 3694 el
1161 3631 1285 3696 suflicit
1306 3634 1409 3698 nobis.

112 3737 236 3804 coelum
251 3755 379 3801 sursum
399 3735 625 3800 miserabiliter
638 3737 862 3820 adspicientes,
960 3731 1031 3792 Vidi
1047 3730 1092 3793 ibi
1107 3731 1231 3795 animas
1246 3732 1386 3798 humiles
1402 3742 1435 3798 θῑ
1449 3736 1610 3812 ῡῠῡῑΐίῑᾶὃ,
1628 3737 1669 3800 ¹8·

111 3846 145 3901 et
172 3837 247 3900 inde
271 3834 427 3898 auxilium
453 3853 526 3897 cum
550 3833 692 3908 fletibus,
716 3834 863 3898 lamentis
920 3828 1051 3911 pideum
1072 3847 1126 3892 cor
1146 3830 1212 3893 suis
1232 3831 1366 3894 vocibus
1386 3833 1426 3895 ad
1445 3834 1546 3898 Deum
1566 3836 1669 3899 excla-

111 3957 150 4002 ac
173 3933 309 4001 vocibus
331 3933 524 3997 invocantes.
542 3932 629 3996 Alios
650 3934 716 3998 vidi
739 3934 771 3996 in
796 3951 865 3997 ora·
921 3927 1015 3990 matis
1040 3935 1186 4010 potentes
1210 3948 1435 4013 compungere.
1460 3933 1505 3995 lta
1528 3953 1667 4017 namque

109 4034 257 4101 tionibus
273 4040 402 4108 stantes,
419 4040 452 4096 et
470 4049 558 4096 more
578 4031 800 4096 damnatorum
817 4051 864 4096 re
919 4026 958 4089 ad
975 4033 1093 4090 terram
1112 4026 1325 4110 adspicientes
1344 4029 1493 4094 dicebant
1513 4049 1521 4094 ε
1542 4032 1667 4096 Scimus

108 4143 162 4199 tro
193 4151 267 4198 suas
292 4150 405 4194 manus
430 4129 542 4210 ligatas
569 4136 724 4206 tenentes,
749 4130 863 4213 quiin
919 4142 1005 4208 ergo,
1029 4125 1149 4188 seimus
1171 4127 1256 4207 quod
1278 4127 1366 4190 omni
1389 4147 1484 4211 poena
1504 4130 1592 4211 digni
1617 4151 1668 4194 su·

109 4243 233 4296 terram
257 4230 383 4294 vultum
408 4247 503 4291 suum
526 4227 699 4291 obscurum
724 4247 761 4292 ac
786 4247 863 4293 moe·
878 4229 903 4292 D
919 4243 991 4286 mus
1006 4231 1039 4285 et
1051 4223 1146 4304 juste.
1163 4223 1273 4307 Neque
1293 4225 1379 4288 enim
1400 4226 1439 4288 de
1454 4235 1559 4291 cetero
1574 4228 1666 4292 suffi-

110 4337 239 4394 rentem
256 4327 457 4402 inclinantes,
467 4345 500 4389 se
516 4327 601 4408 ipsos
615 4326 802 4407 judicabant
818 4328 864 4390 in·
918 4323 1038 4386 cientes
1061 4340 1184 4397 sumus,
1200 4323 1326 4386 etiamsi
1348 4342 1406 4407 pro
1427 4325 1520 4390 nobis
1541 4327 1667 4390 univer-

109 4431 229 4511 dignos
250 4427 284 4490 in
309 4424 427 4489 coelum
450 4424 626 4506 adspicere,
652 4433 684 4487 et
707 4445 725 4488 a
749 4426 863 4507 cogita·
918 4440 988 4484 sum
1005 4421 1286 4484 convocaverimus
1303 4423 1458 4486 mundum
1475 4422 1665 4501 flentem,ad

109 4527 258 4594 tionibus
287 4525 354 4588 suis
378 4543 415 4586 ac
444 4522 631 4586 confusione
660 4524 862 4589 conscientia
917 4519 1167 4583 satisfactionem
1182 4527 1214 4582 et
1233 4519 1388 4583 rationem
1406 4521 1598 4586 reddendam
1613 4525 1665 4588 de·

108 4647 180 4692 suae
201 4624 348 4708 aporiati,
364 4641 423 4686 nec
441 4623 520 4704 quid
541 4623 580 4685 ad
600 4622 701 4685 Deum
720 4622 862 4687 dicerent
918 4618 1057 4682 bitorum
1079 4627 1269 4681 nostrorum.
1287 4618 1369 4682 lllud
1390 4638 1466 4684 vero
1486 4622 1590 4686 solum
1610 4644 1664 4708 pe·

107 4727 279 4799 habentes
296 4741 356 4785 nec
377 4722 462 4784 unde
483 4730 538 4784 aut
559 4721 719 4802 quomodo
742 4720 863 4803 suppli·
918 4715 1026 4792 timus,
1051 4717 1196 4790 Domine,
1218 4735 1258 4780 ne
1284 4717 1316 4780 in
1341 4718 1448 4782 furore
1472 4729 1527 4785 tuo
1549 4741 1663 4804 arguas
1690 4743 1729 4790 ra
1743 4747 1808 4800 vm

106 4826 273 4889 cationem
287 4820 463 4883 formarent
478 4819 688 4892 invenientes,
705 4819 805 4882 solam
821 4820 861 4882 si·
917 4833 986 4889 noa,
1007 4835 1111 4897 neque
1137 4815 1169 4878 in
1193 4815 1240 4878 ira
1261 4824 1315 4879 tua
1339 4818 1492 4900 corripias
1517 4839 1585 4897 nos,
1604 4841 1663 4886 nec
1677 4811 1782 4860 ¹¹¹'¹¹'²·

106 4943 152 4988 ne
169 4941 247 4986 voce
263 4927 404 4984 mentem
419 4926 451 4982 ot
470 4917 611 4980 animam
626 4917 761 4980 Domino
776 4918 862 4980 exhi·
915 4914 1002 4995 justo
1023 4913 1145 4994 judicio
1167 4921 1223 4977 tuo
1245 4932 1301 4978 nos
1321 4917 1465 4997 crucies3
1482 4921 1537 4984 sed
1556 4940 1662 5003 parce,

104 5021 241 5086 bebant.
258 5018 346 5082 Alios
367 5016 433 5080 vidi
455 5017 488 5078 in
509 5016 693 5098 pavimento
715 5017 861 5080 sedentes
917 5021 948 5076 et
963 5012 1087 5075 sufficit
1101 5012 1206 5086 nobis,
1218 5021 1312 5095 atque
1327 5033 1345 5076 a
1361 5016 1471 5080 multis
1489 5019 1586 5082 minis
1600 5021 1663 5083 tuis

106 5123 145 5184 in
162 5135 255 5182 sacco
270 5125 301 5180 et
316 5115 499 5197 cinere,qui
511 5113 625 5177 faciem
640 5113 776 5195 genibus
791 5133 864 5197 ope·
917 5121 949 5174 et
963 5131 981 5174 a
996 5111 1163 5174 tormentis
1178 5110 1617 5188 dissimilibus,innominatis
1633 5125 1665 5181 et

106 5221 246 5291 tientes,
272 5216 410 5279 frontem
430 5215 463 5276 in
488 5221 605 5276 terram
628 5212 859 5295 percutiebant.
916 5211 1062 5285 occultis,
1078 5227 1135 5272 nos
1151 5208 1260 5271 libera.
1278 5209 1357 5272 Nam
1373 5210 1406 5272 in
1421 5210 1522 5274 finem
1540 5214 1581 5276 ad
1600 5214 1665 5296 ple·

106 5318 202 5387 Alios
225 5315 291 5382 vidi
314 5322 427 5400 pectus
453 5331 548 5376 suum
575 5330 702 5397 semper
726 5313 861 5377 tunden·
917 5329 995 5375 num
1020 5308 1242 5372 remissionem
1271 5315 1379 5394 petere
1408 5328 1472 5376 non
1496 5312 1663 5394 audemus,
