4214 6254
504 462 653 511 normias
674 463 717 508 ss.
738 464 921 510 minimus.
940 481 981 494 —
1001 463 1175 512 nnnnmuo
1197 464 1229 510 m
1250 465 1445 514 nvsucammr
1690 448 1748 516 {03

201 630 288 711 quod
308 630 401 694 nobis
423 652 441 695 a
462 633 526 696 lieo
545 642 600 696 aut
614 634 685 715 ejus
699 633 827 697 vicariis
842 635 950 716 praala-
964 634 990 698 A
1004 635 1146 698 ollcrunt
1173 637 1248 712 Deo,
1274 638 1499 702 mortificando
1527 639 1690 722 passiones
1718 647 1750 704 et

201 729 243 790 tis
265 730 382 794 nostris
404 731 599 813 praecipitur.
1004 734 1091 807 vitia,
1104 736 1158 798 sed
1175 743 1325 818 tanquam
1342 755 1436 800 canes
1450 739 1595 820 protinus
1610 757 1668 821 pro
1682 758 1750 821 par·

242 827 416 903 Postremo,
438 829 480 891 ita
502 829 658 904 vivamus,
681 839 716 894 ut
738 830 874 912 quilibet
894 849 949 894 uo·
1004 832 1052 894 vis
1082 833 1185 896 causis
1220 833 1410 910 irascuntur,
1442 836 1658 917 indignantur,
1689 836 1750 898 cla·

201 932 304 988 strum
320 927 362 990 sit
375 927 496 990 habens
512 926 626 991 faeiem
647 927 798 1004 hominis,
816 930 948 992 rationa-
1005 938 1102 1004 mant,
1120 933 1316 994 contendunt
1336 941 1367 995 et
1386 952 1420 996 se
1438 934 1577 1015 graviter
1592 935 1750 996 ulciscun-

202 1023 312 1087 biliter
330 1045 364 1088 se
384 1025 542 1100 habendo,
558 1035 591 1090 et
609 1035 727 1090 rectam
745 1027 899 1090 rationem
916 1027 948 1090 in
1003 1037 1063 1090 tur.
1090 1029 1207 1092 Verum
1238 1031 1305 1093 haeo
1330 1033 1437 1094 omnia
1459 1032 1631 1114 fugiamus,
1656 1041 1750 1115 atque

201 1123 327 1186 cunctis
356 1124 529 1206 sequendo,
555 1131 587 1188 et
610 1125 663 1207 pie
690 1132 785 1208 atque
810 1125 948 1189 humane
1003 1129 1161 1210 praetactis
1185 1129 1366 1192 insistamus
1388 1130 1540 1212 operibus
1561 1131 1721 1194 virtuosis.

201 1221 285 1284 inter
301 1223 463 1304 proximos
479 1222 692 1302 ambulando;
712 1224 753 1286 sit
772 1224 868 1287 etiam
887 1224 947 1298 lco,
1043 1225 1172 1307 Legitur
1196 1227 1235 1288 dc
1260 1228 1290 1290 S.
1311 1228 1500 1309 Augustino,
1523 1229 1608 1311 quod
1633 1238 1749 1293 sanctae

199 1320 375 1383 virtutibus
390 1321 508 1384 invicta
523 1339 559 1382 ac
573 1321 692 1403 jugiter
708 1322 900 1396 inherendo,
917 1329 949 1384 et
1003 1323 1164 1387 Trinitatis
1188 1325 1415 1388 devotissimus
1439 1327 1502 1389 luit
1525 1335 1691 1391 venerator
1718 1336 1750 1390 et

199 1425 310 1480 contra
324 1418 499 1492 diabolum,
516 1437 644 1482 carnem
660 1438 697 1481 ae
713 1421 868 1482 muudum
885 1439 949 1483 ma·
1003 1420 1272 1503 profundissimus
1294 1424 1535 1506 contemplator.
1561 1424 1648 1487 Unde
1673 1444 1748 1507 qua·

197 1517 394 1598 gnanimiter
418 1518 601 1599 praeliando,
628 1527 663 1580 ut
684 1536 813 1581 omnem
839 1537 948 1600 super·
1003 1519 1075 1580 dam
1096 1519 1177 1592 vice,
1196 1520 1311 1582 mulier
1330 1522 1474 1603 quaedam
1496 1521 1628 1584 honesta
1642 1541 1679 1585 ae
1695 1523 1748 1586 bo

198 1614 300 1688 biam,
315 1616 492 1688 avaritiam,
515 1615 790 1687 incontinentiam,
808 1615 900 1690 iram,
917 1623 949 1678 et
1002 1636 1041 1678 na
1061 1635 1079 1678 a
1098 1617 1291 1699 quibusdam
1313 1618 1479 1681 malitiosis
1498 1619 1683 1682 hominihus
1703 1621 1749 1682 in·

199 1721 305 1776 cetera
320 1714 397 1776 vitia
411 1715 537 1792 vincat;
554 1715 595 1776 sit
615 1715 747 1796 insuper
767 1714 897 1788 vitulus,
914 1733 947 1776 se
1000 1715 1118 1795 juriam
1144 1734 1246 1796 passa,
1274 1716 1486 1796 Augustinum
1511 1719 1655 1792 accessit,
1679 1719 1749 1799 ejus

199 1811 307 1893 ipsum
334 1813 398 1874 Deo
428 1811 460 1873 in
489 1811 685 1874 sacrificium
714 1810 889 1884 ollerendo,
916 1818 948 1874 ct
966 1809 1178 1894 Bimplorans
1192 1813 1357 1875 auxilium.
1376 1814 1449 1888 Quae
1464 1834 1564 1896 quum
1581 1815 1686 1897 ipsum
1704 1817 1750 1880 in·

199 1910 363 1992 propriam
385 1909 579 1972 voluntatem
601 1910 666 1973 Deo
687 1910 718 1971 in
738 1909 862 1972 cunctis
878 1909 948 1972 sub
1003 1911 1142 1973 venisset
1158 1912 1350 1986 studentem,
1368 1919 1399 1974 et
1419 1921 1601 1975 reverenter
1620 1915 1750 1977 salutas-

195 2009 350 2089 jiciendo,
369 2027 408 2070 ne
428 2015 537 2072 contra
556 2008 672 2072 divine
692 2008 770 2089 legis
790 2015 947 2090 praecepta
1003 2014 1050 2070 set
1071 2009 1232 2082 eumdem,
1254 2009 1448 2089 Augustinus
1471 2029 1530 2072 nec
1552 2029 1621 2072 eam
1644 2030 1749 2093 respe-

198 2113 308 2168 ctatur
323 2107 452 2189 propria
469 2105 635 2184 libertate3
651 2107 693 2168 sit
712 2107 787 2168 item
808 2115 840 2168 et
858 2106 946 2188 aqui·
1003 2107 1059 2178 xit,
1081 2125 1140 2167 nee
1161 2107 1336 2188 quidquam
1358 2107 1387 2168 ei
1410 2108 1582 2189 respoudit.
1603 2108 1749 2189 Cogitaus

200 2205 241 2278 la,
259 2204 506 2286 contemplando
520 2203 661 2267 coelestia
675 2213 707 2266 et
721 2204 947 2286 divinamque
1004 2204 1056 2266 illa
1073 2204 1157 2285 quod
1177 2204 1217 2268 ob
1237 2205 1371 2266 nimiam
1389 2225 1478 2268 suam
1496 2206 1694 2268 sanctitatem
1717 2207 1747 2269 in

199 2303 330 2366 illorum
346 2303 464 2364 intuitu
479 2321 515 2364 ac
529 2321 637 2366 amore
656 2302 863 2385 despiciendo
880 2303 946 2366 haec
1003 2301 1117 2364 faciem
1140 2302 1284 2364 mulieris
1306 2303 1405 2366 nollet
1427 2303 1596 2384 respicere,
1619 2305 1750 2386 propius

199 2401 324 2475 intima,
345 2401 483 2464 carnalia
507 2409 539 2462 et
562 2409 696 2463 terrena.
718 2401 781 2464 Nec
803 2403 946 2483 requiem
1002 2401 1145 2474 accessit,
1172 2409 1203 2462 et
1233 2419 1360 2464 causam
1390 2401 1558 2482 diligenter
1582 2403 1749 2484 exposuit3

198 2498 376 2562 habeamus
395 2499 553 2562 carnalem
574 2508 605 2560 et
623 2499 875 2574 immoderatam,
892 2501 947 2562 scd
1003 2500 1057 2562 sed
1087 2499 1282 2579 Augustinus
1312 2518 1381 2562 eam
1412 2517 1475 2562 non
1504 2499 1660 2582 adspexit,
1690 2519 1749 2563 nec

198 2599 300 2662 Deum
315 2597 434 2678 jugiter
449 2596 676 2659 collaudemus.
690 2597 760 2670 Sed,
773 2595 850 2660 heu!
868 2597 948 2658 mul·
1003 2597 1178 2679 quidquem
1195 2597 1366 2679 respondit.
1384 2597 1506 2660 ldcirce
1526 2597 1581 2660 illa
1599 2617 1671 2660 cum
1688 2618 1751 2662 ma-

198 2697 221 2758 ti
244 2703 319 2758 suut
338 2695 491 2758 habentes
516 2695 630 2757 laciem
654 2694 818 2757 bestialem
842 2696 947 2776 potius
1001 2715 1062 2776 gua
1078 2695 1207 2758 recessit
1222 2695 1361 2758 tristitia.
1378 2697 1485 2759 Altero
1500 2696 1750 2778 die,Augustino

196 2813 295 2877 quam
311 2793 578 2875 humanam,quia
593 2793 867 2874 concupiscentias
883 2813 948 2855 car·
1002 2792 1194 2866 celebrante,
1216 2801 1247 2856 et
1270 2793 1447 2857 elevatione
1469 2795 1610 2876 eorporis
1633 2795 1749 2859 Christi

197 2893 250 2955 nis
267 2900 299 2954 et
314 2900 434 2954 ceteras
453 2893 568 2954 animae
588 2891 762 2973 passiones
780 2891 870 2964 iram,
889 2891 946 2954 im·
1002 2891 1095 2964 lacta,
1123 2892 1239 2954 mulier
1264 2892 1319 2954 illa
1341 2899 1417 2954 tunc
1443 2911 1582 2974 praesens
1607 2903 1695 2975 rapta
1716 2894 1749 2956 in

199 2990 398 3074 patientiam,
418 2989 638 3071 cupiditatem,
659 2991 758 3070 magis
778 3008 874 3071 quam
900 3008 946 3051 ra·
963 2987 984 3049 C
1002 2989 1127 3071 spiritu,
1139 2989 1220 3051 vidit
1235 3009 1268 3052 se
1285 2990 1418 3071 positam
1436 2997 1509 3053 ante
1524 2989 1663 3053 tribunal
1680 3010 1749 3054 san-

198 3091 332 3162 tionem,
358 3095 535 3169 seqnuntur
561 3106 567 3150 :
597 3106 732 3170 quorum
762 3088 857 3150 corda
883 3106 945 3150 uon
1002 3087 1152 3150 ctissiman
1167 3087 1339 3160 Trinitatis,
1358 3087 1412 3149 ubi
1429 3089 1509 3152 vidit
1523 3088 1748 3169 Augustinum,

197 3189 300 3250 instar
322 3186 438 3268 aquilae
462 3187 500 3248 ad
526 3186 667 3249 coelestia
691 3187 867 3268 eriguntur,
891 3187 945 3248 sed
1001 3185 1082 3248 lacie
1105 3185 1267 3256 inclinata,
1284 3186 1322 3246 de
1345 3204 1479 3247 summm
1500 3205 1536 3248 ac
1559 3185 1750 3251 beatissimae

196 3295 351 3367 tanquam
375 3284 462 3366 porei
484 3283 523 3346 ad
545 3291 669 3346 terrena
692 3292 786 3365 atquc
809 3283 947 3346 carnalia
1000 3283 1163 3345 Trinitatis
1178 3283 1278 3364 gloria
1292 3283 1504 3345 attentissime
1524 3303 1559 3346 ac
1581 3284 1750 3348 subtilissi-

197 3382 434 3464 deprimuutur.
452 3381 532 3443 Sunt
547 3380 642 3443 etiam
660 3381 751 3442 multi
768 3380 822 3463 qui
839 3381 878 3442 ad
895 3400 946 3461 ag-
1002 3401 1053 3442 me
1069 3381 1294 3462 disputantem.
1306 3381 1344 3442 Et
1359 3381 1441 3443 lacta
1456 3389 1505 3444 est
1519 3399 1579 3444 vox
1594 3383 1750 3445 dicensad

197 3481 410 3563 grediendum
430 3469 581 3542 exercitia
600 3479 742 3541 virtuosa
760 3497 814 3540 cor
829 3478 947 3542 habent
1001 3498 1071 3542 eam
1095 3497 1101 3541 :
1126 3479 1228 3553 Ouum
1250 3480 1464 3560 Augustinum
1483 3481 1657 3555 accessisti,
1681 3481 1749 3563 ipse

197 3580 393 3662 leporinum,
419 3595 483 3640 non
514 3577 688 3652 leoninum,
714 3578 769 3639 sed
795 3577 834 3638 ad
865 3578 947 3640 male
1001 3587 1065 3640 tam
1081 3577 1292 3639 attentissime
1305 3578 1344 3639 de
1356 3577 1518 3640 Trinitatis
1530 3579 1750 3661 gloriadispu-

196 3677 358 3758 agendum
381 3675 505 3739 veloces
529 3683 603 3738 sunt
628 3683 660 3738 et
684 3677 830 3749 audaces,
853 3684 947 3758 atque
1001 3676 1182 3758 tavit,qued
1198 3684 1282 3737 tuam
1301 3677 1500 3757 praesentiam
1517 3695 1580 3738 non
1595 3678 1747 3757 advertit;

53 3808 81 3836 cc
109 3807 178 3838 Ιιιι.
195 3777 249 3858 (ut
267 3775 415 3838 Salomon
437 3774 592 3856 loquitur)
607 3774 728 3856 absque
750 3774 816 3836 ullo
834 3775 947 3837 timore
1002 3775 1056 3837 sed
1073 3793 1184 3836 secure
1203 3773 1241 3834 ad
1263 3792 1336 3835 eum
1357 3782 1524 3835 revertere.
1542 3773 1630 3847 Quod
1645 3795 1745 3856 quum
1856 3797 1859 3802 ·

197 3880 385 3957 perpetrant
411 3873 502 3936 mala.
528 3873 608 3935 Sunt
637 3873 712 3934 item
737 3873 944 3955 quamplures
1000 3873 1053 3935 illa
1072 3873 1210 3945 lecisset,
1231 3872 1427 3951 Augustinus
1448 3891 1518 3934 eam
1539 3872 1675 3952 benigue
1696 3893 1747 3935 su-

195 3974 252 4056 qui
278 3990 341 4035 non
363 3971 401 4033 ad
423 3971 668 4034 similitudinem
692 3971 782 4034 vituli
805 3991 838 4034 se
859 3972 945 4054 ipsos
1000 3971 1111 4054 scepit,
1128 3978 1222 4053 atque
1243 3969 1370 4034 salubre
1390 3970 1561 4034 eonsilium
1583 3971 1680 4033 dedit.

589 4341 892 4427 ENARRATIO
926 4341 981 4428 IN
1015 4341 1354 4428 EVANGELIUM

435 4599 515 4644 naar
535 4597 620 4644 nouo
642 4597 680 4642 cn
702 4599 872 4644 rnanrsnrs
894 4598 1066 4645 utconcucs
1087 4596 1213 4643 nonina.
1234 4580 1343 4642 loann.
1361 4597 1405 4652 ιιι,
1423 4577 1505 4641 l-ld.

266 4851 414 4915 liONlAll
429 4849 523 4914 hodie
538 4850 577 4911 de
592 4848 870 4931 superbeatissima
883 4849 944 4910 Tri·
959 4848 983 4909 D
1039 4851 1122 4909 Erat
1139 4849 1230 4907 horno
1240 4867 1281 4904 aa
1293 4846 1485 4915 Plrarr'soeis,
1495 4844 1525 4906 id
1542 4854 1590 4907 est
1605 4847 1642 4908 de
1658 4856 1744 4909 secta

195 4851 380 5050 Quitate
403 4948 507 5030 agitur
530 4948 657 5022 tostum,
682 4956 766 5009 recte
788 4947 945 5028 evangeli·
998 4955 1030 5008 et
1056 4963 1189 5007 numero
1207 4943 1448 5014 Pharisaeorum,
1471 4945 1666 5005 Nicodamus
1690 4968 1744 5006 no

193 5069 249 5112 um
267 5048 352 5110 istud
369 5065 453 5110 nune
469 5046 595 5127 legitur,
612 5047 687 5127 quia
705 5047 736 5108 in
759 5046 828 5128 ipso
843 5045 943 5107 Trini-
999 5048 1096 5114 minc,
1117 5045 1171 5125 qui
1199 5050 1306 5124 postea
1330 5042 1392 5102 luit
1416 5041 1531 5103 Christi
1558 5043 1743 5106 manifestus

193 5157 242 5210 tas
256 5165 465 5230 personarum
479 5145 738 5226 tangiturltaque
751 5144 944 5224 evangelista
998 5141 1186 5223 discipulus,
1207 5139 1418 5222 sepelivitque
1438 5157 1512 5200 eum
1535 5158 1607 5201 cum
1626 5141 1741 5223 Joscph

193 5247 333 5310 loannes
352 5244 396 5305 ait
412 5259 419 5304 τ
997 5240 1037 5302 ab
1053 5240 1243 5312 Arimathea,
1256 5239 1410 5315 princeps
1425 5239 1628 5309 Jurlacorruu,
1645 5239 1674 5299 id
1695 5249 1742 5303 est
