4154 6258
445 480 506 545 462
709 499 858 549 nonnum
878 501 931 547 xm
952 500 1025 548 rosr
1045 499 1241 547 mininam.
1262 519 1301 529 -
1321 500 1495 548 hummaro
1516 500 1548 548 m
1568 501 1735 548 briscona!

446 671 618 734 admodum
642 671 728 752 apud
748 673 900 734 loannem
926 669 1069 734 Christus
1094 668 1234 752 loqui-A
1250 669 1313 733 lem
1342 670 1546 752 dignitatem3
1571 669 1765 752 profundum
1795 686 1866 732 vem
1894 669 1973 752 perti·

297 779 432 832 luein-nv.
446 776 499 831 tur
516 789 522 834 :
540 770 571 833 Si
587 771 659 852 quis
679 769 785 852 diligit
805 788 867 844 me,
884 787 1064 832 sermonem
1085 787 1193 831 mcum
1249 774 1321 830 neat
1335 768 1374 830 ad
1390 766 1799 850 incomprehensibilitatem
1814 767 1923 830 divine
1935 787 1974 829 na·

299 845 334 888 ²³·
447 868 597 944 servabit,
623 875 655 931 et
677 869 768 931 Pater
792 887 882 931 mens
912 868 1023 948 diliget
1046 883 1137 947 eum;
1163 871 1195 928 et
1247 873 1337 942 turae,
1353 866 1614 949 judiciorumque
1636 866 1717 947 ejus.
1734 865 1813 928 llinc
1830 865 1912 949 apud
1926 865 1972 929 ioh

445 967 485 1028 ad
513 986 588 1030 eum
616 966 795 1042 veniemus,
821 974 853 1030 et
881 966 1080 1030 mansionem
1107 963 1193 1046 apud
1247 965 1287 1026 de
1311 965 1375 1027 Deo
1394 964 1548 1027 asseritur
1568 984 1576 1028 :
1597 963 1759 1028 Excelsior
1780 963 1858 1034 coele
1878 971 1931 1036 est,
1948 973 2059 1028 elren-r

446 1083 520 1128 eum
542 1064 709 1129 iaciemus.
1247 1062 1325 1145 quid
1348 1062 1474 1126 faciest
1492 1062 1681 1125 Prolundior
1705 1061 1838 1136 inferno,
1854 1069 1885 1124 et
1903 1061 1971 1126 unde

485 1164 620 1246 Insuper
640 1163 709 1226 sitis
731 1165 766 1224 in
789 1165 930 1224 caritate
952 1162 1007 1226 llei
1029 1180 1066 1224 ac
1091 1159 1194 1243 proxi·
1248 1163 1445 1242 cognoscest
1470 1160 1606 1242 Longior
1628 1168 1714 1224 terra
1738 1179 1884 1224 mensura
1904 1161 1971 1242 ejus,

446 1261 492 1324 mi
520 1263 676 1332 radicati,
698 1262 730 1323 id
760 1269 809 1324 est
835 1261 974 1324 firmiter
996 1259 1140 1334 stabiliti,
1163 1269 1193 1320 et
1247 1265 1279 1320 et
1300 1258 1392 1324 latior
1413 1258 1503 1320 mari.

445 1362 585 1438 fundati
606 1362 664 1443 per
688 1359 826 1423 rationes
851 1360 1041 1423 fortissimas
1064 1363 1193 1441 propter
1286 1357 1415 1420 Possitis
1443 1358 1527 1417 scire
1554 1359 1654 1418 etiam
1682 1356 1813 1420 scicntia
1839 1357 1970 1439 practica,

446 1477 525 1540 quas
554 1458 735 1539 diligendus
764 1465 813 1522 est
841 1459 924 1522 Deus
952 1458 1058 1541 primo
1088 1464 1120 1519 et
1144 1456 1192 1518 in·
1248 1463 1357 1538 utpote
1386 1456 1516 1519 sciendo
1544 1456 1670 1531 sectari,
1701 1457 1971 1532 supereminentem

446 1555 713 1638 comparabiliter,
723 1556 874 1619 videlicet
888 1564 1018 1639 propter
1033 1553 1192 1618 infinitam
1248 1556 1392 1614 scientiae
1411 1556 1582 1616 caritatem
1602 1556 1738 1625 Christi,
1755 1554 1787 1616 id
1805 1561 1852 1617 est
1869 1553 1972 1616 dilecti·

446 1653 549 1736 ipsius
563 1653 750 1729 honitatem,
766 1660 798 1717 et
813 1655 963 1737 quoniam
980 1653 1067 1737 prior
1082 1652 1195 1715 dilexit
1248 1670 1342 1715 onem
1368 1652 1455 1717 illam
1480 1653 1675 1736 praecipuam
1697 1672 1760 1736 qua
1781 1651 1915 1716 Christus
1934 1671 1972 1715 se-

445 1769 515 1828 nos,
532 1753 609 1815 item
625 1760 754 1835 propter
769 1753 928 1817 beneficia
942 1753 1023 1834 ejuS,
1035 1760 1068 1815 et
1082 1770 1192 1814 rursus
1248 1751 1389 1814 cundum
1414 1771 1505 1814 suam
1530 1751 1698 1815 scientiam
1721 1769 1779 1816 nos
1802 1751 1914 1814 dilexit.
1933 1751 1972 1812 lli·

446 1858 577 1934 propter
596 1851 753 1933 promissa
773 1851 885 1934 ipsius,
902 1851 1016 1914 deinde
1036 1857 1068 1914 et
1087 1849 1191 1932 proxi·
1210 1851 1233 1914 B
1249 1849 1344 1912 lectio
1368 1849 1453 1912 enim
1478 1869 1517 1912 ex
1547 1851 1728 1932 cognitione
1759 1850 1905 1933 procedit.
1927 1848 1971 1910 l'el

446 1969 518 2012 mus
541 1949 573 2012 in
595 1950 660 2012 Deo
681 1958 712 2012 et
733 1959 863 2033 propter
883 1951 994 2013 ileum.
1248 1948 1305 2022 sic,
1325 1948 1454 2012 Possitis
1479 1949 1593 2011 ascire
1619 1949 1784 2012 caritatem
1806 1948 1913 2012 Christi
1931 1967 1972 2010 su-

490 2052 530 2112 Ut
548 2051 682 2126 possitis
702 2053 983 2127 comprehendere,
1004 2049 1035 2110 id
1059 2056 1108 2110 est
1128 2047 1192 2110 sin·
1247 2048 1500 2128 pereminentcm
1520 2047 1661 2111 scientie
1680 2069 1710 2121 n,
1733 2047 1767 2109 id
1787 2053 1834 2110 est
1851 2053 1970 2110 nostran

446 2167 519 2212 cere
540 2166 742 2230 cognoscere,
757 2169 830 2236 cem
845 2150 994 2209 omnibus
1010 2149 1143 2217 sanctis,
1160 2147 1192 2208 id
1247 2145 1413 2209 scientiam
1428 2152 1459 2208 et
1474 2145 1682 2228 capacitatem
1703 2165 1762 2208 sna
1776 2145 1971 2228 magnitudine

446 2255 504 2322 cst,
528 2247 611 2310 sicut
631 2247 732 2309 sancti
754 2247 787 2308 in
808 2247 860 2309 via
882 2246 980 2327 hujus
1002 2246 1106 2308 exsilii
1128 2247 1192 2308 Deo
1247 2245 1533 2308 transcendentem.
1565 2247 1605 2307 Ut
1630 2247 1846 2322 impleamini,
1870 2245 1898 2306 id
1924 2251 1970 2318 est,

446 2346 607 2409 revelante
624 2364 681 2408 seu
701 2345 880 2408 illustrante
899 2352 1103 2426 cognoscunt,
1120 2365 1192 2424 quce
1247 2342 1429 2407 divinorum
1449 2343 1677 2406 charismatum
1697 2343 1878 2426 recipiendo
1893 2342 1971 2405 inllu-

444 2446 487 2505 sit
511 2444 687 2526 spiritualis
711 2445 852 2504 latitudo
874 2444 1023 2518 caritatis,
1040 2453 1069 2504 et
1091 2445 1193 2522 lonqi-
1247 2461 1335 2517 xum,
1352 2441 1488 2505 tendatis
1503 2460 1541 2506 ac
1560 2442 1794 2524 perducamini,
1810 2445 1845 2502 in
1866 2463 1971 2504 manen

446 2546 536 2614 tudo,
553 2553 583 2602 et
598 2544 796 2613 sublimitas,
810 2552 840 2602 et
855 2544 1064 2619 profundum
1078 2541 1189 2624 ipsius.
1243 2542 1486 2617 plenitudinem
1507 2544 1581 2612 Dei,
1598 2541 1630 2604 id
1651 2549 1701 2604 est
1721 2542 1763 2605 ad
1784 2541 1887 2605 omnia
1906 2542 1972 2604 dona

444 2641 514 2704 lstae
536 2640 752 2704 dimensiones
777 2639 992 2722 metaphorice
1013 2638 1191 2702 attribuun-
1246 2640 1388 2722 perlecta
1406 2661 1478 2724 quea
1497 2641 1707 2704 conferuntur
1720 2661 1739 2704 a
1754 2642 1828 2714 Deo,
1843 2641 1972 2704 videlicet

446 2746 498 2801 tur
534 2739 671 2812 caritati,
706 2757 764 2821 per
800 2738 1046 2801 similitudinem
1078 2756 1191 2821 corpo·
1246 2739 1285 2800 ad
1309 2739 1443 2802 virtutes
1468 2740 1610 2803 virorum
1639 2739 1841 2803 heroicorum
1870 2740 1900 2802 in
1921 2740 1972 2800 rib

445 2837 561 2900 ralium
591 2837 837 2899 dimensionum.
864 2835 1029 2918 Siquidem
1059 2836 1191 2900 latitudo
1246 2838 1406 2920 praesenti,
1422 2845 1517 2921 atque
1531 2839 1571 2901 ad
1585 2839 1668 2902 dona
1682 2838 1791 2920 gloria
1807 2855 1970 2920 magnomn

445 2936 586 2998 caritatis
608 2943 666 3010 est,
688 2936 773 3019 quod
792 2936 831 2998 ad
851 2953 963 2998 omnes
983 2955 1016 2998 se
1036 2936 1188 3011 extendit,
1246 2936 1433 2999 Sanctorum
1455 2935 1489 2999 in
1510 2935 1620 3019 patria.
2058 3001 2059 3016 ,

443 3036 540 3097 etiam
562 3034 720 3109 inimicos,
738 3034 855 3116 quibus
875 3042 904 3096 et
926 3033 1095 3098 benefacit.
1112 3034 1191 3097 Lon·
1208 3035 1230 3099 (l
1286 3036 1331 3096 Ei
1344 3044 1465 3106 nutem,
1481 3033 1605 3098 scilicet
1619 3035 1682 3098 Deo
1697 3035 1913 3119 omnipotenti,
1927 3037 1971 3114 qni
2058 3025 2059 3048 ¹

443 3134 555 3215 gitudo
573 3134 643 3214 ejus
662 3141 720 3209 est,
737 3134 822 3215 quod
837 3132 938 3195 tendit
955 3133 987 3195 in
1009 3133 1139 3215 longum
1159 3141 1191 3195 et
1241 3142 1355 3210 potens
1375 3142 1422 3193 est
1442 3135 1554 3194 omnia
1575 3133 1637 3196 sihi
1661 3133 1820 3217 placentia
1842 3153 1877 3198 ac
1895 3132 1970 3196 nobis

444 3234 477 3295 in
500 3233 657 3306 futurum,
675 3238 784 3313 utpote
804 3249 906 3312 usque
927 3230 958 3292 in
982 3230 1132 3293 ultimum
1151 3230 1190 3292 li·
1245 3231 1385 3294 salubria
1394 3234 1505 3308 facere
1516 3234 1825 3308 superabundanter
1834 3253 1921 3313 qnam
1928 3251 1971 3308 pe

443 3351 529 3407 nem,
556 3351 612 3394 seu
636 3331 735 3393 vitam
765 3337 926 3404 aeternam,
952 3347 1011 3392 nec
1034 3329 1191 3411 frangitur
1246 3332 1346 3390 timus
1359 3339 1418 3391 out
1434 3332 1662 3407 intellipimns,
1674 3330 1706 3393 id
1721 3338 1772 3394 est
1786 3331 1969 3414 copiosiuset
2057 3387 2058 3396 ,

443 3439 573 3514 propter
602 3430 743 3492 adversa.
770 3427 850 3490 Hinc
878 3428 1055 3491 secundum
1085 3428 1189 3509 Augu·
1245 3428 1453 3491 excellentius
1477 3447 1573 3511 quam
1597 3446 1687 3492 orare
1710 3436 1766 3492 aut
1786 3429 1969 3513 comprehen-

443 3528 575 3602 stinum‚
602 3526 766 3608 longitudo
795 3533 844 3588 est
873 3526 1098 3609 perseverandi
1122 3526 1190 3588 lon·
1245 3529 1319 3590 dere
1349 3545 1530 3610 possumus,
1557 3532 1735 3590 secundnm
1767 3533 1924 3598 viritatem,
1945 3525 1969 3587 id

443 3628 622 3708 ganimitas.
650 3624 836 3688 Sublimitas
861 3627 1000 3688 caritatis
1024 3631 1082 3700 est,
1104 3626 1190 3708 quod
1245 3634 1293 3688 est
1317 3625 1581 3708 omnipotentiam
1611 3645 1714 3700 suam,
1740 3649 1814 3708 qaue
1836 3636 1970 3704 operatae

443 3726 627 3788 immediate
648 3723 719 3785 unit
736 3742 793 3787 nos
812 3724 886 3786 lleo.
903 3724 1099 3786 Profundum
1114 3741 1190 3788 vero
1246 3727 1283 3786 in
1306 3727 1397 3786 nobis
1421 3733 1457 3786 ut
1481 3743 1575 3788 causa
1603 3725 1709 3808 prima
1730 3745 1769 3788 ac
1793 3723 1967 3808 principalis,
2056 3733 2057 3754 ¹

443 3823 583 3885 caritatis
603 3829 661 3894 est,
678 3821 913 3883 condescensus
934 3822 973 3883 ad
995 3822 1188 3904 proximum,
1245 3822 1402 3904 nobisque
1418 3823 1551 3886 virtutes
1565 3830 1597 3886 et
1611 3823 1746 3904 gratiam
1762 3823 1907 3906 operandi
1924 3821 1968 3882 lar·

441 3922 493 3984 vel
515 3918 746 3984 humiliationis
768 3917 932 3980 inclinatio
952 3938 990 3981 ex
1012 3920 1189 3983 considera·
1244 3921 1340 4003 gitur,
1356 3929 1451 4004 atque
1472 3921 1512 3983 ad
1533 3921 1616 3984 hona
1637 3940 1695 3985 nos
1717 3923 1850 4003 exeitat3
1866 3923 1923 3998 ipsi
1937 3919 1968 3980 sit

440 4019 527 4082 tione
551 4016 746 4081 terribilium
767 4015 963 4098 judiciorum
984 4017 1050 4079 oei.
1067 4052 1107 4062 -
1120 4019 1190 4081 Pos-
1240 4022 1350 4098 plocio
1373 4022 1407 4081 in
1428 4021 1574 4083 Ecclesia
1595 4019 1757 4096 militanti,
1779 4028 1814 4082 ui
1834 4019 1968 4102 glorifice
2055 4053 2056 4078 r

440 4125 516 4180 sunt
530 4134 658 4201 quoque
676 4116 743 4178 haec
759 4115 976 4197 metaphorice
993 4116 1032 4178 ad
1047 4116 1190 4179 divinam
1244 4128 1296 4181 tur
1310 4118 1350 4181 ah
1366 4119 1527 4193 omnihus,
1544 4119 1679 4202 ejusque
1695 4119 1807 4201 gloria,
1818 4117 1967 4189 beatitudo,
2055 4099 2056 4156 3

439 4215 550 4280 reierri
574 4223 719 4278 naturam
738 4233 745 4278 :
763 4221 798 4276 nt
818 4213 951 4277 latitudo
973 4216 1130 4298 pertineat
1150 4217 1188 4279 ad
1204 4221 1229 4283 l)
1245 4217 1364 4294 laetitia,
1376 4216 1576 4294 excellentia,
1592 4218 1743 4281 omnihus
1760 4220 1969 4282 innoteseatat·

439 4315 556 4379 divinae
570 4313 721 4378 honitatis
737 4313 1109 4388 communicabilitatem,
1127 4333 1190 4397 qua
1245 4335 1307 4400 que
1329 4316 1361 4378 in
1385 4316 1509 4379 cunctis
1531 4317 1742 4399 resplendeat,
1759 4328 1789 4379 et
1809 4321 1845 4378 in
1862 4317 1968 4379 Christe

298 4424 425 4480 enonas.
440 4414 492 4476 dat
522 4413 671 4476 omnihus
700 4412 883 4486 aillncnter,
914 4431 973 4475 nec
1003 4413 1124 4495 aliquid
1155 4415 1187 4477 in
1242 4419 1332 4486 Jesn,
1358 4415 1463 4478 idest
1490 4423 1622 4498 propter
1650 4415 1903 4499 beneficiaque
1924 4429 1969 4494 per

441 4512 590 4574 universo
619 4529 733 4594 expers
762 4511 916 4594 relinquit
945 4512 1188 4594 participatione
1244 4514 1405 4578 Christum
1429 4514 1522 4577 nohis
1546 4515 1686 4590 donavit,
1711 4517 1747 4576 in
1770 4535 1876 4576 omnes
1892 4530 1968 4592 pene·
2054 4591 2055 4594 Ἴ

441 4609 646 4691 perfectionis
671 4609 806 4689 divinae3
831 4609 994 4691 longitudo
1018 4628 1094 4673 vero
1118 4629 1188 4692 per·
1245 4615 1399 4684 rationes,
1416 4613 1449 4676 id
1470 4621 1518 4676 est
1539 4632 1597 4696 per
1618 4615 1839 4678 universarum
1861 4628 1967 4696 genera·

292 4719 425 4778 stanna
440 4708 540 4770 tineat
558 4708 597 4769 ad
618 4707 917 4791 aeternitatemque
937 4708 1064 4790 attingit
1083 4729 1101 4771 a
1121 4709 1187 4772 line
1244 4711 1366 4775 tionum
1388 4711 1564 4788 intervalla,
1581 4713 1765 4776 durationes
1784 4722 1815 4776 et
1835 4721 1965 4793 tempera

441 4806 595 4888 usquead
613 4805 724 4880 linem,
741 4806 971 4869 imouniversa
991 4808 1142 4889 praecedit
1157 4817 1189 4871 et
1243 4813 1366 4881 secuti,
1388 4810 1419 4873 id
1443 4819 1492 4875 est
1512 4812 1586 4876 vitae
1610 4813 1778 4896 presentis
1802 4809 1967 4875 contentiva

440 4905 547 4968 omnia
576 4904 731 4986 sequitur,
758 4905 810 4967 vel
834 4906 873 4967 ad
899 4904 1112 4986 longanimem
1137 4925 1188 4968 ex·
1242 4911 1489 4981 seculoremid
1505 4919 1552 4974 est
1569 4911 1763 4975 includentis
1780 4912 1811 4974 in
1826 4905 1967 4974 sesacula

437 5003 669 5086 spectationem
685 5022 748 5085 qua
764 5003 948 5085 iniquorum
965 5005 1187 5087 poenitentiam
1243 5009 1402 5084 universa,
1420 5009 1479 5072 hoc
1502 5016 1550 5072 est
1572 5010 1713 5092 singulas
1738 5011 1847 5074 mundi
1868 5015 1965 5073 autes.

438 5102 656 5185 praestolatum
679 5101 859 5164 sublimitas
881 5110 989 5166 autem
1012 5104 1051 5165 ad
1072 5105 1188 5168 divinae
1242 5108 1414 5182 Postremo,
1431 5108 1607 5172 secundum
1634 5110 1873 5183 Damascenum,
1888 5123 1967 5170 saon

438 5202 612 5284 majestatis
627 5200 851 5264 excellentiam
868 5203 1117 5279 interminatam,
1136 5205 1187 5267 vel
1243 5207 1310 5269 lum
1331 5207 1432 5269 multa
1453 5207 1614 5288 significat
1630 5226 1638 5272 ε
1655 5209 1771 5290 primo,
1788 5205 1968 5286 uniuscujus

436 5301 477 5366 ad
500 5301 682 5366 divinorum
706 5301 936 5386 promissorum
963 5312 1187 5386 supernatura·
1243 5325 1306 5388 que
1334 5307 1380 5370 rei
1409 5307 1508 5371 vitam
1522 5325 1531 5388 ;
1562 5309 1714 5384 secundo,
1742 5317 1868 5393 tempus
1895 5302 1967 5369 mille
