4288 6264
282 1008 366 1053 Ιοωιιι.
375 1021 419 1060 rm,

285 1074 319 1114 30.

298 1203 316 1248 ll
326 1204 376 1249 Cor.
389 1219 419 1257 ur,

286 1270 319 1310 ιἸ.

430 508 470 574 26
744 529 894 577 normias
913 531 933 576 v
953 530 1027 577 rosr
1047 529 1176 577 rascas.
1196 548 1236 560 -
1256 530 1430 579 nnsnnmro
1450 531 1482 578 m
1502 531 1671 578 nrrsronan

429 700 504 764 Jesu
529 699 646 765 Christi
671 700 832 764 credimus
853 701 978 764 salvari.
999 737 1039 747 —
1062 701 1177 774 Tertio,
1193 699 1219 762 Α
1233 708 1343 785 estque
1358 702 1442 765 idem
1458 701 1542 784 quod
1559 701 1659 777 latria,
1671 709 1784 784 utputa
1799 702 1901 765 virtus
1916 702 1980 766 Deo

432 799 508 880 quia
522 817 580 882 per
595 798 666 879 ejus
681 799 901 882 impletionem
916 801 1073 883 eripimur
1086 820 1104 862 a
1120 819 1180 862 ser·
1233 800 1355 863 cultum
1371 820 1407 863 ac
1423 801 1637 864 caerimoniam
1651 801 1816 863 exhibens.
1834 800 1873 862 Et
1886 801 1981 864 habet

432 896 532 959 vitute
553 897 675 980 peccati
695 904 728 958 et
744 897 821 978 jugo
839 897 967 962 diaboli.
990 900 1032 962 De
1056 918 1119 981 qua
1144 899 1180 960 li·
1233 899 1346 980 religio
1365 900 1509 982 duplices
1527 906 1628 974 actus,
1645 898 1795 962 videlicet
1812 917 1819 963 :
1837 901 1981 983 proprios

433 994 553 1058 bertate
568 994 613 1057 ait
624 995 826 1058 Salvator:Si
837 996 936 1059 llilius
948 1015 1005 1060 vos
1021 996 1179 1072 liberavit,
1235 1016 1314 1079 quos
1338 998 1436 1072 elicit,
1462 1007 1497 1060 ut
1521 1006 1596 1060 sunt
1620 999 1761 1074 adorare,
1787 998 1980 1072 sacrificare,

433 1112 507 1156 vere
524 1092 617 1156 liberi
632 1093 718 1155 estis.
736 1094 808 1157 llaec
828 1102 876 1156 est
891 1095 1068 1176 spiritualis
1088 1095 1181 1157 liber·
1235 1115 1366 1176 vovere3
1379 1104 1410 1158 et
1425 1096 1630 1158 secundarios
1645 1113 1725 1177 quos
1740 1114 1804 1159 non
1819 1095 1918 1171 elicit,
1928 1098 1982 1159 sed

432 1199 480 1255 tas
504 1192 543 1254 de
567 1211 630 1273 qua
654 1191 767 1254 asserit
790 1192 905 1255 Paulus
932 1210 939 1254 :
965 1193 1023 1256 Ubi
1049 1193 1181 1275 spiritus
1235 1195 1382 1276 imperat,
1403 1195 1458 1277 qui
1482 1195 1698 1276 procedunto
1720 1194 1983 1276 virtutibusqui-

432 1289 570 1364 Domini,
588 1289 633 1350 ibi
649 1289 788 1352 libertas.
801 1294 895 1352 —Itt
907 1294 1128 1367 permanserit
1145 1293 1179 1350 ia
1235 1293 1295 1355 bus
1312 1292 1423 1374 religio
1437 1301 1588 1374 tanquam
1604 1291 1813 1374 principalior
1828 1292 1981 1375 praecipit.

431 1409 481 1459 ea,
495 1387 728 1469 perseverando
744 1388 776 1449 in
792 1386 885 1451 bonis
902 1408 1003 1470 usque
1020 1388 1052 1449 in
1067 1387 1179 1462 finem,
1235 1391 1279 1452 De
1294 1389 1412 1472 quibus
1431 1391 1555 1452 actibus
1575 1389 1734 1465 subditur,
1750 1390 1873 1472 Religio
1893 1411 1984 1454 mun-

431 1506 497 1546 aon
514 1487 650 1546 auditor
669 1487 843 1547 obliviosus
862 1491 983 1564 lactea,
999 1489 1055 1546 scd
1073 1488 1182 1562 sector
1235 1489 1274 1551 da
1290 1497 1321 1551 et
1335 1488 1549 1562 immaculata,
1566 1496 1625 1550 etc.

431 1585 539 1660 operis
554 1584 639 1666 quod
655 1583 705 1645 lex
720 1585 903 1665 evangelica
918 1584 991 1647 fieri
1005 1585 1096 1666 jubet
1109 1602 1116 1645 :
1129 1587 1182 1644 bic
1279 1587 1428 1649 Albertns
1457 1605 1584 1669 quoque
1613 1587 1666 1649 bic
1695 1587 1739 1651 ait
1768 1607 1776 1651 ε
1808 1587 1984 1670 Religiosus

432 1685 543 1742 beatus
569 1683 605 1742 in
628 1683 715 1758 sacto
739 1703 797 1742 suo
820 1685 897 1753 crit,
923 1683 954 1745 id
983 1692 1041 1757 est,
1068 1683 1182 1745 merito
1236 1686 1320 1748 idem
1341 1685 1485 1765 designat
1504 1686 1588 1766 quod
1612 1686 1771 1766 religatus.
1791 1686 1851 1749 sed
1874 1687 1984 1766 religa-

431 1781 538 1862 operis
554 1781 603 1842 sui
619 1788 651 1842 et
665 1780 854 1843 obedientiae
869 1781 1099 1844 beatitudinem
1113 1800 1181 1844 con·
1235 1784 1279 1846 tio
1304 1784 1363 1846 ista
1388 1791 1491 1865 potest
1515 1785 1636 1846 attendi
1659 1804 1666 1848 :
1689 1783 1804 1858 Primo,
1828 1793 1982 1866 quantum

432 1886 603 1961 sequetur3
626 1886 657 1941 et
677 1878 742 1959 jam
766 1878 876 1941 beatus
897 1888 945 1941 est
967 1880 1000 1942 in
1019 1880 1133 1942 merito
1149 1888 1180 1941 et
1198 1879 1273 1944 Bad
1289 1882 1522 1943 observantiam
1538 1882 1753 1945 mandatorum
1768 1882 1986 1946 articulorum·

432 1996 500 2059 spe,
523 1986 632 2059 postea
655 1977 716 2039 erit
739 1977 851 2039 beatus
873 1978 905 2040 in
926 1978 1058 2060 praemio
1079 1987 1111 2040 et
1134 1997 1177 2040 re.
1236 1997 1298 2060 que
1318 1979 1395 2041 fidei
1413 1996 1420 2041 :
1437 1987 1469 2041 et
1488 1980 1534 2041 sic
1554 1997 1665 2042 omnes
1682 1980 1853 2042 Christiani
1873 1980 1983 2044 dicun·

299 2103 328 2132 oa
362 2074 554 2142 .ru‚ldcirco
579 2075 723 2139 Christus
748 2082 880 2138 testatur
907 2093 913 2137 :
940 2076 972 2138 Si
992 2076 1059 2139 baec
1079 2077 1179 2150 scitis,
1235 2084 1287 2138 tur
1309 2077 1459 2158 religiosi.
1481 2078 1568 2140 Unde
1592 2078 1817 2141 Constantinus
1841 2079 1983 2160 Magnus,

313 2183 319 2196 ’
432 2172 515 2234 beati
534 2172 623 2234 eritis
642 2173 669 2234 si
691 2172 831 2235 feceritis
852 2192 898 2235 ea.
1235 2176 1429 2237 Theodosius
1460 2183 1491 2237 et
1523 2177 1652 2238 Carolus
1685 2196 1739 2238 ren
1771 2177 1874 2240 vocati
1909 2188 1983 2240 sunt

472 2269 617 2352 Denique
641 2288 704 2333 non
730 2270 854 2334 sufficit
877 2273 972 2334 corde
996 2273 1125 2334 credere
1150 2281 1182 2334 et
1236 2273 1479 2354 religiosissimi,
1496 2273 1527 2336 id
1544 2283 1591 2336 est
1607 2274 1867 2338 christianissimi
1884 2295 1921 2338 ac
1936 2277 1985 2339 de-

431 2367 515 2431 fucto
537 2387 657 2450 parere,
679 2370 734 2431 sed
756 2377 880 2449 oportet
902 2377 934 2432 et
956 2371 1096 2451 linguam
1121 2370 1181 2432 fre·
1235 2371 1392 2433 votissimi
1416 2371 1632 2453 imperatores.
1650 2373 1797 2436 Secundo
1819 2381 1984 2454 potestat

430 2485 516 2529 nare.
534 2467 608 2530 ldeo
627 2465 775 2528 subditur
792 2484 799 2528 :
815 2470 856 2529 St
870 2470 944 2546 quis
958 2478 1067 2528 autem
1082 2478 1180 2544 putat
1234 2469 1322 2532 tendi
1347 2476 1502 2552 quantum
1527 2471 1565 2532 ad
1589 2469 1825 2533 observantiam
1850 2489 1983 2554 evange·

431 2586 463 2624 se
486 2566 677 2642 reltpioscm
697 2585 774 2635 esse,
795 2565 827 2627 id
849 2573 897 2628 est
919 2566 974 2628 oei
997 2565 1179 2629 ministrum
1235 2567 1369 2630 licorum
1400 2567 1605 2630 consiliorum
1633 2587 1640 2630 :
1666 2576 1699 2630 et
1727 2569 1770 2630 ita
1799 2569 1983 2633 claustrales

430 2671 462 2725 et
486 2662 556 2743 ejus
582 2661 683 2724 cultui
709 2663 864 2736 deditum,
888 2671 1001 2744 utputa
1026 2665 1180 2726 veraciter
1233 2667 1288 2748 qui
1305 2685 1338 2728 se
1354 2665 1471 2727 divinis
1491 2685 1548 2748 per
1563 2666 1728 2729 solennem
1746 2667 1984 2731 adstrinxerunt

430 2759 654 2834 christianum,
671 2780 736 2822 aon
759 2763 934 2838 refrenans
954 2763 1104 2838 linquam
1127 2782 1179 2821 su·
1233 2764 1464 2846 professionem
1479 2765 1653 2846 obsequiis,
1669 2766 1920 2829 antonomastice
1935 2786 1981 2829 re·

429 2879 484 2920 om
503 2877 521 2920 a
542 2857 648 2920 verbis
670 2859 844 2933 mendosis,
860 2859 1010 2940 perjuris,
1026 2860 1178 2922 detracto·
1234 2863 1336 2942 ligiosi
1369 2869 1533 2935 vocantur,
1565 2863 1655 2944 quasi
1691 2863 1808 2925 divinis
1842 2865 1982 2928 totaliter

430 2957 497 3030 riis,
515 2956 703 3039 pungitivis,
720 2976 777 3021 seu
795 2958 873 3020 alias
892 2965 1001 3021 contra
1018 2958 1179 3021 caritatem
1233 2959 1415 3042 mancipati.
1433 2960 1480 3022 Ad
1495 2977 1575 3042 quos
1593 2961 1688 3022 etiam
1710 2961 1892 3043 specialiter
1911 2981 1982 3045 per-

429 3056 497 3118 sive
513 3055 671 3137 justitiam
697 3056 935 3129 exsistentibus,
952 3061 1008 3116 sed
1026 3059 1215 3124 seduceasc
1232 3058 1312 3120 tinet
1328 3057 1498 3121 refrenatio
1519 3058 1644 3139 linguan,
1662 3059 1737 3140 quia
1755 3060 1793 3121 ad
1811 3058 1981 3123 observan-

427 3175 484 3215 cor
506 3175 613 3225 suum,
639 3154 743 3216 idest
773 3155 902 3237 propria
932 3154 1121 3236 loquacitate
1147 3162 1179 3217 et
1232 3156 1309 3219 tiam
1339 3155 1520 3236 obligantur
1547 3157 1666 3218 silentii
1693 3175 1699 3218 :
1727 3155 1810 3238 quod
1836 3157 1863 3220 si
1887 3157 1982 3220 facile

429 3253 524 3335 eulpa
556 3261 695 3316 mentem
729 3272 819 3315 suam
850 3271 1012 3316 excaecans
1044 3259 1076 3314 ct
1107 3253 1177 3315 luce
1232 3253 1384 3336 frangunt
1406 3262 1438 3316 et
1463 3254 1610 3336 loquaces
1635 3255 1824 3330 consistunt,
1845 3275 1927 3318 vana
1950 3265 1983 3318 et

427 3351 536 3433 gratiae
555 3352 695 3432 privans,
719 3351 761 3412 ita
783 3349 867 3432 quod
890 3371 927 3412 ea
948 3371 1019 3432 quae
1040 3350 1177 3433 propriae
1232 3353 1730 3433 vituperandaccnsetureorum
1747 3353 1870 3434 religio,
1887 3354 1982 3417 idest

428 3449 540 3512 salutis
556 3456 642 3522 sunt,
655 3448 832 3510 efficaciter
847 3467 911 3510 non
926 3449 1106 3530 perpendit,
1119 3452 1178 3509 bc·
1233 3450 1389 3533 professio
1411 3469 1474 3532 qua
1495 3450 1644 3513 Ordinem
1665 3471 1759 3513 suum
1781 3470 1907 3514 servare
1928 3471 1981 3516 vo-

421 3550 483 3626 jue
497 3566 583 3606 occe
602 3555 647 3606 est
664 3548 791 3623 retipio,
808 3547 840 3608 id
860 3554 919 3620 est,
937 3546 1018 3608 fides
1038 3566 1094 3609 seu
1115 3547 1175 3620 lex,
1233 3556 1358 3622 verunt,
1380 3567 1439 3611 neo
1463 3569 1528 3612 suae
1552 3549 1752 3611 satisfaciunt
1776 3550 1980 3631 professioni,

429 3645 497 3707 sive
513 3644 759 3708 Christianitatis
779 3664 844 3707 suae
865 3643 1030 3725 professio,
1048 3653 1094 3706 est
1112 3645 1177 3707 ina·
1233 3647 1433 3729 proficiendo
1457 3647 1600 3727 quotidie
1624 3648 1707 3709 sicut
1732 3647 1908 3711 monastica
1934 3669 1981 3712 re-

429 3743 480 3806 nis
498 3760 504 3804 :
522 3760 584 3804 non
602 3743 687 3823 quod
707 3742 757 3804 lex
776 3750 831 3803 aut
845 3741 928 3804 fides
948 3743 980 3803 in
1000 3761 1034 3804 se
1050 3741 1119 3824 ipsa
1137 3742 1179 3804 sit
1232 3745 1331 3827 quirit
1347 3745 1510 3826 professio.
1527 3780 1567 3788 —
1582 3746 1669 3808 Unde
1684 3744 1768 3826 quod
1783 3745 1905 3808 dictum
1922 3754 1981 3822 est,

428 3859 521 3916 vana,
538 3840 593 3902 sed
616 3839 767 3922 quoniam
790 3840 820 3902 ei
843 3856 906 3902 non
929 3848 1116 3921 cooperatur
1139 3841 1178 3902 ad
1234 3843 1297 3905 «Si
1319 3843 1391 3924 quis
1407 3849 1497 3924 putat
1514 3861 1547 3904 se
1570 3842 1753 3923 religiosum
1773 3862 1843 3905 esse
1859 3866 1888 3918 n,
1907 3853 1981 3919 etc,

429 3939 576 4012 salutem,
594 3957 653 4000 nec
673 3939 712 4000 ad
732 3938 883 4000 ultimum
900 3937 1000 4000 finem
1021 3939 1176 4021 perducit,
1232 3941 1278 4004 sic
1298 3949 1402 4022 potest
1425 3942 1628 4023 appropriate
1653 3941 1769 4023 exponi
1792 3959 1799 4002 ε
1822 3964 1838 4001 c
1858 3942 1983 4022 religio-

429 4037 513 4100 sicut
527 4044 559 4099 ct
575 4035 734 4098 medicina
753 4036 855 4098 fertur
875 4036 990 4110 inanis,
1008 4055 1078 4118 quae
1096 4037 1178 4099 sani·
1233 4059 1302 4102 sum
1319 4061 1348 4113 a,
1368 4039 1399 4101 id
1420 4047 1468 4101 est
1491 4039 1589 4102 latriae
1608 4038 1732 4101 actibus
1753 4039 1908 4114 deditum,
1925 4060 1981 4102 seu

430 4143 526 4198 tatem
548 4153 612 4198 non
634 4135 766 4197 confert.
1232 4137 1341 4200 divino
1364 4137 1519 4219 obsequio
1544 4139 1773 4220 mancipatum,
1795 4146 1849 4200 aut
1874 4157 1982 4202 mona-

469 4235 621 4297 Praeterea
645 4233 887 4306 advertendum,
908 4231 984 4315 quia
1008 4241 1044 4295 ut
1068 4233 1180 4296 scribit
1193 4232 1219 4295 D
1233 4236 1345 4298 sticam
1366 4235 1463 4297 vitam
1484 4236 1676 4318 professum,
1700 4257 1717 4294 u
1733 4254 1795 4298 non
1816 4235 1982 4300 refrenans

429 4332 564 4394 Thomas
590 4333 622 4394 in
648 4331 787 4394 secunda
817 4332 976 4406 secundae,
1003 4333 1178 4414 questione
1233 4334 1375 4415 linguam
1392 4353 1492 4408 suam,
1506 4334 1603 4414 hujus
1618 4353 1698 4396 vana
1714 4341 1761 4396 est
1776 4333 1888 4415 religio
1903 4357 1932 4408 a,
1950 4335 1983 4397 id

428 4431 622 4511 octogesima
643 4430 757 4512 prima,
778 4429 899 4512 Religio
923 4431 1040 4492 dicitur
1061 4449 1079 4492 a
1102 4430 1181 4492 rele—
1233 4441 1290 4506 est,
1312 4433 1463 4494 virtutem
1489 4432 1587 4494 latriae
1611 4432 1791 4494 nonhabet
1815 4433 1981 4506 veraciter,

428 4529 545 4611 gendo,
562 4528 714 4610 quoniam
731 4546 767 4590 ea
783 4548 853 4610 quae
869 4529 907 4591 ad
923 4529 1068 4591 divinum
1086 4530 1180 4611 pcrti-
1232 4531 1284 4594 rel
1299 4549 1362 4593 non
1378 4529 1474 4592 habet
1489 4549 1558 4592 eam
1575 4531 1754 4603 formatam,
1767 4532 1826 4594 hoc
1843 4539 1891 4594 est
1906 4532 1984 4593 cari-

430 4635 508 4692 nent
523 4628 657 4701 cultum,
676 4627 860 4708 frequenter
875 4637 950 4690 sunt
966 4629 1133 4710 relegenda
1148 4636 1180 4691 et
1232 4637 1296 4692 tate
1315 4637 1347 4691 ct
1363 4629 1487 4690 actibus
1505 4628 1596 4690 bonis
1616 4637 1758 4691 ornatam
1781 4649 1787 4694 :
1811 4631 1881 4692 ideo
1903 4649 1984 4693 vana

429 4727 538 4790 animo
553 4725 754 4789 revolvenda.
772 4726 827 4788 Uel
844 4727 961 4789 dicitur
977 4727 1088 4808 religio
1103 4748 1121 4790 a
1137 4749 1181 4790 re·
1234 4735 1282 4790 cst
1302 4728 1343 4800 ei,
1361 4728 1392 4789 id
1414 4733 1471 4800 est,
1487 4726 1606 4788 frustra
1625 4746 1696 4788 eam
1718 4727 1856 4790 sortitur.

430 4825 588 4908 eligendo,
605 4823 757 4907 quoniam
779 4825 879 4887 Deum
900 4843 996 4906 quem
1019 4827 1179 4907 peccando
1274 4826 1428 4907 Deinceps
1445 4825 1579 4888 ostendit
1592 4825 1752 4906 apostolus
1765 4825 1899 4889 lacobus
1914 4846 1983 4908 quae

432 4924 633 5006 reliquimus
646 4943 702 5005 per
717 4943 786 4986 eam
804 4923 987 5005 rceligimus
1003 4923 1111 5001 nobis;
1128 4925 1179 4987 vel
1234 4943 1330 5007 opera
1348 4925 1386 4986 ad
1411 4924 1594 5005 religiosum
1617 4925 1806 5006 pertineant,
1824 4924 1984 5006 loquendo

432 5044 450 5086 a
473 5021 647 5103 religando,
669 5021 743 5102 quia
768 5041 825 5105 per
850 5023 1037 5104 religionem
1063 5023 1102 5084 ab
1128 5042 1180 5085 ex·
1234 5025 1273 5086 de
1289 5023 1442 5104 religione
1459 5029 1587 5085 extense
1606 5041 1661 5084 seu
1680 5022 1784 5104 primo
1802 5024 1906 5086 modo.
1922 5027 1986 5086 Ite-

433 5120 604 5186 terioribus
621 5118 716 5182 rebus
733 5139 789 5183 nos
806 5121 979 5202 religamus
996 5139 1053 5183 seu
1070 5141 1180 5202 seque·
1235 5123 1314 5198 lipia
1335 5123 1471 5191 moade,
1493 5120 1524 5182 id
1549 5127 1596 5182 est
1618 5119 1742 5182 sincera
1765 5129 1920 5203 quantum
1943 5121 1983 5183 ad

433 5228 583 5290 stramus,
595 5225 689 5299 atque
705 5217 814 5281 divino
829 5217 930 5280 cultui
947 5218 1178 5300 mancipamus
1235 5226 1354 5281 rectam
1377 5219 1597 5292 intentionem,
1614 5229 1644 5278 et
1666 5221 1877 5279 immaculata
1896 5222 1986 5295 apud

436 5318 551 5400 Sicque
566 5314 677 5397 religio
693 5317 817 5380 ordinat
832 5317 996 5380 bominem
1012 5317 1051 5378 ad
1067 5317 1179 5392 Deum,
1236 5321 1341 5380 Deum
1361 5326 1390 5376 et
1406 5320 1555 5386 Putrem,
1573 5317 1604 5378 id
1624 5324 1673 5379 cst
1694 5317 1724 5378 in
1745 5317 1948 5380 exsecutione
1966 5335 1984 5378 a
