4288 6264
410 511 429 578 6
805 531 953 580 nommcx
974 533 1005 579 rv
1026 533 1098 580 rosr
1119 530 1248 578 rascnn.
1269 547 1309 558 -
1330 528 1428 576 sunuo
1449 528 1559 576 ramos

410 701 519 783 lingua
543 702 688 785 protinus
713 702 832 786 pandit.
853 703 942 785 Hugo
966 720 1093 785 quoque
1117 703 1156 764 de
1171 699 1194 763 Α
1211 709 1275 763 tem
1297 701 1469 783 pensando,
1487 699 1622 782 seipsos
1641 717 1698 782 pro
1715 719 1773 762 sua
1791 699 1955 764 iracundia

411 801 440 864 S.
450 800 574 862 Victore
584 820 591 864 :
601 802 706 864 Vanus
716 802 849 884 (inquit)
858 820 973 875 sermo,
982 820 1069 864 vanae
1084 819 1156 863 con-

410 899 551 962 scientiae
571 900 666 962 iudex
687 907 743 962 est.
765 901 865 964 hlores
889 900 1028 963 hominis
1048 900 1156 984 lingua

410 997 526 1079 prodit,
552 1005 583 1059 et
606 998 709 1080 qualis
738 1017 842 1062 sermo
871 999 1058 1073 ostenditur,
1084 998 1155 1059 talis

261 1107 395 1160 Martum,
409 1095 535 1158 animus
555 1097 790 1178 comprobatur,
808 1087 883 1180 quia
904 1118 943 1161 ex
961 1097 1155 1159 abundantia

263 1173 297 1215 ³⁴·
410 1195 514 1257 cordis
530 1213 565 1258 os
583 1195 734 1277 loquitur.
748 1234 785 1244 -
802 1196 883 1260 Eece
898 1216 994 1279 quam
1015 1214 1156 1258 necessa-

409 1293 455 1355 ria
470 1301 518 1355 est
534 1294 704 1357 refrenatio
720 1295 845 1377 linguae.
860 1297 990 1377 Propter
1004 1295 1088 1376 quod
1104 1294 1155 1356 Sa·

269 1401 394 1456 ratam,
410 1390 516 1454 lomon
532 1392 662 1454 asserit:
674 1392 762 1456 Siout
777 1393 853 1455 urbs
866 1400 976 1475 patens
993 1401 1024 1454 et
1035 1391 1155 1474 absque

410 1507 574 1552 murorum
590 1490 722 1564 ambitu,
737 1491 780 1553 ita
794 1491 888 1553 homo
904 1491 959 1572 qui
975 1508 1038 1552 non
1054 1497 1157 1572 potest

408 1589 441 1650 in
464 1589 623 1670 loquendo
645 1589 792 1652 cohibere
814 1590 962 1672 spiritum
984 1609 1089 1651 suum.

446 1686 605 1768 Amplius²
626 1686 717 1768 juxta
741 1687 918 1750 doctrinam
940 1687 1093 1769 Apostoli,
1115 1687 1155 1748 si-

409 1803 479 1846 mus
495 1785 576 1847 tardi
592 1785 631 1846 ad
649 1784 740 1859 iram,
758 1804 828 1866 quas
844 1793 892 1847 est
907 1785 994 1847 velut
1010 1785 1154 1866 quaedem

1211 799 1402 880 castigando.
1428 798 1653 861 Verumtamen
1684 798 1729 861 ira
1757 818 1815 881 per
1840 801 1955 875 zelum,

1211 917 1281 978 quae
1301 917 1340 959 ex
1362 915 1469 959 amore
1487 897 1619 977 justitiae
1640 904 1753 979 sponte
1771 899 1955 971 assumitur,

1211 1003 1247 1056 ut
1261 1014 1341 1078 opus
1356 996 1483 1058 virtutis
1498 995 1659 1058 robustius
1675 996 1958 1072 exerceatur,bona

1212 1101 1368 1156 censetur.

1251 1193 1421 1266 Postremo,
1438 1193 1614 1254 secundum
1630 1193 1804 1255 doctrinam
1821 1193 1956 1276 apostoli

1209 1290 1327 1364 Jacobi,
1353 1291 1541 1372 abjiciamus
1566 1309 1694 1354 omnem
1718 1292 1956 1356 immunditiam

1211 1389 1386 1452 carnalium
1408 1389 1570 1463 vitiorum,
1587 1407 1780 1472 omnemque
1801 1391 1955 1454 malitiam

1210 1486 1424 1568 spiritualium
1445 1485 1664 1569 peccatorum3
1681 1507 1754 1550 cum
1775 1497 1955 1552 mansuetu-

1210 1586 1284 1648 dine
1308 1594 1341 1647 et
1364 1586 1592 1667 tranquillitate
1622 1587 1835 1669 suscipiamus
1859 1587 1956 1650 verba

1209 1683 1319 1745 salutis
1335 1702 1352 1744 a
1368 1683 1527 1763 magistris
1543 1690 1575 1744 et
1589 1684 1807 1766 superioribus
1827 1685 1953 1748 nostris.

1210 1781 1374 1862 Siquidem
1399 1781 1437 1842 ad
1463 1781 1658 1843 fructuosam
1679 1802 1716 1844 ac
1738 1783 1865 1864 dignam
1889 1803 1956 1846 sus·

407 1883 531 1944 insania
562 1882 690 1956 mentis,
721 1890 752 1944 et
781 1883 936 1944 rationem
965 1901 984 1943 a
1013 1881 1154 1944 veritatis
1171 1878 1192 1939 B
1210 1882 1389 1962 ceptionem
1412 1901 1467 1944 seu
1492 1882 1688 1943 audientiam
1710 1880 1800 1942 verbi
1822 1881 1876 1944 Dei
1900 1900 1955 1943 sex

406 1980 659 2042 consideratione
674 1981 847 2042 enormiter
863 1981 1004 2063 impedit.
1017 1981 1155 2062 Propter-

278 2097 377 2150 rocvc.
405 2096 443 2140 ea
467 2079 500 2139 in
523 2077 581 2140 Job
605 2079 757 2140 asseritur
781 2095 787 2138 :
813 2079 923 2140 Virum
949 2078 1081 2140 stultum
1109 2079 1154 2139 in-

404 2174 524 2238 terlicit
549 2174 721 2237 iracundia.
746 2176 784 2236 Et
808 2175 954 2237 Salomon
981 2174 1150 2256 loquitur:

271 2293 389 2345 arom,
404 2272 462 2347 Oui
480 2273 650 2354 impatiens
666 2281 724 2347 est,
737 2281 886 2355 operatur
902 2281 933 2336 et
948 2274 1064 2335 exaltat
1079 2273 1153 2334 stul-

257 2359 291 2398 ’θ’
404 2371 508 2432 titiam
524 2390 624 2432 suam.
643 2371 720 2444 hnc,
738 2390 833 2453 quam
851 2371 978 2432 vitanda
993 2379 1025 2432 ct
1039 2371 1152 2433 vitiosa

403 2469 445 2530 sit
465 2469 521 2543 ira,
539 2470 631 2531 docet
646 2468 826 2550 Gregorius,
844 2469 952 2531 dicens
971 2469 1051 2532 :Per
1071 2470 1151 2530 iram

401 2563 526 2645 justitia
558 2563 760 2645 relinquitur,
782 2564 892 2644 -gratia
922 2564 994 2626 vitre
1024 2564 1150 2626 socialis

402 2662 570 2736 amittitur,
588 2662 799 2724 mansuetudo
821 2662 975 2743 perditur,
994 2663 1046 2724 lux
1070 2664 1150 2725 veri-

402 2760 476 2822 tatis
501 2761 671 2822 excutitur.
695 2759 733 2820 Et
758 2761 873 2821 iterum
899 2760 970 2822 ait:
992 2761 1148 2822 Periram

402 2858 553 2940 splendor
582 2857 719 2939 Spiritus
749 2858 854 2920 Sancti
886 2859 1067 2939 expellitur,
1094 2860 1148 2941 qui

254 2967 499 3038 crnumsuper
528 2956 685 3018 humilem
715 2964 747 3018 et
774 2956 919 3037 quietum
950 2957 1149 3038 requiescere

1209 1979 1417 2060 requiruntur
1445 1987 1501 2040 aut
1530 1979 1709 2052 conserunt,
1734 1999 1804 2060 quae
1833 1979 1866 2040 in
1896 1980 1955 2040 ista

1207 2085 1381 2156 tanguntur
1403 2077 1546 2158 epistola.
1568 2077 1707 2139 Primum
1734 2085 1782 2138 cst
1804 2077 1953 2140 velocitas

1206 2175 1355 2237 audiendi
1374 2193 1381 2236 ε
1399 2176 1483 2236 unde
1505 2175 1537 2235 in
1560 2175 1781 2237 Ecclesiastico
1805 2169 1950 2249 habetur,

1207 2269 1277 2341 Fili,
1294 2289 1311 2330 a
1325 2269 1493 2348 juventute
1513 2277 1566 2330 tua
1585 2269 1696 2351 excipe
1716 2270 1904 2344 doctrinam,
1920 2279 1951 2333 et
1965 2289 2102 2337 acclama.

1207 2366 1367 2448 usquead
1390 2385 1484 2429 canos
1511 2367 1654 2430 invenies
1679 2367 1878 2449 sapientiam.
1901 2368 1952 2430 Se·

1207 2465 1347 2526 cundum
1377 2473 1424 2526 est
1447 2464 1656 2538 taciturnitas,
1683 2465 1758 2546 quia
1781 2465 1951 2528 verborum

1205 2563 1362 2624 tumultus
1379 2562 1513 2644 impedit
1528 2563 1825 2636 considerationem,
1843 2572 1874 2625 et
1888 2563 1953 2625 ani·

1206 2680 1257 2722 ma
1282 2660 1475 2742 quiescendo
1501 2661 1539 2722 lit
1563 2660 1713 2742 prudeus.
1740 2661 1880 2722 Tertium
1905 2670 1953 2723 est

1206 2759 1427 2832 mansuetudo,
1444 2759 1594 2839 quoniam
1618 2759 1663 2820 ira
1683 2759 1789 2821 obruit
1809 2759 1951 2823 animum

1204 2876 1245 2919 ne
1278 2857 1379 2938 possit
1411 2875 1540 2918 cernere
1570 2876 1691 2918 verum.
1723 2857 1874 2930 Quartum
1905 2867 1954 2920 est

1206 2955 1363 3017 munditia
1385 2974 1402 3016 a
1425 2955 1605 3017 carnalibus
1628 2956 1725 3030 vitiis,
1746 2957 1896 3038 quoniam
1918 2957 1951 3020 in
1966 2977 2022 3034 sap.
2036 2994 2050 3028 ι,
2065 2982 2086 3022 a.

254 3033 388 3084 ¹¹²⁵²'¹¹·¹⁵'
402 3053 529 3128 dicitur,
547 3053 622 3136 quia
637 3054 714 3114 dum
735 3053 780 3115 ira
796 3054 937 3135 quietem
958 3055 1057 3116 menti
1078 3054 1185 3122 sub-G
1205 3053 1394 3115 malevolam
1417 3053 1556 3115 animam
1579 3071 1642 3115 non
1665 3054 1809 3117 introibit
1828 3055 1951 3137 sapien·

401 3153 507 3226 trahit,
524 3172 614 3214 suam
635 3151 767 3234 Spiritui
786 3153 901 3214 Sancto
921 3153 1148 3215 habitationem

400 3251 536 3331 claudit3
553 3271 610 3333 per
630 3251 709 3312 iram
728 3269 855 3332 quoque
872 3251 1027 3332 sapientia
1047 3252 1151 3333 perdi-

401 3357 463 3423 tur,
482 3350 619 3430 utquid,
637 3367 740 3431 quove
756 3349 867 3411 ordine
884 3349 1078 3431 loquendum
1095 3357 1150 3411 aut

400 3447 559 3529 agendum
587 3447 639 3521 sit,
665 3447 836 3509 nesciatur.
863 3447 1006 3529 Denique
1032 3449 1078 3509 ira
1102 3458 1151 3510 est

401 3563 500 3606 unum
516 3545 555 3606 de
570 3551 692 3625 septem
710 3545 847 3625 peccatis
864 3545 1051 3607 mortalibus
1062 3564 1068 3607 :
1079 3546 1149 3609 ideo

401 3641 554 3724 pronitas
582 3642 778 3703 consuetudo
803 3661 858 3703 seu
888 3642 1057 3704 assiduitas
1089 3644 1149 3705 ira-

401 3741 510 3802 scendi
531 3748 579 3802 est
594 3740 819 3802 damnabiliter
838 3739 1026 3822 periculosa.
1045 3743 1150 3824 Dupli-

400 3839 480 3901 citer
495 3856 623 3920 quoque
638 3837 676 3898 fit
693 3838 738 3899 ira
754 3838 849 3920 culpa
865 3839 1024 3902 mortalis:
1038 3841 1148 3921 primo,

401 3937 428 4000 si
450 3936 518 4018 ipsa
537 3936 708 3998 commotio
729 3936 770 3997 sit
789 3943 853 3998 tam
876 3936 1082 4000 immoderate
1099 3959 1150 4002 ve-

401 4034 544 4105 hemens,
572 4033 656 4115 quod
682 4032 839 4094 rationem
864 4033 996 4095 omniuo
1022 4043 1151 4116 superat

401 4140 432 4195 et
461 4131 651 4214 exstinguit;
677 4131 828 4204 secundo,
855 4131 881 4192 si
907 4131 1049 4194 vindicta
1079 4153 1150 4214 quaa

1205 3151 1258 3225 tia,
1276 3169 1334 3213 nec
1355 3151 1511 3212 habitabit
1531 3152 1563 3212 in
1584 3170 1715 3233 corpore
1735 3153 1862 3216 subdito
1882 3173 1953 3235 pec-

1205 3249 1295 3311 eatis.
1313 3249 1464 3323 Quintum
1480 3256 1528 3311 est
1543 3250 1665 3331 puritas
1684 3251 1800 3312 mentis
1817 3250 1857 3312 ab
1874 3252 1951 3314 iute-

1204 3347 1344 3410 rioribus
1374 3355 1405 3410 et
1431 3348 1652 3428 spiritualibus
1682 3349 1794 3431 culpis.
1821 3350 1950 3413 Sextum

1205 3453 1253 3508 est
1276 3445 1433 3507 mansueti
1459 3447 1563 3509 cordis
1588 3446 1751 3509 humilitas
1775 3466 1780 3509 :
1804 3448 1951 3530 superbis
1965 3466 2102 3518 lacaena.

1205 3544 1291 3606 enim
1315 3543 1397 3604 [leus
1421 3543 1550 3618 resistit,
1573 3551 1604 3606 et
1626 3545 1782 3626 superbus
1803 3546 1952 3610 informa-

1205 3641 1325 3703 tionem
1356 3642 1544 3714 contemnit,
1572 3661 1670 3723 quum
1701 3644 1742 3704 sit
1764 3663 1897 3726 magnus
1920 3654 1952 3709 θῖ

1206 3739 1332 3821 sapiens
1358 3738 1389 3799 in
1413 3739 1513 3800 oculis
1534 3741 1610 3801 suis.

1246 3837 1326 3898 Eece
1339 3836 1473 3918 epistola
1488 3837 1548 3899 ista
1563 3838 1781 3901 saluberrimis
1796 3841 1889 3922 plena
1905 3851 1952 3905 est

1206 3935 1415 3997 documentis.
1442 3935 1600 4009 Quantum
1626 3955 1701 3999 vero
1726 3938 1789 4000 Deo
1814 3941 1953 4022 compla-

1206 4043 1276 4098 ceat
1297 4034 1433 4114 diligens
1453 4035 1516 4097 oris
1537 4037 1680 4099 custodia
1701 4045 1796 4119 atque
1816 4039 1951 4102 discreta

1206 4132 1336 4194 tarditas
1352 4133 1390 4194 ad
1407 4132 1696 4214 loquendum,hine
1712 4138 1902 4218 patet,quod
1918 4138 1950 4200 in

401 4229 537 4292 infertur
553 4236 608 4291 aut
626 4229 736 4290 inlerri
752 4236 889 4311 optatur,
907 4230 1004 4292 nimis
1020 4233 1149 4294 excedat
1167 4235 1190 4296 D
1207 4232 1344 4312 quodam
1370 4230 1515 4293 coenobio
1536 4240 1602 4294 erat
1622 4234 1754 4296 devotus
1777 4236 1950 4298 monachus

402 4327 520 4389 illatam
551 4327 703 4408 injuriam
732 4346 788 4389 seu
818 4327 975 4389 offensam
1005 4335 1059 4390 aut
1084 4330 1149 4392 cul·

401 4445 485 4509 pam.
502 4426 570 4489 Non
593 4434 699 4488 autem
725 4434 773 4487 est
795 4425 875 4488 ultio
897 4428 1075 4508 appetenda
1096 4436 1149 4489 aut

401 4525 586 4606 infligenda,
603 4525 664 4586 nisi
687 4525 863 4586 seeundum
887 4525 1017 4586 rationis
1040 4544 1150 4586 censu-

400 4642 467 4685 ram
492 4642 528 4685 ac
552 4623 633 4704 juris
658 4624 802 4685 ordinem
827 4643 863 4685 ac
889 4640 1084 4705 processum.
1112 4625 1149 4684 Et

399 4722 483 4784 sicut
498 4721 717 4804 unusquisque
733 4721 827 4784 debet
842 4722 1021 4803 specialiter
1038 4722 1148 4784 luctari

401 4829 510 4883 contra
530 4828 660 4902 peecata
679 4821 717 4881 ad
740 4838 810 4901 quaa
830 4821 959 4902 pronior
974 4829 1022 4883 cst
1037 4841 1075 4883 ex
1097 4841 1149 4882 na-

401 4918 496 4981 turali
521 4917 729 4999 dispositione
757 4925 812 4980 aut
837 4920 1079 4993 consuetudine,
1106 4920 1148 4981 ila

401 5017 457 5098 qui
476 5016 515 5078 ad
537 5015 616 5077 iram
636 5016 795 5098 proclives
815 5025 900 5092 sunt,
918 5019 1000 5080 sicut
1018 5017 1148 5080 choleri-

401 5115 441 5188 ci,
468 5122 578 5177 eontra
601 5133 670 5177 eam
700 5115 861 5197 praecipue
885 5116 1003 5179 dehent
1027 5115 1145 5190 conari,

400 5214 499 5275 Deum
524 5230 583 5294 pro
603 5212 703 5295 gratia
724 5215 978 5276 mansuetudinis
1000 5215 1147 5276 invocan-

400 5311 450 5386 do,
468 5309 584 5374 Christi
607 5311 798 5393 passionem,
815 5311 1012 5393 patientiam,
1031 5312 1145 5374 mitita-

1206 4329 1369 4390 districtus
1395 4328 1580 4392 observator
1610 4331 1740 4406 silentii,
1768 4334 1800 4394 in
1825 4341 1949 4396 tantum

1205 4429 1290 4508 quod
1310 4446 1369 4489 nec
1390 4447 1490 4488 unum
1511 4428 1645 4490 verbum
1664 4431 1763 4492 voluit
1779 4431 1865 4513 loqui
1881 4433 1950 4494 sino

1205 4525 1378 4606 superioris
1396 4526 1444 4587 sui
1467 4526 1603 4588 licentia.
1626 4529 1793 4610 Quumque
1812 4531 1949 4610 quodam

1204 4632 1345 4705 tempore
1362 4624 1523 4706 inopinate
1538 4631 1641 4687 ortum
1658 4626 1770 4689 luisset
1784 4629 1901 4708 grande
1917 4630 1949 4690 in

1204 4722 1350 4785 coenobio
1370 4721 1425 4784 illo
1446 4723 1641 4798 incendium,
1658 4731 1690 4786 θῖ
1709 4725 1791 4807 ignis
1809 4735 1872 4788 tam
1891 4727 1948 4788 im·

1204 4827 1336 4902 petuoso
1356 4821 1551 4902 procederet,
1569 4822 1652 4903 quod
1675 4823 1714 4884 ab
1735 4823 1784 4886 his
1805 4825 1860 4906 qui
1880 4826 1950 4888 ade-

1204 4925 1274 4979 rant
1298 4917 1429 4999 reprimi
1456 4938 1517 4981 uon
1543 4919 1678 4994 valebat,
1705 4921 1811 4984 Frater
1830 4930 1862 4984 et
1886 4941 1950 4985 mo-

1203 5016 1323 5078 nachus
1345 5015 1411 5095 jam
1437 5016 1586 5098 prelatus
1608 5019 1756 5092 accurrit,
1776 5027 1808 5081 et
1829 5039 1862 5082 se
1883 5020 1948 5102 igni

1202 5131 1375 5196 opponens,
1386 5114 1518 5195 protulit
1532 5123 1655 5177 tantum
1672 5116 1739 5180 haec
1755 5118 1817 5180 duo
1834 5117 1945 5180 verba:

1202 5213 1296 5294 lgnis,
1314 5220 1369 5274 sta.
1393 5213 1430 5274 Et
1450 5231 1522 5275 mox
1545 5215 1625 5295 ignis
1642 5215 1748 5277 diviua
1764 5215 1881 5278 virtute
1902 5236 1947 5279 re-

1191 5329 1329 5396 pressus
1345 5310 1442 5385 stetit,
1459 5311 1667 5394 celeriterque
1683 5311 1744 5375 luit
1759 5313 1944 5376 exstinctus.
