4140 6258
476 505 623 554 ooumrcr
643 507 676 553 xr
697 507 770 554 rosr
788 505 982 554 mmmmm.
1002 525 1043 538 -
1063 509 1161 557 annuo
1181 509 1306 558 annuus
1608 493 1667 557 367

120 673 298 738 creationis.
315 674 446 758 Propter
463 675 549 757 quod
568 675 613 738 ait
634 675 812 740 Bernardus
833 677 864 740 in
880 677 905 742 A
920 678 1159 762 vobismetipsis
1188 681 1371 764 prudentes.
1403 680 1559 756 Secundo,
1589 698 1666 762 quo-

120 771 200 835 libro
221 772 260 835 de
283 773 419 836 amando
443 773 543 836 Deum
561 791 568 836 :
585 775 664 849 Quia
684 781 787 838 totum
813 794 864 838 me
920 776 1006 839 niam
1021 777 1113 840 valde
1134 777 1268 861 impedit
1287 778 1452 842 bominem
1473 778 1514 840 ab
1534 778 1666 840 inlusio·

119 868 216 933 debeo
230 871 296 933 lieo
311 888 369 954 pro
384 889 436 933 me
450 870 545 946 lacto,
564 871 594 934 id
615 879 673 946 est,
690 873 766 955 quia
781 891 865 936 crea·
920 893 960 936 ne
988 875 1095 957 gratiae
1125 883 1156 938 et
1183 877 1350 952 virtutum,
1380 876 1557 940 secundum
1587 876 1666 938 illud
1750 935 1752 947 ,

119 967 240 1043 ritmo,
257 968 334 1051 quid
350 969 463 1031 addam
479 986 538 1051 pro
558 988 609 1032 me
628 970 757 1045 relecto,
775 970 866 1033 etita
919 973 1162 1038 Proverhiorum
1186 991 1193 1036 :
1216 975 1329 1038 Vidisti
1353 976 1517 1039 bominem
1542 974 1666 1058 sapien·
1679 996 1813 1051 Praene,

119 1065 247 1141 relecto,
264 1065 297 1128 id
316 1073 365 1130 est
384 1085 441 1149 pro
461 1085 513 1130 mc
532 1087 590 1150 per·
609 1068 724 1132 Christi
748 1069 865 1152 passio
919 1079 984 1134 tem
1007 1071 1069 1134 sibi
1089 1073 1218 1136 viderit
1238 1074 1338 1156 magis
1359 1074 1414 1138 illo
1435 1093 1526 1158 spem
1550 1074 1666 1137 stultus
1681 1062 1714 1104 ¹²·

120 1183 192 1226 nem
215 1165 373 1228 liberatol
919 1169 1059 1232 babebit.
1086 1171 1201 1247 Tertio,
1222 1172 1298 1254 quia
1321 1173 1377 1255 qui
1400 1172 1460 1236 bac
1484 1173 1591 1255 specie
1614 1191 1666 1236 su·

158 1263 284 1338 Quinto,
302 1263 454 1346 quoniam
475 1264 556 1327 bene
575 1266 697 1347 agendo
717 1264 793 1328 lacit
810 1265 863 1328 ho·
920 1267 1038 1350 perbiae
1067 1267 1167 1345 loetet,
1194 1271 1294 1352 magis
1323 1272 1423 1334 credit
1449 1271 1666 1335 adulatoribus

122 1379 172 1424 mo
200 1362 363 1444 propriam
393 1363 576 1438 utilitatem,
601 1381 664 1427 non
694 1364 863 1427 utilitatem
920 1373 952 1428 et
970 1367 1062 1430 vanis
1081 1367 1298 1432 laudatoribus
1318 1369 1425 1452 ipsum
1442 1369 1666 1444 exaltantibus,

23 1481 109 1530 ems.
120 1459 260 1543 aliquam
275 1461 342 1534 Dei,
360 1461 415 1543 qui
430 1460 587 1525 bonorum
605 1471 786 1527 nostrornm
801 1480 864 1526 non
920 1483 1018 1546 quam
1032 1466 1158 1529 veritati
1178 1475 1210 1529 et
1228 1468 1365 1551 propriae
1383 1468 1585 1533 discussioni.
1603 1468 1668 1532 Sic·

18 1593 29 1621 0
52 1591 106 1630 tui,
121 1567 198 1640 eget.
216 1559 296 1621 llinc
312 1559 345 1622 in
364 1560 421 1622 Job
441 1559 577 1624 habetur
594 1579 601 1624 :
618 1561 650 1625 Si
670 1561 864 1644 peccaveris,
920 1582 983 1644 que
999 1563 1144 1627 illuditur
1159 1565 1237 1640 ei,et
1253 1567 1364 1629 multis
1379 1567 1482 1630 modis
1496 1567 1665 1649 decipitur,

3 1644 36 1692 μ’
121 1658 196 1740 quid
218 1657 284 1720 Deo
306 1657 571 1722 nocebislPorro
594 1660 621 1721 si
646 1659 727 1723 bene
750 1660 864 1742 egeris,
921 1661 1051 1724 sicutet
1070 1681 1127 1746 per
1145 1665 1258 1728 lsaiam
1276 1665 1430 1729 Dominus
1450 1673 1664 1749 protestatur:

120 1756 196 1838 quid
216 1755 350 1819 donabis
366 1757 415 1818 eit
430 1756 492 1820 llas
511 1758 589 1821 duas
609 1757 747 1821 rationes
766 1758 867 1840 tangit
919 1759 1039 1843 Popule
1062 1781 1163 1837 meus,
1179 1764 1235 1845 qui
1257 1771 1288 1826 te
1310 1764 1438 1828 beatum
1461 1765 1582 1840 dicunt,
1604 1765 1665 1847 ipsi
1693 1790 1809 1844 reuera.

44 1881 106 1918 ‚mu
120 1853 273 1928 Christus,
299 1854 409 1917 dicens
435 1871 442 1916 :
468 1855 571 1928 Quum
594 1855 734 1918 leceritis
759 1855 904 1918 omniaB
921 1866 952 1921 te
976 1860 1152 1943 decipiunt,
1177 1870 1209 1924 et
1232 1863 1315 1926 viam
1345 1881 1513 1944 gressuum
1536 1872 1666 1927 tuorum

18 1964 22 1974 ·
120 1971 188 2034 que
214 1959 374 2035 precepta
398 1961 472 2015 sunt
496 1952 598 2028 vobis,
624 1953 721 2016 dicite
745 1971 752 2015 :
776 1954 866 2017 Servi
920 1957 1086 2040 dissipant.
1104 1959 1275 2024 Considera
1296 1979 1371 2043 crgo
1392 1970 1423 2025 te
1442 1961 1559 2044 ipsum,
1576 1980 1595 2025 o
1614 1963 1668 2026 tro

120 2050 249 2113 inutiles
265 2068 391 2130 sumus;
408 2051 492 2132 quod
508 2051 678 2114 debuimus
694 2052 809 2126 lacere,
821 2051 866 2114 le·
921 2073 983 2118 mo.
1000 2055 1078 2118 Vide
1097 2076 1138 2119 an
1159 2060 1396 2141 aspernationes
1418 2067 1513 2143 atque
1533 2059 1667 2141 injurias

120 2151 231 2212 cimus.
255 2149 360 2224 Sexto,
376 2148 452 2231 quia
472 2157 504 2212 et
526 2149 639 2212 merita
661 2158 769 2213 nostra
792 2158 867 2212 sunt
920 2153 1028 2216 animo
1050 2155 1182 2236 patienti
1202 2174 1238 2218 ac
1257 2156 1430 2239 tranquillo
1449 2157 1554 2221 valeas
1576 2159 1668 2221 susti·

120 2249 200 2311 dona
215 2248 283 2322 Dei,
295 2255 327 2312 et
341 2267 380 2310 ex
394 2247 493 2330 gratia
508 2247 579 2329 ejus
593 2249 784 2331 dependent.
795 2249 866 2332 Sep
921 2270 1007 2327 nere,
1024 2271 1064 2314 an
1084 2252 1317 2336 increpationes
1337 2262 1496 2337 gratanter
1515 2256 1666 2339 accipias,

119 2348 207 2422 timo,
223 2346 301 2428 quia
320 2364 426 2410 coram
443 2347 506 2410 lleo
525 2346 711 2429 frequenter
724 2356 799 2410 sunt
813 2349 865 2411 de·
920 2368 960 2412 an
984 2350 1016 2412 in
1037 2350 1282 2416 adversitatibus
1306 2352 1429 2416 stabilis
1453 2373 1636 2436 perseveres
1658 2376 1666 2422 :

120 2447 324 2528 meritaque
346 2445 459 2508 merita
483 2465 552 2509 esse
577 2454 736 2528 putamus.
754 2447 814 2511 Sed
834 2455 866 2510 et
921 2449 1031 2530 sicque
1055 2467 1225 2530 agnoscere
1245 2452 1364 2533 poteris
1387 2472 1427 2515 an
1450 2471 1525 2516 vere
1546 2454 1589 2516 sis
1611 2455 1668 2516 bu·

119 2544 444 2628 operanostrabona,
461 2543 649 2626 imperfecta
669 2553 743 2608 sunt
762 2545 862 2609 valde.
921 2547 1017 2609 milis.
1044 2547 1196 2612 Examina
1225 2549 1395 2631 diligenter
1422 2559 1454 2614 te
1483 2551 1601 2636 ipsum,
1627 2573 1667 2617 an

2 2663 105 2717 rouo,
119 2645 196 2707 llinc
212 2644 299 2726 apud
312 2643 370 2706 lob
390 2643 551 2705 inducitur
569 2661 575 2704 :
593 2642 675 2706 Ecce
693 2643 749 2725 qui
769 2644 865 2707 servi·
920 2645 1070 2708 universa
1085 2646 1140 2708 liei
1160 2653 1255 2729 atque
1271 2647 1420 2712 Ecclesia
1435 2659 1594 2734 praecepta
1612 2653 1668 2714 im-

3 2727 20 2767 ⁹·
120 2750 175 2804 unt
190 2742 220 2804 ei
236 2760 301 2805 non
316 2748 391 2804 sunt
405 2740 545 2815 stabiles,
562 2749 594 2803 et
613 2741 646 2803 in
664 2741 784 2824 angelis
799 2743 866 2804 suis
921 2743 1071 2825 pleveris‚
1088 2752 1119 2806 et
1132 2744 1215 2808 ultra
1230 2747 1290 2809 boc
1309 2755 1339 2810 te
1359 2766 1488 2811 servum
1503 2749 1667 2813 arbitreris
1687 2787 1691 2798 ·

119 2841 237 2923 reperit
258 2840 445 2923 pravitatem
469 2857 476 2900 :
498 2847 617 2922 quanto
637 2841 737 2922 magis
756 2842 789 2903 bi
809 2841 864 2923 qui
921 2841 1069 2904 inutilem
1087 2861 1093 2907 :
1110 2850 1142 2905 et
1161 2843 1205 2906 ita
1224 2863 1288 2907 non
1307 2846 1480 2909 aestimabis
1500 2855 1530 2910 te
1550 2848 1667 2912 babere

118 2940 263 3003 habitant
278 2939 378 3001 luteas
393 2939 516 3013 domos,
533 2947 762 3003 consumentur
777 2939 866 3003 velut
920 2938 1003 3002 lacta
1020 2940 1176 3004 virtutum
1199 2942 1316 3024 quibus
1338 2961 1436 3007 cares.
1454 2945 1542 3009 Unde
1560 2947 1590 3010 ei
1610 2948 1667 3030 qui

2 3058 134 3117 eumue
149 3039 258 3101 tinent
273 3038 456 3118 Rursusque
471 3037 625 3119 scriptum
641 3046 708 3100 est:
723 3038 803 3111 Quid
818 3040 901 3105 esttl
922 3038 964 3100 ita
978 3056 1042 3102 non
1058 3038 1132 3120 agit,
1148 3041 1231 3102 [leus
1247 3041 1279 3103 in
1293 3041 1484 3126 Apocalypsi
1500 3044 1641 3126 loquitur
1657 3064 1664 3108 :

2 3132 18 3172 ⁵·
117 3137 211 3201 bomo
227 3143 264 3199 ut
278 3135 500 3198 immaculatus
514 3135 577 3197 sitl
597 3135 678 3198 Ecce
693 3136 776 3198 inter
794 3156 865 3200 san·
921 3136 1017 3212 Dicis,
1034 3138 1110 3219 quia
1131 3138 1220 3200 dives
1242 3158 1313 3202 sum
1336 3148 1368 3202 et
1388 3141 1509 3205 nullius
1531 3162 1618 3225 egeo,
1635 3153 1667 3208 et
1680 3165 1814 3223 specuum.

117 3243 182 3299 ctos
206 3235 266 3299 llei
289 3251 385 3297 nemo
406 3232 627 3309 immutabilis,
651 3241 682 3296 et
704 3234 776 3298 ooeli
801 3253 864 3298 non
920 3237 1024 3298 nescis
1053 3237 1128 3318 quia
1156 3245 1191 3300 tu
1218 3256 1252 3300 es
1280 3239 1378 3302 miser
1406 3249 1438 3304 et
1462 3241 1665 3320 miserabilis,

116 3343 189 3397 sunt
204 3333 320 3396 mundi
334 3333 367 3394 in
383 3339 556 3414 conspectu
571 3333 789 3415 ejustquanto
805 3353 866 3396 ma·
921 3353 1053 3417 pauper,
1071 3353 1174 3398 caecus
1196 3344 1228 3398 et
1248 3337 1362 3400 nudus.

115 3433 161 3514 gis
176 3430 403 3496 abominabilis
419 3437 451 3493 et
464 3430 589 3493 inutilis
602 3431 768 3513 bomo,qui
783 3431 865 3495 bibit
960 3433 1074 3508 Quarta
1096 3434 1255 3516 superbie
1274 3437 1397 3518 species
1418 3446 1477 3513 est,
1495 3440 1571 3504 dum
1593 3443 1666 3525 quis

116 3533 205 3614 quasi
232 3549 349 3613 aquam
373 3529 598 3611 iniquitateml
619 3529 700 3592 Hinc
722 3529 865 3592 beatissi-
920 3533 952 3594 in
968 3533 1177 3596 estimatione
1197 3553 1254 3597 sua
1274 3537 1431 3618 proponit
1445 3557 1479 3600 se
1494 3541 1618 3614 ceteris,
1635 3549 1667 3604 et

2 3646 100 3702 amec.
116 3650 187 3692 mus
212 3629 327 3692 asserit
348 3628 444 3690 isaias
469 3643 476 3688 τ
500 3627 585 3689 Facti
610 3647 721 3691 sumus
746 3636 780 3690 ut
806 3627 864 3690 im·
919 3633 966 3694 eis
985 3631 1144 3714 despectis
1164 3631 1253 3716 cupit
1271 3634 1372 3698 videri
1392 3637 1597 3718 singulariter
1614 3639 1667 3703 ha-

115 3729 257 3791 mundus
281 3745 391 3792 omnes
420 3743 489 3800 nos,
515 3727 606 3809 quasi
631 3745 756 3809 pannus
778 3746 865 3790 men·
919 3730 995 3793 bere
1015 3730 1135 3794 bonum
1157 3732 1242 3813 quod
1262 3732 1366 3795 babet.
1385 3734 1423 3797 m
1442 3736 1527 3798 istud
1547 3744 1595 3800 est
1609 3738 1667 3801 ini-

114 3837 244 3892 struatae
268 3827 425 3891 universe
447 3826 579 3907 justitiae
602 3834 727 3890 nostre.
751 3827 863 3890 Nullus
919 3847 1019 3911 quum
1048 3846 1085 3891 ac
1114 3827 1249 3903 fatuum,
1280 3830 1363 3893 sicut
1392 3841 1577 3914 praetactum
1607 3844 1664 3912 est,

115 3929 246 4010 ergode
263 3927 387 3990 meritis
406 3925 472 3988 suis
488 3932 670 4008 prasumat,
687 3926 863 4008 praesertim
919 3946 1019 4010 quum
1049 3927 1151 3990 simus
1183 3928 1296 3991 incerti
1326 3931 1435 4012 quales
1465 3950 1572 3997 coram
1602 3935 1665 3999 Deo

114 4047 216 4110 quum
233 4027 416 4108 ignoremus
430 4043 470 4088 an
485 4041 582 4108 opera
597 4031 704 4087 nostra
721 4025 785 4086 sint
800 4044 864 4087 me·
919 4025 982 4086 sint
1000 4024 1066 4098 alii,
1085 4024 1149 4086 imo
1172 4023 1272 4104 ignari
1297 4025 1337 4088 de
1358 4027 1607 4113 nobismetipsis,
1624 4051 1665 4094 an

114 4125 325 4206 ritoria‚quia
339 4123 500 4186 nescimus
515 4141 556 4184 an
571 4129 693 4185 stemus
709 4122 741 4184 in
757 4124 865 4186 carita·
919 4123 1019 4185 simus
1043 4123 1075 4184 in
1101 4121 1241 4196 caritate,
1263 4130 1295 4185 et
1319 4131 1426 4188 utrum
1449 4129 1665 4209 predestinati

2 4235 99 4290 rutero.
114 4233 153 4286 to.
180 4225 316 4305 Propter
338 4221 423 4303 quod
453 4228 580 4284 sanctus
604 4220 662 4283 lob
691 4221 804 4284 dixit:
831 4222 863 4285 Si
878 4221 904 4285 o
919 4221 1019 4284 simus
1042 4240 1082 4283 an
1111 4219 1249 4302 reprobi.
1276 4221 1384 4304 ltaque
1412 4225 1556 4307 pmprias
1581 4227 1665 4290 dele-

7 4329 11 4340 '
110 4322 294 4405 justificare
310 4339 360 4382 me
375 4319 516 4394 voluero,
532 4337 567 4382 os
588 4337 695 4382 meum
715 4321 863 4383 condem·
919 4320 1101 4382 ctuositates
1126 4326 1158 4380 et
1179 4318 1289 4400 culpas
1314 4338 1497 4402 pensemus,
1515 4323 1665 4388 aliorum-

112 4422 203 4484 nabit
233 4437 303 4499 me3
327 4419 424 4481 etiam
453 4418 480 4479 si
509 4417 646 4500 simplex
674 4416 776 4493 luero,
803 4419 863 4482 boc
918 4436 981 4499 que
1009 4417 1092 4480 bona
1120 4435 1190 4499 quae
1220 4416 1338 4480 babent
1365 4427 1420 4481 aut
1447 4439 1519 4502 quea
1547 4422 1664 4488 babere

112 4521 221 4602 ipsum
245 4516 403 4600 ignorabit
422 4515 529 4578 anima
550 4534 629 4577 mea.
918 4523 1051 4598 possunt
1067 4515 1316 4591 consideremus,
1332 4524 1368 4578 ut
1384 4517 1430 4580 sic
1449 4519 1665 4603 despiciamus

149 4617 261 4682 Tertia
283 4615 405 4699 species
431 4613 589 4697 superbie
611 4620 670 4688 est,
691 4614 767 4676 dum
790 4615 862 4697 quis
919 4633 975 4678 nos
1001 4614 1097 4696 ipsos,
1125 4621 1156 4676 et
1184 4614 1262 4676 alios
1286 4615 1488 4680 honoremus.
1521 4621 1665 4705 Denique

110 4725 202 4802 putat
223 4735 258 4778 se
278 4715 395 4777 habere
414 4713 497 4776 bona
517 4731 588 4795 quae
608 4729 671 4775 non
691 4712 786 4775 babet
803 4731 811 4775 ε
828 4722 863 4776 ut
919 4713 1123 4796 praeinductis
1143 4713 1312 4775 concordat
1330 4715 1412 4796 quod
1432 4716 1523 4780 valde
1542 4721 1664 4783 notabi-

109 4817 188 4878 dum
218 4813 293 4897 quis
318 4832 351 4876 se
376 4819 501 4895 reputat
524 4811 704 4874 virtuosum
733 4819 787 4874 aut
816 4831 863 4875 sa·
920 4811 992 4873 liter
1010 4809 1122 4872 scribit
1136 4810 1325 4886 Bernardus,
1342 4813 1477 4878 dicendo
1494 4832 1501 4878 :
1519 4817 1562 4879 lle
1578 4817 1665 4899 igno-

110 4914 269 4996 pientem,
286 4931 387 4994 quum
407 4912 448 4974 sit
465 4929 565 4973 vanus
585 4916 617 4973 et
637 4909 865 4993 incircumspe-
919 4909 1021 4972 rantia
1043 4909 1090 4970 tui
1109 4909 1198 4971 venit
1218 4909 1250 4972 in
1269 4917 1301 4972 te
1320 4911 1481 4993 superbia,
1504 4914 1579 4978 dum
1599 4935 1664 4981 me-

110 5021 192 5075 ctus.
211 5012 276 5074 Ista
295 5011 418 5093 species
438 5009 596 5092 superbiae
611 5008 703 5072 valde
718 5016 767 5072 est
781 5009 865 5072 dete·
920 5009 1032 5071 liorem
1058 5027 1154 5090 quam
1178 5026 1223 5083 es,
1249 5008 1413 5091 deceptrix
1438 5013 1587 5093 cogitatio
1611 5024 1665 5080 tua

111 5111 228 5176 standa
246 5130 253 5174 :
270 5110 385 5184 Primo,
402 5109 477 5191 quia
493 5127 512 5170 a
526 5107 591 5170 ileo
607 5108 863 5172 maledictionem
919 5115 950 5170 te
965 5125 1035 5169 esse
1052 5107 1214 5170 mentitur.
1222 5106 1287 5170 Hoc
1303 5108 1423 5191 quippe
1440 5118 1489 5172 ost
1503 5115 1662 5195 superbia,

2 5235 85 5284 terr.
113 5218 271 5284 meretur,
295 5208 385 5289 juxta
414 5207 492 5269 illud
515 5205 603 5270 lsaiat
628 5223 636 5267 ι
661 5208 713 5271 Vae
737 5207 792 5288 qui
817 5226 864 5268 sa-
919 5207 980 5269 hoc
1001 5206 1107 5269 omnis
1131 5205 1253 5288 peccati
1277 5206 1417 5282 initium,
1437 5228 1538 5291 quum
1563 5214 1665 5294 major

111 5309 245 5396 pientes
268 5307 344 5370 estis
368 5305 402 5368 in
425 5305 527 5368 oculis
551 5305 676 5382 vestris,
701 5313 734 5370 et
758 5323 864 5370 eoram
919 5325 953 5369 es
980 5305 1012 5367 in
1036 5305 1139 5370 oculis
1163 5305 1227 5368 tuis
1256 5323 1352 5386 quam
1381 5308 1465 5388 apud
1494 5310 1604 5375 lleum.
1631 5314 1663 5382 Si
