4140 6258
284 529 432 580 numurus
452 532 485 579 xr
505 533 579 580 rosr
598 531 793 580 mmmxsau.
814 549 854 562 -
874 530 917 580 ab
936 531 1112 582 nxnrorosos
1123 533 1132 596 ;
1154 533 1253 582 sanato
1273 533 1401 591 oomrus
1559 511 1619 578 373

91 703 115 767 la
127 701 335 767 misericordia
348 703 477 779 Dei,sed
494 723 532 766 ex
547 703 676 787 propria
691 722 819 786 quoque
833 704 860 768 A
874 723 975 780 mum,
1001 704 1076 788 quia
1100 705 1213 769 incerti
1242 724 1353 768 sumus
1376 724 1417 767 an
1445 720 1553 767 amore
1577 721 1618 765 an
1631 717 1764 772 neceam.

91 799 227 863 industria
243 808 275 862 et
289 800 396 864 labore
411 819 447 864 ac
464 800 580 864 merito
594 801 690 863 sentit
705 801 767 863 sibi
782 819 819 862 oa
873 804 946 867 odio
974 804 1063 886 digni
1092 805 1203 867 simus.
1235 804 1428 876 Secundum,
1454 801 1530 884 quia
1558 801 1617 864 etsi

90 915 149 960 esse
168 895 285 972 collata,
302 915 359 960 seu
379 916 417 960 ea
434 915 504 960 esse
523 915 559 960 se
575 897 736 979 adeptum.
874 901 1083 984 probabiliter
1106 920 1315 984 agnoscamus
1339 919 1397 967 nos
1421 919 1490 964 esso
1511 900 1545 963 in
1569 917 1619 962 ca·

125 995 227 1058 Contra
240 1011 350 1058 omnes
366 995 441 1058 istas
456 994 623 1078 superbias
637 1002 712 1058 sunt
725 1011 820 1075 gene·
874 1000 966 1063 ritate
989 1008 1020 1063 et
1039 1001 1150 1083 gratia,
1172 1019 1302 1083 prorsus
1326 1007 1433 1064 umen
1457 998 1620 1062 nescimus

91 1093 157 1157 ralia
169 1093 309 1174 quadam
329 1093 479 1156 remedia.
498 1093 639 1156 Primum
658 1100 717 1168 est,
734 1092 819 1174 quod
874 1117 915 1161 an
937 1099 1078 1162 finaliter
1101 1101 1165 1162 llco
1189 1099 1388 1182 placebimus
1409 1106 1441 1160 et
1462 1097 1496 1160 in
1519 1096 1620 1178 gratia

16 1209 79 1257 mm.
91 1193 128 1256 til
145 1191 306 1274 Apffifolus
323 1209 331 1254 ἓ
347 1192 428 1266 Quid
450 1191 548 1256 habes
573 1192 657 1275 quod
682 1209 746 1254 non
770 1209 820 1253 ac·
874 1196 1037 1260 finiemus.
1054 1198 1207 1272 Tertium,
1220 1198 1296 1279 quia
1310 1197 1349 1260 de
1365 1195 1519 1280 proximis
1535 1195 1621 1276 igno

91 1291 210 1373 cepistif
224 1290 257 1354 Si
271 1298 377 1354 autem
397 1291 560 1374 accepisti,
577 1290 654 1374 quid
673 1289 819 1372 gloriaris
874 1313 981 1358 ramus
1003 1296 1114 1378 quales
1133 1296 1198 1358 sint
1220 1295 1252 1358 in
1275 1293 1552 1379 predestinatione
1573 1293 1621 1355 di·

92 1388 169 1471 quasi
187 1407 248 1452 non
267 1389 452 1472 acceperisl
467 1389 650 1453 Secundum
670 1396 728 1462 est,
746 1406 819 1452 con·
874 1393 957 1456 vina.
975 1393 1139 1469 Quartum,
1155 1394 1231 1476 quia
1252 1401 1284 1456 et
1304 1393 1382 1476 quid
1404 1410 1491 1454 nunc
1511 1398 1622 1472 agatur

90 1487 222 1550 sideratio
246 1487 448 1570 propriarum
474 1487 691 1570 iniquitatum,
718 1487 821 1551 vilita·
874 1491 969 1554 ineis
990 1492 1162 1567 nescimus,
1179 1487 1281 1574 etqui
1299 1510 1385 1554 nunc
1402 1488 1560 1572 pessimus
1575 1507 1621 1550 es·

91 1594 158 1660 tum,
177 1585 462 1660 defectuositatum,
483 1586 760 1650 immunditiarum
786 1586 819 1648 in
874 1608 907 1652 se
923 1590 1059 1664 videtur,
1076 1590 1183 1654 subito
1197 1597 1301 1672 potest
1316 1589 1500 1672 compungi,
1511 1595 1543 1650 et
1557 1587 1621 1650 Deo

89 1685 182 1748 anima
195 1693 225 1747 et
240 1693 423 1768 corpore,et
438 1684 640 1748 miseriarum
655 1685 727 1748 vitae
743 1703 820 1766 prra-
873 1694 986 1769 agente
1010 1688 1151 1770 optimus
1176 1687 1258 1751 fieri.
1281 1686 1445 1762 Quintum,
1462 1679 1546 1768 q'uod
1568 1685 1622 1747 ho

90 1784 184 1846 sentis.
200 1783 340 1847 Tertium
355 1791 413 1858 est,
429 1783 630 1846 considerare
650 1784 735 1865 quod
755 1783 822 1846 dia·
875 1804 927 1849 mo
945 1804 1008 1848 non
1024 1793 1072 1848 est
1085 1785 1189 1848 bonus
1207 1785 1306 1866 judex
1322 1785 1355 1848 in
1370 1783 1499 1867 propria
1514 1801 1620 1856 causa,

16 1905 76 1952 mes.
89 1883 165 1946 bolus
187 1889 233 1946 est
257 1902 311 1945 rex
340 1901 435 1964 super
457 1900 569 1946 omnes
597 1881 682 1945 filios
711 1883 857 1965 super-B
875 1892 907 1946 et
922 1883 1145 1967 multipliciter
1159 1901 1195 1946 ac
1212 1883 1365 1946 facillime
1385 1889 1489 1965 potest
1503 1900 1620 1955 errare,

89 1981 162 2044 bia:
179 1981 247 2044 ideo
263 1981 318 2063 qui
334 1980 484 2044 abhorret
498 1999 567 2044 esse
583 1987 614 2043 ct
629 1981 692 2042 dici
709 1999 820 2044 servus
874 1983 913 2045 de
935 1983 1007 2046 aliis
1027 1983 1210 2064 judicando.
1229 1982 1371 2055 Sextum,
1389 1980 1464 2062 quia
1486 1979 1545 2042 etsi
1568 1979 1623 2042 lro-

89 2078 225 2160 filiusque
259 2077 389 2152 diaboli,
418 2079 592 2142 detestetur
622 2078 816 2162 superbiam.
875 2099 927 2144 mo
949 2081 1078 2143 aliunde
1100 2080 1203 2144 bonus
1226 2080 1403 2153 exsisteret,
1426 2086 1534 2141 tamen
1556 2077 1623 2140 sola

90 2179 225 2251 Quauum
251 2184 309 2250 ost,
333 2175 533 2240 considerare
557 2177 644 2259 quod
668 2176 819 2259 superbia
874 2179 1024 2263 superbia
1039 2179 1175 2242 destruit
1189 2178 1342 2254 omnia,si
1359 2177 1538 2241 comitetur.
1547 2177 1622 2260 Sep-

89 2282 130 2338 est
155 2274 345 2338 diabolicum
374 2274 501 2350 vitium,
533 2275 674 2358 primum
705 2293 819 2357 pecca·
873 2279 1001 2351 timum,
1017 2277 1168 2360 quoniam
1191 2276 1316 2340 fatuum
1337 2283 1385 2339 est
1404 2275 1556 2339 extollere
1577 2293 1623 2337 se-

88 2382 157 2446 tnm,
180 2382 210 2434 et
232 2373 379 2437 omnium
403 2373 554 2437 vitiorum
583 2373 683 2454 origo,
709 2373 819 2454 regina
874 2376 1047 2458 metipsum
1067 2375 1106 2438 de
1130 2375 1223 2438 bonis
1248 2375 1415 2447 virtutum,
1435 2392 1536 2456 quum
1556 2390 1622 2435 orn-

87 2482 115 2535 et
141 2479 243 2534 mater.
276 2471 429 2546 Quintum
461 2477 519 2545 est,
551 2471 635 2553 quod
667 2470 819 2553 superbia
873 2476 963 2538 nium
989 2474 1205 2537 virtuosorum
1235 2481 1365 2536 actuum
1391 2472 1433 2536 sit
1457 2471 1622 2534 humilitas

88 2569 305 2652 specialissime
329 2569 478 2652 displicet
496 2569 570 2644 Deo,
591 2576 623 2631 et
641 2569 818 2651 sepissime
874 2572 1119 2636 fundamentum
1137 2590 1144 2634 :
1162 2571 1281 2635 idcireo
1301 2570 1459 2654 superbus
1478 2571 1622 2633 nondum

87 2689 118 2730 ac
140 2667 370 2730 districtissimo
394 2666 582 2750 prohibetur
604 2666 645 2728 ab
670 2685 716 2730 eo.
744 2667 817 2731 Sex·
873 2671 912 2734 ad
932 2670 1176 2733 fundamentum
1191 2669 1347 2732 virtutum
1363 2667 1489 2730 venisse
1509 2667 1621 2749 proba-

88 2775 156 2840 tum,
180 2767 262 2849 quod
289 2765 432 2829 Christus
456 2765 490 2827 in
514 2764 664 2828 omnibus
693 2783 818 2828 summe
875 2777 934 2831 tur.
959 2768 1123 2841 Octavum,
1147 2767 1298 2849 quoniam
1323 2773 1442 2848 quanto
1466 2764 1548 2828 dona
1572 2783 1624 2827 su-

85 2865 167 2945 fugit,
183 2863 294 2928 vitavit
315 2871 347 2926 et
369 2863 551 2946 reprobavit
571 2863 767 2945 superbiam,
788 2871 820 2926 et
875 2866 1089 2950 pernatnralia
1109 2867 1217 2948 gratia
1240 2865 1340 2945 magis
1361 2864 1520 2926 excedunt
1538 2862 1622 2925 vires

85 2962 270 3045 amplexatus
300 2969 348 3023 est
375 2960 600 3023 humilitatem.
627 2961 817 3042 Septimum,
874 2965 988 3028 animae
1010 2965 1180 3036 naturales,
1198 2971 1285 3026 tanto
1307 2961 1518 3036 indecentius,
1539 2960 1623 3042 inju-

85 3061 160 3142 quod
180 3058 332 3143 superbia
353 3058 429 3121 facit
449 3059 613 3122 hominem
637 3060 692 3122 [lei
714 3059 856 3124 inimi-C
875 3063 954 3125 stius
975 3069 1006 3124 et
1026 3061 1231 3144 insipientius
1252 3069 1300 3124 cst
1319 3059 1486 3142 superbire
1505 3059 1544 3122 de
1564 3059 1620 3121 eis.

85 3177 160 3232 cum,
176 3165 206 3220 ot
223 3158 253 3220 ei
277 3157 431 3219 rebellem
453 3163 547 3239 atque
570 3157 771 3238 sacrilegum,
788 3165 819 3220 et
874 3162 1011 3235 Nonum,
1029 3161 1113 3242 quod
1131 3167 1163 3221 et
1178 3159 1282 3222 solum
1301 3176 1430 3222 ornnem
1452 3157 1622 3220 elationem

34 3285 71 3320 n,
85 3277 199 3319 summe
214 3258 386 3338 ingratum.
405 3255 487 3318 Deus
503 3255 590 3318 enim
609 3256 757 3338 superbis
774 3275 820 3318 re·
874 3259 1010 3322 evellere
1035 3265 1068 3320 et
1089 3275 1217 3320 ornnem
1242 3256 1457 3318 humilitatem
1482 3255 1622 3317 inserere

16 3345 72 3383 ’Μ’
84 3355 159 3417 sistit
167 3373 175 3434 ;
190 3362 221 3417 et
241 3355 304 3418 soli
323 3352 388 3416 Deo
407 3352 565 3415 debentur
585 3353 687 3416 honor
706 3361 737 3415 et
756 3353 820 3433 glo·
873 3365 975 3419 exstat
998 3356 1159 3429 idoneum,
1181 3363 1228 3418 est
1249 3354 1335 3436 quod
1357 3354 1493 3436 ipsemet
1516 3352 1622 3415 [lomi-

16 3472 40 3508 υ,
53 3463 70 3501 ⁷·
83 3454 217 3535 ria‚qnos
232 3453 296 3515 sibi
312 3459 445 3534 usurpat
459 3450 626 3532 superbus.
637 3451 680 3513 lla
694 3469 819 3534 quoque
873 3475 934 3518 nus
956 3463 988 3516 et
1009 3453 1161 3527 Salvator,
1178 3453 1321 3516 Christus
1340 3452 1527 3532 Unigenitus
1552 3451 1619 3526 Dei,

82 3573 145 3635 que
160 3553 298 3615 Deusex
318 3570 375 3614 sua
396 3550 523 3613 infinita
543 3549 693 3625 bonitate,
711 3551 820 3613 carita-
874 3553 907 3616 in
936 3551 1107 3634 Evangelio
1137 3551 1278 3634 loquitur
1309 3571 1315 3616 :
1347 3551 1451 3625 Ouum
1479 3548 1620 3612 feceritis
1647 3575 1761 3626 aaut,

82 3659 119 3724 te,
143 3649 372 3724 misericordia,
398 3647 622 3711 munificentia
645 3648 742 3722 dedit,
768 3668 819 3710 su·
872 3650 1051 3734 (inquiens)
1069 3650 1178 3713 omnia
1197 3669 1267 3732 qnae
1289 3656 1447 3733 praecepta
1470 3655 1543 3710 sunt
1567 3665 1620 3710 vo·
1637 3641 1669 3682 ¹⁰·

81 3747 189 3830 perbus
203 3748 267 3811 sibi
284 3747 347 3830 ipsi
361 3745 585 3820 adscribit,aut
600 3747 646 3808 eis
661 3745 819 3824 abutitur3
874 3749 932 3822 bis,
958 3749 1054 3812 dicite
1081 3767 1088 3809 τ
1115 3748 1203 3812 Servi
1230 3749 1360 3811 inutiles
1385 3765 1513 3826 sumus3
1536 3747 1621 3829 quod

81 3865 133 3908 nec
147 3847 184 3908 de
199 3847 246 3909 eis
261 3847 376 3918 Deum,
393 3845 447 3907 sed
464 3864 497 3907 se
513 3845 620 3926 ipsum
639 3844 820 3926 glorificare
874 3849 1045 3911 debuimus
1065 3847 1180 3921 facere,
1197 3847 1345 3911 fecimus.
1363 3847 1526 3920 Quomodo
1546 3864 1622 3927 ergo

78 3953 211 4008 conatur.
225 3945 392 4018 Octavum,
404 3943 479 4026 quia
493 3961 550 4025 per
565 3942 749 4024 superbiam
765 3943 819 4006 ho·
875 3955 964 4029 potes
987 3954 1017 4008 te
1040 3946 1131 4008 alteri
1157 3947 1189 4007 in
1213 3947 1322 4026 gratiae
1343 3945 1435 4008 donis
1459 3945 1620 4028 praeferre,

79 4063 125 4106 mo
146 4044 207 4108 sibi
228 4043 452 4125 gravissimam
477 4041 713 4105 damnationem
740 4061 820 4104 mer·
876 4045 931 4127 qui
950 4045 1055 4107 nescis
1074 4064 1114 4107 an
1132 4045 1265 4106 exsistas
1284 4044 1317 4105 in
1337 4044 1445 4124 gratia,
1462 4063 1502 4106 au
1518 4043 1623 4105 finali-

77 4152 168 4206 catur.
196 4143 278 4206 Sunt
308 4149 414 4204 autem
438 4149 470 4204 et
492 4141 555 4203 alia
584 4141 684 4203 multa
712 4149 821 4205 contra
874 4143 986 4206 tersis
1009 4143 1190 4217 salvandus,
1207 4162 1247 4205 an
1266 4142 1347 4204 alter
1365 4142 1407 4204 sit
1426 4143 1526 4222 magis
1546 4160 1622 4222 preo-

78 4242 255 4324 superbiam
277 4249 343 4305 tam
365 4240 517 4303 odibilem
538 4249 569 4302 et
587 4257 751 4303 enormem
775 4260 820 4304 re·
836 4247 861 4309 l)
876 4242 1052 4304 destinatus
1073 4260 1169 4324 quam
1191 4244 1246 4303 tul
1265 4240 1427 4315 Quomodo
1445 4239 1570 4320 judicas
1590 4247 1622 4300 te

78 4343 184 4416 media,
212 4349 327 4424 utpote
350 4358 356 4402 :
378 4339 588 4403 consideratio
610 4339 747 4401 districti
770 4341 820 4421 ju·
876 4360 945 4403 esse
964 4341 996 4402 in
1016 4341 1117 4421 gratia
1136 4357 1286 4420 magnum
1304 4345 1335 4400 et
1350 4337 1568 4410 excellentem,
1584 4353 1621 4398 ac

16 4449 65 4494 ms,
78 4440 147 4502 dicii
171 4441 239 4515 Dei,
257 4439 315 4522 qui
339 4439 392 4501 cui
418 4438 491 4520 plus
512 4437 609 4511 dedit,
628 4438 700 4519 plus
721 4438 762 4500 ab
783 4456 821 4502 eo
875 4440 947 4503 aliis
977 4438 1231 4521 praefulgentem,
1262 4437 1317 4518 qui
1348 4437 1472 4516 ignoras
1501 4454 1541 4497 an
1571 4433 1622 4497 vel

77 4539 244 4620 requirct3
279 4537 491 4600 consideratio
524 4553 652 4619 quoque
685 4537 821 4619 propriae
877 4539 1048 4600 minimum
1070 4536 1109 4599 de
1131 4535 1231 4617 gratia
1252 4534 1428 4608 habeas‚et
1450 4552 1520 4615 quae
1540 4533 1623 4596 bona

76 4635 289 4718 obligationis,
307 4635 382 4718 quia
401 4641 519 4717 quanto
541 4634 633 4717 plura
651 4643 683 4697 et
703 4635 823 4717 majora
877 4638 910 4700 in
929 4636 1001 4698 aliis
1023 4634 1143 4696 latentl
1159 4633 1190 4696 Si
1213 4633 1319 4715 itaque
1334 4631 1441 4694 omnia
1457 4633 1523 4713 Jam
1544 4651 1623 4715 prae-

76 4737 143 4816 quis
167 4755 185 4798 a
212 4737 280 4798 lleo
305 4733 436 4796 sortitus
460 4741 509 4796 est
532 4734 625 4808 dona,
648 4741 733 4798 tanto
757 4754 822 4797 am·
877 4742 960 4797 tacta
982 4731 1139 4814 profunde
1163 4749 1200 4793 ac
1222 4730 1281 4792 rite
1303 4730 1622 4804 consideraverimus,

75 4834 156 4914 plius
181 4841 231 4896 ost
252 4832 426 4896 adstrictus
448 4839 483 4894 ut
506 4832 547 4896 sit
570 4833 635 4896 lleo
656 4841 764 4914 gratus
785 4853 822 4896 ao
878 4831 997 4895 erimus
1013 4847 1087 4892 vero
1102 4829 1258 4910 valdeque
1274 4827 1622 4902 humilesdefeetuosi,

74 4932 229 4995 subditus.
878 4930 957 4992 viles
975 4935 1007 4992 et
1022 4926 1280 5010 contemptibiles
1301 4926 1333 4988 in
1353 4927 1455 4990 oculis
1473 4925 1623 5008 propriis,
1701 4973 1703 4978 .

111 5031 269 5114 Denique,
285 5035 396 5092 contra
411 5029 610 5110 spiritualem
626 5030 821 5113 superbiam,
877 5046 1006 5092 omnem
1032 5027 1224 5089 detestantes
1248 5024 1443 5108 superbiam,
1466 5044 1538 5107 quae
1560 5043 1624 5107 praa

74 5149 140 5210 quaa
171 5128 389 5192 ferventiores
421 5135 452 5190 et
484 5127 711 5192 eminentiores
743 5130 823 5192 solet
879 5127 1003 5190 cunctis
1023 5127 1134 5189 mundi
1159 5125 1345 5188 hominibus
1365 5123 1625 5187 indecentissima

73 5229 210 5311 amplius
242 5229 447 5310 impugnare,
473 5234 548 5290 sunt
572 5235 686 5310 prater
715 5235 824 5310 prata·
879 5235 927 5290 est
948 5226 1036 5290 omni
1059 5225 1181 5289 homini
1204 5223 1362 5305 religioso.

73 5335 120 5390 cta
146 5329 255 5392 adhuc
287 5327 439 5410 specialia
462 5327 563 5390 multa
587 5327 736 5390 remedia.
761 5327 825 5390 Pri·
919 5327 993 5401 Quae
1017 5342 1113 5407 quam
1137 5320 1362 5387 abominabilis
1386 5321 1438 5397 sit,
1458 5327 1490 5384 et
1508 5327 1626 5403 quanta
