4288 6264
252 883 667 1010 DOMINIGA
716 883 1034 1034 QUINTA
1081 883 1291 1009 POST
1340 883 1675 1010 PASGHA

607 1556 910 1644 ENARRATIO
943 1557 998 1644 IN
1031 1556 1321 1644 EPISTOLAM

190 1823 302 1870 666666
317 1821 469 1869 66666666
484 1821 584 1880 vnum,
600 1821 638 1868 nr
651 1821 713 1868 uon
727 1821 896 1868 nuorroans
910 1821 1044 1880 rnnrurr,
1061 1821 1232 1868 raucnurns
1246 1822 1460 1869 vosrrurrrsos.
1475 1805 1581 1869 Jacob.
1600 1823 1620 1880 r,
1634 1803 1736 1868 22-27.

259 2102 381 2166 EATUS
400 2101 562 2184 apostolus
580 2101 714 2166 lacobus
735 2101 766 2164 in
788 2109 853 2165 tota
875 2101 939 2183 cpi·
953 2102 980 2165 A
995 2101 1201 2164 intentionale
1223 2102 1329 2184 potius
1350 2121 1445 2185 quam
1468 2102 1561 2165 reale.
1584 2102 1657 2166 ldeo
1676 2120 1739 2165 non

272 2200 352 2264 stola
373 2200 433 2263 ista
454 2200 598 2262 hortatur
618 2217 675 2263 nos
694 2200 733 2261 ad
755 2199 938 2262 divinorum
995 2201 1071 2263 lacit
1094 2200 1209 2263 lortem
1235 2201 1490 2284 impressionem,
1507 2220 1566 2264 666
1591 2200 1740 2264 diuturna

191 2300 425 2363 observantiam
442 2307 685 2381 preceptorum,
702 2317 742 2361 ne
762 2299 834 2381 6616
849 2307 940 2381 66161
995 2307 1043 2362 661
1068 2299 1220 2361 memoria
1244 2318 1282 2361 ex
1301 2299 1355 2360 1116
1374 2299 1586 2382 impressione
1610 2319 1646 2362 ae
1666 2318 1739 2362 con·

191 2400 291 2462 solam
307 2398 405 2461 iidem
422 2397 584 2470 sulficere,
600 2405 655 2460 aut
674 2397 772 2460 solam
793 2397 939 2460 notitiam
995 2397 1185 2460 sideratione
1214 2397 1333 2459 6611616.
1364 2397 1636 2471 Quemadmodum
1666 2416 1740 2480 ergo

190 2498 396 2579 agendorum.
415 2499 524 2558 Estote
547 2499 688 2573 factores
713 2497 815 2566 uerbi,
836 2496 867 2558 id
892 2503 940 2558 est
995 2493 1206 2556 consideratio
1226 2493 1281 2555 illa
1295 2493 1402 2555 vultus
1424 2493 1456 2556 in
1476 2495 1607 2576 speculo
1626 2502 1674 2556 est
1696 2494 1741 2556 in-

191 2596 293 2659 divini
309 2596 471 2679 praecepti,
488 2605 519 2655 et
535 2615 599 2656 uon
614 2597 782 2656 auditores
797 2605 938 2664 tautum,
995 2591 1167 2666 fructuosa,
1185 2591 1228 2653 ita
1242 2591 1363 2654 auditio
1383 2591 1473 2655 verbi
1494 2592 1549 2655 1161
1571 2611 1681 2655 666666
1696 2592 1740 2655 el·

190 2696 343 2772 salientes
365 2694 569 2770 vosmetipsos
593 2714 604 2752 .·
628 2693 703 2774 quia
726 2693 781 2774 661
806 2693 940 2756 audiunt
995 2689 1091 2753 lectu.

191 2799 326 2866 tantum,
344 2811 402 2855 nee
427 2790 549 2854 iaciunt
570 2811 641 2874 qua
661 2791 815 2871 jubentur
839 2811 938 2873 quum
1036 2791 1101 2858 Qui
1114 2799 1222 2850 atatem
1234 2791 1451 2866 perspecerit,
1460 2789 1520 2852 boc
1536 2797 1591 2863 est,
1601 2789 1741 2871 perfecte

192 2891 316 2974 possint
330 2897 361 2953 61
376 2889 519 2960 debeant,
530 2909 563 2952 se
578 2890 664 2972 ipsos
679 2889 855 2972 decipiunt,
864 2891 940 2972 6616
995 2895 1027 2950 et
1046 2887 1203 2969 prolunde
1226 2887 1483 2961 consideraverit,
1501 2889 1536 2947 iu
1554 2891 1621 2965 1666
1637 2889 1743 2964 perse·

193 3007 304 3052 eorum
325 2989 519 3070 negligentia
540 2987 622 3049 lallit
645 3004 708 3051 eos.
726 2988 808 3050 ilinc
825 2989 863 3052 ad
882 2989 939 3051 lio-
995 2996 1054 3046 ctae
1078 2987 1252 3056 libertatis,
1269 2985 1300 3047 id
1326 2993 1373 3048 est
1398 2986 1429 3047 16
1455 2985 1637 3066 evangeliea
1661 2985 1740 3066 lege,

35 3109 178 3157 neuun.
194 3104 305 3150 manos
324 3086 465 3168 loquitur
479 3086 593 3148 Paulus
611 3104 617 3149 :
635 3086 703 3148 Non
718 3087 878 3149 auditores
895 3087 939 3148 le·
995 3083 1156 3165 pensando
1171 3083 1241 3164 ejus
1257 3092 1424 3165 praecepta.
1433 3084 1555 3146 Dicitur
1568 3091 1675 3145 autem
1692 3083 1742 3145 lex

193 3187 242 3268 gis
256 3185 335 3266 justi
351 3192 425 3246 sunt
439 3185 522 3267 apud
544 3185 655 3259 Deum,
673 3185 727 3247 sed
743 3184 878 3248 lectores
899 3185 940 3248 le·
995 3180 1190 3262 evangelica,
1214 3180 1263 3242 lex
1288 3180 1436 3262 periente
1466 3179 1619 3242 libertatis
1645 3197 1652 3241 ε
1678 3180 1741 3243 Pri·

193 3284 242 3365 gis
255 3282 530 3363 justificabuntur.
539 3281 681 3346 Christus
697 3300 823 3365 666666
840 3302 939 3365 quum
955 3277 978 3340 B
996 3296 1059 3352 mo,
1081 3278 1156 3360 6616
1179 3287 1228 3342 661
1251 3278 1301 3340 lex
1326 3278 1466 3340 caritatis
1491 3285 1521 3340 61
1544 3278 1663 3359 gratie,
1684 3297 1742 3361 per

36 3403 179 3452 ruamus.
194 3379 336 3453 dixisset,
359 3379 445 3442 Beati
470 3380 526 3462 661
554 3379 688 3443 audiunt
712 3380 847 3442 verbum
872 3381 938 3452 Dei,
996 3395 1091 3458 quam
1108 3377 1203 3439 bomo
1223 3384 1335 3458 sponte
1351 3383 1383 3438 et
1403 3377 1502 3439 libere
1520 3395 1557 3438 ae
1572 3376 1741 3439 delectabi-

193 3476 325 3550 addidit,
343 3476 381 3538 Et
396 3477 580 3539 custodiunt
594 3477 683 3538 illud.
702 3477 740 3539 lit
753 3479 888 3540 loannes
908 3477 940 3538 16
996 3475 1068 3538 11166
1090 3475 1188 3538 servit
1210 3476 1284 3538 Deo.
1302 3476 1397 3538 Porro
1422 3475 1472 3538 lex
1493 3483 1584 3538 vetus
1607 3475 1668 3536 luit
1692 3475 1742 3538 lex

43 3596 119 3651 apae.
129 3608 146 3645 t,
158 3597 178 3638 6.
192 3575 383 3658 Apocalypsi
407 3591 414 3636 :
437 3574 550 3636 Beatus
573 3574 707 3657 (inquit)
730 3575 785 3656 661
812 3575 888 3655 legit
911 3581 943 3636 61
995 3574 1129 3648 timoris,
1142 3593 1201 3636 nec
1215 3575 1349 3655 gratiam
1366 3573 1559 3648 continebat,
1576 3572 1630 3636 sed
1646 3582 1743 3637 trans-

194 3674 249 3756 qui
265 3673 355 3736 audit
368 3671 466 3735 verba
480 3672 656 3755 prophetiae
671 3673 779 3754 hujus,
790 3682 823 3735 et
838 3681 942 3736 servat
994 3690 1154 3752 gressonas
1170 3689 1243 3735 suos
1258 3672 1353 3753 jussit
1368 3672 1470 3734 oooidi
1484 3689 1491 3734 :
1503 3672 1613 3754 sicque
1628 3672 1742 3735 timore

194 3790 231 3834 66
246 3790 317 3854 quas
333 3771 366 3833 16
381 3789 418 3833 66
437 3771 556 3852 6661616
575 3780 658 3832 sunt.
675 3771 742 3834 lmo
760 3772 799 3834 de
814 3771 941 3833 scienti·
995 3789 1174 3852 poenarum,
1190 3788 1254 3834 non
1273 3788 1381 3833 amore
1399 3770 1542 3852 justitie,
1560 3770 1684 3832 induxit
1702 3772 1742 3833 ad

193 3870 253 3932 bus
269 3877 301 3933 61
320 3887 384 3933 666
403 3869 596 3932 iacientibus
617 3870 757 3952 loquitur
772 3870 914 3933 Christus
933 3888 939 3932 :
995 3869 1125 3932 bonum.
1143 3869 1311 3950 Propterea
1326 3869 1404 3931 dicit
1422 3868 1583 3952 apostolus
1600 3869 1714 3931 Paulus
1732 3888 1739 3930 :

34 3986 178 4036 6666617,
194 3969 312 4032 Servus
337 3969 392 4052 qui
422 3968 571 4049 cognovit
595 3967 791 4031 voluntatem
820 3969 940 4030 domini
994 3967 1078 4030 Nihil
1094 3969 1133 4030 ad
1151 3967 1327 4050 perlectum
1342 3966 1474 4029 adduxit
1490 3967 1558 4047 lex3
1574 3974 1607 4028 61
1622 3986 1739 4040 666666,
1769 3999 1837 4042 ms„
1851 4013 1887 4051 „,‚

33 4055 69 4094 ⁴⁸·
193 4068 243 4132 sui
264 4073 380 4130 61666
400 4067 486 4141 16611,
504 4065 605 4147 plagis
627 4066 791 4148 vapulabit
810 4066 940 4146 multis;
993 4065 1062 4128 Non
1082 4065 1250 4148 accepistis
1270 4066 1419 4148 spiritum
1439 4065 1602 4128 servitutis
1624 4066 1739 4128 iterum
1756 4065 1819 4168 ’Ξῖ-Μ
1844 4138 1879 4167 m

194 4166 251 4249 661
275 4171 382 4228 autem
413 4182 476 4226 non
502 4164 660 4246 cognovit,
686 4173 718 4226 ct
742 4164 817 4228 16611
846 4164 941 4246 digna
995 4163 1028 4225 16
1044 4165 1168 4238 timore,
1186 4167 1241 4227 sed
1255 4164 1423 4246 accepistis
1438 4165 1587 4246 spiritum
1602 4164 1742 4246 adoptio·
1757 4198 1789 4240 15,
1824 4157 1829 4167 ’
1883 4157 1888 4176 ’

194 4265 306 4349 plagis,
318 4262 483 4346 vapulabit
498 4263 619 4344 paucis.
632 4264 718 4326 Unde
734 4271 766 4326 et
781 4263 865 4326 idem
882 4263 941 4327 iste
995 4262 1044 4324 nis
1060 4262 1213 4336 liliorum,
1232 4262 1264 4324 in
1285 4281 1348 4344 quo
1368 4262 1554 4337 clamamus,
1570 4263 1659 4326 Abba
1674 4263 1741 4344 (Pa-

47 4379 130 4423 ama
148 4390 178 4428 u.
192 4362 328 4426 lacobus
343 4363 388 4426 611
403 4379 410 4423 :
427 4360 546 4425 Scienti
562 4361 681 4424 bonum
698 4369 808 4425 61666
823 4363 941 4426 166166-
994 4361 1142 4442 ter).ch
1157 4369 1264 4424 autem
1280 4361 1462 4443 evangelica
1476 4362 1594 4424 dicitur
1607 4363 1741 4443 gratiam

35 4447 69 4487 ¹⁷·
193 4461 229 4536 ti,
246 4467 413 4543 peecatum
434 4467 482 4522 661
503 4459 560 4521 1111.
958 4457 1169 4536 0666116666,
1190 4462 1340 4544 quoniam
1365 4469 1562 4526 sacramenta
1586 4480 1676 4527 novas
1700 4465 1744 4526 16-

234 4563 319 4629 Quia
340 4561 371 4620 si
391 4561 465 4638 quis
485 4561 621 4620 auditor
641 4570 687 4620 est
711 4563 803 4621 uerbi
824 4560 941 4624 divina
995 4562 1043 4643 gis
1057 4561 1191 4643 gratiam
1207 4561 1371 4624 continent
1386 4569 1417 4623 et
1432 4562 1570 4624 dant-
1585 4563 1741 4637 Secundo,

190 4658 355 4740 jussionis,
379 4667 409 4720 61
432 4678 498 4719 nort
520 4665 640 4737 laetor,
662 4659 693 4722 id
718 4667 766 4721 est
790 4660 939 4743 praecepti
995 4661 1070 4745 6616
1099 4680 1156 4742 666
1184 4679 1254 4722 cam
1284 4659 1458 4722 liberamur
1481 4661 1521 4724 ab
1549 4660 1743 4742 obligatione

191 4757 352 4840 impletor,
369 4759 422 4817 bie
441 4761 686 4834 comparabitur
707 4760 779 4820 viro
798 4763 940 4820 couside—
995 4760 1141 4822 servandi
1158 4767 1298 4822 veterem
1314 4760 1510 4840 legemque
1526 4759 1587 4821 1611
1601 4777 1696 4840 grave
1712 4768 1743 4822 et

192 4857 286 4917 renti
310 4859 439 4917 vultum
462 4858 650 4918 nativitatis
673 4879 752 4928 suoe,
769 4858 800 4920 id
824 4866 872 4920 est
896 4859 941 4921 16·
995 4859 1199 4940 importabile
1218 4875 1308 4920 onus
1326 4857 1413 4920 Unde
1434 4857 1740 4940 16Α6111166,66666

191 4954 273 5017 ciem
297 4973 387 5018 suam
410 4954 607 5037 corporalem
630 4956 745 5038 inqua
768 4965 938 5032 natusest,
994 4958 1197 5020 beatissimus
1223 4956 1371 5038 princeps
1395 4956 1619 5037 Apostolorum
1647 4957 1742 5020 dixis-

191 5054 230 5114 iu
255 5057 390 5130 speculo.
409 5055 634 5115 considerauit
659 5056 743 5115 euim
770 5076 802 5114 se
827 5055 859 5116 in
883 5075 940 5117 sua
994 5064 1052 5129 661,
1068 5057 1148 5130 Quid
1164 5054 1292 5118 tentatis
1312 5054 1491 5116 cervicibus
1508 5055 1738 5136 discipulorum
1755 5076 1886 5126 uitauit,

193 5151 343 5233 imagine,
359 5151 392 5214 16
408 5151 539 5234 6666616
554 5152 737 5226 resultante,
754 5155 939 5224 6161111661
995 5155 1159 5236 imponere
1180 5154 1304 5235 jugum,
1322 5152 1407 5235 quod
1430 5171 1533 5234 neque
1556 5160 1661 5234 patres
1685 5173 1740 5216 no·
1756 5141 1788 5181 ¹¹·

192 5252 302 5310 statim
319 5251 437 5311 oblitus
451 5259 497 5311 661
513 5253 621 5329 quatis
634 5253 740 5328 fuerit
751 5272 763 5310 .·
774 5250 849 5334 6616
863 5251 939 5314 ima·
994 5253 1061 5326 stri,
1072 5271 1175 5333 neque
1191 5271 1247 5314 nos
1262 5259 1387 5334 portare
1404 5251 1584 5332 potuimust
1596 5251 1739 5334 protinus

192 5364 232 5428 go
256 5347 289 5411 16
313 5347 444 5430 6666616
468 5347 564 5412 habet
588 5348 694 5412 debile
718 5368 798 5424 esse,
826 5356 939 5431 utputa
992 5349 1113 5414 addidit
1138 5366 1145 5410 :
1167 5349 1227 5411 Sed
1249 5368 1304 5431 per
1327 5349 1461 5430 gratiam
1489 5349 1614 5412 Domini
1640 5351 1738 5412 nostri
