<?xml version="1.0" encoding="UTF-8"?>
<!DOCTYPE html PUBLIC "-//W3C//DTD XHTML 1.0 Transitional//EN"
    "http://www.w3.org/TR/xhtml1/DTD/xhtml1-transitional.dtd">
<html xmlns="http://www.w3.org/1999/xhtml" xml:lang="en" lang="en">
 <head>
  <title>
</title>
<meta http-equiv="Content-Type" content="text/html;charset=utf-8" />
  <meta name='ocr-system' content='tesseract 3.04.00' />
  <meta name='ocr-capabilities' content='ocr_page ocr_carea ocr_par ocr_line ocrx_word'/>
</head>
<body>
  <div class='ocr_page' id='page_1' title='image "./doctorisecstati01unkngoog/doctorisecstati01unkngoog_0155.png"; bbox 0 0 4214 6254; ppageno 0'>
   <div class='ocr_carea' id='block_1_1' title="bbox 435 480 1722 546">
    <p class='ocr_par' dir='ltr' id='par_1_1' title="bbox 435 480 1722 546">
     <span class='ocr_line' id='line_1_1' title="bbox 435 480 1722 546; baseline 0.001 -1"><span class='ocrx_word' id='word_1_1' title='bbox 435 480 494 545; x_wconf 76' lang='lat'><strong>132</strong></span> <span class='ocrx_word' id='word_1_2' title='bbox 710 498 859 546; x_wconf 75' lang='lat' dir='ltr'><strong>uourmcs</strong></span> <span class='ocrx_word' id='word_1_3' title='bbox 879 499 889 544; x_wconf 91' lang='lat'>1</span> <span class='ocrx_word' id='word_1_4' title='bbox 910 499 984 545; x_wconf 85' lang='lat' dir='ltr'><strong>rosr</strong></span> <span class='ocrx_word' id='word_1_5' title='bbox 1004 497 1198 544; x_wconf 82' lang='lat' dir='ltr'><strong>rnrrvrrsruu.</strong></span> <span class='ocrx_word' id='word_1_6' title='bbox 1219 515 1259 528; x_wconf 91' lang='lat'><strong>·-</strong></span> <span class='ocrx_word' id='word_1_7' title='bbox 1278 497 1453 546; x_wconf 77' lang='lat' dir='ltr'><strong>suessano</strong></span> <span class='ocrx_word' id='word_1_8' title='bbox 1475 498 1507 545; x_wconf 86' lang='lat' dir='ltr'><strong>ru</strong></span> <span class='ocrx_word' id='word_1_9' title='bbox 1527 497 1722 546; x_wconf 76' lang='lat' dir='ltr'><strong>svsueusrurr</strong></span> 
     </span>
    </p>
   </div>
   <div class='ocr_carea' id='block_1_2' title="bbox 261 667 2076 5382">
    <p class='ocr_par' dir='ltr' id='par_1_2' title="bbox 315 667 1975 1539">
     <span class='ocr_line' id='line_1_2' title="bbox 434 667 1974 752; baseline 0 -20"><span class='ocrx_word' id='word_1_10' title='bbox 434 669 543 752; x_wconf 79' lang='lat' dir='ltr'><strong>gulam</strong></span> <span class='ocrx_word' id='word_1_11' title='bbox 565 676 598 732; x_wconf 93' lang='lat' dir='ltr'><strong>et</strong></span> <span class='ocrx_word' id='word_1_12' title='bbox 615 669 821 734; x_wconf 74' lang='lat' dir='ltr'><strong>voracitatem</strong></span> <span class='ocrx_word' id='word_1_13' title='bbox 842 668 1014 732; x_wconf 77' lang='lat' dir='ltr'><strong>infeliciter</strong></span> <span class='ocrx_word' id='word_1_14' title='bbox 1034 687 1184 752; x_wconf 91' lang='lat' dir='ltr'><strong>provoca·</strong></span> <span class='ocrx_word' id='word_1_15' title='bbox 1199 667 1225 732; x_wconf 82' lang='lat' dir='ltr'>A</span> <span class='ocrx_word' id='word_1_16' title='bbox 1238 667 1290 730; x_wconf 80' lang='lat' dir='ltr'><strong>xit</strong></span> <span class='ocrx_word' id='word_1_17' title='bbox 1304 670 1472 730; x_wconf 80' lang='lat' dir='ltr'><em>Ulceribus</em></span> <span class='ocrx_word' id='word_1_18' title='bbox 1479 673 1765 752; x_wconf 80' lang='lat' dir='ltr'><strong>plenus,tanquam</strong></span> <span class='ocrx_word' id='word_1_19' title='bbox 1777 667 1974 732; x_wconf 88' lang='lat' dir='ltr'><strong>alterJob:id·</strong></span> 
     </span>
     <span class='ocr_line' id='line_1_3' title="bbox 435 766 1975 851; baseline -0.001 -21"><span class='ocrx_word' id='word_1_20' title='bbox 435 775 497 831; x_wconf 93' lang='lat' dir='ltr'><strong>tur.</strong></span> <span class='ocrx_word' id='word_1_21' title='bbox 515 767 605 832; x_wconf 84' lang='lat' dir='ltr'><strong>Tales</strong></span> <span class='ocrx_word' id='word_1_22' title='bbox 620 768 730 831; x_wconf 91' lang='lat' dir='ltr'><strong>divina</strong></span> <span class='ocrx_word' id='word_1_23' title='bbox 748 767 983 832; x_wconf 80' lang='lat' dir='ltr'><strong>illuminatione</strong></span> <span class='ocrx_word' id='word_1_24' title='bbox 998 787 1032 831; x_wconf 95' lang='lat' dir='ltr'><strong>se</strong></span> <span class='ocrx_word' id='word_1_25' title='bbox 1048 768 1185 830; x_wconf 89' lang='lat' dir='ltr'><strong>reddunt</strong></span> <span class='ocrx_word' id='word_1_26' title='bbox 1238 785 1277 830; x_wconf 93' lang='lat' dir='ltr'><strong>eo</strong></span> <span class='ocrx_word' id='word_1_27' title='bbox 1291 766 1505 831; x_wconf 79' lang='lat' dir='ltr'><strong>miserabilior</strong></span> <span class='ocrx_word' id='word_1_28' title='bbox 1520 775 1595 841; x_wconf 68' lang='lat' dir='ltr'><strong>erat,</strong></span> <span class='ocrx_word' id='word_1_29' title='bbox 1602 767 1768 848; x_wconf 77' lang='lat' dir='ltr'><strong>magisque</strong></span> <span class='ocrx_word' id='word_1_30' title='bbox 1784 766 1912 851; x_wconf 91' lang='lat' dir='ltr'><strong>impium</strong></span> <span class='ocrx_word' id='word_1_31' title='bbox 1925 767 1975 830; x_wconf 89' lang='lat' dir='ltr'><strong>fuit</strong></span> 
     </span>
     <span class='ocr_line' id='line_1_4' title="bbox 436 865 1974 949; baseline -0.002 -20"><span class='ocrx_word' id='word_1_32' title='bbox 436 866 594 948; x_wconf 76' lang='lat' dir='ltr'><strong>indignos,</strong></span> <span class='ocrx_word' id='word_1_33' title='bbox 611 866 773 949; x_wconf 84' lang='lat' dir='ltr'><strong>propriam</strong></span> <span class='ocrx_word' id='word_1_34' title='bbox 798 867 896 930; x_wconf 83' lang='lat' dir='ltr'><strong>vitam</strong></span> <span class='ocrx_word' id='word_1_35' title='bbox 920 865 1118 941; x_wconf 88' lang='lat' dir='ltr'><strong>abbreviant,</strong></span> <span class='ocrx_word' id='word_1_36' title='bbox 1137 886 1184 929; x_wconf 92' lang='lat' dir='ltr'><strong>sa·</strong></span> <span class='ocrx_word' id='word_1_37' title='bbox 1240 865 1269 928; x_wconf 92' lang='lat' dir='ltr'><strong>ci</strong></span> <span class='ocrx_word' id='word_1_38' title='bbox 1284 882 1345 928; x_wconf 92' lang='lat' dir='ltr'><strong>nou</strong></span> <span class='ocrx_word' id='word_1_39' title='bbox 1361 865 1540 928; x_wconf 88' lang='lat' dir='ltr'><strong>subvenire.</strong></span> <span class='ocrx_word' id='word_1_40' title='bbox 1558 867 1698 942; x_wconf 81' lang='lat' dir='ltr'><strong>Cupiens</strong></span> <span class='ocrx_word' id='word_1_41' title='bbox 1711 867 1862 926; x_wconf 79' lang='lat' dir='ltr'><strong>saturari</strong></span> <span class='ocrx_word' id='word_1_42' title='bbox 1874 868 1912 926; x_wconf 86' lang='lat' dir='ltr'><strong>de</strong></span> <span class='ocrx_word' id='word_1_43' title='bbox 1924 869 1974 926; x_wconf 85' lang='lat' dir='ltr'><strong>mi·</strong></span> 
     </span>
     <span class='ocr_line' id='line_1_5' title="bbox 436 962 1974 1047; baseline -0.001 -21"><span class='ocrx_word' id='word_1_44' title='bbox 436 965 534 1027; x_wconf 85' lang='lat' dir='ltr'><strong>nitate</strong></span> <span class='ocrx_word' id='word_1_45' title='bbox 559 983 593 1027; x_wconf 85' lang='lat' dir='ltr'><strong>se</strong></span> <span class='ocrx_word' id='word_1_46' title='bbox 622 964 758 1046; x_wconf 84' lang='lat' dir='ltr'><strong>privant.</strong></span> <span class='ocrx_word' id='word_1_47' title='bbox 783 964 902 1027; x_wconf 87' lang='lat' dir='ltr'><strong>Nature</strong></span> <span class='ocrx_word' id='word_1_48' title='bbox 925 964 1046 1047; x_wconf 86' lang='lat' dir='ltr'><strong>quippe</strong></span> <span class='ocrx_word' id='word_1_49' title='bbox 1074 962 1185 1046; x_wconf 85' lang='lat' dir='ltr'><strong>paucis</strong></span> <span class='ocrx_word' id='word_1_50' title='bbox 1239 965 1974 1044; x_wconf 79' lang='lat' dir='ltr'><strong>eisquoecadebantdemansodicitis,etnema</strong></span> 
     </span>
     <span class='ocr_line' id='line_1_6' title="bbox 435 1061 1974 1145; baseline -0.001 -21"><span class='ocrx_word' id='word_1_51' title='bbox 435 1069 585 1125; x_wconf 87' lang='lat' dir='ltr'><strong>contenta</strong></span> <span class='ocrx_word' id='word_1_52' title='bbox 603 1070 661 1137; x_wconf 90' lang='lat' dir='ltr'><strong>est,</strong></span> <span class='ocrx_word' id='word_1_53' title='bbox 678 1070 711 1125; x_wconf 89' lang='lat' dir='ltr'><strong>et</strong></span> <span class='ocrx_word' id='word_1_54' title='bbox 731 1062 953 1144; x_wconf 81' lang='lat' dir='ltr'><strong>superfluitate</strong></span> <span class='ocrx_word' id='word_1_55' title='bbox 974 1062 1122 1125; x_wconf 89' lang='lat' dir='ltr'><strong>obruitur</strong></span> <span class='ocrx_word' id='word_1_56' title='bbox 1139 1070 1184 1124; x_wconf 88' lang='lat' dir='ltr'><strong>at·</strong></span> <span class='ocrx_word' id='word_1_57' title='bbox 1240 1063 1295 1121; x_wconf 82' lang='lat' dir='ltr'><strong>illi</strong></span> <span class='ocrx_word' id='word_1_58' title='bbox 1314 1063 1422 1123; x_wconf 83' lang='lat' dir='ltr'><strong>dabat.</strong></span> <span class='ocrx_word' id='word_1_59' title='bbox 1441 1061 1486 1124; x_wconf 83' lang='lat' dir='ltr'><strong>Ex</strong></span> <span class='ocrx_word' id='word_1_60' title='bbox 1507 1062 1626 1145; x_wconf 91' lang='lat' dir='ltr'><strong>quibus</strong></span> <span class='ocrx_word' id='word_1_61' title='bbox 1645 1069 1756 1144; x_wconf 89' lang='lat' dir='ltr'><strong>patent</strong></span> <span class='ocrx_word' id='word_1_62' title='bbox 1774 1061 1933 1124; x_wconf 87' lang='lat' dir='ltr'><strong>humilitas</strong></span> <span class='ocrx_word' id='word_1_63' title='bbox 1950 1071 1974 1124; x_wconf 89' lang='lat' dir='ltr'><strong>et</strong></span> 
     </span>
     <span class='ocr_line' id='line_1_7' title="bbox 435 1160 1974 1244; baseline 0 -22"><span class='ocrx_word' id='word_1_64' title='bbox 435 1179 498 1242; x_wconf 89' lang='lat' dir='ltr'><strong>que</strong></span> <span class='ocrx_word' id='word_1_65' title='bbox 512 1168 671 1242; x_wconf 78' lang='lat' dir='ltr'><strong>gravatur.</strong></span> <span class='ocrx_word' id='word_1_66' title='bbox 688 1161 761 1224; x_wconf 90' lang='lat' dir='ltr'><strong>ldeo</strong></span> <span class='ocrx_word' id='word_1_67' title='bbox 776 1161 926 1243; x_wconf 88' lang='lat' dir='ltr'><strong>princeps</strong></span> <span class='ocrx_word' id='word_1_68' title='bbox 940 1161 1182 1243; x_wconf 80' lang='lat' dir='ltr'><strong>Apostolorum:</strong></span> <span class='ocrx_word' id='word_1_69' title='bbox 1240 1160 1393 1242; x_wconf 88' lang='lat' dir='ltr'><strong>patientia</strong></span> <span class='ocrx_word' id='word_1_70' title='bbox 1410 1161 1500 1223; x_wconf 89' lang='lat' dir='ltr'><strong>valde</strong></span> <span class='ocrx_word' id='word_1_71' title='bbox 1521 1179 1634 1242; x_wconf 82' lang='lat' dir='ltr'><strong>magna</strong></span> <span class='ocrx_word' id='word_1_72' title='bbox 1653 1160 1751 1241; x_wconf 88' lang='lat' dir='ltr'><strong>hujus</strong></span> <span class='ocrx_word' id='word_1_73' title='bbox 1769 1160 1897 1244; x_wconf 86' lang='lat' dir='ltr'><strong>leprosi,</strong></span> <span class='ocrx_word' id='word_1_74' title='bbox 1911 1162 1974 1243; x_wconf 87' lang='lat' dir='ltr'><strong>quia</strong></span> 
     </span>
     <span class='ocr_line' id='line_1_8' title="bbox 435 1258 1972 1342; baseline 0 -20"><span class='ocrx_word' id='word_1_75' title='bbox 435 1258 573 1323; x_wconf 83' lang='lat' dir='ltr'><strong>Obsecro</strong></span> <span class='ocrx_word' id='word_1_76' title='bbox 593 1260 729 1342; x_wconf 88' lang='lat' dir='ltr'><strong>(inquit)</strong></span> <span class='ocrx_word' id='word_1_77' title='bbox 749 1277 805 1323; x_wconf 92' lang='lat' dir='ltr'><strong>vos</strong></span> <span class='ocrx_word' id='word_1_78' title='bbox 826 1259 987 1322; x_wconf 87' lang='lat' dir='ltr'><strong>abstinere</strong></span> <span class='ocrx_word' id='word_1_79' title='bbox 1010 1279 1029 1321; x_wconf 92' lang='lat' dir='ltr'><strong>a</strong></span> <span class='ocrx_word' id='word_1_80' title='bbox 1052 1258 1184 1322; x_wconf 88' lang='lat' dir='ltr'><strong>carnali·</strong></span> <span class='ocrx_word' id='word_1_81' title='bbox 1239 1259 1374 1320; x_wconf 89' lang='lat' dir='ltr'><strong>minima</strong></span> <span class='ocrx_word' id='word_1_82' title='bbox 1388 1259 1549 1341; x_wconf 87' lang='lat' dir='ltr'><strong>cupiebat,</strong></span> <span class='ocrx_word' id='word_1_83' title='bbox 1566 1267 1598 1322; x_wconf 91' lang='lat' dir='ltr'><strong>et</strong></span> <span class='ocrx_word' id='word_1_84' title='bbox 1612 1259 1659 1322; x_wconf 92' lang='lat' dir='ltr'><strong>eis</strong></span> <span class='ocrx_word' id='word_1_85' title='bbox 1674 1258 1790 1322; x_wconf 86' lang='lat' dir='ltr'><strong>fuisset</strong></span> <span class='ocrx_word' id='word_1_86' title='bbox 1808 1266 1972 1324; x_wconf 89' lang='lat' dir='ltr'><strong>contentus.</strong></span> 
     </span>
     <span class='ocr_line' id='line_1_9' title="bbox 315 1356 1973 1441; baseline 0 -21"><span class='ocrx_word' id='word_1_87' title='bbox 315 1373 321 1386; x_wconf 94' lang='lat'><em>·</em></span> <span class='ocrx_word' id='word_1_88' title='bbox 436 1357 496 1420; x_wconf 92' lang='lat' dir='ltr'><strong>bus</strong></span> <span class='ocrx_word' id='word_1_89' title='bbox 511 1358 690 1433; x_wconf 87' lang='lat' dir='ltr'><strong>desideriis,</strong></span> <span class='ocrx_word' id='word_1_90' title='bbox 706 1377 778 1441; x_wconf 81' lang='lat' dir='ltr'><strong>quae</strong></span> <span class='ocrx_word' id='word_1_91' title='bbox 793 1358 933 1421; x_wconf 92' lang='lat' dir='ltr'><strong>militant</strong></span> <span class='ocrx_word' id='word_1_92' title='bbox 946 1359 1097 1421; x_wconf 91' lang='lat' dir='ltr'><strong>adversus</strong></span> <span class='ocrx_word' id='word_1_93' title='bbox 1116 1358 1183 1420; x_wconf 90' lang='lat' dir='ltr'><strong>ani·</strong></span> <span class='ocrx_word' id='word_1_94' title='bbox 1240 1356 1285 1418; x_wconf 85' lang='lat' dir='ltr'><strong>Ex</strong></span> <span class='ocrx_word' id='word_1_95' title='bbox 1300 1357 1349 1419; x_wconf 92' lang='lat' dir='ltr'><strong>his</strong></span> <span class='ocrx_word' id='word_1_96' title='bbox 1364 1358 1460 1420; x_wconf 90' lang='lat' dir='ltr'><strong>etiam</strong></span> <span class='ocrx_word' id='word_1_97' title='bbox 1476 1358 1604 1420; x_wconf 89' lang='lat' dir='ltr'><strong>elicitur</strong></span> <span class='ocrx_word' id='word_1_98' title='bbox 1618 1357 1737 1433; x_wconf 91' lang='lat' dir='ltr'><strong>verbis,</strong></span> <span class='ocrx_word' id='word_1_99' title='bbox 1754 1358 1840 1440; x_wconf 90' lang='lat' dir='ltr'><strong>quod</strong></span> <span class='ocrx_word' id='word_1_100' title='bbox 1859 1375 1919 1421; x_wconf 90' lang='lat' dir='ltr'><strong>non</strong></span> <span class='ocrx_word' id='word_1_101' title='bbox 1934 1375 1973 1420; x_wconf 84' lang='lat' dir='ltr'><strong>so</strong></span> 
     </span>
     <span class='ocr_line' id='line_1_10' title="bbox 436 1454 1973 1539; baseline -0.001 -19"><span class='ocrx_word' id='word_1_102' title='bbox 436 1475 532 1520; x_wconf 93' lang='lat' dir='ltr'><strong>mam.</strong></span> <span class='ocrx_word' id='word_1_103' title='bbox 1240 1454 1306 1517; x_wconf 94' lang='lat' dir='ltr'><strong>lum</strong></span> <span class='ocrx_word' id='word_1_104' title='bbox 1322 1456 1375 1518; x_wconf 93' lang='lat' dir='ltr'><strong>hic</strong></span> <span class='ocrx_word' id='word_1_105' title='bbox 1390 1456 1490 1531; x_wconf 89' lang='lat' dir='ltr'><strong>dives,</strong></span> <span class='ocrx_word' id='word_1_106' title='bbox 1507 1457 1563 1519; x_wconf 90' lang='lat' dir='ltr'><strong>sed</strong></span> <span class='ocrx_word' id='word_1_107' title='bbox 1577 1456 1716 1519; x_wconf 85' lang='lat' dir='ltr'><strong>ministri</strong></span> <span class='ocrx_word' id='word_1_108' title='bbox 1732 1473 1861 1539; x_wconf 89' lang='lat' dir='ltr'><strong>quoque</strong></span> <span class='ocrx_word' id='word_1_109' title='bbox 1876 1455 1973 1538; x_wconf 85' lang='lat' dir='ltr'><strong>ipsius,</strong></span> 
     </span>
    </p>

    <p class='ocr_par' dir='ltr' id='par_1_3' title="bbox 429 1553 2065 2326">
     <span class='ocr_line' id='line_1_11' title="bbox 474 1553 1974 1637; baseline -0.001 -20"><span class='ocrx_word' id='word_1_110' title='bbox 474 1558 519 1617; x_wconf 81' lang='lat' dir='ltr'><strong>Et</strong></span> <span class='ocrx_word' id='word_1_111' title='bbox 537 1565 610 1616; x_wconf 88' lang='lat' dir='ltr'><strong>erat</strong></span> <span class='ocrx_word' id='word_1_112' title='bbox 630 1556 766 1636; x_wconf 81' lang='lat' dir='ltr'><strong>quidam</strong></span> <span class='ocrx_word' id='word_1_113' title='bbox 784 1557 953 1620; x_wconf 83' lang='lat' dir='ltr'><strong>mendicus</strong></span> <span class='ocrx_word' id='word_1_114' title='bbox 972 1557 1102 1616; x_wconf 82' lang='lat' dir='ltr'><strong>nemine</strong></span> <span class='ocrx_word' id='word_1_115' title='bbox 1120 1559 1184 1616; x_wconf 85' lang='lat' dir='ltr'><strong>La·</strong></span> <span class='ocrx_word' id='word_1_116' title='bbox 1239 1553 1310 1616; x_wconf 93' lang='lat' dir='ltr'><strong>duri</strong></span> <span class='ocrx_word' id='word_1_117' title='bbox 1337 1553 1741 1637; x_wconf 85' lang='lat' dir='ltr'><strong>immisericordissimique</strong></span> <span class='ocrx_word' id='word_1_118' title='bbox 1765 1554 1905 1629; x_wconf 88' lang='lat' dir='ltr'><strong>fuerunt,</strong></span> <span class='ocrx_word' id='word_1_119' title='bbox 1927 1556 1974 1637; x_wconf 87' lang='lat' dir='ltr'><strong>qui</strong></span> 
     </span>
     <span class='ocr_line' id='line_1_12' title="bbox 432 1651 1974 1737; baseline 0.002 -24"><span class='ocrx_word' id='word_1_120' title='bbox 432 1673 543 1714; x_wconf 75' lang='lat' dir='ltr'><strong>zares.</strong></span> <span class='ocrx_word' id='word_1_121' title='bbox 561 1652 629 1716; x_wconf 92' lang='lat' dir='ltr'><strong>Non</strong></span> <span class='ocrx_word' id='word_1_122' title='bbox 649 1652 759 1718; x_wconf 88' lang='lat' dir='ltr'><strong>divitis</strong></span> <span class='ocrx_word' id='word_1_123' title='bbox 783 1653 942 1735; x_wconf 89' lang='lat' dir='ltr'><strong>epulonis,</strong></span> <span class='ocrx_word' id='word_1_124' title='bbox 958 1653 1014 1714; x_wconf 89' lang='lat' dir='ltr'><strong>sed</strong></span> <span class='ocrx_word' id='word_1_125' title='bbox 1036 1651 1128 1734; x_wconf 81' lang='lat' dir='ltr'><strong>egeni</strong></span> <span class='ocrx_word' id='word_1_126' title='bbox 1151 1659 1183 1714; x_wconf 93' lang='lat' dir='ltr'><strong>et</strong></span> <span class='ocrx_word' id='word_1_127' title='bbox 1238 1651 1379 1726; x_wconf 89' lang='lat' dir='ltr'><strong>infirmo,</strong></span> <span class='ocrx_word' id='word_1_128' title='bbox 1396 1670 1507 1734; x_wconf 83' lang='lat' dir='ltr'><strong>egeno,</strong></span> <span class='ocrx_word' id='word_1_129' title='bbox 1524 1652 1683 1726; x_wconf 91' lang='lat' dir='ltr'><strong>famelico,</strong></span> <span class='ocrx_word' id='word_1_130' title='bbox 1700 1661 1765 1715; x_wconf 88' lang='lat' dir='ltr'><strong>tam</strong></span> <span class='ocrx_word' id='word_1_131' title='bbox 1780 1672 1880 1737; x_wconf 88' lang='lat' dir='ltr'><strong>parva</strong></span> <span class='ocrx_word' id='word_1_132' title='bbox 1893 1671 1974 1734; x_wconf 82' lang='lat' dir='ltr'><strong>nega·</strong></span> 
     </span>
     <span class='ocr_line' id='line_1_13' title="bbox 432 1750 1974 1835; baseline 0.001 -22"><span class='ocrx_word' id='word_1_133' title='bbox 432 1752 569 1816; x_wconf 87' lang='lat' dir='ltr'><strong>ulcerosi</strong></span> <span class='ocrx_word' id='word_1_134' title='bbox 584 1752 749 1834; x_wconf 90' lang='lat' dir='ltr'><strong>proprium</strong></span> <span class='ocrx_word' id='word_1_135' title='bbox 765 1769 881 1815; x_wconf 90' lang='lat' dir='ltr'><strong>nomen</strong></span> <span class='ocrx_word' id='word_1_136' title='bbox 898 1751 1041 1814; x_wconf 86' lang='lat' dir='ltr'><strong>Christus</strong></span> <span class='ocrx_word' id='word_1_137' title='bbox 1056 1770 1182 1833; x_wconf 82' lang='lat' dir='ltr'><strong>expres·</strong></span> <span class='ocrx_word' id='word_1_138' title='bbox 1237 1750 1323 1814; x_wconf 90' lang='lat' dir='ltr'><strong>bant.</strong></span> <span class='ocrx_word' id='word_1_139' title='bbox 1342 1752 1492 1815; x_wconf 86' lang='lat' dir='ltr'><strong>Crudeles</strong></span> <span class='ocrx_word' id='word_1_140' title='bbox 1512 1771 1650 1835; x_wconf 91' lang='lat' dir='ltr'><strong>namque</strong></span> <span class='ocrx_word' id='word_1_141' title='bbox 1669 1760 1702 1815; x_wconf 89' lang='lat' dir='ltr'><strong>et</strong></span> <span class='ocrx_word' id='word_1_142' title='bbox 1716 1753 1974 1817; x_wconf 90' lang='lat' dir='ltr'><strong>immisericordes</strong></span> 
     </span>
     <span class='ocr_line' id='line_1_14' title="bbox 430 1846 1974 1933; baseline 0.003 -21"><span class='ocrx_word' id='word_1_143' title='bbox 430 1850 472 1913; x_wconf 89' lang='lat' dir='ltr'><strong>sit</strong></span> <span class='ocrx_word' id='word_1_144' title='bbox 489 1869 495 1912; x_wconf 93' lang='lat'><strong>:</strong></span> <span class='ocrx_word' id='word_1_145' title='bbox 512 1851 664 1933; x_wconf 90' lang='lat' dir='ltr'><strong>quoniam</strong></span> <span class='ocrx_word' id='word_1_146' title='bbox 685 1869 860 1933; x_wconf 90' lang='lat' dir='ltr'><strong>pauperem</strong></span> <span class='ocrx_word' id='word_1_147' title='bbox 879 1850 976 1913; x_wconf 91' lang='lat' dir='ltr'><strong>istum</strong></span> <span class='ocrx_word' id='word_1_148' title='bbox 994 1868 1052 1932; x_wconf 93' lang='lat' dir='ltr'><strong>per</strong></span> <span class='ocrx_word' id='word_1_149' title='bbox 1066 1846 1216 1932; x_wconf 81' lang='lat' dir='ltr'><strong>approll</strong></span> <span class='ocrx_word' id='word_1_150' title='bbox 1238 1849 1370 1926; x_wconf 91' lang='lat' dir='ltr'><strong>domini,</strong></span> <span class='ocrx_word' id='word_1_151' title='bbox 1383 1851 1499 1914; x_wconf 90' lang='lat' dir='ltr'><strong>hebere</strong></span> <span class='ocrx_word' id='word_1_152' title='bbox 1515 1851 1619 1915; x_wconf 90' lang='lat' dir='ltr'><strong>solent</strong></span> <span class='ocrx_word' id='word_1_153' title='bbox 1632 1850 1789 1915; x_wconf 88' lang='lat' dir='ltr'><strong>familiam</strong></span> <span class='ocrx_word' id='word_1_154' title='bbox 1805 1852 1867 1914; x_wconf 91' lang='lat' dir='ltr'><strong>sibi</strong></span> <span class='ocrx_word' id='word_1_155' title='bbox 1883 1853 1974 1916; x_wconf 90' lang='lat' dir='ltr'><strong>consi-</strong></span> 
     </span>
     <span class='ocr_line' id='line_1_15' title="bbox 429 1947 2065 2030; baseline 0.003 -19"><span class='ocrx_word' id='word_1_156' title='bbox 429 1948 591 2012; x_wconf 92' lang='lat' dir='ltr'><strong>bationem</strong></span> <span class='ocrx_word' id='word_1_157' title='bbox 608 1949 766 2030; x_wconf 79' lang='lat' dir='ltr'><strong>cognovit,</strong></span> <span class='ocrx_word' id='word_1_158' title='bbox 783 1957 815 2011; x_wconf 92' lang='lat' dir='ltr'><strong>et</strong></span> <span class='ocrx_word' id='word_1_159' title='bbox 830 1967 946 2012; x_wconf 93' lang='lat' dir='ltr'><strong>nomeu</strong></span> <span class='ocrx_word' id='word_1_160' title='bbox 962 1949 1032 2030; x_wconf 86' lang='lat' dir='ltr'><strong>ejus</strong></span> <span class='ocrx_word' id='word_1_161' title='bbox 1048 1948 1081 2010; x_wconf 94' lang='lat' dir='ltr'><strong>in</strong></span> <span class='ocrx_word' id='word_1_162' title='bbox 1097 1947 1179 2010; x_wconf 90' lang='lat' dir='ltr'><strong>libro</strong></span> <span class='ocrx_word' id='word_1_163' title='bbox 1237 1947 1359 2022; x_wconf 88' lang='lat' dir='ltr'><strong>milam,</strong></span> <span class='ocrx_word' id='word_1_164' title='bbox 1380 1949 1470 2030; x_wconf 82' lang='lat' dir='ltr'><strong>juxta</strong></span> <span class='ocrx_word' id='word_1_165' title='bbox 1496 1949 1575 2012; x_wconf 90' lang='lat' dir='ltr'><strong>illud</strong></span> <span class='ocrx_word' id='word_1_166' title='bbox 1600 1951 1816 2014; x_wconf 82' lang='lat' dir='ltr'><strong>Ecclesiastici</strong></span> <span class='ocrx_word' id='word_1_167' title='bbox 1840 1970 1847 2012; x_wconf 93' lang='lat'><strong>:</strong></span> <span class='ocrx_word' id='word_1_168' title='bbox 1868 1951 1973 2014; x_wconf 89' lang='lat' dir='ltr'><strong>Secun-</strong></span> <span class='ocrx_word' id='word_1_169' title='bbox 1985 1974 2065 2018; x_wconf 61' lang='lat' dir='ltr'><strong>raven</strong></span> 
     </span>
     <span class='ocr_line' id='line_1_16' title="bbox 430 2046 1970 2131; baseline 0.001 -21"><span class='ocrx_word' id='word_1_170' title='bbox 430 2047 503 2112; x_wconf 83' lang='lat' dir='ltr'><strong>vitae</strong></span> <span class='ocrx_word' id='word_1_171' title='bbox 528 2067 584 2111; x_wconf 92' lang='lat' dir='ltr'><strong>seu</strong></span> <span class='ocrx_word' id='word_1_172' title='bbox 608 2047 894 2131; x_wconf 69' lang='lat' dir='ltr'><strong>predestinationis</strong></span> <span class='ocrx_word' id='word_1_173' title='bbox 918 2056 1043 2110; x_wconf 78' lang='lat' dir='ltr'><strong>cateruae</strong></span> <span class='ocrx_word' id='word_1_174' title='bbox 1067 2046 1180 2109; x_wconf 88' lang='lat' dir='ltr'><strong>babuit</strong></span> <span class='ocrx_word' id='word_1_175' title='bbox 1234 2047 1311 2108; x_wconf 93' lang='lat' dir='ltr'><strong>dum</strong></span> <span class='ocrx_word' id='word_1_176' title='bbox 1329 2047 1472 2127; x_wconf 82' lang='lat' dir='ltr'><strong>judicem</strong></span> <span class='ocrx_word' id='word_1_177' title='bbox 1493 2048 1679 2130; x_wconf 89' lang='lat' dir='ltr'><strong>populi,·sie</strong></span> <span class='ocrx_word' id='word_1_178' title='bbox 1694 2056 1725 2113; x_wconf 88' lang='lat' dir='ltr'><strong>ct</strong></span> <span class='ocrx_word' id='word_1_179' title='bbox 1746 2050 1887 2113; x_wconf 91' lang='lat' dir='ltr'><strong>ministri</strong></span> <span class='ocrx_word' id='word_1_180' title='bbox 1901 2050 1970 2131; x_wconf 83' lang='lat' dir='ltr'><strong>ejus.</strong></span> 
     </span>
     <span class='ocr_line' id='line_1_17' title="bbox 431 2143 2064 2230; baseline 0.002 -24"><span class='ocrx_word' id='word_1_181' title='bbox 431 2146 608 2228; x_wconf 89' lang='lat' dir='ltr'><strong>seriptum;</strong></span> <span class='ocrx_word' id='word_1_182' title='bbox 634 2146 767 2209; x_wconf 88' lang='lat' dir='ltr'><strong>divitem</strong></span> <span class='ocrx_word' id='word_1_183' title='bbox 790 2164 866 2209; x_wconf 92' lang='lat' dir='ltr'><strong>vero</strong></span> <span class='ocrx_word' id='word_1_184' title='bbox 891 2146 1037 2220; x_wconf 91' lang='lat' dir='ltr'><strong>nescivit,</strong></span> <span class='ocrx_word' id='word_1_185' title='bbox 1062 2145 1093 2207; x_wconf 93' lang='lat' dir='ltr'><strong>id</strong></span> <span class='ocrx_word' id='word_1_186' title='bbox 1118 2151 1176 2219; x_wconf 87' lang='lat' dir='ltr'><strong>est,</strong></span> <span class='ocrx_word' id='word_1_187' title='bbox 1234 2143 1381 2207; x_wconf 86' lang='lat' dir='ltr'><strong>Salomon</strong></span> <span class='ocrx_word' id='word_1_188' title='bbox 1397 2163 1524 2226; x_wconf 89' lang='lat' dir='ltr'><strong>quoque</strong></span> <span class='ocrx_word' id='word_1_189' title='bbox 1540 2144 1657 2208; x_wconf 89' lang='lat' dir='ltr'><strong>fatetur</strong></span> <span class='ocrx_word' id='word_1_190' title='bbox 1674 2165 1681 2208; x_wconf 95' lang='lat'><strong>:</strong></span> <span class='ocrx_word' id='word_1_191' title='bbox 1699 2147 1763 2210; x_wconf 81' lang='lat' dir='ltr'><strong>Rex</strong></span> <span class='ocrx_word' id='word_1_192' title='bbox 1779 2147 1900 2230; x_wconf 92' lang='lat' dir='ltr'><strong>impius</strong></span> <span class='ocrx_word' id='word_1_193' title='bbox 1914 2167 1972 2210; x_wconf 92' lang='lat' dir='ltr'><strong>om·</strong></span> <span class='ocrx_word' id='word_1_194' title='bbox 1983 2161 2064 2203; x_wconf 65' lang='lat' dir='ltr'><strong>rma</strong></span> 
     </span>
     <span class='ocr_line' id='line_1_18' title="bbox 429 2226 2008 2326; baseline 0.001 -20"><span class='ocrx_word' id='word_1_195' title='bbox 429 2263 487 2326; x_wconf 91' lang='lat' dir='ltr'><strong>per</strong></span> <span class='ocrx_word' id='word_1_196' title='bbox 501 2244 764 2326; x_wconf 86' lang='lat' dir='ltr'><strong>approbationem</strong></span> <span class='ocrx_word' id='word_1_197' title='bbox 780 2263 843 2306; x_wconf 92' lang='lat' dir='ltr'><strong>non</strong></span> <span class='ocrx_word' id='word_1_198' title='bbox 859 2245 958 2319; x_wconf 91' lang='lat' dir='ltr'><strong>novit,</strong></span> <span class='ocrx_word' id='word_1_199' title='bbox 975 2245 1179 2325; x_wconf 84' lang='lat' dir='ltr'><strong>quemadmo</strong></span> <span class='ocrx_word' id='word_1_200' title='bbox 1234 2260 1291 2304; x_wconf 92' lang='lat' dir='ltr'><strong>nes</strong></span> <span class='ocrx_word' id='word_1_201' title='bbox 1307 2242 1468 2305; x_wconf 92' lang='lat' dir='ltr'><strong>ministros</strong></span> <span class='ocrx_word' id='word_1_202' title='bbox 1484 2243 1581 2307; x_wconf 88' lang='lat' dir='ltr'><strong>babet</strong></span> <span class='ocrx_word' id='word_1_203' title='bbox 1595 2244 1741 2325; x_wconf 83' lang='lat' dir='ltr'><strong>injustos.</strong></span> <span class='ocrx_word' id='word_1_204' title='bbox 1754 2246 1882 2308; x_wconf 90' lang='lat' dir='ltr'><strong>Subditi</strong></span> <span class='ocrx_word' id='word_1_205' title='bbox 1897 2266 1972 2308; x_wconf 93' lang='lat' dir='ltr'><strong>nam·</strong></span> <span class='ocrx_word' id='word_1_206' title='bbox 1985 2226 2008 2266; x_wconf 71' lang='lat'><strong>¹²·</strong></span> 
     </span>
    </p>

    <p class='ocr_par' dir='ltr' id='par_1_4' title="bbox 261 2340 2076 4983">
     <span class='ocr_line' id='line_1_19' title="bbox 261 2340 1972 2432; baseline 0.001 -28"><span class='ocrx_word' id='word_1_207' title='bbox 261 2425 265 2432; x_wconf 28' lang='lat'><strong><em>¹</em></strong></span> <span class='ocrx_word' id='word_1_208' title='bbox 429 2342 506 2404; x_wconf 90' lang='lat' dir='ltr'><strong>dum</strong></span> <span class='ocrx_word' id='word_1_209' title='bbox 530 2341 674 2405; x_wconf 83' lang='lat' dir='ltr'><strong>Christus</strong></span> <span class='ocrx_word' id='word_1_210' title='bbox 698 2343 738 2404; x_wconf 91' lang='lat' dir='ltr'><strong>de</strong></span> <span class='ocrx_word' id='word_1_211' title='bbox 762 2342 906 2424; x_wconf 91' lang='lat' dir='ltr'><strong>reprobis</strong></span> <span class='ocrx_word' id='word_1_212' title='bbox 932 2342 1065 2425; x_wconf 90' lang='lat' dir='ltr'><strong>loquens</strong></span> <span class='ocrx_word' id='word_1_213' title='bbox 1089 2341 1179 2404; x_wconf 90' lang='lat' dir='ltr'><strong>affir·</strong></span> <span class='ocrx_word' id='word_1_214' title='bbox 1233 2359 1296 2421; x_wconf 90' lang='lat' dir='ltr'><strong>que</strong></span> <span class='ocrx_word' id='word_1_215' title='bbox 1315 2340 1420 2403; x_wconf 90' lang='lat' dir='ltr'><strong>facere</strong></span> <span class='ocrx_word' id='word_1_216' title='bbox 1439 2342 1542 2404; x_wconf 87' lang='lat' dir='ltr'><strong>solent</strong></span> <span class='ocrx_word' id='word_1_217' title='bbox 1561 2344 1758 2407; x_wconf 90' lang='lat' dir='ltr'><strong>voluntatem</strong></span> <span class='ocrx_word' id='word_1_218' title='bbox 1779 2345 1972 2428; x_wconf 90' lang='lat' dir='ltr'><strong>superiorum</strong></span> 
     </span>
     <span class='ocr_line' id='line_1_20' title="bbox 281 2439 1973 2519; baseline 0.001 -17"><span class='ocrx_word' id='word_1_219' title='bbox 281 2449 495 2519; x_wconf 58' lang='lat' dir='ltr'><strong>navvv,v.1‚mat</strong></span> <span class='ocrx_word' id='word_1_220' title='bbox 521 2457 528 2502; x_wconf 93' lang='lat'><strong>:</strong></span> <span class='ocrx_word' id='word_1_221' title='bbox 555 2440 643 2502; x_wconf 80' lang='lat' dir='ltr'><strong>runc</strong></span> <span class='ocrx_word' id='word_1_222' title='bbox 668 2439 847 2503; x_wconf 90' lang='lat' dir='ltr'><strong>confitebor</strong></span> <span class='ocrx_word' id='word_1_223' title='bbox 871 2439 945 2513; x_wconf 91' lang='lat' dir='ltr'><strong>illis,</strong></span> <span class='ocrx_word' id='word_1_224' title='bbox 967 2440 1046 2514; x_wconf 84' lang='lat' dir='ltr'><strong>Quia</strong></span> <span class='ocrx_word' id='word_1_225' title='bbox 1070 2441 1178 2503; x_wconf 89' lang='lat' dir='ltr'><strong>nescio</strong></span> <span class='ocrx_word' id='word_1_226' title='bbox 1233 2456 1374 2502; x_wconf 89' lang='lat' dir='ltr'><strong>suorum.</strong></span> <span class='ocrx_word' id='word_1_227' title='bbox 1392 2443 1502 2501; x_wconf 82' lang='lat' dir='ltr'><strong>Sedet</strong></span> <span class='ocrx_word' id='word_1_228' title='bbox 1517 2442 1735 2506; x_wconf 79' lang='lat' dir='ltr'><strong>canasdivitis</strong></span> <span class='ocrx_word' id='word_1_229' title='bbox 1753 2445 1973 2514; x_wconf 61' lang='lat' dir='ltr'><strong>contabescet</strong></span> 
     </span>
     <span class='ocr_line' id='line_1_21' title="bbox 282 2532 1973 2623; baseline 0.001 -22"><span class='ocrx_word' id='word_1_230' title='bbox 282 2532 317 2574; x_wconf 77' lang='lat'><strong>²³·</strong></span> <span class='ocrx_word' id='word_1_231' title='bbox 429 2555 495 2602; x_wconf 90' lang='lat' dir='ltr'><strong>vos.</strong></span> <span class='ocrx_word' id='word_1_232' title='bbox 513 2538 594 2601; x_wconf 83' lang='lat' dir='ltr'><strong>ilinc</strong></span> <span class='ocrx_word' id='word_1_233' title='bbox 612 2539 710 2622; x_wconf 80' lang='lat' dir='ltr'><strong>bfoysi</strong></span> <span class='ocrx_word' id='word_1_234' title='bbox 726 2538 796 2602; x_wconf 91' lang='lat' dir='ltr'><strong>viro</strong></span> <span class='ocrx_word' id='word_1_235' title='bbox 815 2538 916 2602; x_wconf 88' lang='lat' dir='ltr'><strong>eleeto</strong></span> <span class='ocrx_word' id='word_1_236' title='bbox 933 2538 977 2600; x_wconf 88' lang='lat' dir='ltr'><strong>ait</strong></span> <span class='ocrx_word' id='word_1_237' title='bbox 997 2538 1174 2601; x_wconf 86' lang='lat' dir='ltr'><strong>Dominus:</strong></span> <span class='ocrx_word' id='word_1_238' title='bbox 1234 2538 1399 2614; x_wconf 77' lang='lat' dir='ltr'><strong>tinpebact</strong></span> <span class='ocrx_word' id='word_1_239' title='bbox 1415 2543 1526 2599; x_wconf 84' lang='lat' dir='ltr'><strong>ulcera</strong></span> <span class='ocrx_word' id='word_1_240' title='bbox 1545 2542 1626 2618; x_wconf 82' lang='lat' dir='ltr'><strong>ejus.</strong></span> <span class='ocrx_word' id='word_1_241' title='bbox 1644 2541 1760 2623; x_wconf 83' lang='lat' dir='ltr'><strong>Sisque</strong></span> <span class='ocrx_word' id='word_1_242' title='bbox 1780 2560 1876 2604; x_wconf 90' lang='lat' dir='ltr'><strong>canes</strong></span> <span class='ocrx_word' id='word_1_243' title='bbox 1895 2541 1973 2604; x_wconf 88' lang='lat' dir='ltr'><strong>beni-</strong></span> 
     </span>
     <span class='ocr_line' id='line_1_22' title="bbox 307 2635 2076 2723; baseline 0.002 -24"><span class='ocrx_word' id='word_1_244' title='bbox 307 2662 386 2707; x_wconf 72' lang='lat' dir='ltr'><strong>aeae.</strong></span> <span class='ocrx_word' id='word_1_245' title='bbox 428 2637 470 2700; x_wconf 86' lang='lat' dir='ltr'><strong>Te</strong></span> <span class='ocrx_word' id='word_1_246' title='bbox 486 2637 594 2720; x_wconf 89' lang='lat' dir='ltr'><strong>ipsum</strong></span> <span class='ocrx_word' id='word_1_247' title='bbox 610 2637 738 2700; x_wconf 80' lang='lat' dir='ltr'><strong>novies</strong></span> <span class='ocrx_word' id='word_1_248' title='bbox 758 2637 898 2700; x_wconf 89' lang='lat' dir='ltr'><strong>nomine.</strong></span> <span class='ocrx_word' id='word_1_249' title='bbox 916 2637 997 2698; x_wconf 88' lang='lat' dir='ltr'><strong>Eece</strong></span> <span class='ocrx_word' id='word_1_250' title='bbox 1017 2637 1177 2718; x_wconf 91' lang='lat' dir='ltr'><strong>quomodo</strong></span> <span class='ocrx_word' id='word_1_251' title='bbox 1232 2635 1359 2715; x_wconf 83' lang='lat' dir='ltr'><strong>gniores</strong></span> <span class='ocrx_word' id='word_1_252' title='bbox 1379 2636 1510 2699; x_wconf 92' lang='lat' dir='ltr'><strong>fuerunt</strong></span> <span class='ocrx_word' id='word_1_253' title='bbox 1530 2639 1664 2722; x_wconf 92' lang='lat' dir='ltr'><strong>pauperi</strong></span> <span class='ocrx_word' id='word_1_254' title='bbox 1683 2639 1873 2723; x_wconf 88' lang='lat' dir='ltr'><strong>huicquam</strong></span> <span class='ocrx_word' id='word_1_255' title='bbox 1893 2641 1972 2704; x_wconf 89' lang='lat' dir='ltr'><strong>dives</strong></span> <span class='ocrx_word' id='word_1_256' title='bbox 2075 2643 2076 2702; x_wconf 75' lang='lat' dir='ltr'><strong>i</strong></span> 
     </span>
     <span class='ocr_line' id='line_1_23' title="bbox 280 2729 1974 2820; baseline 0.001 -22"><span class='ocrx_word' id='word_1_257' title='bbox 280 2739 352 2778; x_wconf 75' lang='lat'>“¹¹¹&#39;·</span> <span class='ocrx_word' id='word_1_258' title='bbox 363 2729 395 2770; x_wconf 87' lang='lat'><strong>¹⁷·</strong></span> <span class='ocrx_word' id='word_1_259' title='bbox 427 2734 490 2798; x_wconf 88' lang='lat' dir='ltr'><strong>alia</strong></span> <span class='ocrx_word' id='word_1_260' title='bbox 509 2743 584 2798; x_wconf 92' lang='lat' dir='ltr'><strong>suut</strong></span> <span class='ocrx_word' id='word_1_261' title='bbox 602 2734 725 2816; x_wconf 86' lang='lat' dir='ltr'><strong>judicia</strong></span> <span class='ocrx_word' id='word_1_262' title='bbox 745 2735 812 2810; x_wconf 88' lang='lat' dir='ltr'><strong>Dei,</strong></span> <span class='ocrx_word' id='word_1_263' title='bbox 829 2735 891 2796; x_wconf 90' lang='lat' dir='ltr'><strong>alia</strong></span> <span class='ocrx_word' id='word_1_264' title='bbox 912 2735 1034 2810; x_wconf 87' lang='lat' dir='ltr'><strong>mundi,</strong></span> <span class='ocrx_word' id='word_1_265' title='bbox 1050 2742 1083 2797; x_wconf 89' lang='lat' dir='ltr'><strong>et</strong></span> <span class='ocrx_word' id='word_1_266' title='bbox 1101 2753 1178 2816; x_wconf 92' lang='lat' dir='ltr'><strong>quo·</strong></span> <span class='ocrx_word' id='word_1_267' title='bbox 1233 2741 1264 2794; x_wconf 87' lang='lat' dir='ltr'><strong>et</strong></span> <span class='ocrx_word' id='word_1_268' title='bbox 1279 2734 1349 2813; x_wconf 90' lang='lat' dir='ltr'><strong>ejus</strong></span> <span class='ocrx_word' id='word_1_269' title='bbox 1364 2734 1495 2797; x_wconf 91' lang='lat' dir='ltr'><strong>familia.</strong></span> <span class='ocrx_word' id='word_1_270' title='bbox 1513 2735 1612 2799; x_wconf 86' lang='lat' dir='ltr'><strong>Canes</strong></span> <span class='ocrx_word' id='word_1_271' title='bbox 1627 2738 1748 2820; x_wconf 87' lang='lat' dir='ltr'><strong>quippe</strong></span> <span class='ocrx_word' id='word_1_272' title='bbox 1764 2740 1902 2802; x_wconf 89' lang='lat' dir='ltr'><strong>naturali</strong></span> <span class='ocrx_word' id='word_1_273' title='bbox 1916 2758 1974 2802; x_wconf 90' lang='lat' dir='ltr'><strong>ma·</strong></span> 
     </span>
     <span class='ocr_line' id='line_1_24' title="bbox 278 2831 1972 2921; baseline 0.001 -24"><span class='ocrx_word' id='word_1_274' title='bbox 278 2861 413 2914; x_wconf 47' lang='lat' dir='ltr'><strong>morphe,</strong></span> <span class='ocrx_word' id='word_1_275' title='bbox 428 2837 522 2899; x_wconf 94' lang='lat' dir='ltr'><strong>modo</strong></span> <span class='ocrx_word' id='word_1_276' title='bbox 544 2834 700 2918; x_wconf 88' lang='lat' dir='ltr'><strong>sapientia</strong></span> <span class='ocrx_word' id='word_1_277' title='bbox 722 2833 830 2898; x_wconf 81' lang='lat' dir='ltr'><strong>saeculi</strong></span> <span class='ocrx_word' id='word_1_278' title='bbox 852 2834 949 2914; x_wconf 90' lang='lat' dir='ltr'><strong>bujus</strong></span> <span class='ocrx_word' id='word_1_279' title='bbox 971 2833 1105 2897; x_wconf 88' lang='lat' dir='ltr'><strong>stultitia</strong></span> <span class='ocrx_word' id='word_1_280' title='bbox 1129 2841 1177 2896; x_wconf 91' lang='lat' dir='ltr'><strong>est</strong></span> <span class='ocrx_word' id='word_1_281' title='bbox 1230 2831 1361 2911; x_wconf 82' lang='lat' dir='ltr'><strong>gisterio</strong></span> <span class='ocrx_word' id='word_1_282' title='bbox 1391 2833 1507 2914; x_wconf 75' lang='lat' dir='ltr'><strong>liuguae</strong></span> <span class='ocrx_word' id='word_1_283' title='bbox 1535 2855 1611 2910; x_wconf 85' lang='lat' dir='ltr'><strong>suae,</strong></span> <span class='ocrx_word' id='word_1_284' title='bbox 1638 2836 1801 2900; x_wconf 88' lang='lat' dir='ltr'><strong>ulceribus</strong></span> <span class='ocrx_word' id='word_1_285' title='bbox 1831 2839 1972 2921; x_wconf 90' lang='lat' dir='ltr'><strong>pauperis</strong></span> 
     </span>
     <span class='ocr_line' id='line_1_25' title="bbox 426 2929 1973 3017; baseline 0.001 -22"><span class='ocrx_word' id='word_1_286' title='bbox 426 2934 511 3015; x_wconf 91' lang='lat' dir='ltr'><strong>apud</strong></span> <span class='ocrx_word' id='word_1_287' title='bbox 540 2935 650 2997; x_wconf 88' lang='lat' dir='ltr'><strong>Deum.</strong></span> <span class='ocrx_word' id='word_1_288' title='bbox 678 2932 768 2995; x_wconf 85' lang='lat' dir='ltr'><strong>Certe</strong></span> <span class='ocrx_word' id='word_1_289' title='bbox 792 2932 876 3014; x_wconf 87' lang='lat' dir='ltr'><strong>apud</strong></span> <span class='ocrx_word' id='word_1_290' title='bbox 905 2933 990 2994; x_wconf 90' lang='lat' dir='ltr'><strong>hune</strong></span> <span class='ocrx_word' id='word_1_291' title='bbox 1019 2933 1175 2994; x_wconf 91' lang='lat' dir='ltr'><strong>mundum</strong></span> <span class='ocrx_word' id='word_1_292' title='bbox 1232 2929 1459 3012; x_wconf 89' lang='lat' dir='ltr'><strong>impendebant</strong></span> <span class='ocrx_word' id='word_1_293' title='bbox 1475 2933 1750 3017; x_wconf 90' lang='lat' dir='ltr'><strong>medelam,quem</strong></span> <span class='ocrx_word' id='word_1_294' title='bbox 1766 2936 1973 2999; x_wconf 81' lang='lat' dir='ltr'><strong>divescontra</strong></span> 
     </span>
     <span class='ocr_line' id='line_1_26' title="bbox 427 3029 1972 3114; baseline 0 -20"><span class='ocrx_word' id='word_1_295' title='bbox 427 3033 642 3106; x_wconf 91' lang='lat' dir='ltr'><strong>immundum,</strong></span> <span class='ocrx_word' id='word_1_296' title='bbox 660 3032 720 3094; x_wconf 90' lang='lat' dir='ltr'><strong>boc</strong></span> <span class='ocrx_word' id='word_1_297' title='bbox 735 3037 784 3092; x_wconf 90' lang='lat' dir='ltr'><strong>est</strong></span> <span class='ocrx_word' id='word_1_298' title='bbox 797 3030 881 3112; x_wconf 93' lang='lat' dir='ltr'><strong>apud</strong></span> <span class='ocrx_word' id='word_1_299' title='bbox 901 3030 1048 3093; x_wconf 91' lang='lat' dir='ltr'><strong>homines</strong></span> <span class='ocrx_word' id='word_1_300' title='bbox 1067 3031 1212 3096; x_wconf 85' lang='lat' dir='ltr'><strong>carna-C</strong></span> <span class='ocrx_word' id='word_1_301' title='bbox 1231 3029 1374 3090; x_wconf 89' lang='lat' dir='ltr'><strong>naturale</strong></span> <span class='ocrx_word' id='word_1_302' title='bbox 1388 3029 1440 3109; x_wconf 91' lang='lat' dir='ltr'><strong>jus</strong></span> <span class='ocrx_word' id='word_1_303' title='bbox 1461 3033 1662 3114; x_wconf 88' lang='lat' dir='ltr'><strong>contempsit.</strong></span> <span class='ocrx_word' id='word_1_304' title='bbox 1680 3033 1774 3096; x_wconf 88' lang='lat' dir='ltr'><strong>Dives</strong></span> <span class='ocrx_word' id='word_1_305' title='bbox 1795 3035 1893 3097; x_wconf 89' lang='lat' dir='ltr'><strong>etiam</strong></span> <span class='ocrx_word' id='word_1_306' title='bbox 1913 3035 1972 3097; x_wconf 91' lang='lat' dir='ltr'><strong>suis</strong></span> 
     </span>
     <span class='ocr_line' id='line_1_27' title="bbox 427 3127 1970 3215; baseline 0.001 -23"><span class='ocrx_word' id='word_1_307' title='bbox 427 3130 483 3206; x_wconf 92' lang='lat' dir='ltr'><strong>les,</strong></span> <span class='ocrx_word' id='word_1_308' title='bbox 501 3131 690 3206; x_wconf 91' lang='lat' dir='ltr'><strong>mundanos,</strong></span> <span class='ocrx_word' id='word_1_309' title='bbox 707 3129 807 3211; x_wconf 82' lang='lat' dir='ltr'><strong>magis</strong></span> <span class='ocrx_word' id='word_1_310' title='bbox 822 3129 945 3192; x_wconf 88' lang='lat' dir='ltr'><strong>famosa</strong></span> <span class='ocrx_word' id='word_1_311' title='bbox 964 3138 994 3192; x_wconf 90' lang='lat' dir='ltr'><strong>et</strong></span> <span class='ocrx_word' id='word_1_312' title='bbox 1011 3138 1085 3192; x_wconf 89' lang='lat' dir='ltr'><strong>nota</strong></span> <span class='ocrx_word' id='word_1_313' title='bbox 1100 3138 1175 3193; x_wconf 93' lang='lat' dir='ltr'><strong>sunt</strong></span> <span class='ocrx_word' id='word_1_314' title='bbox 1230 3127 1364 3189; x_wconf 90' lang='lat' dir='ltr'><strong>canibus</strong></span> <span class='ocrx_word' id='word_1_315' title='bbox 1392 3127 1622 3194; x_wconf 76' lang='lat' dir='ltr'><strong>beneficentior</strong></span> <span class='ocrx_word' id='word_1_316' title='bbox 1645 3129 1707 3193; x_wconf 91' lang='lat' dir='ltr'><strong>fuit</strong></span> <span class='ocrx_word' id='word_1_317' title='bbox 1730 3152 1828 3215; x_wconf 86' lang='lat' dir='ltr'><strong>quam</strong></span> <span class='ocrx_word' id='word_1_318' title='bbox 1854 3133 1970 3196; x_wconf 91' lang='lat' dir='ltr'><strong>Lazaro.</strong></span> 
     </span>
     <span class='ocr_line' id='line_1_28' title="bbox 426 3224 2075 3313; baseline 0.001 -23"><span class='ocrx_word' id='word_1_319' title='bbox 426 3230 556 3293; x_wconf 92' lang='lat' dir='ltr'><strong>nomina</strong></span> <span class='ocrx_word' id='word_1_320' title='bbox 570 3229 706 3291; x_wconf 89' lang='lat' dir='ltr'><strong>divitum</strong></span> <span class='ocrx_word' id='word_1_321' title='bbox 722 3247 758 3291; x_wconf 88' lang='lat' dir='ltr'><strong>ac</strong></span> <span class='ocrx_word' id='word_1_322' title='bbox 774 3228 954 3310; x_wconf 87' lang='lat' dir='ltr'><strong>potentium</strong></span> <span class='ocrx_word' id='word_1_323' title='bbox 969 3247 1066 3311; x_wconf 89' lang='lat' dir='ltr'><strong>quam</strong></span> <span class='ocrx_word' id='word_1_324' title='bbox 1084 3227 1174 3291; x_wconf 91' lang='lat' dir='ltr'><strong>infir·</strong></span> <span class='ocrx_word' id='word_1_325' title='bbox 1231 3224 1268 3285; x_wconf 86' lang='lat' dir='ltr'><strong>Et</strong></span> <span class='ocrx_word' id='word_1_326' title='bbox 1296 3226 1370 3300; x_wconf 89' lang='lat' dir='ltr'><strong>heu,</strong></span> <span class='ocrx_word' id='word_1_327' title='bbox 1398 3246 1494 3308; x_wconf 90' lang='lat' dir='ltr'><strong>quam</strong></span> <span class='ocrx_word' id='word_1_328' title='bbox 1522 3228 1614 3290; x_wconf 91' lang='lat' dir='ltr'><strong>multi</strong></span> <span class='ocrx_word' id='word_1_329' title='bbox 1644 3248 1747 3313; x_wconf 87' lang='lat' dir='ltr'><strong>usque</strong></span> <span class='ocrx_word' id='word_1_330' title='bbox 1776 3231 1873 3295; x_wconf 88' lang='lat' dir='ltr'><strong>bodie</strong></span> <span class='ocrx_word' id='word_1_331' title='bbox 1901 3233 1972 3294; x_wconf 86' lang='lat' dir='ltr'><strong>tales</strong></span> <span class='ocrx_word' id='word_1_332' title='bbox 2074 3259 2075 3270; x_wconf 23' lang='grc' dir='ltr'><strong>κ</strong></span> 
     </span>
     <span class='ocr_line' id='line_1_29' title="bbox 425 3324 1971 3412; baseline 0.001 -22"><span class='ocrx_word' id='word_1_333' title='bbox 425 3345 552 3390; x_wconf 90' lang='lat' dir='ltr'><strong>morum</strong></span> <span class='ocrx_word' id='word_1_334' title='bbox 567 3345 604 3389; x_wconf 87' lang='lat' dir='ltr'><strong>ae</strong></span> <span class='ocrx_word' id='word_1_335' title='bbox 620 3344 816 3409; x_wconf 90' lang='lat' dir='ltr'><strong>pauperum;</strong></span> <span class='ocrx_word' id='word_1_336' title='bbox 832 3327 887 3389; x_wconf 92' lang='lat' dir='ltr'><strong>sed</strong></span> <span class='ocrx_word' id='word_1_337' title='bbox 907 3326 991 3408; x_wconf 92' lang='lat' dir='ltr'><strong>apud</strong></span> <span class='ocrx_word' id='word_1_338' title='bbox 1010 3327 1110 3389; x_wconf 74' lang='lat' dir='ltr'><strong>deum</strong></span> <span class='ocrx_word' id='word_1_339' title='bbox 1126 3335 1175 3390; x_wconf 90' lang='lat' dir='ltr'><strong>est</strong></span> <span class='ocrx_word' id='word_1_340' title='bbox 1231 3332 1315 3398; x_wconf 89' lang='lat' dir='ltr'><strong>suut,</strong></span> <span class='ocrx_word' id='word_1_341' title='bbox 1332 3324 1387 3406; x_wconf 91' lang='lat' dir='ltr'><strong>qui</strong></span> <span class='ocrx_word' id='word_1_342' title='bbox 1410 3345 1566 3408; x_wconf 89' lang='lat' dir='ltr'><strong>pauperes</strong></span> <span class='ocrx_word' id='word_1_343' title='bbox 1588 3327 1754 3411; x_wconf 87' lang='lat' dir='ltr'><strong>adspicere</strong></span> <span class='ocrx_word' id='word_1_344' title='bbox 1772 3329 1826 3392; x_wconf 85' lang='lat' dir='ltr'><strong>vix</strong></span> <span class='ocrx_word' id='word_1_345' title='bbox 1848 3331 1971 3412; x_wconf 82' lang='lat' dir='ltr'><strong>dignan-</strong></span> 
     </span>
     <span class='ocr_line' id='line_1_30' title="bbox 425 3424 1969 3510; baseline 0.001 -23"><span class='ocrx_word' id='word_1_346' title='bbox 425 3443 607 3488; x_wconf 89' lang='lat' dir='ltr'><strong>econverso.</strong></span> <span class='ocrx_word' id='word_1_347' title='bbox 628 3424 708 3486; x_wconf 88' lang='lat' dir='ltr'><strong>Hine</strong></span> <span class='ocrx_word' id='word_1_348' title='bbox 729 3425 915 3505; x_wconf 81' lang='lat' dir='ltr'><strong>Unigenitus</strong></span> <span class='ocrx_word' id='word_1_349' title='bbox 937 3425 992 3486; x_wconf 86' lang='lat' dir='ltr'><strong>Dei</strong></span> <span class='ocrx_word' id='word_1_350' title='bbox 1014 3432 1171 3488; x_wconf 88' lang='lat' dir='ltr'><strong>testatur:</strong></span> <span class='ocrx_word' id='word_1_351' title='bbox 1231 3429 1292 3497; x_wconf 88' lang='lat' dir='ltr'><strong>tur,</strong></span> <span class='ocrx_word' id='word_1_352' title='bbox 1317 3431 1371 3484; x_wconf 85' lang='lat' dir='ltr'><strong>aut</strong></span> <span class='ocrx_word' id='word_1_353' title='bbox 1398 3443 1438 3486; x_wconf 85' lang='lat' dir='ltr'><strong>ex</strong></span> <span class='ocrx_word' id='word_1_354' title='bbox 1462 3443 1572 3487; x_wconf 89' lang='lat' dir='ltr'><strong>eorum</strong></span> <span class='ocrx_word' id='word_1_355' title='bbox 1602 3427 1755 3510; x_wconf 86' lang='lat' dir='ltr'><strong>adspectu</strong></span> <span class='ocrx_word' id='word_1_356' title='bbox 1782 3435 1969 3509; x_wconf 80' lang='lat' dir='ltr'><strong>gravantur!</strong></span> 
     </span>
     <span class='ocr_line' id='line_1_31' title="bbox 276 3521 1969 3609; baseline 0.002 -26"><span class='ocrx_word' id='word_1_357' title='bbox 276 3552 409 3604; x_wconf 49' lang='lat' dir='ltr'><strong>mm</strong></span> <span class='ocrx_word' id='word_1_358' title='bbox 424 3523 512 3596; x_wconf 87' lang='lat' dir='ltr'><strong>Quod</strong></span> <span class='ocrx_word' id='word_1_359' title='bbox 528 3521 714 3585; x_wconf 90' lang='lat' dir='ltr'><strong>bominibus</strong></span> <span class='ocrx_word' id='word_1_360' title='bbox 729 3521 828 3583; x_wconf 88' lang='lat' dir='ltr'><strong>altum</strong></span> <span class='ocrx_word' id='word_1_361' title='bbox 846 3529 904 3595; x_wconf 89' lang='lat' dir='ltr'><strong>est,</strong></span> <span class='ocrx_word' id='word_1_362' title='bbox 916 3521 1111 3585; x_wconf 89' lang='lat' dir='ltr'><strong>abominatio</strong></span> <span class='ocrx_word' id='word_1_363' title='bbox 1127 3531 1175 3586; x_wconf 89' lang='lat' dir='ltr'><strong>est</strong></span> <span class='ocrx_word' id='word_1_364' title='bbox 1229 3522 1287 3594; x_wconf 83' lang='lat' dir='ltr'><strong>Oui</strong></span> <span class='ocrx_word' id='word_1_365' title='bbox 1313 3521 1392 3583; x_wconf 93' lang='lat' dir='ltr'><strong>illud</strong></span> <span class='ocrx_word' id='word_1_366' title='bbox 1415 3523 1523 3586; x_wconf 83' lang='lat' dir='ltr'><strong>iacobi</strong></span> <span class='ocrx_word' id='word_1_367' title='bbox 1551 3525 1717 3588; x_wconf 90' lang='lat' dir='ltr'><strong>advertant</strong></span> <span class='ocrx_word' id='word_1_368' title='bbox 1744 3545 1781 3588; x_wconf 91' lang='lat' dir='ltr'><strong>ac</strong></span> <span class='ocrx_word' id='word_1_369' title='bbox 1806 3535 1969 3609; x_wconf 87' lang='lat' dir='ltr'><strong>paveant:</strong></span> 
     </span>
     <span class='ocr_line' id='line_1_32' title="bbox 423 3619 2063 3708; baseline 0.001 -25"><span class='ocrx_word' id='word_1_370' title='bbox 423 3621 509 3703; x_wconf 91' lang='lat' dir='ltr'><strong>apud</strong></span> <span class='ocrx_word' id='word_1_371' title='bbox 531 3620 642 3682; x_wconf 86' lang='lat' dir='ltr'><strong>Deum.</strong></span> <span class='ocrx_word' id='word_1_372' title='bbox 660 3621 765 3694; x_wconf 90' lang='lat' dir='ltr'><strong>Porro,</strong></span> <span class='ocrx_word' id='word_1_373' title='bbox 781 3638 821 3681; x_wconf 85' lang='lat' dir='ltr'><strong>ex</strong></span> <span class='ocrx_word' id='word_1_374' title='bbox 842 3619 903 3682; x_wconf 90' lang='lat' dir='ltr'><strong>boc</strong></span> <span class='ocrx_word' id='word_1_375' title='bbox 926 3620 1011 3701; x_wconf 91' lang='lat' dir='ltr'><strong>quod</strong></span> <span class='ocrx_word' id='word_1_376' title='bbox 1031 3620 1173 3684; x_wconf 84' lang='lat' dir='ltr'><strong>Christus</strong></span> <span class='ocrx_word' id='word_1_377' title='bbox 1227 3620 1387 3683; x_wconf 81' lang='lat' dir='ltr'><strong>iudicium</strong></span> <span class='ocrx_word' id='word_1_378' title='bbox 1419 3621 1487 3683; x_wconf 89' lang='lat' dir='ltr'><strong>sine</strong></span> <span class='ocrx_word' id='word_1_379' title='bbox 1511 3622 1732 3686; x_wconf 88' lang='lat' dir='ltr'><strong>misericordia</strong></span> <span class='ocrx_word' id='word_1_380' title='bbox 1755 3625 1802 3688; x_wconf 92' lang='lat' dir='ltr'><strong>illi</strong></span> <span class='ocrx_word' id='word_1_381' title='bbox 1832 3627 1889 3708; x_wconf 89' lang='lat' dir='ltr'><strong>qui</strong></span> <span class='ocrx_word' id='word_1_382' title='bbox 1913 3640 2063 3688; x_wconf 67' lang='lat' dir='ltr'><strong>nonuun-</strong></span> 
     </span>
     <span class='ocr_line' id='line_1_33' title="bbox 425 3717 1624 3804; baseline 0.003 -24"><span class='ocrx_word' id='word_1_383' title='bbox 425 3736 599 3802; x_wconf 88' lang='lat' dir='ltr'><strong>pauperem</strong></span> <span class='ocrx_word' id='word_1_384' title='bbox 631 3717 727 3779; x_wconf 91' lang='lat' dir='ltr'><strong>istum</strong></span> <span class='ocrx_word' id='word_1_385' title='bbox 757 3737 795 3780; x_wconf 84' lang='lat' dir='ltr'><strong>ex</strong></span> <span class='ocrx_word' id='word_1_386' title='bbox 820 3717 951 3804; x_wconf 85' lang='lat' dir='ltr'><strong>nomine</strong></span> <span class='ocrx_word' id='word_1_387' title='bbox 980 3727 1066 3780; x_wconf 89' lang='lat' dir='ltr'><strong>certo</strong></span> <span class='ocrx_word' id='word_1_388' title='bbox 1094 3720 1175 3782; x_wconf 90' lang='lat' dir='ltr'><strong>desi·</strong></span> <span class='ocrx_word' id='word_1_389' title='bbox 1228 3717 1341 3780; x_wconf 89' lang='lat' dir='ltr'><strong>fecerit</strong></span> <span class='ocrx_word' id='word_1_390' title='bbox 1361 3719 1624 3783; x_wconf 88' lang='lat' dir='ltr'><strong>misericordiam.</strong></span> 
     </span>
     <span class='ocr_line' id='line_1_34' title="bbox 423 3815 2074 3898; baseline 0.002 -19"><span class='ocrx_word' id='word_1_391' title='bbox 423 3826 509 3898; x_wconf 86' lang='lat' dir='ltr'><strong>gnat‚</strong></span> <span class='ocrx_word' id='word_1_392' title='bbox 520 3815 692 3896; x_wconf 89' lang='lat' dir='ltr'><strong>conjicitur</strong></span> <span class='ocrx_word' id='word_1_393' title='bbox 706 3816 790 3877; x_wconf 91' lang='lat' dir='ltr'><strong>istud</strong></span> <span class='ocrx_word' id='word_1_394' title='bbox 805 3834 875 3878; x_wconf 87' lang='lat' dir='ltr'><strong>esse</strong></span> <span class='ocrx_word' id='word_1_395' title='bbox 892 3835 941 3878; x_wconf 92' lang='lat' dir='ltr'><strong>res</strong></span> <span class='ocrx_word' id='word_1_396' title='bbox 956 3823 1175 3898; x_wconf 66' lang='lat' dir='ltr'><strong>gestaseeun-</strong></span> <span class='ocrx_word' id='word_1_397' title='bbox 1267 3820 1588 3880; x_wconf 83' lang='lat' dir='ltr'><strong>Factumestautcm</strong></span> <span class='ocrx_word' id='word_1_398' title='bbox 1603 3826 1971 3885; x_wconf 81' lang='lat' dir='ltr'><strong>utmorereturmendf·</strong></span> <span class='ocrx_word' id='word_1_399' title='bbox 2073 3893 2074 3898; x_wconf 8' lang='grc' dir='ltr'>η</span> 
     </span>
     <span class='ocr_line' id='line_1_35' title="bbox 423 3905 2074 3997; baseline 0.008 -28"><span class='ocrx_word' id='word_1_400' title='bbox 423 3918 500 3979; x_wconf 83' lang='lat' dir='ltr'><strong>dum</strong></span> <span class='ocrx_word' id='word_1_401' title='bbox 516 3913 732 3977; x_wconf 77' lang='lat' dir='ltr'><strong>Ambrosium.</strong></span> <span class='ocrx_word' id='word_1_402' title='bbox 750 3914 870 3995; x_wconf 86' lang='lat' dir='ltr'><strong>ltaque,</strong></span> <span class='ocrx_word' id='word_1_403' title='bbox 886 3915 1038 3997; x_wconf 86' lang='lat' dir='ltr'><strong>quoniam</strong></span> <span class='ocrx_word' id='word_1_404' title='bbox 1058 3916 1172 3980; x_wconf 88' lang='lat' dir='ltr'><strong>divites</strong></span> <span class='ocrx_word' id='word_1_405' title='bbox 1227 3935 1295 3984; x_wconf 80' lang='lat' dir='ltr'><strong>cua,</strong></span> <span class='ocrx_word' id='word_1_406' title='bbox 1311 3915 1342 3976; x_wconf 89' lang='lat' dir='ltr'><strong>id</strong></span> <span class='ocrx_word' id='word_1_407' title='bbox 1358 3923 1416 3990; x_wconf 87' lang='lat' dir='ltr'><strong>est,</strong></span> <span class='ocrx_word' id='word_1_408' title='bbox 1433 3935 1495 3980; x_wconf 89' lang='lat' dir='ltr'><strong>non</strong></span> <span class='ocrx_word' id='word_1_409' title='bbox 1512 3917 1691 3993; x_wconf 86' lang='lat' dir='ltr'><strong>casualiter,</strong></span> <span class='ocrx_word' id='word_1_410' title='bbox 1702 3920 1758 3982; x_wconf 84' lang='lat' dir='ltr'><strong>sed</strong></span> <span class='ocrx_word' id='word_1_411' title='bbox 1774 3920 1840 3983; x_wconf 79' lang='lat' dir='ltr'><strong>[leo</strong></span> <span class='ocrx_word' id='word_1_412' title='bbox 1854 3922 1901 3984; x_wconf 84' lang='lat' dir='ltr'><strong>sio</strong></span> <span class='ocrx_word' id='word_1_413' title='bbox 1916 3923 1971 3984; x_wconf 91' lang='lat' dir='ltr'><strong>dis·</strong></span> <span class='ocrx_word' id='word_1_414' title='bbox 2073 3905 2074 3936; x_wconf 49' lang='lat'>¹</span> 
     </span>
     <span class='ocr_line' id='line_1_36' title="bbox 423 4013 1970 4099; baseline 0.001 -21"><span class='ocrx_word' id='word_1_415' title='bbox 423 4013 554 4079; x_wconf 92' lang='lat' dir='ltr'><strong>uomina</strong></span> <span class='ocrx_word' id='word_1_416' title='bbox 582 4033 639 4076; x_wconf 89' lang='lat' dir='ltr'><strong>sua</strong></span> <span class='ocrx_word' id='word_1_417' title='bbox 670 4013 702 4074; x_wconf 93' lang='lat' dir='ltr'><strong>in</strong></span> <span class='ocrx_word' id='word_1_418' title='bbox 727 4013 787 4076; x_wconf 89' lang='lat' dir='ltr'><strong>boc</strong></span> <span class='ocrx_word' id='word_1_419' title='bbox 816 4013 936 4077; x_wconf 92' lang='lat' dir='ltr'><strong>mundo</strong></span> <span class='ocrx_word' id='word_1_420' title='bbox 966 4014 1173 4096; x_wconf 81' lang='lat' dir='ltr'><strong>magnificant</strong></span> <span class='ocrx_word' id='word_1_421' title='bbox 1229 4021 1377 4095; x_wconf 89' lang='lat' dir='ltr'><strong>ponente,</strong></span> <span class='ocrx_word' id='word_1_422' title='bbox 1389 4015 1521 4096; x_wconf 82' lang='lat' dir='ltr'><strong>contigit</strong></span> <span class='ocrx_word' id='word_1_423' title='bbox 1537 4035 1709 4099; x_wconf 88' lang='lat' dir='ltr'><strong>pauperem</strong></span> <span class='ocrx_word' id='word_1_424' title='bbox 1727 4018 1824 4081; x_wconf 90' lang='lat' dir='ltr'><strong>istum</strong></span> <span class='ocrx_word' id='word_1_425' title='bbox 1841 4021 1970 4094; x_wconf 89' lang='lat' dir='ltr'><strong>mori‚ut</strong></span> 
     </span>
     <span class='ocr_line' id='line_1_37' title="bbox 323 4110 1970 4198; baseline -0.003 -14"><span class='ocrx_word' id='word_1_426' title='bbox 323 4169 329 4182; x_wconf 91' lang='lat'>.</span> <span class='ocrx_word' id='word_1_427' title='bbox 353 4152 408 4193; x_wconf 71' lang='lat' dir='ltr'><strong>um,</strong></span> <span class='ocrx_word' id='word_1_428' title='bbox 421 4115 525 4196; x_wconf 87' lang='lat' dir='ltr'><strong>(juxta</strong></span> <span class='ocrx_word' id='word_1_429' title='bbox 540 4114 620 4177; x_wconf 90' lang='lat' dir='ltr'><strong>illud</strong></span> <span class='ocrx_word' id='word_1_430' title='bbox 641 4110 813 4175; x_wconf 84' lang='lat' dir='ltr'><strong>Psalmistae</strong></span> <span class='ocrx_word' id='word_1_431' title='bbox 831 4127 837 4172; x_wconf 98' lang='lat'><strong>:</strong></span> <span class='ocrx_word' id='word_1_432' title='bbox 855 4112 1054 4174; x_wconf 75' lang='lat' dir='ltr'><strong>locaverunt</strong></span> <span class='ocrx_word' id='word_1_433' title='bbox 1072 4113 1173 4176; x_wconf 92' lang='lat' dir='ltr'><strong>nomi·</strong></span> <span class='ocrx_word' id='word_1_434' title='bbox 1228 4110 1417 4174; x_wconf 88' lang='lat' dir='ltr'><strong>liberaretur</strong></span> <span class='ocrx_word' id='word_1_435' title='bbox 1431 4131 1449 4174; x_wconf 91' lang='lat' dir='ltr'><strong>a</strong></span> <span class='ocrx_word' id='word_1_436' title='bbox 1465 4113 1603 4176; x_wconf 90' lang='lat' dir='ltr'><strong>miseriis</strong></span> <span class='ocrx_word' id='word_1_437' title='bbox 1618 4114 1692 4178; x_wconf 75' lang='lat' dir='ltr'><strong>vitea</strong></span> <span class='ocrx_word' id='word_1_438' title='bbox 1707 4119 1884 4198; x_wconf 73' lang='lat' dir='ltr'><strong>presentis.</strong></span> <span class='ocrx_word' id='word_1_439' title='bbox 1893 4118 1970 4180; x_wconf 85' lang='lat' dir='ltr'><strong>Deus</strong></span> 
     </span>
     <span class='ocr_line' id='line_1_38' title="bbox 303 4209 1970 4299; baseline 0.002 -23"><span class='ocrx_word' id='word_1_440' title='bbox 303 4232 309 4244; x_wconf 90' lang='lat'><strong>·</strong></span> <span class='ocrx_word' id='word_1_441' title='bbox 383 4275 387 4284; x_wconf 83' lang='grc'>,</span> <span class='ocrx_word' id='word_1_442' title='bbox 422 4233 463 4276; x_wconf 90' lang='lat' dir='ltr'><strong>na</strong></span> <span class='ocrx_word' id='word_1_443' title='bbox 478 4233 534 4276; x_wconf 91' lang='lat' dir='ltr'><strong>sua</strong></span> <span class='ocrx_word' id='word_1_444' title='bbox 551 4213 584 4275; x_wconf 91' lang='lat' dir='ltr'><strong>in</strong></span> <span class='ocrx_word' id='word_1_445' title='bbox 600 4210 694 4275; x_wconf 90' lang='lat' dir='ltr'><strong>terris</strong></span> <span class='ocrx_word' id='word_1_446' title='bbox 710 4209 801 4286; x_wconf 91' lang='lat' dir='ltr'><strong>suis),</strong></span> <span class='ocrx_word' id='word_1_447' title='bbox 809 4215 841 4272; x_wconf 93' lang='lat' dir='ltr'><strong>et</strong></span> <span class='ocrx_word' id='word_1_448' title='bbox 855 4227 889 4272; x_wconf 86' lang='lat' dir='ltr'><strong>sa</strong></span> <span class='ocrx_word' id='word_1_449' title='bbox 904 4210 990 4292; x_wconf 92' lang='lat' dir='ltr'><strong>ipsos</strong></span> <span class='ocrx_word' id='word_1_450' title='bbox 1006 4211 1171 4276; x_wconf 80' lang='lat' dir='ltr'><strong>exaltando</strong></span> <span class='ocrx_word' id='word_1_451' title='bbox 1186 4211 1212 4274; x_wconf 89' lang='lat' dir='ltr'>D</span> <span class='ocrx_word' id='word_1_452' title='bbox 1226 4209 1312 4272; x_wconf 91' lang='lat' dir='ltr'><strong>enim</strong></span> <span class='ocrx_word' id='word_1_453' title='bbox 1339 4210 1512 4292; x_wconf 90' lang='lat' dir='ltr'><strong>unicuique</strong></span> <span class='ocrx_word' id='word_1_454' title='bbox 1537 4213 1675 4293; x_wconf 80' lang='lat' dir='ltr'><strong>prefixit</strong></span> <span class='ocrx_word' id='word_1_455' title='bbox 1699 4222 1822 4277; x_wconf 89' lang='lat' dir='ltr'><strong>certum</strong></span> <span class='ocrx_word' id='word_1_456' title='bbox 1848 4224 1970 4299; x_wconf 91' lang='lat' dir='ltr'><strong>tempus</strong></span> 
     </span>
     <span class='ocr_line' id='line_1_39' title="bbox 420 4307 1967 4389; baseline -0.001 -13"><span class='ocrx_word' id='word_1_457' title='bbox 420 4312 657 4377; x_wconf 89' lang='lat' dir='ltr'><strong>obliviscuntur</strong></span> <span class='ocrx_word' id='word_1_458' title='bbox 681 4307 808 4372; x_wconf 88' lang='lat' dir='ltr'><strong>Domini</strong></span> <span class='ocrx_word' id='word_1_459' title='bbox 833 4307 889 4370; x_wconf 87' lang='lat' dir='ltr'><strong>Dei</strong></span> <span class='ocrx_word' id='word_1_460' title='bbox 915 4309 976 4383; x_wconf 91' lang='lat' dir='ltr'><strong>sui,</strong></span> <span class='ocrx_word' id='word_1_461' title='bbox 993 4309 1064 4372; x_wconf 92' lang='lat' dir='ltr'><strong>ideo</strong></span> <span class='ocrx_word' id='word_1_462' title='bbox 1088 4310 1172 4374; x_wconf 89' lang='lat' dir='ltr'><strong>Deus</strong></span> <span class='ocrx_word' id='word_1_463' title='bbox 1227 4308 1366 4381; x_wconf 86' lang='lat' dir='ltr'><strong>vivendi,</strong></span> <span class='ocrx_word' id='word_1_464' title='bbox 1393 4310 1662 4389; x_wconf 90' lang='lat' dir='ltr'><strong>quemadmodum</strong></span> <span class='ocrx_word' id='word_1_465' title='bbox 1685 4311 1743 4375; x_wconf 89' lang='lat' dir='ltr'><strong>lob</strong></span> <span class='ocrx_word' id='word_1_466' title='bbox 1770 4314 1849 4376; x_wconf 89' lang='lat' dir='ltr'><strong>dicit</strong></span> <span class='ocrx_word' id='word_1_467' title='bbox 1879 4315 1967 4378; x_wconf 88' lang='lat' dir='ltr'><strong>Deo:</strong></span> 
     </span>
     <span class='ocr_line' id='line_1_40' title="bbox 420 4406 2060 4494; baseline -0.004 -21"><span class='ocrx_word' id='word_1_468' title='bbox 420 4411 506 4474; x_wconf 90' lang='lat' dir='ltr'><strong>delet</strong></span> <span class='ocrx_word' id='word_1_469' title='bbox 518 4410 650 4474; x_wconf 90' lang='lat' dir='ltr'><strong>uomina</strong></span> <span class='ocrx_word' id='word_1_470' title='bbox 665 4425 776 4470; x_wconf 89' lang='lat' dir='ltr'><strong>eorum</strong></span> <span class='ocrx_word' id='word_1_471' title='bbox 792 4407 831 4469; x_wconf 91' lang='lat' dir='ltr'><strong>de</strong></span> <span class='ocrx_word' id='word_1_472' title='bbox 847 4406 929 4470; x_wconf 92' lang='lat' dir='ltr'><strong>libro</strong></span> <span class='ocrx_word' id='word_1_473' title='bbox 945 4407 1028 4482; x_wconf 76' lang='lat' dir='ltr'><strong>vita,</strong></span> <span class='ocrx_word' id='word_1_474' title='bbox 1045 4414 1077 4469; x_wconf 92' lang='lat' dir='ltr'><strong>et</strong></span> <span class='ocrx_word' id='word_1_475' title='bbox 1092 4408 1172 4470; x_wconf 91' lang='lat' dir='ltr'><strong>obli·</strong></span> <span class='ocrx_word' id='word_1_476' title='bbox 1227 4406 1424 4470; x_wconf 74' lang='lat' dir='ltr'><strong>constituisti</strong></span> <span class='ocrx_word' id='word_1_477' title='bbox 1455 4407 1607 4470; x_wconf 90' lang='lat' dir='ltr'><strong>terminos</strong></span> <span class='ocrx_word' id='word_1_478' title='bbox 1634 4409 1704 4489; x_wconf 82' lang='lat' dir='ltr'><strong>ejus</strong></span> <span class='ocrx_word' id='word_1_479' title='bbox 1733 4412 1789 4492; x_wconf 90' lang='lat' dir='ltr'><strong>qui</strong></span> <span class='ocrx_word' id='word_1_480' title='bbox 1817 4412 1969 4494; x_wconf 76' lang='lat' dir='ltr'><strong>praeteriri</strong></span> <span class='ocrx_word' id='word_1_481' title='bbox 1980 4427 2060 4471; x_wconf 62' lang='lat' dir='ltr'><strong>rurs..</strong></span> 
     </span>
     <span class='ocr_line' id='line_1_41' title="bbox 419 4505 2073 4588; baseline -0.001 -17"><span class='ocrx_word' id='word_1_482' title='bbox 419 4509 554 4571; x_wconf 88' lang='lat' dir='ltr'><strong>viscitur</strong></span> <span class='ocrx_word' id='word_1_483' title='bbox 568 4527 632 4571; x_wconf 93' lang='lat' dir='ltr'><strong>eos.</strong></span> <span class='ocrx_word' id='word_1_484' title='bbox 649 4507 722 4569; x_wconf 85' lang='lat' dir='ltr'><strong>llaec</strong></span> <span class='ocrx_word' id='word_1_485' title='bbox 742 4514 850 4567; x_wconf 90' lang='lat' dir='ltr'><strong>tamen</strong></span> <span class='ocrx_word' id='word_1_486' title='bbox 870 4505 1077 4586; x_wconf 81' lang='lat' dir='ltr'><strong>intelligenda</strong></span> <span class='ocrx_word' id='word_1_487' title='bbox 1097 4513 1171 4568; x_wconf 92' lang='lat' dir='ltr'><strong>sunt</strong></span> <span class='ocrx_word' id='word_1_488' title='bbox 1227 4522 1290 4566; x_wconf 93' lang='lat' dir='ltr'><strong>non</strong></span> <span class='ocrx_word' id='word_1_489' title='bbox 1313 4512 1470 4587; x_wconf 91' lang='lat' dir='ltr'><strong>poterunt.</strong></span> <span class='ocrx_word' id='word_1_490' title='bbox 1494 4509 1537 4567; x_wconf 83' lang='lat' dir='ltr'><strong>Et</strong></span> <span class='ocrx_word' id='word_1_491' title='bbox 1554 4517 1751 4582; x_wconf 80' lang='lat' dir='ltr'><strong>portaretur</strong></span> <span class='ocrx_word' id='word_1_492' title='bbox 1771 4512 1811 4568; x_wconf 86' lang='lat' dir='ltr'><strong>ab</strong></span> <span class='ocrx_word' id='word_1_493' title='bbox 1835 4513 1969 4588; x_wconf 72' lang='lat' dir='ltr'><strong>anystis,</strong></span> <span class='ocrx_word' id='word_1_494' title='bbox 2072 4505 2073 4512; x_wconf 67' lang='lat'><em>&#39;</em></span> 
     </span>
     <span class='ocr_line' id='line_1_42' title="bbox 419 4602 1970 4686; baseline 0 -16"><span class='ocrx_word' id='word_1_495' title='bbox 419 4607 459 4670; x_wconf 92' lang='lat' dir='ltr'><strong>de</strong></span> <span class='ocrx_word' id='word_1_496' title='bbox 482 4606 636 4670; x_wconf 90' lang='lat' dir='ltr'><strong>divitibus</strong></span> <span class='ocrx_word' id='word_1_497' title='bbox 660 4603 716 4686; x_wconf 86' lang='lat' dir='ltr'><strong>qui</strong></span> <span class='ocrx_word' id='word_1_498' title='bbox 746 4603 812 4666; x_wconf 90' lang='lat' dir='ltr'><strong>suis</strong></span> <span class='ocrx_word' id='word_1_499' title='bbox 836 4602 1013 4665; x_wconf 89' lang='lat' dir='ltr'><strong>abutuntur</strong></span> <span class='ocrx_word' id='word_1_500' title='bbox 1036 4604 1169 4680; x_wconf 90' lang='lat' dir='ltr'><strong>divitiis,</strong></span> <span class='ocrx_word' id='word_1_501' title='bbox 1227 4603 1257 4665; x_wconf 95' lang='lat' dir='ltr'><strong>id</strong></span> <span class='ocrx_word' id='word_1_502' title='bbox 1274 4610 1332 4678; x_wconf 90' lang='lat' dir='ltr'><strong>est,</strong></span> <span class='ocrx_word' id='word_1_503' title='bbox 1348 4603 1455 4665; x_wconf 88' lang='lat' dir='ltr'><strong>anima</strong></span> <span class='ocrx_word' id='word_1_504' title='bbox 1470 4603 1539 4684; x_wconf 88' lang='lat' dir='ltr'><strong>ejus</strong></span> <span class='ocrx_word' id='word_1_505' title='bbox 1554 4603 1594 4666; x_wconf 92' lang='lat' dir='ltr'><strong>ab</strong></span> <span class='ocrx_word' id='word_1_506' title='bbox 1608 4606 1729 4686; x_wconf 82' lang='lat' dir='ltr'><strong>angelis</strong></span> <span class='ocrx_word' id='word_1_507' title='bbox 1745 4609 1865 4672; x_wconf 89' lang='lat' dir='ltr'><strong>sanetis</strong></span> <span class='ocrx_word' id='word_1_508' title='bbox 1880 4610 1970 4671; x_wconf 87' lang='lat' dir='ltr'><strong>hono</strong></span> 
     </span>
     <span class='ocr_line' id='line_1_43' title="bbox 419 4701 1970 4778; baseline 0.001 -11"><span class='ocrx_word' id='word_1_509' title='bbox 419 4723 472 4767; x_wconf 89' lang='lat' dir='ltr'><strong>eas</strong></span> <span class='ocrx_word' id='word_1_510' title='bbox 494 4704 674 4767; x_wconf 89' lang='lat' dir='ltr'><strong>inordinate</strong></span> <span class='ocrx_word' id='word_1_511' title='bbox 696 4701 844 4775; x_wconf 90' lang='lat' dir='ltr'><strong>amando,</strong></span> <span class='ocrx_word' id='word_1_512' title='bbox 860 4701 910 4764; x_wconf 89' lang='lat' dir='ltr'><strong>vel</strong></span> <span class='ocrx_word' id='word_1_513' title='bbox 931 4720 1024 4764; x_wconf 90' lang='lat' dir='ltr'><strong>avare</strong></span> <span class='ocrx_word' id='word_1_514' title='bbox 1044 4720 1173 4765; x_wconf 89' lang='lat' dir='ltr'><strong>servan·</strong></span> <span class='ocrx_word' id='word_1_515' title='bbox 1227 4701 1318 4764; x_wconf 87' lang='lat' dir='ltr'><strong>rifiee</strong></span> <span class='ocrx_word' id='word_1_516' title='bbox 1334 4702 1514 4776; x_wconf 88' lang='lat' dir='ltr'><strong>duceretur,</strong></span> <span class='ocrx_word' id='word_1_517' title='bbox 1531 4704 1568 4762; x_wconf 81' lang='lat' dir='ltr'><strong>iu</strong></span> <span class='ocrx_word' id='word_1_518' title='bbox 1583 4705 1693 4764; x_wconf 79' lang='lat' dir='ltr'><strong>sinum</strong></span> <span class='ocrx_word' id='word_1_519' title='bbox 1707 4707 1864 4778; x_wconf 68' lang='lat' dir='ltr'><strong>Abrabae,</strong></span> <span class='ocrx_word' id='word_1_520' title='bbox 1881 4708 1970 4770; x_wconf 84' lang='lat' dir='ltr'><strong>idest</strong></span> 
     </span>
     <span class='ocr_line' id='line_1_44' title="bbox 418 4799 1969 4882; baseline 0 -16"><span class='ocrx_word' id='word_1_521' title='bbox 418 4804 469 4877; x_wconf 93' lang='lat' dir='ltr'><strong>do,</strong></span> <span class='ocrx_word' id='word_1_522' title='bbox 486 4811 541 4865; x_wconf 90' lang='lat' dir='ltr'><strong>aut</strong></span> <span class='ocrx_word' id='word_1_523' title='bbox 563 4802 682 4882; x_wconf 86' lang='lat' dir='ltr'><strong>injuste</strong></span> <span class='ocrx_word' id='word_1_524' title='bbox 707 4799 927 4881; x_wconf 86' lang='lat' dir='ltr'><strong>expendendo,</strong></span> <span class='ocrx_word' id='word_1_525' title='bbox 949 4818 1005 4861; x_wconf 88' lang='lat' dir='ltr'><strong>seu</strong></span> <span class='ocrx_word' id='word_1_526' title='bbox 1030 4799 1171 4862; x_wconf 87' lang='lat' dir='ltr'><strong>indebite</strong></span> <span class='ocrx_word' id='word_1_527' title='bbox 1209 4801 1264 4861; x_wconf 89' lang='lat' dir='ltr'><strong>.ad</strong></span> <span class='ocrx_word' id='word_1_528' title='bbox 1285 4808 1438 4862; x_wconf 87' lang='lat' dir='ltr'><strong>secretam</strong></span> <span class='ocrx_word' id='word_1_529' title='bbox 1461 4800 1549 4862; x_wconf 88' lang='lat' dir='ltr'><strong>illam</strong></span> <span class='ocrx_word' id='word_1_530' title='bbox 1569 4800 1711 4882; x_wconf 91' lang='lat' dir='ltr'><strong>quietem</strong></span> <span class='ocrx_word' id='word_1_531' title='bbox 1732 4803 1921 4868; x_wconf 91' lang='lat' dir='ltr'><strong>Sanctorum</strong></span> <span class='ocrx_word' id='word_1_532' title='bbox 1941 4806 1969 4867; x_wconf 90' lang='lat' dir='ltr'><strong>in</strong></span> 
     </span>
     <span class='ocr_line' id='line_1_45' title="bbox 418 4897 1970 4983; baseline 0.001 -18"><span class='ocrx_word' id='word_1_533' title='bbox 418 4921 454 4965; x_wconf 89' lang='lat' dir='ltr'><strong>ac</strong></span> <span class='ocrx_word' id='word_1_534' title='bbox 477 4901 576 4983; x_wconf 92' lang='lat' dir='ltr'><strong>impie</strong></span> <span class='ocrx_word' id='word_1_535' title='bbox 597 4897 805 4981; x_wconf 89' lang='lat' dir='ltr'><strong>acquirendo.</strong></span> <span class='ocrx_word' id='word_1_536' title='bbox 1225 4898 1325 4960; x_wconf 91' lang='lat' dir='ltr'><strong>limbo</strong></span> <span class='ocrx_word' id='word_1_537' title='bbox 1340 4905 1477 4980; x_wconf 92' lang='lat' dir='ltr'><strong>patrum,</strong></span> <span class='ocrx_word' id='word_1_538' title='bbox 1494 4918 1565 4981; x_wconf 85' lang='lat' dir='ltr'><strong>quae</strong></span> <span class='ocrx_word' id='word_1_539' title='bbox 1579 4918 1637 4981; x_wconf 93' lang='lat' dir='ltr'><strong>per</strong></span> <span class='ocrx_word' id='word_1_540' title='bbox 1652 4900 1759 4964; x_wconf 91' lang='lat' dir='ltr'><strong>sinum</strong></span> <span class='ocrx_word' id='word_1_541' title='bbox 1774 4901 1909 4968; x_wconf 78' lang='lat' dir='ltr'><strong>Abrabae</strong></span> <span class='ocrx_word' id='word_1_542' title='bbox 1924 4905 1970 4966; x_wconf 88' lang='lat' dir='ltr'><strong>de·</strong></span> 
     </span>
    </p>

    <p class='ocr_par' dir='ltr' id='par_1_5' title="bbox 416 4993 1969 5382">
     <span class='ocr_line' id='line_1_46' title="bbox 459 4993 1969 5085; baseline 0.004 -26"><span class='ocrx_word' id='word_1_543' title='bbox 459 5002 523 5069; x_wconf 80' lang='lat' dir='ltr'><strong>Qui</strong></span> <span class='ocrx_word' id='word_1_544' title='bbox 535 5000 667 5076; x_wconf 85' lang='lat' dir='ltr'><strong>jacebat</strong></span> <span class='ocrx_word' id='word_1_545' title='bbox 681 4999 725 5056; x_wconf 84' lang='lat' dir='ltr'><strong>ad</strong></span> <span class='ocrx_word' id='word_1_546' title='bbox 737 4997 883 5073; x_wconf 77' lang='lat' dir='ltr'><strong>januam</strong></span> <span class='ocrx_word' id='word_1_547' title='bbox 902 4993 1022 5057; x_wconf 92' lang='lat' dir='ltr'><strong>divitis.</strong></span> <span class='ocrx_word' id='word_1_548' title='bbox 1040 4995 1086 5056; x_wconf 84' lang='lat' dir='ltr'><strong>Ex</strong></span> <span class='ocrx_word' id='word_1_549' title='bbox 1108 5015 1172 5078; x_wconf 91' lang='lat' dir='ltr'><strong>quo</strong></span> <span class='ocrx_word' id='word_1_550' title='bbox 1225 4997 1376 5078; x_wconf 85' lang='lat' dir='ltr'><strong>signatur.</strong></span> <span class='ocrx_word' id='word_1_551' title='bbox 1394 4997 1451 5059; x_wconf 88' lang='lat' dir='ltr'><strong>Per</strong></span> <span class='ocrx_word' id='word_1_552' title='bbox 1471 4997 1577 5058; x_wconf 90' lang='lat' dir='ltr'><strong>sinum</strong></span> <span class='ocrx_word' id='word_1_553' title='bbox 1597 5017 1736 5081; x_wconf 90' lang='lat' dir='ltr'><strong>namque</strong></span> <span class='ocrx_word' id='word_1_554' title='bbox 1756 5001 1848 5082; x_wconf 89' lang='lat' dir='ltr'><strong>quies</strong></span> <span class='ocrx_word' id='word_1_555' title='bbox 1869 5003 1969 5085; x_wconf 87' lang='lat' dir='ltr'><strong>expri-</strong></span> 
     </span>
     <span class='ocr_line' id='line_1_47' title="bbox 417 5092 1967 5179; baseline -0.001 -16"><span class='ocrx_word' id='word_1_556' title='bbox 417 5096 655 5179; x_wconf 85' lang='lat' dir='ltr'><strong>conslat,quod</strong></span> <span class='ocrx_word' id='word_1_557' title='bbox 675 5093 827 5156; x_wconf 91' lang='lat' dir='ltr'><strong>infirmus</strong></span> <span class='ocrx_word' id='word_1_558' title='bbox 846 5111 883 5156; x_wconf 90' lang='lat' dir='ltr'><strong>ac</strong></span> <span class='ocrx_word' id='word_1_559' title='bbox 903 5092 1019 5155; x_wconf 88' lang='lat' dir='ltr'><strong>debilis</strong></span> <span class='ocrx_word' id='word_1_560' title='bbox 1039 5093 1119 5174; x_wconf 92' lang='lat' dir='ltr'><strong>fuit;</strong></span> <span class='ocrx_word' id='word_1_561' title='bbox 1140 5101 1172 5156; x_wconf 92' lang='lat' dir='ltr'><strong>et</strong></span> <span class='ocrx_word' id='word_1_562' title='bbox 1225 5094 1324 5157; x_wconf 88' lang='lat' dir='ltr'><strong>mitur</strong></span> <span class='ocrx_word' id='word_1_563' title='bbox 1350 5110 1357 5156; x_wconf 92' lang='lat'><strong>:</strong></span> <span class='ocrx_word' id='word_1_564' title='bbox 1383 5094 1439 5175; x_wconf 91' lang='lat' dir='ltr'><strong>qui</strong></span> <span class='ocrx_word' id='word_1_565' title='bbox 1471 5095 1588 5158; x_wconf 86' lang='lat' dir='ltr'><strong>dicitur</strong></span> <span class='ocrx_word' id='word_1_566' title='bbox 1615 5096 1749 5161; x_wconf 81' lang='lat' dir='ltr'><strong>Abrabae</strong></span> <span class='ocrx_word' id='word_1_567' title='bbox 1780 5099 1883 5176; x_wconf 85' lang='lat' dir='ltr'><strong>sinus,</strong></span> <span class='ocrx_word' id='word_1_568' title='bbox 1909 5119 1967 5164; x_wconf 92' lang='lat' dir='ltr'><strong>non</strong></span> 
     </span>
     <span class='ocr_line' id='line_1_48' title="bbox 417 5193 1967 5282; baseline 0 -19"><span class='ocrx_word' id='word_1_569' title='bbox 417 5201 506 5263; x_wconf 90' lang='lat' dir='ltr'><strong>dives</strong></span> <span class='ocrx_word' id='word_1_570' title='bbox 525 5215 559 5260; x_wconf 91' lang='lat' dir='ltr'><strong>se</strong></span> <span class='ocrx_word' id='word_1_571' title='bbox 579 5214 636 5279; x_wconf 88' lang='lat' dir='ltr'><strong>per</strong></span> <span class='ocrx_word' id='word_1_572' title='bbox 655 5193 867 5275; x_wconf 82' lang='lat' dir='ltr'><strong>ignorantiam</strong></span> <span class='ocrx_word' id='word_1_573' title='bbox 887 5211 1039 5256; x_wconf 82' lang='lat' dir='ltr'><strong>excusare</strong></span> <span class='ocrx_word' id='word_1_574' title='bbox 1059 5193 1171 5275; x_wconf 91' lang='lat' dir='ltr'><strong>nequi·</strong></span> <span class='ocrx_word' id='word_1_575' title='bbox 1224 5193 1310 5276; x_wconf 86' lang='lat' dir='ltr'><strong>quod</strong></span> <span class='ocrx_word' id='word_1_576' title='bbox 1329 5193 1431 5274; x_wconf 90' lang='lat' dir='ltr'><strong>ipsius</strong></span> <span class='ocrx_word' id='word_1_577' title='bbox 1451 5193 1548 5256; x_wconf 87' lang='lat' dir='ltr'><strong>fuerit</strong></span> <span class='ocrx_word' id='word_1_578' title='bbox 1568 5202 1704 5272; x_wconf 87' lang='lat' dir='ltr'><strong>tantum,</strong></span> <span class='ocrx_word' id='word_1_579' title='bbox 1720 5205 1776 5260; x_wconf 88' lang='lat' dir='ltr'><strong>aut</strong></span> <span class='ocrx_word' id='word_1_580' title='bbox 1794 5201 1879 5280; x_wconf 89' lang='lat' dir='ltr'><strong>quod</strong></span> <span class='ocrx_word' id='word_1_581' title='bbox 1903 5201 1967 5282; x_wconf 89' lang='lat' dir='ltr'><strong>ipse</strong></span> 
     </span>
     <span class='ocr_line' id='line_1_49' title="bbox 416 5291 1966 5382; baseline 0 -20"><span class='ocrx_word' id='word_1_582' title='bbox 416 5300 471 5375; x_wconf 89' lang='lat' dir='ltr'><strong>vit,</strong></span> <span class='ocrx_word' id='word_1_583' title='bbox 480 5295 633 5382; x_wconf 90' lang='lat' dir='ltr'><strong>quoniam</strong></span> <span class='ocrx_word' id='word_1_584' title='bbox 650 5292 772 5356; x_wconf 88' lang='lat' dir='ltr'><strong>intrans</strong></span> <span class='ocrx_word' id='word_1_585' title='bbox 786 5299 818 5353; x_wconf 90' lang='lat' dir='ltr'><strong>et</strong></span> <span class='ocrx_word' id='word_1_586' title='bbox 832 5291 938 5354; x_wconf 85' lang='lat' dir='ltr'><strong>exiens</strong></span> <span class='ocrx_word' id='word_1_587' title='bbox 954 5291 1046 5354; x_wconf 92' lang='lat' dir='ltr'><strong>illum</strong></span> <span class='ocrx_word' id='word_1_588' title='bbox 1060 5292 1171 5374; x_wconf 88' lang='lat' dir='ltr'><strong>adspe·</strong></span> <span class='ocrx_word' id='word_1_589' title='bbox 1224 5292 1348 5374; x_wconf 90' lang='lat' dir='ltr'><strong>primus</strong></span> <span class='ocrx_word' id='word_1_590' title='bbox 1377 5291 1409 5355; x_wconf 93' lang='lat' dir='ltr'><strong>in</strong></span> <span class='ocrx_word' id='word_1_591' title='bbox 1434 5292 1572 5358; x_wconf 88' lang='lat' dir='ltr'><strong>limbum</strong></span> <span class='ocrx_word' id='word_1_592' title='bbox 1599 5294 1690 5357; x_wconf 90' lang='lat' dir='ltr'><strong>illum</strong></span> <span class='ocrx_word' id='word_1_593' title='bbox 1714 5297 1891 5377; x_wconf 88' lang='lat' dir='ltr'><strong>descendit,</strong></span> <span class='ocrx_word' id='word_1_594' title='bbox 1915 5299 1966 5362; x_wconf 88' lang='lat' dir='ltr'><strong>sed</strong></span> 
     </span>
    </p>
   </div>
   <div class='ocr_carea' id='block_1_3' title="bbox 0 0 2112 6251">
    <p class='ocr_par' dir='ltr' id='par_1_6' title="bbox 0 0 2112 6251">
     <span class='ocr_line' id='line_1_50' title="bbox 0 0 2112 6251; baseline 0 0"><span class='ocrx_word' id='word_1_595' title='bbox 0 0 2112 6251; x_wconf 95' lang='lat' dir='ltr'><strong> </strong></span> 
     </span>
    </p>
   </div>
  </div>
 </body>
</html>
