4140 6258
462 515 610 568 nouimus
630 517 675 564 xn
695 517 769 566 rosr
789 517 983 565 rarurrarnu.
1004 535 1045 548 -
1066 519 1165 568 senno
1185 521 1309 569 rannus
1600 505 1661 569 385

123 685 224 767 ltaque
238 686 367 750 vitanda
381 695 456 750 sunt
470 689 681 772 superborum
696 697 728 752 et
743 690 864 754 iracnn·
877 693 903 756 A
916 691 1041 770 audiat3
1061 709 1120 754 nec
1143 692 1183 756 ab
1207 693 1405 756 orationibus
1429 701 1461 756 et
1484 682 1544 756 De!
1565 692 1663 756 laudi-

124 784 228 846 dorum
253 784 516 870 lubricorumque
541 788 719 863 bominum,
743 788 807 853 imo
831 796 864 851 et
917 789 988 864 bus,
1005 808 1042 852 ac
1057 790 1165 854 verbis
1180 791 1362 854 salubribus
1378 791 1588 864 obmutescat,
1604 789 1664 852 sic-

124 883 261 946 omnium
276 884 465 949 vitiosorum
486 888 655 961 consortia,
672 907 771 970 quum
787 889 862 950 scri·
917 895 952 949 ut
975 889 1008 950 in
1027 888 1241 971 Vitaspatrum
1266 889 1382 972 legitur
1405 890 1444 954 de
1467 888 1591 952 duabus
1615 888 1667 951 de·

8 1005 110 1055 aaran.
124 988 207 1064 ptum
222 981 264 1044 sit
281 1001 288 1044 :
305 982 384 1047 Cum
401 1003 551 1066 perverso
566 987 766 1068 perverteris.
783 986 863 1049 idaia
915 986 998 1050 votis
1026 987 1180 1050 uxoribus
1209 988 1305 1051 simul
1336 987 1566 1062 habitantibus,
1595 1005 1666 1068 quae

124 1097 255 1161 namque
274 1081 407 1144 societas
430 1083 526 1145 trabit
546 1084 586 1146 ad
608 1083 696 1159 vitia,
713 1085 862 1166 quemad·
916 1085 1177 1149 desideraverunt
1195 1105 1214 1148 a
1235 1086 1301 1150 suis
1323 1087 1461 1170 separari
1483 1085 1616 1160 maritis,
1633 1091 1666 1148 et

124 1178 247 1240 modum
262 1178 345 1242 bona
363 1181 497 1244 societas
516 1182 555 1245 ad
573 1183 714 1245 virtutes.
732 1182 863 1265 Propter
915 1182 1014 1246 vitam
1030 1184 1250 1248 coenobiticam
1264 1185 1552 1260 assumere.0uibus
1566 1203 1663 1267 quum

40 1311 110 1348 aaa,
123 1277 200 1359 quod
220 1276 367 1341 Salomon
388 1278 552 1362 loquitur:
570 1279 627 1353 oui
645 1298 719 1342 cum
738 1281 862 1364 sapien·
917 1281 1024 1344 mariti
1048 1284 1227 1346 consentire
1253 1302 1316 1347 non
1338 1285 1468 1360 vellent,
1484 1289 1664 1348 statuerunt

26 1393 30 1404 ·
123 1373 203 1438 tibus
223 1376 377 1457 graditur,
398 1377 525 1460 sapiens
545 1378 623 1458 erit3
643 1378 766 1442 amicus
785 1380 862 1442 stul·
917 1378 1045 1444 feminae
1065 1381 1127 1444 illae
1152 1381 1236 1443 inter
1254 1401 1299 1456 se,
1316 1389 1351 1444 nt
1372 1381 1526 1465 quamdiu
1544 1383 1664 1464 pariter

124 1480 220 1536 torum
243 1473 358 1537 similis
379 1476 426 1538 eis
447 1477 517 1538 erit.
918 1486 1128 1556 morarentur,
1145 1498 1310 1562 nunquam
1334 1481 1472 1544 otiosum
1496 1487 1551 1543 aut
1575 1480 1662 1543 inda·

160 1571 253 1634 Bonis
268 1590 343 1655 ergo
358 1581 389 1636 et
408 1574 565 1638 timoratis
584 1583 678 1658 atque
699 1577 862 1658 prudenti·
917 1595 992 1640 cens
1007 1577 1142 1640 verbnm
1160 1578 1359 1660 proferrent:
1372 1579 1456 1661 quod
1471 1579 1568 1642 etiam
1584 1577 1663 1641 fide·

122 1671 176 1734 bus
200 1671 385 1735 hominibus
407 1675 628 1757 unusquisque
652 1694 685 1738 se
710 1676 860 1758 applicet,
917 1676 989 1739 liter
1019 1684 1235 1740 servaverunt.
1264 1677 1331 1749 Quo
1362 1677 1509 1759 exemplo
1539 1676 1664 1740 discant

121 1779 148 1833 et
170 1769 267 1834 verba
294 1771 405 1834 salutis
429 1771 583 1835 velociter
610 1772 860 1856 obedienterque
916 1774 1066 1838 mulieres
1091 1775 1197 1837 asnis
1220 1775 1465 1858 loquacitatibus
1490 1775 1661 1840 abstinere.

646 2210 840 2297 SERMO
879 2211 1126 2300 TERTIUS

176 2477 214 2524 DS
237 2477 409 2525 srlltltuxtl
430 2477 612 2524 tormentit]
634 2477 735 2524 EORUM
757 2478 824 2533 ΟΠΞ
846 2476 991 2524 CHRISTUS
1013 2479 1044 2526 m
1066 2479 1236 2527 conatione
1257 2483 1348 2528 SUilill
1368 2483 1405 2529 ET
1426 2485 1499 2530 ituri
1519 2485 1599 2544 noir,

473 2576 605 2632 notione
626 2577 659 2622 ΙΝ
680 2577 749 2622 olas
771 2577 803 2623 ΙΝ
823 2577 1068 2624 Jusrlrtcnrlorttt
1088 2579 1296 2627 ruccxronult.

180 2859 280 2920 ΕΝΕ
291 2859 402 2918 omnia
415 2858 516 2935 fecit,·
530 2865 561 2917 et
581 2857 697 2917 surdos
710 2857 790 2934 fecit
806 2857 901 2921 (ια-Β
919 2855 1027 2918 nullus
1047 2863 1177 2919 curatur
1195 2857 1236 2920 ab
1256 2858 1399 2924 interiori
1419 2861 1582 2936 surditate,
1600 2881 1667 2926 mn·

193 2958 281 3026 dire,
297 2965 328 3016 et
342 2965 447 3016 mutos
462 2957 561 3035 loqui.
578 2955 669 3017 liarc.
687 2971 743 3030 vu,
759 2953 808 3018 37.
919 2953 1007 3016 titate
1022 2972 1059 3016 ac
1074 2955 1161 3018 vitiis
1177 2957 1302 3034 ceteris,
1319 2957 1381 3020 nisi
1400 2977 1457 3041 per
1473 2958 1666 3024 infusionem

156 3053 344 3118 Rectissime
363 3053 444 3117 dixit
461 3053 555 3116 turba
572 3053 611 3116 de
627 3053 761 3127 Christo,
778 3054 863 3136 quod
919 3053 1056 3134 Spiritus
1076 3053 1193 3128 Sancti,
1211 3056 1265 3137 qni
1285 3055 1369 3119 tollit
1390 3075 1408 3118 a
1428 3063 1534 3120 mente
1553 3077 1591 3121 ea
1609 3077 1667 3141 per

121 3151 225 3216 «bene
240 3153 351 3216 omnia
366 3151 478 3215 fecit».
495 3152 566 3235 ipsa
581 3151 667 3214 euim
683 3159 731 3214 est
746 3159 864 3215 aterna
918 3171 989 3234 quaa
1008 3153 1103 3216 surda
1122 3160 1154 3215 et
1175 3161 1262 3217 muta
1284 3153 1435 3218 efficitur.
1451 3155 1508 3218 Per
1529 3155 1665 3238 digitum

119 3257 149 3311 et
166 3251 307 3314 increata
331 3250 498 3332 sapientia,
524 3250 563 3312 de
582 3268 645 3332 qua
665 3250 796 3332 Sapiens
820 3250 865 3312 ait
918 3240 1057 3333 namque
1072 3251 1210 3333 Spiritus
1230 3251 1363 3316 Sanctus
1382 3253 1535 3334 signatur,
1553 3272 1664 3319 secun·

8 3379 104 3430 mg,
119 3348 608 3431 qnodattingitafinensquead
621 3347 721 3411 finem
734 3348 861 3421 fortiter,
919 3348 996 3412 dum
1022 3350 1107 3431 quod
1128 3349 1271 3413 Christus
1293 3350 1435 3413 effatur:
1453 3351 1485 3414 Si
1508 3351 1541 3415 in
1565 3353 1665 3435 digito
1677 3371 1768 3426 aaa,
1777 3377 1810 3418 ao.

118 3453 148 3508 et
165 3447 309 3530 disponit
327 3446 435 3510 omnia
449 3447 597 3509 suaviter.
615 3446 695 3508 ilinc
708 3447 864 3510 'Dominus
918 3447 975 3510 Dei
998 3448 1094 3529 ejicio
1118 3448 1282 3512 damonia.
1300 3449 1430 3512 Peccata
1450 3468 1526 3513 varo
1549 3459 1664 3516 morta·

116 3552 222 3608 noster
235 3546 328 3610 lesus
343 3544 497 3620 Christus,
515 3545 569 3628 qui
589 3543 657 3608 solo
672 3544 781 3619 verbo,
799 3545 864 3608 imo
919 3543 971 3635 lia,
988 3565 1199 3628 quaecumque
1213 3547 1277 3609 sint
1293 3547 1514 3622 illa,efficiunt
1527 3549 1664 3614 animam

8 3661 102 3714 utem,
116 3645 180 3706 solo
200 3643 340 3728 imperio
358 3644 463 3727 potuit
482 3644 615 3706 surdum
634 3651 667 3706 et
684 3650 808 3706 mutum
823 3643 863 3706 de
918 3645 1057 3719 surdam,
1075 3653 1196 3708 mntmn
1212 3653 1244 3708 et
1262 3663 1388 3721 caecam,
1405 3647 1471 3710 imo
1490 3655 1522 3710 et
1536 3648 1664 3730 spiritu·

8 3727 85 3782 ’Μ’
116 3761 177 3826 qno
192 3744 225 3806 in
241 3743 409 3826 evangelio
423 3742 577 3805 hodierno
591 3740 629 3803 fit
644 3758 758 3816 sermo,
776 3760 864 3804 cura·
916 3742 1009 3805 aliter
1024 3753 1193 3806 manuam.
1207 3744 1336 3809 Certum
1350 3752 1518 3808 astantem
1534 3757 1664 3828 peccata

114 3858 157 3915 re,
181 3841 225 3904 ita
250 3859 314 3904 non
339 3839 427 3915 fecit,
448 3840 504 3903 sed
530 3840 630 3902 multa
653 3841 737 3902 circa
761 3840 861 3922 ipsius
918 3840 1063 3904 mortalia
1084 3860 1149 3904 uon
1168 3841 1286 3905 auferri
1307 3843 1368 3905 nisi
1390 3862 1447 3925 per
1468 3843 1662 3909 infusionem

111 3941 173 4020 egit
188 3939 398 4003 curationem.
416 3938 495 4002 Nam
510 3939 602 4001 duxit
615 3957 689 4002 eum
705 3956 859 4014 seorsum,
917 3939 1054 4021 Spiritus
1079 3940 1194 4003 Sancti.
1219 3939 1378 4024 Pracipne
1402 3949 1507 4006 tamen
1533 3961 1663 4008 consue·

111 4048 141 4100 et
163 4039 283 4121 digitos
313 4055 386 4100 snos
412 4037 500 4100 misit
524 4037 557 4099 in
581 4037 651 4117 ejus
679 4037 859 4118 auriculas3
876 4035 898 4098 C
916 4038 992 4100 tudo
1007 4057 1105 4120 prava
1123 4038 1227 4101 efficit
1247 4047 1386 4102 mentem
1408 4049 1529 4102 mutam
1550 4050 1582 4104 et
1595 4063 1663 4105 snr-

109 4138 237 4219 exspnit
261 4153 401 4220 quoque,
422 4143 454 4199 et
476 4143 570 4218 sputo
593 4153 651 4199 sno
673 4135 777 4218 tetigit
800 4136 859 4198 lin·
915 4138 997 4200 dam.
1015 4136 1115 4201 Omna
1135 4138 1255 4220 quippe
1277 4138 1409 4202 mortale
1429 4147 1595 4221 peccatum
1614 4149 1663 4206 est

108 4251 201 4315 guam
233 4234 345 4314 illius3
369 4234 485 4297 deinde
514 4233 659 4316 adspexit
683 4233 715 4296 in
742 4233 859 4297 coelum
915 4236 1075 4317 quoddam
1089 4235 1288 4299 obstaculum
1305 4237 1451 4300 dividens
1466 4237 1550 4300 inter
1563 4237 1661 4303 Qum

106 4342 201 4416 atque
218 4333 389 4416 ingemuit,
398 4340 430 4396 et
445 4339 555 4415 postea
569 4332 840 4414 dixit,Adaperire
848 4350 857 4414 ;
914 4341 946 4396 et
970 4341 1122 4409 mentem,
1148 4333 1227 4395 isaia
1250 4340 1385 4396 testante
1408 4353 1445 4396 ac
1468 4343 1658 4400 asserente:

107 4439 273 4514 postremo
293 4431 394 4494 turbae
413 4431 566 4513 praecepit
586 4438 620 4492 ut
639 4431 761 4494 nemini
777 4431 860 4495 dice·
913 4432 1100 4514 iniquitates
1123 4438 1234 4495 vestrae
1257 4432 1435 4495 diviserunt
1457 4433 1540 4497 inter
1558 4435 1659 4500 Deum
1686 4457 1718 4502 n.
1729 4471 1769 4512 ιιι,
1777 4461 1797 4506 a.

105 4540 175 4594 rent
191 4531 282 4594 istud
299 4529 500 4592 miraculum.
517 4528 574 4591 Per
589 4549 660 4612 qnae
680 4529 789 4592 omnia
804 4530 859 4592 ali·
914 4538 1055 4594 vestrum
1077 4537 1108 4592 et
1127 4547 1193 4593 vos.
1210 4530 1290 4592 ilinc
1310 4539 1458 4594 manente
1478 4531 1538 4595 isto
1557 4535 1660 4597 obsta·

105 4631 182 4712 quid
208 4629 423 4713 spiritualiter
447 4627 625 4708 designavit
650 4645 657 4690 :
684 4645 747 4691 non
771 4629 858 4692 enim
913 4630 986 4692 culo
1006 4629 1039 4691 in
1059 4629 1166 4691 anima
1181 4629 1368 4710 peccatrice,
1385 4648 1449 4693 non
1469 4638 1573 4712 potest
1592 4633 1661 4716 ipsa

103 4729 173 4792 sine
196 4747 299 4792 causa
321 4727 477 4808 condigna
498 4726 619 4808 aliquid
644 4726 709 4808 egit
732 4726 856 4790 borum.
914 4728 1089 4791 illuminari
1104 4747 1123 4790 a
1137 4727 1345 4791 ileoldciroo
1360 4730 1539 4792 necessaria
1552 4739 1601 4794 est
1616 4732 1662 4795 iu·

103 4827 265 4911 Denique,
282 4845 340 4890 cur
354 4826 487 4889 surdum
502 4833 533 4888 et
549 4833 673 4888 mutum
689 4825 787 4889 istum
802 4827 858 4890 du·
914 4826 998 4890 fusio
1013 4826 1150 4909 Spiritus
1165 4827 1282 4902 Sancti,
1299 4828 1355 4908 qui
1369 4827 1502 4908 gratiam
1517 4837 1550 4892 et
1564 4830 1661 4895 virtu·

103 4928 149 4989 xit
173 4943 338 4999 seorsum,
365 4925 397 4987 in
427 4924 618 5007 precedenti
644 4931 691 4988 est
718 4925 859 4987 introdn-
913 4933 961 4988 tes
987 4924 1195 5000 infundendo,
1216 4924 1348 5008 expellit
1371 4933 1403 4987 et
1425 4926 1529 4990 aufert
1551 4947 1661 5011 pecca-

105 5033 192 5088 ctnm
208 5041 371 5088 sermone.
389 5023 479 5087 Nunc
495 5023 534 5085 de
549 5023 685 5086 aliorum
700 5023 858 5106 spirituali
913 5031 945 5086 ta
961 5041 967 5086 :
985 5023 1102 5105 quibus
1118 5023 1243 5098 ablatis,
1256 5043 1354 5105 capax
1369 5032 1418 5088 est
1432 5025 1538 5088 anima
1552 5029 1660 5107 gratia

105 5123 325 5206 intelligentia
345 5129 393 5185 est
415 5122 597 5185 dicendum.
914 5123 1088 5205 amplioris.
1110 5123 1241 5205 Propter
1264 5124 1349 5205 quod
1374 5123 1515 5206 loquitur
1537 5125 1657 5189 isaias:

142 5222 363 5306 ltaque,qnod
380 5220 522 5284 Christus
538 5220 652 5302 digitos
667 5237 740 5284 suos
756 5222 861 5304 posuit
874 5218 899 5281 D
913 5221 971 5284 llic
986 5228 1034 5284 est
1048 5221 1152 5284 omnis
1168 5220 1302 5296 fructus,
1318 5229 1355 5283 ut
1368 5221 1531 5285 auferatur
1546 5223 1660 5305 iniqui·
1677 5243 1805 5300 renum,

104 5323 138 5386 in
167 5320 309 5385 auribus
337 5319 434 5402 liujus
463 5317 563 5393 surdi,
587 5318 749 5399 significat
775 5319 860 5402 qnod
914 5326 972 5382 tas.
989 5319 1187 5401 Quicumque
1203 5318 1301 5400 igitur
1318 5319 1444 5382 mortali
1463 5320 1569 5383 sordet
1588 5309 1693 5404 pec-⁹·

235 5451 273 5506 Τ.
292 5453 331 5506 to.
1504 5453 1535 5505 25
