4214 6254
407 475 447 540 ⁸6
636 497 668 544 lu
688 497 742 544 nllt
762 497 878 544 saucio
899 496 1115 544 euumousras.
1136 513 1176 525 -
1196 496 1239 542 ΑΙ)
1259 494 1455 556 antelatum
1478 493 1577 540 Sfflss
1597 491 1725 548 QUINTUS

408 665 489 746 rigat
508 675 541 730 et
561 668 779 734 indesinenter
800 675 974 732 conservet.
991 668 1154 730 Verumta·
1168 667 1194 731 Α
1208 667 1271 730 Nec
1287 664 1391 729 solum
1407 664 1552 729 mortalia
1565 663 1651 735 vitia,
1658 662 1712 725 sed
1727 657 1866 724 venialia
1878 675 1952 740 quo

409 783 483 828 men
499 766 661 832 sensibilis
675 768 730 831 illa
743 768 869 831 devotio
883 775 916 830 et
929 765 1032 829 dulcis
1046 765 1155 828 alacri·
1209 783 1271 845 que
1299 764 1469 844 diligenter
1496 763 1645 834 vitemus,
1674 777 1774 842 quum
1805 756 1951 820 Salomon

408 869 456 925 tas
472 865 510 927 ad
530 865 649 940 divine,
667 883 729 930 non
745 873 819 928 sunt
833 865 1020 928 necessariae
1037 865 1077 926 ad
1094 865 1154 927 hoc
1209 869 1424 944 protestetur:
1441 861 1500 935 Qui
1520 861 1612 923 timet
1630 860 1742 930 Deum,
1759 855 1839 918 nihil
1855 854 1951 935 negli·
1977 871 2072 914 suae.

409 961 495 1043 quod
509 963 605 1027 homo
620 965 653 1026 in
668 965 797 1027 caritate
816 964 866 1026 sit.
885 964 923 1025 Et
940 963 1086 1045 quamvis
1101 963 1155 1025 illa
1209 961 1264 1042 git.
1291 959 1433 1022 l'euialia
1456 977 1594 1039 namque
1617 959 1656 1020 ad
1681 953 1827 1018 mortalia
1850 951 1953 1034 dispo·
1967 937 1997 976 ¹⁹·

409 1059 623 1142 dispensative
645 1062 766 1125 homini
791 1061 1014 1124 abstrahantur
1037 1079 1056 1122 a
1079 1062 1154 1134 Deo,
1211 1067 1291 1120 nunt
1321 1065 1449 1140 peccata
1476 1075 1482 1120 :
1510 1056 1629 1119 idcirco
1653 1055 1707 1136 qui
1732 1052 1870 1115 venialia
1891 1069 1953 1113 nou

409 1157 452 1218 ita
466 1167 500 1220 ut
513 1159 607 1223 homo
622 1180 656 1222 se
670 1160 792 1223 tardum
807 1168 838 1222 et
853 1159 1054 1240 frigidumct
1067 1159 1155 1240 quasi
1211 1157 1323 1238 satagit
1349 1156 1480 1230 evitare,
1504 1155 1537 1218 in
1563 1153 1707 1217 mortalia
1732 1149 1955 1214 miserabiliter

410 1255 503 1318 taedio
518 1258 656 1338 quodam
672 1257 826 1321 affectum
841 1257 1033 1339 experiatur,
1043 1275 1081 1318 ex
1097 1257 1156 1319 hoe
1211 1255 1284 1317 ruit.
1303 1254 1470 1317 Sensuafes
1485 1253 1674 1334 voluptates,
1687 1251 1778 1323 iram,
1790 1247 1953 1320 invidiam,

410 1371 474 1416 non
490 1355 635 1437 sequitur
654 1356 739 1438 quod
758 1354 903 1419 habitum
920 1355 1059 1417 caritatis
1078 1354 1156 1416 ami·
1212 1371 1339 1416 omnem
1356 1351 1614 1426 fraudulentiam,
1631 1349 1870 1420 detractionem,
1886 1365 1957 1408 cum

409 1451 488 1514 serit
504 1469 510 1514 :
528 1452 599 1516 ideo
614 1471 678 1516 nou
693 1453 789 1516 debet
802 1452 1017 1535 pusillanimis
1032 1461 1087 1514 aut
1103 1453 1157 1514 im·
1212 1451 1326 1514 ceteris
1346 1449 1580 1532 iniquitatibus
1595 1448 1714 1530 jugiter
1733 1446 1912 1527 fugiamus3
1927 1452 1959 1505 et

409 1549 533 1632 patiens
557 1550 641 1625 fieri,
669 1553 724 1613 sed
749 1551 872 1613 fortiter
894 1552 932 1613 ad
958 1550 1156 1632 spiritualem
1210 1550 1300 1630 juxta
1314 1547 1486 1630 apostolica
1500 1545 1806 1620 documenta,simus
1823 1543 1957 1606 invicem

409 1648 517 1710 conari
538 1648 717 1730 profectum
740 1657 773 1710 et
790 1649 846 1711 Dei
867 1649 1037 1731 implorare
1057 1648 1158 1710 subsi-
1213 1641 1956 1724 caritativi,misericordes,humiles‚patientes,

409 1745 510 1818 dium,
528 1764 587 1808 nec
603 1746 745 1809 carnales
761 1745 992 1809 consolationes
1012 1746 1157 1808 admitte·
1212 1744 1250 1806 ad
1268 1744 1392 1806 laudem
1408 1751 1440 1805 et
1457 1743 1590 1824 gloriam
1611 1738 1958 1824 superbenedictissimi

409 1862 453 1916 re,
471 1844 526 1906 scd
541 1845 662 1926 Spouso
677 1844 776 1907 fidem
792 1863 918 1907 servare
934 1844 1064 1907 coelesti.
1078 1845 1157 1906 ilinc
1173 1848 1195 1909 B
1213 1843 1361 1925 paracleti
1379 1842 1516 1924 Spiritus
1531 1841 1687 1914 Sancti,et
1703 1839 1813 1912 Patris,
1825 1857 1861 1900 ac
1876 1837 1955 1900 Filii.

407 1940 453 2002 ait
467 1941 644 2004 Bernardus
661 1959 668 2004 :
685 1942 743 2017 Qui
760 1942 792 2004 in
807 1943 922 2024 spiritu
938 1941 1091 2017 ambulat,
1105 1963 1158 2005 ne·
1254 1941 1382 2021 Legitur
1401 1941 1439 2002 de
1460 1940 1489 2002 S.
1506 1939 1623 2001 Busilio
1642 1939 1804 2020 episcopo,
1821 1937 1903 2017 quod
1926 1935 1956 1996 iu

409 2057 569 2122 quaquam
593 2040 624 2100 in
646 2057 711 2102 uno
731 2047 895 2122 permanet
918 2047 1012 2112 statu,
1030 2059 1088 2102 nec
1108 2060 1159 2102 ea-
1215 2058 1327 2119 magua
1342 2038 1520 2100 humilitate
1536 2045 1567 2099 et
1587 2035 1779 2100 abstinentia
1794 2034 1882 2096 vixit.
1901 2033 1958 2096 l'u·

409 2136 483 2198 dem
506 2155 632 2218 semper
652 2136 803 2199 facilitate
825 2137 970 2218 proficit;
986 2138 1041 2198 sed
1064 2145 1159 2219 prout
1212 2139 1252 2198 de
1267 2145 1298 2198 et
1313 2137 1500 2218 sapientiam
1517 2135 1711 2217 praecipuam
1732 2133 1868 2214 Spiritus
1884 2132 1956 2194 San-

410 2233 548 2315 Spiritus
571 2235 703 2296 Sanctus
725 2235 755 2296 ai
776 2235 940 2316 dispensat
960 2254 996 2296 ac
1017 2236 1157 2297 modera-
1214 2245 1283 2298 ctus
1312 2237 1341 2297 ei
1373 2234 1499 2308 infudit,
1526 2242 1656 2316 eratque
1685 2232 1814 2295 caritate
1842 2230 1897 2292 Dei
1921 2249 1956 2291 ac

409 2338 472 2404 tur,
496 2350 582 2393 nunc
606 2332 746 2412 segnius,
768 2351 853 2393 nunc
878 2332 1013 2394 alacrius
1036 2334 1159 2414 peragit
1213 2334 1431 2416 proximorum
1448 2333 1654 2395 vehementer
1667 2349 1830 2393 accensus.
1848 2329 1885 2390 Et
1899 2329 1956 2390 hoc

410 2428 502 2492 bona.
526 2430 607 2510 Ergo
632 2449 733 2511 quum
757 2438 788 2492 te
814 2439 952 2512 torpore,
973 2432 1082 2492 acedia
1104 2440 1159 2492 aut
1214 2433 1319 2514 ipsum
1340 2433 1422 2494 Deus
1442 2430 1596 2493 revelavit
1615 2430 1741 2492 cuidam
1766 2435 1875 2490 sancto
1893 2445 1957 2488 ere-

411 2527 503 2590 taedio
516 2525 604 2589 affici
621 2527 730 2602 scutiS,
748 2527 812 2590 noli
829 2536 995 2609 propterea
1010 2528 1158 2592 diffidere
1214 2531 1298 2592 mitae
1314 2530 1443 2592 nomine
1463 2529 1612 2611 Ephrem.
1629 2528 1686 2602 Qui
1708 2545 1841 2608 surgens
1858 2543 1959 2606 perre-

409 2632 465 2687 aut
493 2624 624 2687 differre
648 2645 666 2687 a
690 2625 794 2688 studio
823 2626 992 2706 spirituali,
1018 2627 1072 2689 sed
1103 2628 1158 2689 Dei
1213 2629 1258 2689 xit
1277 2628 1315 2690 ad
1336 2629 1365 2690 S.
1383 2627 1545 2700 Basilium,
1564 2634 1598 2687 ut
1617 2633 1739 2687 tautum
1762 2623 1868 2686 virum
1886 2640 1958 2685 con-

409 2742 515 2804 quaere
540 2723 716 2801 auxilium3
732 2732 764 2785 ct
788 2724 865 2785 dum
888 2724 1022 2804 gratiam
1047 2725 1156 2798 sentis,
1212 2726 1357 2807 spiceret.
1370 2724 1570 2786 lntroductus
1584 2732 1690 2785 autem
1705 2724 1744 2785 ad
1758 2723 1787 2785 S.
1795 2721 1956 2792 Basilium,

408 2838 472 2883 non
489 2820 736 2883 immoderanter
751 2840 882 2883 securus
903 2821 946 2884 sis
965 2823 1056 2904 quasi
1075 2823 1157 2885 hanc
1212 2824 1293 2886 vidit
1309 2824 1433 2904 igneam
1450 2823 1591 2903 linguam
1613 2823 1644 2883 in
1666 2839 1720 2884 ore
1740 2821 1810 2902 ejus
1831 2820 1957 2902 loquan-

409 2918 542 3001 perdere
564 2937 714 3001 nequeas.
1213 2928 1287 2983 tem.
1305 2921 1372 2994 Quo
1387 2922 1467 2994 viso,
1489 2921 1518 2982 S.
1537 2920 1674 3001 Ephrem
1691 2918 1841 2980 clamavit
1857 2935 1864 2980 :
1879 2917 1956 2978 l'erc

449 3017 612 3092 Praeterea,
630 3017 783 3100 quoniam
808 3017 940 3099 Spiritui
965 3019 1079 3081 Sancto
1103 3023 1194 3100 apo
1214 3039 1346 3100 magnus
1362 3019 1507 3092 Basilius,
1524 3037 1598 3081 vere
1614 3018 1762 3080 columna
1778 3017 1861 3097 ignis
1875 3015 1957 3077 Basi-

409 3116 613 3197 propriantur
626 3117 828 3200 amor,pietas
844 3125 875 3179 et
889 3117 1032 3191 dulcedo,
1041 3117 1159 3180 idcirco
1214 3119 1286 3192 lius,
1304 3136 1377 3180 vcro
1394 3118 1530 3200 Spiritus
1546 3117 1678 3180 Sanctus
1695 3115 1837 3197 loquitur
1851 3133 1907 3196 per
1923 3131 1955 3175 os

410 3212 480 3293 ejus
495 3213 632 3276 effectus
648 3213 680 3275 in
700 3215 841 3290 homine,
858 3223 933 3276 sunt
948 3214 1158 3277 inflammatio
1213 3217 1293 3298 ejus.
1311 3217 1430 3279 Deinde
1449 3216 1585 3298 Ephrem
1601 3216 1680 3277 dixit
1693 3215 1727 3277 Β.
1744 3213 1882 3276 Basilio:
1898 3212 1955 3276 Db-

411 3311 528 3373 mcntis
543 3311 576 3373 in
591 3312 732 3386 caritate,
750 3314 899 3394 torporis,
916 3313 1159 3395 pusillanimita·
1213 3315 1458 3387 secr0,domine,
1473 3314 1607 3395 impetra
1623 3313 1701 3374 mihi
1715 3332 1735 3373 a
1750 3311 1871 3393 Spiritu
1886 3311 1958 3372 San-

411 3407 452 3470 tis
474 3408 622 3489 taediique
645 3410 801 3491 expulsio,
819 3411 994 3491 spiritualis
1019 3411 1159 3473 consola·
1213 3420 1264 3475 cto
1286 3419 1320 3473 ut
1343 3413 1448 3475 Graece
1469 3411 1588 3493 loquar.
1616 3410 1672 3474 Cui
1692 3409 1828 3472 basilius
1852 3426 1859 3471 :
1883 3409 1956 3470 liam

412 3507 467 3582 tio,
493 3506 638 3569 alacritas
667 3508 705 3569 ad
735 3508 854 3581 divina,
884 3509 1013 3571 affectio
1043 3509 1095 3590 pia
1123 3528 1159 3571 ac
1214 3507 1958 3592 (inquit)difficilempostulastiorantcautem

413 3605 516 3667 dulcis
531 3605 570 3666 ad
586 3605 755 3686 proximos.
774 3606 805 3668 Si
827 3607 932 3688 itaque
948 3606 1005 3667 hos
1025 3606 1160 3670 effectus
1215 3610 1244 3671 S.
1262 3607 1388 3680 Basilio,
1405 3608 1511 3669 statim
1528 3608 1626 3689 coepit
1641 3606 1778 3688 Ephrem
1795 3605 1900 3668 Graece
1917 3604 1958 3666 lo-

412 3702 631 3765 desidcramus
645 3703 780 3784 adipisci
795 3723 813 3766 a
829 3704 947 3785 Spiritu
964 3705 1161 3779 Sancto,dis-
1215 3707 1279 3787 qui.
1300 3706 1345 3767 Ex
1370 3705 1488 3788 quibus
1513 3712 1644 3787 apparet
1664 3713 1782 3786 quanta
1801 3703 1841 3765 sit
1861 3703 1959 3784 pictas

413 3801 572 3864 cutiamus
606 3802 816 3865 conscientias
850 3810 973 3865 nostras
1005 3803 1157 3884 quotidie.
1213 3822 1250 3866 ac
1271 3811 1408 3885 potestas
1428 3803 1564 3885 Spiritus
1579 3802 1684 3865 Sancti
1704 3803 1737 3864 in
1757 3801 1823 3864 suis
1838 3799 1956 3863 electis.

857 4119 971 4200 AD
1019 4119 1519 4202 RELIGIOSOS

970 4527 1145 4614 souitu
1180 4528 1406 4629 QUINTUS

587 4755 626 4800 DE
647 4755 813 4801 eutulanum
835 4757 1140 4804 saeuosaucrtssmm
1162 4759 1378 4804 sotuuutrarts
1400 4760 1534 4804 solutius
1556 4759 1673 4814 situum,
1696 4760 1732 4804 ET
1753 4761 1792 4805 DE

960 4857 1170 4904 oasauvnrtuls
1192 4857 1224 4903 tu
1245 4858 1412 4912 LOQUENDO.

482 5083 653 5145 EPLETI
663 5091 740 5142 sunt
755 5101 863 5142 omnes
877 5083 1012 5158 Spiritu
1027 5083 1198 5154 Sancto,D
1254 5083 1404 5158 Quamvis
1427 5084 1510 5146 Deus
1538 5103 1556 5146 a
1582 5083 1692 5145 mundi
1721 5084 1851 5148 exordio
1877 5104 1958 5148 sem·

489 5181 1158 5258 etcaeperuntloquiproutSpiritusSan·
1213 5200 1270 5264 per
1299 5199 1418 5264 pronus
1443 5181 1561 5243 fuitei
1586 5180 1725 5244 liberalis
1748 5182 1788 5245 ad
1817 5183 1955 5246 dandum

410 5287 481 5339 elica
496 5279 594 5338 itabat
610 5277 720 5356 eloqui
736 5278 813 5338 illis.
831 5275 898 5339 Act.
916 5295 949 5351 11,
966 5276 994 5338 l.
1210 5281 1383 5361 gratiarum
1409 5280 1599 5343 charismata
1624 5280 1845 5345 invocantibus
1869 5301 1955 5353 eum,
