4140 6258
435 469 495 535 306
636 485 784 534 ΒΟΙΙΝΙΕΑ
806 487 860 532 vllt
881 487 955 533 POST
975 485 1169 532 ratmundum.
1190 503 1230 512 -
1250 485 1292 530 Al)
1312 481 1506 547 auctotosos3
1529 485 1628 531 sanato
1648 483 1786 540 Quantus

438 677 490 722 me
511 665 618 721 autem
641 657 858 741 periculosum
878 655 1044 720 exsisteret
1065 656 1097 718 in
1116 655 1187 718 tali·
1200 654 1226 718 A
1240 673 1298 737 per
1313 653 1554 738 inspirationem
1576 653 1733 716 internam
1751 671 1808 714 seu
1822 653 1958 717 revelatio

439 756 510 832 bus,
527 775 566 819 ex
581 756 741 839 passione,
759 756 924 820 aversione
940 773 997 818 seu
1017 753 1135 817 carnali
1155 759 1187 815 et
1240 772 1314 815 nem
1340 761 1481 835 apertam
1507 759 1700 835 protestatur
1723 751 1838 814 anima
1856 761 1956 826 nostra,

438 855 553 918 vitiosa
566 854 738 918 allectione
753 853 855 917 reniti.
868 853 956 916 Unde
972 853 998 916 si
1015 853 1087 935 quis
1103 868 1187 914 com·
1241 850 1324 933 quod
1349 851 1490 934 adoptivi
1515 850 1576 913 lilii
1599 850 1655 914 Dei
1678 868 1801 924 sumus,
1824 857 1917 931 utpote
1934 852 1958 913 iu

438 959 584 1035 patenter
602 961 696 1035 aptus
717 953 814 1015 instet
832 951 871 1014 ad
891 952 1036 1014 ordinem
1053 950 1184 1032 suscipi,
1241 951 1370 1012 caritate
1392 958 1424 1012 et
1444 951 1545 1031 gratia
1567 950 1766 1012 exsistentes.
1791 949 1960 1030 Potestque

437 1059 591 1133 vacetque
606 1051 708 1126 locus,
725 1057 835 1113 caveat
854 1051 990 1132 quisque
1010 1067 1050 1110 ne
1067 1047 1185 1129 impor-
1241 1066 1303 1129 que
1323 1047 1506 1110 testificatio
1527 1048 1587 1110 ista
1605 1047 1703 1109 variis
1726 1045 1829 1108 modis
1849 1044 1909 1107 lieri
1925 1055 1959 1107 at·

436 1149 666 1224 tuneresistat,
683 1147 892 1230 autaliquem
913 1148 951 1209 ad
971 1146 1185 1209 resistendum
1240 1165 1302 1228 que
1333 1145 1479 1227 intelligi.
1513 1146 1629 1220 Primo,
1658 1163 1715 1227 per
1747 1144 1913 1207 evidentem
1936 1153 1959 1205 et

437 1246 578 1321 inducat,
594 1253 626 1309 et
647 1266 688 1309 ne
709 1265 747 1309 ex
767 1246 914 1329 passione
933 1245 1040 1327 aliqua
1062 1262 1186 1307 movea-
1240 1252 1358 1306 certam
1378 1245 1618 1319 revelationem,
1640 1244 1708 1306 sive
1728 1242 1901 1306 immediate
1916 1243 1959 1305 liat

436 1352 498 1406 tur.
520 1344 608 1418 Quod
633 1344 659 1407 si
685 1362 820 1426 persona
843 1343 980 1406 multum
1003 1343 1117 1406 idonea
1138 1341 1184 1404 in·
1239 1343 1352 1418 allec,
1369 1343 1437 1406 sive
1459 1363 1516 1426 per
1536 1342 1687 1424 angelum
1704 1359 1711 1404 :
1728 1348 1762 1404 et
1783 1341 1826 1403 ita
1845 1341 1959 1422 agnoscit

437 1450 535 1506 staret
549 1461 607 1525 pro
621 1442 781 1530 ordinc,et
795 1442 867 1525 quis
882 1443 1020 1506 vanitate
1035 1442 1185 1503 seductus
1240 1442 1335 1504 homo
1358 1442 1625 1505 certitudinaliter
1646 1460 1679 1505 se
1702 1459 1773 1504 esse
1793 1439 1825 1502 in
1845 1438 1959 1512 aenne,

438 1560 495 1603 sau
514 1541 715 1616 ambitiosus,
732 1559 771 1604 ex
786 1540 958 1603 formidine
977 1539 1093 1603 luturae
1112 1556 1183 1621 pro·
1239 1540 1290 1602 vel
1315 1541 1411 1603 etiam
1435 1541 1706 1624 praedestinatum,
1729 1547 1763 1600 ut
1786 1539 1881 1602 sancti
1899 1539 1961 1619 Apo

438 1638 588 1702 motionis
601 1638 769 1721 illiusque
780 1658 815 1701 sa
827 1639 1068 1722 impediendum
1084 1657 1102 1699 a
1117 1655 1185 1700 con·
1239 1638 1311 1700 stoli
1332 1647 1364 1702 et
1382 1639 1553 1714 Abraham,
1575 1640 1626 1701 eui
1652 1639 1684 1700 in
1707 1637 1822 1702 Genesi
1846 1636 1960 1719 loquitur

437 1737 546 1819 cupito
566 1737 783 1820 suspicaretur
801 1737 932 1812 honore,
953 1736 1128 1819 receptioni
1148 1735 1183 1797 il·
1238 1736 1333 1812 Deus,
1355 1736 1419 1818 ligo
1442 1743 1602 1819 protector
1622 1745 1696 1799 tuus
1718 1755 1791 1798 sum
1811 1743 1843 1798 et
1862 1753 2039 1796 mereescem

437 1835 499 1897 lius
514 1835 715 1910 reniteretur,
731 1835 863 1898 omnino
877 1834 1072 1898 diabolicum
1088 1841 1179 1896 esset.
1201 1830 1293 1896 Btua
1308 1852 1422 1916 magna
1437 1835 1544 1898 nimis.
1562 1836 1719 1910 Secundo,
1735 1853 1796 1917 per
1811 1833 1896 1896 bona
1908 1833 1961 1915 spei

483 1935 645 2008 Praeterea,
676 1933 829 2018 quoniam
862 1941 941 1996 teste
969 1933 1119 2016 Apostolo
1149 1933 1182 1994 in
1238 1933 1480 1996 consolatoriam
1497 1931 1691 1996 inlusionem
1709 1951 1717 1994 :
1733 1933 1845 2014 sicque
1863 1931 1962 1994 notabi-

362 2062 391 2093 ,ν
407 2063 421 2102 ι,
436 2033 586 2115 prasenti
600 2031 744 2115 epistola,
757 2050 820 2095 non
835 2032 1018 2115 accepimus
1033 2031 1183 2114 spiritum
1239 2029 1310 2092 liter
1333 2031 1469 2094 virtuosi
1490 2031 1705 2094 communiter
1728 2031 1836 2093 sciunt
1858 2048 1889 2092 se
1909 2047 1962 2091 asse

318 2142 325 2157 ·
437 2131 599 2194 servitutis
614 2132 647 2193 in
663 2132 790 2205 timore,
807 2131 861 2194 sed
877 2131 1026 2212 spiritum
1042 2130 1183 2212 adoptio·
1238 2127 1271 2189 in
1297 2128 1437 2202 caritate,
1462 2146 1527 2191 uon
1552 2129 1733 2210 cognitione
1758 2126 1961 2198 certitudinali,

437 2231 486 2292 nis
501 2229 656 2305 liliorum,
673 2231 706 2292 in
726 2248 790 2312 quo
810 2229 995 2304 clamamus,
1011 2228 1102 2291 Abba
1115 2229 1183 2309 (l'a-
1237 2226 1293 2289 sed
1318 2227 1526 2308 conjecturali
1551 2235 1647 2309 atque
1673 2227 1844 2310 probabili.
1868 2226 1962 2298 Tertio,

436 2329 510 2409 ter),
526 2347 622 2410 quem
643 2328 793 2411 spiritum
813 2327 845 2390 in
865 2328 1027 2411 Baptismo
1044 2326 1183 2408 suscepi·
1238 2343 1295 2406 per
1317 2325 1454 2407 propria
1479 2325 1683 2388 conscientie
1706 2325 1890 2406 diligentem
1909 2342 1964 2385 exa·

438 2445 521 2498 mus,
537 2426 653 2489 deinde
672 2426 935 2508 quotiescumque
957 2433 1029 2507 post
1050 2426 1182 2488 mortale
1238 2423 1471 2485 minationem:
1491 2431 1527 2485 ut
1544 2425 1622 2486 dum
1641 2424 1738 2486 horno
1757 2422 1965 2486 conscientian

436 2530 604 2607 peccatum
633 2543 708 2586 vere
737 2523 945 2606 poenituimus
974 2532 1006 2586 et
1035 2523 1182 2586 confiteri
1237 2540 1328 2584 suam
1352 2521 1523 2606 diligenter
1549 2523 1747 2597 examinans,
1774 2540 1839 2585 non
1865 2520 1964 2583 invenit

436 2621 792 2686 decrevimus:ideireo
805 2622 941 2685 Domino
955 2622 1180 2704 obsequamur,
1238 2639 1271 2682 se
1301 2620 1427 2682 mortali
1457 2628 1588 2702 peccato
1618 2620 1806 2683 obnoxium.
1838 2621 1916 2682 llude
1940 2620 1965 2680 in

437 2727 468 2782 et
486 2720 610 2783 cunctis
627 2719 800 2782 virtutibus
818 2721 1014 2795 insistamus,
1035 2738 1099 2783 non
1118 2739 1182 2783 ser·
1238 2717 1342 2799 prima
1362 2737 1419 2780 sua
1439 2717 1597 2781 canoniea
1615 2718 1694 2780 dicit
1710 2718 1849 2782 loannes
1864 2725 1966 2800 aposto

436 2819 493 2882 vili
507 2819 633 2892 timore,
644 2817 700 2882 sed
716 2834 796 2900 puro
810 2836 928 2892 amore,
941 2838 980 2881 ex
995 2834 1059 2901 quo
1074 2817 1183 2881 lilialis
1238 2817 1287 2880 lus
1315 2834 1322 2878 :
1348 2817 1380 2880 Si
1406 2835 1460 2880 eor
1484 2825 1629 2881 nostrum
1655 2835 1718 2880 non
1745 2816 2050 2900 reprehendentem.

435 2917 537 2980 oritur
550 2917 657 2991 timor,
669 2916 725 2998 qui
740 2917 836 2979 etiarn
850 2916 889 2979 ad
904 2934 999 2980 omne
1014 2925 1181 2999 peccatum
1237 2934 1306 2991 nos,
1323 2915 1477 2978 fiduciam
1497 2914 1652 2979 habemus
1668 2916 1708 2979 ad
1728 2917 1842 2979 Deum.
1859 2917 1964 2990 Quam,
1976 2896 1998 2934 ²¹·

435 3014 602 3079 vitandum
617 3032 675 3079 nos
690 3014 786 3077 debet
801 3014 962 3090 inducere,
982 3034 1022 3077 ne
1040 3015 1183 3098 superpi-
1201 3012 1277 3077 Glit
1291 3033 1348 3096 per
1363 3032 1498 3096 operum
1513 3015 1757 3079 attestationem.
1775 3015 1879 3089 Quum
1897 3014 1967 3076 eninr

436 3113 540 3176 issimi
558 3113 658 3176 Patris
677 3112 816 3177 coelestis
835 3111 950 3176 faciem
965 3113 1180 3188 ollendamus,
1238 3113 1380 3194 operatio
1395 3119 1506 3194 arguat
1521 3113 1668 3189 formam,
1685 3114 1770 3178 sicut
1784 3115 1852 3177 vitu
1867 3121 1967 3175 natura

435 3219 468 3274 et
489 3230 529 3274 ue
553 3210 593 3273 ab
613 3229 652 3274 eo
676 3211 902 3293 superomnia
925 3209 1181 3292 incomparabili·
1238 3217 1427 3292 peractum
1451 3219 1483 3274 et
1507 3219 1630 3277 motum
1652 3221 1773 3277 natura
1798 3213 1967 3284 ostenditur,

436 3318 484 3372 ter
498 3309 592 3371 nobis
607 3309 773 3372 carissimo
788 3327 988 3391 separemur3
1004 3309 1182 3391 praesertim
1238 3309 1284 3371 sic
1299 3310 1364 3371 vita
1379 3310 1518 3372 caritatis
1538 3317 1570 3372 et
1587 3311 1697 3392 gratiae
1715 3330 1774 3394 per
1792 3312 1967 3375 alacritatem

436 3425 537 3490 quum
561 3415 593 3470 et
617 3407 686 3489 ipse
710 3408 794 3470 Deus
819 3407 994 3488 majestatis
1018 3406 1183 3472 immensa
1238 3415 1269 3470 et
1292 3409 1578 3490 promptitudinem
1603 3409 1823 3473 virtuosorum
1846 3409 1970 3474 exerciti·

436 3505 563 3568 anobis
584 3505 770 3568 vermiculis
791 3513 881 3587 pater
900 3505 1054 3588 appellari
1074 3506 1184 3588 digne·
1238 3523 1329 3568 orum
1361 3513 1564 3570 monstratur.
1591 3507 1714 3571 ldcirco
1743 3508 1823 3572 dum
1852 3509 1969 3591 Spiritus

437 3610 500 3678 tur,
517 3610 548 3666 et
568 3621 625 3668 nos
645 3603 716 3685 ejus
736 3603 847 3686 pietati
862 3603 989 3679 conlisi,
1006 3605 1113 3687 ipsum
1129 3624 1184 3687 ap·
1238 3605 1372 3668 Sanctus
1394 3604 1497 3667 allicit
1519 3605 1685 3669 hominem
1708 3605 1742 3669 in
1763 3607 1875 3670 divino
1897 3606 1970 3669 obse·

438 3700 557 3783 pellare
582 3709 704 3783 patrem
728 3701 895 3764 humiliter
917 3703 1100 3765 audeamus.
1127 3704 1183 3766 Per
1238 3703 1315 3785 quio
1330 3703 1363 3766 in
1378 3704 1529 3767 omnibus
1545 3712 1731 3787 promptum
1747 3713 1778 3768 et
1794 3706 1925 3768 alacrem
1941 3719 1969 3764 ac

437 3799 522 3881 quod
547 3799 585 3862 ad
610 3801 680 3880 ejus
701 3800 943 3863 honorationem
963 3809 1181 3884 spontaneam,
1238 3808 1447 3876 constantem,
1457 3802 1679 3865 testimonium
1695 3803 1848 3885 perhibet
1860 3805 1888 3865 ei
1902 3801 1970 3884 quod

437 3895 1182 3980 filialem‚am0rosam‚valdeadstringimur‚ne
1239 3900 1271 3962 in
1297 3900 1426 3962 caritate
1451 3901 1582 3963 exsistat
1608 3919 1615 3964 :
1642 3901 1805 3984 siquidem
1835 3899 1971 3966 exhibitio

438 4003 471 4058 et
491 4003 585 4058 tantas
607 3995 782 4076 dignationi
807 3995 909 4077 ipsius
933 3997 1034 4059 simus
1056 3997 1181 4079 ingrati.
1237 3999 1355 4080 operis,
1376 3997 1522 4080 probatio
1543 4006 1592 4061 est
1612 3999 1763 4062 caritatis.

298 4111 424 4163 naucum,
438 4095 509 4176 lpse
529 4093 650 4156 etenim
672 4093 813 4175 loquitur
834 4112 891 4175 per
912 4095 1099 4177 Prophetam
1122 4113 1129 4157 :
1152 4096 1183 4159 Si
1278 4097 1385 4160 Posset
1398 4097 1451 4160 hie
1467 4096 1627 4179 quaeri,an
1642 4097 1759 4180 aliquis
1773 4098 1857 4161 sciat
1871 4116 1902 4161 se
1916 4112 1971 4158 esse

438 4193 527 4254 Pater
545 4209 603 4274 ego
623 4211 706 4265 sum,
730 4190 787 4253 ubi
806 4200 854 4254 est
873 4193 975 4255 honor
996 4195 1108 4256 meust
1128 4194 1184 4256 lta·
1198 4192 1223 4255 Ι)
1239 4195 1271 4256 in
1288 4195 1427 4258 caritate.
1440 4195 1487 4258 Ad
1503 4195 1588 4277 quod
1603 4215 1642 4258 ex
1658 4195 1752 4258 dictis
1767 4205 1859 4278 patet
1871 4195 1972 4276 aliqua-

438 4309 511 4373 que‚
529 4291 795 4372 quotiescumque
811 4289 843 4352 in
860 4289 1007 4353 Oratione
1023 4291 1183 4354 dominica
1238 4293 1277 4355 lis
1299 4293 1476 4375 responsio.
1502 4294 1597 4356 Porro
1621 4294 1771 4357 dominus
1797 4294 1972 4359 Guillelmus

296 4400 423 4453 aaran,
437 4389 574 4452 dicimus
593 4387 692 4451 verba
711 4387 790 4462 haec,
804 4388 893 4451 Pater
908 4396 1015 4451 noster
1029 4389 1085 4471 qui
1101 4409 1134 4452 es
1150 4391 1182 4453 in
1236 4391 1518 4467 Antisiodorensis,
1544 4393 1577 4455 in
1607 4393 1701 4456 tertia
1729 4401 1821 4476 perte
1851 4393 1973 4456 Summe

291 4465 312 4507 ⁹·
437 4486 537 4560 coelis,
559 4485 678 4549 summi
702 4505 739 4548 ac
759 4485 993 4567 dignantissimi
1015 4488 1113 4551 Patris
1132 4507 1182 4550 ae·
1238 4510 1313 4564 suae,
1331 4490 1470 4553 multum
1490 4491 1713 4572 magistraliter
1733 4492 1850 4554 scribit
1863 4491 1901 4554 de
1915 4490 1972 4560 hoc,

438 4585 613 4647 cendamur
625 4602 744 4658 amore,
761 4601 973 4665 provocemur
987 4584 1180 4665 dignatione,
1238 4589 1321 4651 inter
1346 4597 1451 4652 cetera
1475 4590 1584 4652 dicens
1607 4608 1614 4653 :
1634 4590 1743 4674 Aliqui
1763 4591 1888 4664 dieunt,
1903 4586 1973 4670 quod

437 4689 531 4764 atque
560 4682 599 4745 ad
627 4701 702 4746 eum
730 4683 762 4744 in
786 4680 937 4744 omnibus
961 4682 1181 4747 honorandum
1237 4687 1369 4769 quidam
1394 4687 1500 4750 sciunt
1523 4707 1556 4750 se
1580 4706 1644 4753 uon
1670 4688 1788 4751 babere
1811 4689 1974 4758 caritatem,

436 4781 625 4843 animemur.
1236 4786 1320 4848 sicut
1339 4787 1395 4869 qui
1415 4796 1490 4850 sunt
1509 4787 1543 4850 in
1563 4795 1634 4850 actu
1655 4794 1710 4850 aut
1729 4789 1897 4870 proposito
1915 4803 1973 4868 pec·

476 4880 619 4962 Insuper,
636 4879 721 4961 quod
743 4879 775 4941 in
796 4879 916 4962 Spiritu
938 4879 1052 4943 Sancto
1066 4880 1182 4943 clame·
1237 4884 1330 4946 candi
1354 4885 1538 4948 mortaliter.
1564 4885 1625 4948 Alii
1647 4884 1797 4948 dubitant
1822 4905 1857 4949 sa
1878 4885 1974 4948 carim

437 4996 519 5052 mus,
534 4976 624 5040 Abba
642 4977 770 5059 (Pater),
787 4978 819 5040 id
839 4986 897 5052 est,
915 4978 1014 5041 lleum
1034 4997 1108 5042 vere
1128 4981 1181 5043 Pa·
1235 4990 1300 5044 tem
1317 4981 1445 5058 babere,
1462 4985 1613 5066 quoniam
1629 4983 1750 5047 habeut
1770 4984 1909 5047 rationes
1926 4997 1973 5063 pro

436 5083 518 5138 trem
533 5093 694 5150 vocemus,
709 5075 823 5158 probat
837 5076 1006 5158 Apostolus
1022 5076 1179 5140 subdens:
1236 5087 1370 5163 utraque
1395 5091 1483 5164 parte
1508 5099 1598 5163 eaque
1621 5080 1720 5145 lortes
1743 5100 1750 5144 :
1773 5089 1809 5145 ut
1834 5082 1889 5166 qui
1909 5080 1973 5143 inci-

302 5184 420 5238 deram,
434 5175 505 5257 lpse
527 5174 615 5238 enirn
636 5174 773 5256 Spiritus
795 5174 1014 5237 testimonium
1034 5175 1182 5257 perhibet
1236 5179 1330 5260 piunt
1351 5177 1455 5241 lacere
1478 5181 1562 5261 quod
1585 5179 1617 5242 in
1639 5180 1720 5262 ipsis
1739 5188 1798 5256 cst,
1821 5189 1857 5245 ct
1874 5194 1972 5263 propo

290 5248 324 5290 ¹⁶⁸
435 5273 562 5359 spiritui
588 5279 707 5349 nostro,
733 5272 764 5334 id
794 5280 853 5347 est,
880 5273 1017 5354 Spiritus
1047 5273 1180 5338 Sanctus
1236 5284 1316 5340 nunt
1340 5277 1379 5340 de
1403 5286 1509 5341 cetero
1533 5296 1595 5341 non
1621 5297 1764 5362 peceare.
1785 5280 1852 5342 Alii
1874 5283 1973 5363 putant
