4288 6264
434 470 474 536 60
605 493 752 543 noumrcx
774 495 848 542 rosr
869 493 1078 548 asernsmmur
1099 493 1216 541 nomm.
1239 512 1279 524 -
1299 495 1342 540 an
1362 492 1558 557 aanrerosos3
1581 492 1680 540 suarm
1700 491 1837 549 optaras

436 672 496 739 est,
522 665 651 748 qualem
680 665 803 730 efficiat
832 686 927 731 suum
950 666 1187 730 observatorem
1203 666 1229 729 A
1245 665 1451 729 cordissimus
1466 666 1549 730 Deus
1565 663 1856 729 innumerabilibus
1870 661 1994 727 vicibus

438 762 629 845 perlectum,
647 785 743 848 quam
760 765 835 829 item
852 764 1068 830 exaudibilem
1083 784 1119 828 ac
1135 783 1189 848 po·
1244 765 1482 828 demonstravit.
1503 764 1582 828 Nam
1605 783 1715 846 preces
1736 762 1878 837 illorum,
1898 762 1993 826 etiam

438 869 559 926 tentem
579 864 676 927 iaciat
694 884 768 927 eum
789 866 875 947 apud
893 865 1103 927 ditissimum.
1124 864 1188 927 lloe
1245 863 1278 925 in
1303 863 1451 926 maximis
1475 871 1507 926 et
1529 862 1735 926 difficillimis
1759 860 1868 936 rebus,
1891 878 1994 944 prom-

440 967 525 1024 certe
549 961 583 1024 in
610 963 723 1044 primis
750 969 883 1036 constat,
908 963 993 1044 quod
1022 960 1187 1044 perfectio,
1245 961 1390 1045 ptissime
1410 961 1583 1036 exaudivit,
1598 961 1638 1023 ad
1658 960 1787 1023 illorum
1809 959 1994 1022 instantiam

439 1059 541 1122 virtus
561 1068 592 1123 et
610 1060 760 1123 sanctitas
783 1060 900 1124 mentis
920 1061 1068 1124 humanae
1087 1060 1189 1122 consi·
1245 1067 1386 1124 mortuos
1402 1059 1702 1134 suseitand0,eaecos
1718 1064 1750 1122 et
1765 1058 1895 1121 claudos
1910 1077 1930 1120 a
1944 1077 1995 1121 na-

439 1157 494 1221 stit
508 1158 542 1220 in
562 1160 769 1222 conversione
786 1179 843 1222 sua
858 1159 983 1222 sincera
999 1166 1031 1222 et
1045 1177 1190 1222 amorosa
1245 1159 1367 1221 tivitate
1387 1157 1537 1232 curando,
1554 1157 1695 1239 leprosos
1717 1157 1912 1231 mundando,
1929 1156 1995 1219 imo

438 1256 478 1318 ad
501 1257 667 1340 proprium
690 1265 876 1332 creatorem,
894 1258 994 1319 Deum
1016 1275 1129 1319 verum
1152 1275 1189 1318 ac
1245 1265 1276 1320 et
1299 1257 1393 1318 bruta
1416 1255 1568 1318 animalia
1597 1263 1721 1318 mortua
1750 1254 1932 1318 reducendo
1955 1256 1995 1318 ad

439 1354 611 1418 Dominum
636 1355 869 1419 universorum.
891 1356 964 1419 Hac
989 1363 1096 1418 autem
1118 1372 1190 1418 con·
1245 1355 1355 1430 vitam,
1372 1354 1472 1418 solem
1491 1354 1525 1417 in
1545 1352 1627 1417 eoelo
1640 1373 1659 1416 a
1674 1353 1768 1416 solite
1786 1359 1876 1416 motu
1895 1353 1996 1436 impe·

438 1453 543 1516 versio
558 1453 597 1515 lit
611 1460 699 1517 tanto
719 1454 873 1518 sincerior
892 1460 988 1536 atque
1003 1453 1188 1528 ferventior,
1244 1454 1370 1527 diendo,
1394 1452 1512 1533 jubens
1542 1461 1577 1514 ut
1600 1452 1651 1515 vel
1681 1459 1779 1515 staret
1801 1453 1840 1513 ad
1865 1458 1996 1534 tempus

439 1559 557 1632 quanto
582 1552 654 1633 plus
678 1553 834 1616 avertitur
857 1552 954 1615 homo
978 1551 1018 1614 ab
1043 1551 1188 1614 omnium
1244 1554 1406 1626 immotus,
1422 1558 1477 1612 aut
1492 1557 1577 1613 certe
1593 1549 1710 1612 rediret
1724 1569 1781 1632 per
1796 1549 1882 1612 viam
1897 1569 1994 1632 quam

438 1657 667 1724 ereaturarum,
690 1651 855 1733 potissime
878 1650 1052 1714 carnalium
1075 1657 1107 1712 et
1128 1656 1191 1712 ter·
1244 1650 1413 1735 percurrit,
1439 1657 1471 1712 et
1496 1648 1596 1711 multa
1619 1649 1742 1729 agendo
1766 1648 1895 1723 similia,
1924 1668 1996 1730 quae

439 1764 600 1823 renerum,
618 1748 798 1812 inordinato
811 1768 848 1812 ac
863 1749 1001 1812 sensuali
1017 1766 1136 1823 amore,
1153 1767 1189 1811 ac
1245 1750 1277 1811 in
1297 1748 1388 1810 libris
1408 1748 1484 1810 satis
1503 1746 1707 1821 authenticis,
1725 1746 1790 1809 imo
1809 1754 1841 1808 et
1858 1747 1891 1809 in
1911 1746 1995 1810 Scri·

440 1845 605 1927 superflua
633 1846 823 1927 cogitatione
852 1855 884 1910 et
913 1847 1120 1929 inspectione.
1151 1847 1190 1908 Et
1208 1851 1230 1913 B
1245 1848 1347 1930 pturis
1369 1846 1530 1908 canonicis
1552 1845 1671 1908 diiiuse
1692 1845 1851 1926 leguntur.

440 1951 559 2024 quanto
582 1943 632 2006 lex
653 1945 761 2027 aliqua
785 1945 958 2028 perfectius
979 1946 1082 2018 docet,
1097 1945 1190 2026 jubet
1285 1947 1455 2019 Postremo,
1481 1945 1564 2007 sicut
1588 1944 1621 2006 in
1646 1942 1812 2024 evangelio
1840 1944 1995 2007 hodierno

440 2051 495 2104 aut
525 2043 664 2105 consulit
693 2044 765 2106 talis
794 2044 944 2126 perlectae
972 2043 1189 2106 conversionis
1244 2046 1387 2109 Christus
1404 2043 1560 2126 predixit,
1574 2043 1752 2124 paracletus
1767 2042 1905 2124 Spiritus
1921 2044 1996 2106 San-

440 2142 479 2202 ad
495 2143 595 2204 Deum
616 2141 846 2224 impedimenta
860 2143 970 2215 vitare,
988 2142 1189 2223 totaliterque
1244 2151 1325 2217 ctus,
1342 2161 1438 2224 quem
1457 2142 1488 2203 in
1508 2141 1559 2203 die
1574 2141 1774 2203 pentecostes
1795 2141 1884 2203 misit
1899 2142 1994 2203 disci-

441 2239 474 2301 in
495 2239 595 2302 Deum
619 2241 773 2315 converti,
789 2247 877 2302 tanto
900 2240 1038 2302 divinior
1060 2240 1119 2302 rite
1138 2258 1189 2302 vo·
1244 2242 1339 2324 pulis,
1365 2240 1585 2303 testimonium
1615 2238 1676 2301 sibi
1706 2239 1879 2321 perbibuit.
1905 2240 1992 2313 Quod

440 2345 539 2400 catur.
557 2338 621 2401 Hoc
637 2347 743 2400 autem
760 2339 809 2401 lex
825 2338 1008 2420 evangelica
1025 2338 1189 2421 perfectis·
1244 2341 1381 2422 qualiter
1399 2337 1519 2400 lactum
1540 2337 1591 2411 sit,
1609 2337 1641 2398 in
1662 2336 1796 2419 epistola
1813 2345 1846 2399 et
1860 2356 1994 2418 evange-

440 2435 521 2498 sime
536 2437 600 2517 agit
615 2455 674 2518 per
689 2444 848 2519 praecepta
863 2456 920 2498 sua
934 2445 1029 2518 atque
1044 2436 1185 2500 consilia.
1243 2439 1287 2501 lio
1319 2436 1482 2518 sequentis
1513 2435 1682 2500 dominice
1711 2443 1743 2498 et
1771 2435 1993 2500 sacratissimae

439 2533 585 2614 Praecipit
607 2553 745 2616 namque
767 2543 856 2596 actus
879 2534 1046 2608 virtutum,
1068 2543 1099 2596 et
1120 2553 1190 2617 pro·
1244 2535 1442 2598 solennitatis
1462 2541 1619 2615 praetacta
1641 2533 1766 2616 plenius
1783 2533 1991 2615 exprimetur.

438 2630 529 2694 hibet
544 2631 636 2712 vitia3
648 2633 850 2714 consulitque
866 2632 1004 2694 earnalia
1019 2640 1051 2695 et
1064 2639 1190 2694 terrena
1283 2633 1437 2707 Quoniam
1458 2650 1532 2713 ergo
1552 2639 1616 2693 tam
1633 2632 1789 2706 virtuosa,
1801 2631 1943 2713 perlecta
1961 2640 1993 2696 et

439 2737 554 2792 cuneta
578 2730 770 2813 relinquere,
791 2750 824 2793 se
850 2731 956 2813 ipsum
981 2749 1107 2813 quoque
1132 2750 1189 2814 per
1244 2740 1352 2795 sancta
1367 2738 1415 2792 est
1431 2730 1480 2793 lex
1496 2729 1678 2810 evangelica
1693 2749 1711 2791 a
1726 2729 1852 2793 Christo
1867 2731 1991 2804 collata,

439 2836 549 2891 votum
572 2828 761 2892 obedientiae
783 2830 951 2912 abnegare,
967 2848 1004 2892 ac
1025 2829 1134 2893 divino
1155 2849 1188 2891 se
1244 2839 1338 2912 atque
1358 2837 1421 2891 tam
1443 2835 1528 2891 certa
1542 2836 1574 2890 et
1589 2845 1663 2890 vera
1682 2835 1730 2890 est
1750 2827 1832 2891 fides
1849 2827 1993 2891 christia-

439 2927 541 2990 cultui
562 2926 748 3009 plenissime
769 2929 962 3010 mancipare,
979 2945 1106 2990 omnem
1127 2929 1190 3011 pri·
1244 2949 1295 3002 na,
1312 2929 1496 3011 studeamus
1515 2945 1627 2988 omnes
1648 2926 1847 2989 concorditer
1862 2927 1925 2990 Deo
1940 2946 1993 2990 no·

439 3033 548 3088 vatum
571 3045 711 3090 amorem
734 3035 766 3090 et
786 3027 908 3110 proprii
929 3028 1089 3090 commodi
1113 3027 1189 3089 alie·
1205 3035 1226 3100 c
1244 3035 1309 3090 stro
1325 3024 1649 3108 irreprehensibiliter
1665 3024 1992 3098 ministrare,omnem

441 3125 579 3187 ctionem
597 3125 741 3188 funditus
756 3127 943 3208 exstirpare,
960 3126 1070 3207 sicque
1088 3126 1188 3187 ileum
1245 3124 1439 3207 superbiam,
1457 3123 1548 3198 iram,
1565 3123 1729 3197 invidiam,
1745 3124 1923 3199 avaritiam,
1939 3143 1993 3206 gu-

441 3222 612 3304 purissime
636 3242 673 3286 ac
698 3224 914 3287 intensissime
938 3231 1004 3286 toto
1029 3224 1122 3286 corde
1147 3225 1189 3286 di·
1245 3224 1306 3285 lam
1324 3231 1355 3285 et
1371 3222 1632 3284 incontinentiam
1653 3240 1783 3305 prorsus
1798 3223 1909 3296 vitare,
1925 3241 1991 3286 om-

442 3321 550 3402 ligere.
1244 3341 1318 3384 nem
1334 3339 1460 3403 quoque
1476 3320 1991 3395 bumilitatemmansuetudinem,

483 3419 636 3501 benique,
668 3439 764 3501 quam
793 3420 992 3483 exaudibiles
1021 3429 1052 3483 et
1081 3429 1190 3503 poten·
1245 3421 1420 3493 caritatem,
1438 3417 1672 3492 liberalitatem,
1689 3418 1928 3492 continentiam,
1943 3437 1990 3481 so·

442 3525 501 3590 tes,
529 3536 623 3598 quam
649 3517 730 3598 grati
754 3525 786 3579 et
810 3519 994 3591 familiares,
1019 3539 1115 3600 quam
1141 3538 1190 3581 ea·
1245 3517 1412 3580 brietatem
1428 3517 1590 3598 amplecti,
1609 3516 1779 3589 custodire,
1795 3523 1827 3578 et
1843 3535 1942 3598 usque
1958 3517 1991 3578 in

442 3614 481 3688 ri,
498 3614 620 3696 accepti
641 3622 673 3677 et
693 3614 922 3695 placentissimi
946 3616 998 3678 isti
1021 3617 1085 3678 sint
1106 3617 1191 3698 apud
1245 3615 1346 3678 linem
1367 3634 1440 3677 eum
1461 3614 1646 3696 quotidiano
1667 3613 1811 3696 profectu
1833 3613 1865 3676 in
1885 3615 1931 3676 eis
1949 3615 1993 3676 vi-

442 3714 553 3788 Deum,
571 3712 639 3794 ipse
661 3713 897 3795 superoptimus
920 3721 952 3776 et
974 3714 1192 3797 supermiseri-
1247 3714 1348 3775 rilitcr
1370 3713 1560 3775 conversari.

889 4073 1003 4154 AD
1051 4069 1551 4153 RELIGIOSOS

987 4496 1161 4582 SERMO
1197 4493 1442 4597 QUARTUS

722 4736 761 4781 ott
783 4735 965 4792 vaunnam,
987 4735 1024 4780 ΕΤ
1044 4735 1111 4790 QUAE
1133 4734 1175 4780 An
1197 4733 1260 4779 EAM
1282 4733 1470 4780 necassnula
1491 4734 1711 4790 llllQUlllUNTUll.

511 4999 653 5060 STOTE
664 4998 856 5072 prudentes,
872 5004 902 5055 et
918 4997 1053 5073 cipitata
1068 4996 1104 5054 in
1119 5015 1190 5055 ora·
1206 4997 1230 5059 D
1246 5013 1324 5077 quas
1354 4995 1384 5058 S.
1405 4995 1540 5057 Thomas
1568 4993 1771 5077 prudentiam
1800 4991 1897 5055 sentit
1924 5011 1994 5055 esse

527 5095 678 5156 tionibus.
695 5094 708 5155 l
727 5093 807 5156 Patr.
824 5111 865 5168 rv,
883 5091 910 5155 7.
1245 5092 1435 5156 nobiliorem
1466 5111 1502 5154 ac
1532 5092 1719 5173 digniorem.
1751 5091 1827 5173 Ejus
1856 5109 1994 5172 namque

485 5194 571 5256 Inter
592 5192 726 5255 virtutes
750 5191 895 5266 morales,
913 5191 1085 5275 primatum
1107 5211 1191 5273 quae-
1245 5200 1294 5255 est
1312 5191 1389 5254 alias
1408 5190 1542 5253 virtutes
1565 5191 1597 5252 in
1619 5189 1798 5252 actionibus
1819 5207 1927 5251 earum
1948 5189 1996 5250 di-

446 5294 519 5356 dam
544 5290 720 5354 sortiuntur
743 5289 876 5354 virtutes
901 5289 1088 5365 cardinales
1110 5289 1193 5354 inter
1246 5290 1359 5371 rigere,
1381 5288 1610 5352 considerando
1633 5289 1738 5350 media
1758 5287 1816 5350 lini
1839 5286 1995 5349 virtutum
