4164 6258
419 467 478 534 raa
629 437 779 534 novimas
801 484 836 530 m
856 483 930 532 rosr
950 480 1145 529 mmrrsrnu.
1165 499 1206 512 -
1226 483 1269 528 sn
1289 481 1483 546 nsurerosos;
1506 482 1605 531 smuo
1625 483 1763 540 unsaros

417 664 479 729 tur,
486 656 622 738 qualiter
636 656 682 719 eis
698 654 855 718 inclinent
868 661 900 717 et
915 672 949 716 se
964 671 1048 735 saepe
1064 669 1168 714 eoram
1182 651 1207 716 Α
1223 659 1398 715 ceterarum
1424 653 1555 735 exsequi
1582 661 1671 716 actus
1694 653 1863 727 virtutum,
1890 669 1965 734 puro

418 754 465 816 eis
486 761 699 836 prosternant,
716 771 812 836 quam
833 751 930 814 etiam
951 750 1167 814 reverentiali·
1222 750 1278 813 Dei
1294 750 1410 812 intuitu
1432 758 1464 812 et
1482 751 1701 814 sincerissimo
1715 750 1785 831 ejus
1803 767 1913 812 amore
1930 750 1964 811 ad

418 859 467 914 ter
491 853 662 934 loquantur
684 852 724 914 ad
753 868 818 925 eos,
844 869 940 932 qnam
965 848 1097 911 attonite
1120 847 1167 910 eis
1221 847 1291 926 ejus
1307 847 1472 920 honorem,
1489 867 1585 930 quam
1600 846 1822 910 retributionis
1837 846 1963 910 aflectu.

417 950 543 1012 adstent
559 967 566 1012 :
584 957 703 1032 quanto
719 949 819 1030 magis
835 948 911 1029 Regi
931 947 1166 1020 universorum,
1221 945 1261 1007 Et
1282 952 1388 1007 umen
1414 946 1469 1029 qui
1492 963 1573 1028 puro
1597 945 1653 1008 Dei
1676 963 1785 1008 amore
1809 945 1870 1008 hoe
1893 945 1963 1026 agit,

418 1047 482 1110 Deo
511 1047 735 1129 omnipotenti,
762 1045 901 1128 principi
928 1045 1102 1125 mejestatis
1130 1061 1167 1105 ac
1222 1043 1417 1125 plusgratiae
1438 1043 1640 1125 inpraesenti
1662 1050 1816 1118 rueretur,
1833 1061 1871 1105 ac
1891 1043 1966 1105 mul-

418 1145 615 1208 excellentiae
641 1145 788 1218 infinite,
814 1163 888 1206 cum
913 1161 1038 1205 summa
1063 1149 1095 1204 et
1119 1142 1165 1203 in·
1221 1149 1254 1202 to
1273 1142 1427 1222 majorem
1448 1161 1467 1204 a
1489 1142 1554 1204 Deo
1575 1141 1608 1204 in
1634 1141 1725 1205 coelis
1746 1141 1883 1222 gloriam
1905 1159 1965 1204 sor·

418 1242 626 1326 comparabili
650 1243 839 1316 reverentia,
857 1241 1047 1314 humilitate,
1065 1247 1167 1302 custo
1220 1239 1326 1302 tietur.

418 1343 480 1417 dia,
498 1342 648 1425 puritate,
661 1342 795 1410 adstare,
808 1340 954 1422 psallere,
966 1339 1111 1420 obsequi,
1124 1339 1166 1402 lo
1259 1339 1393 1420 lnsuper
1407 1355 1464 1400 nos
1480 1337 1624 1401 hortatur
1638 1357 1784 1401 summus
1799 1338 1965 1420 Apostolus

418 1442 485 1524 qui,
517 1439 699 1504 sacrificare
728 1439 905 1502 debemusl
930 1438 1040 1500 lllerito
1069 1437 1166 1518 igitur
1220 1443 1256 1498 ut
1279 1455 1408 1499 omnem
1432 1435 1682 1500 sollicitudinem
1707 1442 1850 1500 nostram
1874 1435 2068 1518 proli-resse:

419 1538 605 1602 maledictos
625 1537 765 1620 appellat
784 1537 946 1618 Scriptura
966 1553 1020 1598 eos
1038 1535 1093 1616 qui
1109 1535 1165 1597 Dei
1221 1536 1341 1598 ciamus
1357 1535 1390 1597 in
1405 1535 1603 1608 Deum,certi
1618 1535 1657 1598 de
1672 1535 1873 1618 providentia
1887 1535 1964 1615 ejus,

299 1657 304 1669 ·
418 1656 499 1720 opus
523 1636 646 1699 faciunt
669 1635 876 1717 negligenter,
899 1635 998 1716 pigre,
1020 1633 1163 1708 remisse,
1220 1634 1275 1716 qui
1291 1634 1387 1696 etiam
1410 1632 1640 1697 irrationabilia
1655 1632 1768 1716 pascit,
1784 1640 1817 1696 et
1835 1633 1966 1696 rationa-

417 1736 589 1799 fastidiose.
607 1735 694 1809 Quod
710 1734 737 1796 si
754 1741 923 1815 queratur,
936 1732 1012 1815 quid
1029 1731 1070 1793 sit
1084 1749 1164 1813 opus
1221 1732 1335 1795 billum
1361 1740 1577 1795 ereaturarum
1602 1751 1712 1796 curam
1736 1751 1774 1813 ac
1800 1733 1967 1814 providen-

417 1836 472 1898 llei
495 1835 599 1897 lacere
617 1833 825 1914 negligenter,
842 1832 1063 1912 respondetur,
1079 1829 1164 1912 quod
1184 1830 1297 1892 Btiam
1322 1830 1417 1893 habet
1442 1831 1648 1913 peculiarem,
1674 1831 1730 1913 qui
1756 1831 1856 1894 etiarn
1882 1837 1967 1914 pater

416 1934 608 2015 negligentia
623 1939 655 1995 et
669 1929 836 2012 diligentia
850 1935 1064 2012 opponuntur.
1075 1930 1103 1991 ls
1119 1947 1164 1990 er·
1220 1928 1387 1991 bominum
1412 1929 1567 2011 appellari
1591 1929 1748 2010 dignatur.
1766 1929 1891 1992 idcirco
1914 1946 1966 2010 pro

415 2051 455 2114 go
480 2051 560 2116 opus
586 2031 641 2094 Dei
666 2029 771 2094 eflicit
794 2029 1002 2111 negligenter,
1019 2027 1075 2110 qui
1100 2045 1163 2090 non
1219 2027 1450 2110 temporalibus
1470 2035 1602 2090 nonest
1624 2028 1834 2091 immoderata
1854 2027 1967 2090 sollici-

415 2132 493 2195 facit
514 2133 574 2195 hoc
597 2131 788 2212 diligenter3
804 2137 836 2190 et
856 2129 882 2190 is
902 2145 966 2190 non
987 2125 1064 2188 facit
1084 2126 1163 2188 illud
1219 2127 1295 2189 tudo
1315 2126 1471 2200 habenda,
1488 2126 1635 2208 quamvis
1655 2145 1720 2189 non
1739 2125 1855 2189 debeat
1876 2127 1967 2188 borno

415 2231 596 2310 diligenter,
613 2228 668 2310 qui
684 2228 740 2291 Dei
755 2227 953 2307 maiestatem
971 2232 1003 2286 et
1016 2225 1164 2286 sanctita·
1219 2225 1379 2306 negligere
1402 2225 1480 2306 quin
1501 2225 1587 2306 quod
1612 2243 1706 2287 suum
1731 2233 1782 2287 est
1803 2223 1966 2299 facietne
2075 2255 2076 2258 ¹

415 2335 480 2390 tem
503 2345 567 2390 non
589 2333 712 2408 pensat,
729 2332 761 2388 et
785 2343 842 2407 per
865 2341 1064 2404 consequens
1089 2340 1163 2383 cum
1218 2324 1364 2386 videatur
1379 2325 1479 2386 Deum
1495 2331 1720 2386 tentare:nam
1734 2331 1767 2386 et
1782 2322 1966 2408 bmta,que
2075 2327 2076 2400 ξ

415 2425 523 2488 debita
538 2425 643 2487 cordis
659 2423 801 2487 custodia
816 2431 848 2486 et
861 2422 960 2484 animi
980 2422 1117 2504 puritate
1132 2421 1162 2482 ei
1218 2422 1371 2485 Dominus
1386 2439 1516 2504 pascere
1530 2421 1659 2496 dicitur,
1674 2422 1862 2485 alimoniam
1879 2440 1965 2484 suam
1982 2441 2039 2485 ruo
2051 2417 2076 2482 1st

416 2541 480 2587 non
501 2523 610 2597 servit,
626 2541 685 2586 nec
705 2521 903 2604 vigilantiam
925 2520 1056 2582 adhibet
1077 2539 1164 2582 men·
1218 2522 1395 2604 requirunt.
1415 2521 1468 2584 Est
1489 2528 1596 2584 autem
1617 2521 1763 2603 quedam
1784 2521 1966 2584 sollicitudo
1977 2509 2004 2549 ²⁶·

416 2622 457 2684 tis
487 2629 522 2683 ut
544 2621 574 2684 ei
601 2619 808 2703 complaceat,
833 2620 888 2682 sed
916 2617 1164 2701 superficialiter
1217 2620 1407 2703 peroptima,
1433 2629 1576 2702 quaeest
1602 2619 1778 2703 spiritualis
1801 2620 1967 2702 vigilantia

415 2720 539 2783 transit.
1219 2718 1322 2781 cordis
1351 2737 1385 2780 se
1410 2719 1516 2801 ipsum
1544 2717 1663 2799 jugiter
1687 2719 1901 2782 custodientis
1928 2739 1966 2781 ne

269 2850 400 2903 1p„„,‚„
457 2820 576 2901 ltaque,
596 2815 657 2880 sub
674 2814 795 2898 potenti
816 2815 872 2878 llei
896 2834 994 2877 manu
1015 2814 1164 2877 humilie-
1217 2815 1352 2896 gratiam
1381 2816 1437 2878 Dei
1465 2815 1599 2890 amittat,
1625 2833 1706 2878 neve
1735 2816 1965 2879 detrimentum

416 2936 498 2992 mur,
517 2916 548 2978 id
564 2922 622 2990 est,
639 2933 677 2977 ex
694 2914 946 2978 consideratione
966 2913 1164 2995 omnipoten-
1219 2915 1356 2997 patiatur
1374 2915 1541 2988 virtutum,
1564 2933 1603 2977 ne
1624 2914 1853 2978 tentationibus
1877 2935 1967 2998 snpe-

414 3017 467 3079 tiae
491 3015 547 3078 Dei
569 3023 602 3077 et
620 3013 699 3095 justi
722 3012 836 3093 judieii
861 3012 932 3092 ejus
956 3012 1163 3074 humiliemus
1182 3019 1316 3088 cretur,
1332 3021 1387 3075 aut
1401 3012 1567 3074 remissius
1582 3013 1650 3086 liat,
1666 3013 1721 3076 sed
1737 3013 1770 3076 in
1789 3015 1895 3094 gratia
1914 3014 1967 3076 Dei

415 3132 472 3177 nos
487 3115 584 3196 ipsos,
597 3112 759 3195 propriam
773 3111 941 3185 vilitatem,
953 3109 1164 3192 imperfectio
1219 3130 1346 3194 semper
1361 3110 1519 3194 proficiat,
1537 3111 1569 3173 in
1589 3111 1676 3173 omni
1696 3111 1817 3174 virtute
1836 3121 1871 3175 et
1885 3114 1966 3176 dono
2074 3181 2075 3190 ,

415 3231 488 3275 nem
505 3219 536 3274 et
558 3211 686 3294 culpam
702 3211 876 3292 pensando,
893 3217 925 3272 et
938 3228 995 3272 nos
1012 3209 1097 3291 ipsos
1113 3227 1163 3272 co
1218 3211 1355 3293 Spiritus
1378 3210 1484 3274 Sancti
1505 3208 1663 3284 firmetur,
1680 3219 1711 3272 et
1733 3211 1798 3274 Deo
1823 3212 1966 3294 quotidie

413 3329 482 3373 ram
507 3311 572 3373 lleo
600 3309 820 3392 deprimend0,
846 3307 1105 3391 contemptibiles
1131 3314 1163 3370 et
1218 3308 1468 3392 complacentius
1492 3316 1587 3390 atque
1611 3308 1826 3391 propinquius
1846 3309 1968 3372 efficia·

414 3409 561 3490 indignos
577 3405 853 3488 recognoscendo:
868 3413 899 3468 et
915 3406 957 3467 ita
972 3423 1030 3487 pro
1045 3405 1163 3468 nostris
1217 3415 1278 3469 tur.
1305 3407 1376 3470 Haec
1401 3413 1449 3469 est
1473 3405 1594 3488 optima
1617 3405 1811 3482 sollicitudo,
1836 3407 1878 3470 de
1905 3427 1967 3490 qua
2074 3469 2075 3474 ,

414 3507 554 3590 peccatis
578 3523 707 3568 omnem
731 3505 976 3585 eorreptionem,
995 3505 1162 3567 correctio-
1215 3506 1261 3567 ait
1279 3505 1448 3568 Micheas:
1465 3502 1615 3566 iudicabo
1634 3503 1705 3578 tibi,
1722 3522 1741 3567 o
1761 3504 1872 3581 bomo,
1889 3505 1965 3588 quid
1977 3526 2059 3570 rit-ir*

413 3623 500 3678 nem,
516 3603 751 3676 adversitatem,
768 3602 1027 3664 exercitationem
1043 3603 1162 3683 patien-
1217 3605 1258 3665 sit
1279 3602 1410 3676 bonum,
1427 3610 1482 3664 aut
1503 3601 1581 3684 quid
1603 3602 1757 3664 Dominus
1779 3604 1927 3685 requirat
1948 3623 1966 3666 a

412 3703 537 3766 tissime
570 3702 754 3764 toleremus.
785 3699 899 3781 Atque,
930 3706 966 3761 ut
996 3701 1160 3781 proniores
1215 3710 1247 3764 te
1264 3719 1271 3763 :
1288 3701 1392 3764 facere
1405 3700 1575 3781 judicium,
1592 3706 1624 3762 et
1638 3700 1772 3782 diligere
1787 3701 1967 3766 misericor·

413 3802 515 3864 simus
530 3801 569 3862 ad
584 3798 655 3874 hoc,
671 3799 816 3860 bortatur
833 3797 982 3879 princeps
997 3798 1160 3878 Apostolo·
1215 3799 1312 3874 diam,
1338 3807 1369 3861 et
1397 3797 1571 3861 sollicitum
1600 3797 1765 3862 ambulare
1794 3817 1871 3862 curn
1901 3801 1965 3863 Deo

413 3919 485 3962 rum
500 3907 535 3960 ut
551 3899 595 3961 ita
610 3916 667 3961 nos
682 3896 1064 3979 humiliemus,quatenus
1079 3899 1160 3959 Dens
1214 3906 1286 3976 tu03
1298 3898 1357 3960 hoc
1372 3904 1431 3972 est,
1444 3915 1517 3959 cum
1532 3897 1647 3959 timore
1663 3903 1749 3959 casto
1763 3916 1800 3960 ac
1816 3917 1964 3962 reveren·
1988 3929 2031 3973 p,
2047 3934 2063 3967 r.

289 4023 385 4070 nram,
414 3998 447 4060 in
463 4006 606 4080 tempore
621 3995 813 4058 visitationis
828 3994 945 4057 exaltet
960 3995 1097 4070 nos,hoc
1113 4004 1161 4058 est
1215 3995 1282 4058 tiali
1298 3996 1362 4058 lleo
1377 3996 1506 4059 servire.
1525 3994 1582 4058 Cui
1598 4012 1661 4057 non
1680 3995 1855 4078 opponitur
1872 3997 1962 4068 illud,

414 4097 447 4158 in
469 4097 521 4160 dic
544 4092 745 4178 particularis
768 4113 804 4155 ac
825 4093 1014 4155 universalis
1034 4092 1158 4173 judieii.
1215 4093 1336 4157 Servite
1361 4093 1495 4156 Domino
1520 4093 1553 4154 in
1578 4092 1687 4156 laetitia
1709 4110 1716 4154 :
1740 4093 1817 4175 quia
1838 4102 1871 4157 et
1896 4095 1965 4177 ipsa
1977 4121 2064 4164 ms

267 4223 397 4272 arans,
412 4196 491 4258 Nam
512 4195 668 4258 humilem
688 4193 804 4275 spiritu
824 4191 977 4273 suscipiet
995 4192 1115 4272 gloria;
1129 4199 1160 4254 et
1175 4199 1200 4262 l)
1215 4212 1288 4256 cum
1306 4211 1369 4274 qua
1383 4193 1447 4254 Deo
1461 4192 1600 4254 servitur
1615 4191 1734 4264 laetitia,
1750 4191 1847 4254 debet
1861 4194 1965 4255 consi-

262 4288 352 4392 }{pun
363 4347 388 4389 29
412 4295 468 4378 qui
483 4293 671 4356 humiliatus
687 4290 794 4365 fuerit,
806 4291 838 4352 in
854 4290 954 4371 gloria
969 4290 1048 4369 erit3
1064 4299 1160 4372 atque
1215 4299 1297 4354 stere
1312 4291 1542 4364 timorata,n0n
1557 4289 1721 4352 dissoluta.
1732 4289 1874 4353 Diversis
1888 4308 1966 4373 quo

261 4378 396 4479 L„„,J„{
412 4401 447 4456 nt
466 4394 510 4456 ait
530 4393 683 4467 Salvator,
700 4391 758 4464 Qui
778 4409 812 4452 se
834 4389 994 4463 humiliat,
1011 4389 1160 4452 exaltabi·
1215 4409 1277 4472 que
1299 4389 1498 4471 respectibus
1521 4387 1676 4450 debemus
1698 4388 1763 4451 Deo
1785 4389 1908 4452 servire
1932 4391 1964 4453 iu

261 4493 362 4543 ΜΝ·
411 4501 472 4555 tur.
495 4492 561 4566 Quo
583 4497 717 4564 constat,
736 4489 812 4571 quia
834 4506 897 4570 quo
919 4507 1004 4550 nunc
1027 4487 1159 4570 profun·
1215 4489 1330 4550 timore
1344 4495 1376 4549 et
1395 4495 1544 4562 tremore,
1562 4494 1593 4548 et
1612 4485 1715 4549 nihilo
1734 4487 1844 4550 minus
1864 4487 1898 4550 in
1915 4489 1966 4552 le

410 4591 483 4653 dius
497 4589 708 4652 humiliamus
728 4605 786 4650 nos
806 4587 892 4669 ipsos
913 4587 945 4648 in
961 4587 1105 4662 veritate,
1121 4605 1159 4650 eo
1215 4587 1285 4649 titia
1299 4593 1331 4649 et
1345 4586 1486 4662 dulcore,
1503 4593 1660 4668 quatenus
1679 4604 1719 4648 ex
1738 4586 1964 4650 consideratio

409 4689 579 4770 gloriosius
598 4686 812 4750 exaltabimur
829 4705 848 4748 a
867 4686 930 4749 Deo
950 4685 984 4747 in
1001 4686 1158 4749 aeternita·
1214 4705 1254 4748 ne
1277 4685 1394 4750 divinae
1416 4683 1592 4765 majestatis
1617 4691 1649 4747 et
1674 4684 1810 4749 infinitae
1828 4685 1963 4766 justitie

410 4795 450 4850 te.
477 4786 516 4848 Et
544 4785 665 4848 mirum
693 4784 778 4866 quod
806 4800 869 4846 non
899 4783 1071 4865 satagimus
1100 4801 1158 4848 nos
1213 4803 1250 4847 ae
1264 4784 1342 4865 justi
1356 4783 1470 4865 judicii
1486 4783 1568 4864 ejus,
1586 4783 1682 4847 timor
1700 4791 1732 4846 et
1748 4790 1871 4847 tremor
1890 4802 1963 4849 eon·

409 4887 496 4969 ipsos
516 4885 555 4948 ad
575 4883 738 4948 modicum
753 4883 826 4946 vitae
847 4883 1011 4965 presentis
1029 4890 1157 4966 tempus
1214 4883 1384 4965 cipiantur,
1402 4901 1440 4945 ex
1457 4881 1710 4946 consideratione
1727 4899 1805 4946 vero
1825 4883 1963 4947 immcn·
2073 4933 2074 4936 η

409 4985 636 5060 humiliarent
649 4982 841 5049 eternaliter
855 4982 1033 5044 exaltemur
1048 4991 1080 5044 et
1094 5001 1157 5046 me
1212 5001 1254 5045 sae
1269 4980 1431 5056 bonitatis,
1447 4981 1586 5044 caritatis
1601 4988 1633 5043 et
1648 4980 1877 5046 misericordia
1891 4983 1960 5057 Dei,

408 5103 537 5148 reamur
565 5101 639 5146 cum
669 5082 791 5146 Christo
820 5099 962 5162 regnare.
990 5079 1157 5142 Verumta·
1211 5081 1332 5146 oriatur
1349 5080 1383 5142 in
1402 5081 1496 5144 corde
1513 5087 1621 5144 nostro
1640 5079 1760 5156 laetitia,
1776 5100 1849 5164 que
1863 5083 1961 5145 etiarn
2073 5071 2074 5074 '

408 5203 483 5249 men
498 5182 672 5267 perfectius
688 5179 945 5262 laudabiliusque
962 5178 1109 5241 consistit
1122 5198 1157 5242 se
1212 5181 1301 5264 operi
1321 5179 1464 5243 virtuoso
1483 5178 1668 5242 naturaliter
1688 5186 1738 5242 est
1756 5199 1890 5245 annexa.

407 5285 515 5373 ipsum
535 5281 717 5358 humiliare,
734 5279 921 5364 patientiam
940 5277 1110 5342 observare
1125 5285 1157 5344 et
1251 5281 1414 5354 Preterea,
1430 5279 1499 5343 bec
1514 5287 1622 5342 sancta
1636 5285 1670 5341 et
1683 5278 1861 5364 spiritualis
1876 5279 1962 5346 solli·
