4192 6258
432 471 493 537 536
634 491 781 539 nommca
801 492 854 538 xix
874 491 948 539 rosr
967 490 1161 538 rnrmrnrsu.
1181 509 1221 521 —
1241 491 1283 538 nn
1302 491 1496 555 nunromsos3
1518 491 1616 539 suano
1636 491 1774 548 ouanrus

299 655 646 736 rres.vu1,nostravalde
662 681 734 726 cara
751 681 787 726 ac
807 663 941 745 placita;
956 670 1114 745 eruntque
1129 663 1220 729 ded
1274 663 1417 746 Denique
1446 682 1558 746 passus
1586 669 1634 726 cst
1661 680 1720 745 pro
1748 661 1852 734 nobis,
1882 663 1960 726 relin-
1980 683 2034 728 ire»

287 748 320 789 al.

434 761 515 825 liciae
535 760 605 842 ejus
624 781 694 825 osse
709 762 742 824 iu
758 781 806 837 ea,
817 768 849 825 et
864 761 1006 845 quotidie
1024 781 1094 824 eam
1115 781 1179 825 ma-

433 859 530 940 gisae
546 861 646 942 magis
666 860 785 924 divinis
804 860 1049 924 charismatibus
1069 859 1179 923 lecuu-

1233 780 1335 844 quens
1355 761 1447 825 nobis
1467 761 1662 844 exemplum,
1682 767 1718 822 ut
1738 779 1907 842 sequamur
1920 749 1995 824 ve-²¹·

1233 861 1325 942 stigia
1349 860 1430 942 ejus,
1456 858 1602 923 iaciendo
1624 860 1709 942 quod
1733 859 1779 922 ait
1800 877 1807 921 ε
1827 859 1885 932 Qui
1906 859 2050 924 vultures

298 970 418 1026 veen,
433 958 658 1040 dabit;etcum
670 959 887 1042 Apostololari
904 959 1180 1042 poterimus:Lioet
1232 961 1341 1024 venire
1366 969 1438 1044 post
1462 979 1524 1035 me,
1545 960 1680 1041 abneget
1703 960 1919 1042 semetipsum,
1937 969 1961 1022 et

287 1037 320 1079 lt.

433 1056 459 1118 is
475 1057 531 1140 qui
546 1058 623 1120 loris
638 1066 697 1132 est,
713 1066 821 1120 noster
835 1058 931 1122 homo
945 1065 1177 1140 corrumpatur,

432 1161 539 1218 tamen
562 1156 588 1218 is
611 1157 666 1238 qui
692 1157 777 1220 intus
800 1163 858 1231 est,
875 1165 1045 1220 renovatur
1067 1157 1105 1220 de
1126 1157 1177 1220 die

432 1253 465 1316 in
488 1253 583 1317 diem.

471 1352 696 1415 Verumtamen
718 1354 756 1416 ad
772 1354 854 1416 hanc
869 1353 985 1416 mentis
1004 1354 1178 1416 renovatio

432 1467 507 1512 nem
523 1451 697 1532 perlectam
717 1469 918 1534 nequaquam
940 1450 1107 1534 pervenire
1122 1470 1177 1533 po·

431 1548 577 1622 terimus,
603 1549 665 1611 nisi
692 1550 723 1612 in
750 1550 863 1632 primis
886 1551 1047 1633 appetitus
1071 1559 1177 1614 noster

430 1647 603 1710 sensitivus
618 1648 650 1709 in
666 1648 732 1710 suis
753 1648 955 1731 passionibus
972 1667 1029 1730 per
1043 1649 1177 1712 virtutes

430 1744 622 1808 reformetur
636 1763 673 1808 ac
688 1745 855 1810 decoretur
870 1747 1175 1829 morales,quoniam

1232 1058 1322 1122 tollat
1343 1078 1471 1122 crucem
1494 1079 1584 1122 suam
1606 1058 1761 1141 quotidie,
1778 1065 1810 1121 et
1829 1067 1962 1140 sequatur

1233 1176 1293 1220 mc.
1317 1159 1403 1221 lstud
1427 1166 1476 1222 est
1498 1158 1659 1222 Christum
1683 1158 1828 1232 induere,
1852 1177 1906 1240 per
1924 1177 1962 1220 ar·
1971 1174 2023 1217 van
2034 1191 2053 1220 Γ

1232 1263 1315 1318 ctam
1330 1257 1415 1320 viam
1433 1257 1632 1332 incederem
1646 1255 1961 1330 adversitatibuseor·
1972 1241 1995 1279 ¹¹·

1231 1355 1441 1437 reptionibus,
1458 1354 1730 1436 castigationibus,
1750 1355 1962 1437 aspernationi·

1232 1453 1303 1528 bus,
1320 1453 1403 1516 sicut
1422 1455 1454 1518 in
1474 1454 1625 1516 omnibus
1644 1453 1767 1516 divitiis
1785 1453 1918 1535 gloriari.
1933 1453 1961 1514 lit

1232 1553 1325 1627 siout,
1342 1558 1422 1614 teste
1437 1551 1598 1634 Apostolo,
1616 1551 1760 1616 Christus
1780 1569 1844 1614 non
1862 1551 1961 1612 clariti-
1977 1568 2052 1610 reu

1232 1651 1316 1713 cavit
1329 1669 1363 1712 se
1380 1651 1485 1732 ipsum
1504 1658 1540 1712 ut
1554 1649 1700 1733 pontifex
1720 1649 1826 1724 fieret,
1842 1649 1886 1712 sic
1903 1649 1962 1711 nul-

1231 1750 1280 1811 lus
1300 1749 1338 1811 ad
1359 1750 1531 1832 primatum
1552 1750 1694 1831 adspiret
1714 1768 1748 1812 se
1769 1748 1911 1830 ipsumvo
1926 1751 1962 1810 iu·

430 1843 539 1905 lumus
554 1862 591 1905 ac
606 1843 745 1925 impetus
761 1844 946 1926 passionum
964 1853 1104 1907 mentem
1119 1846 1212 1911 ob-B
1230 1856 1328 1930 gerat,
1351 1855 1406 1910 aut
1430 1849 1463 1910 in
1488 1866 1526 1911 eo
1550 1848 1730 1911 inordinate
1754 1854 1785 1910 et
1809 1847 1962 1910 ambitiose

428 1940 608 2016 tenebrant,
625 1943 893 2024 quemadmodum
913 1961 1046 2026 vapores
1066 1963 1103 2005 ac
1123 1963 1175 2006 ne-

428 2037 512 2102 bulae
526 2058 642 2102 aerem.
660 2040 691 2103 Si
707 2048 814 2103 autem
828 2041 988 2122 appetitus
1004 2042 1175 2104 sensitivus

428 2135 526 2199 fuerit
542 2156 599 2220 per
614 2139 747 2201 virtutes
769 2139 903 2202 morales
924 2139 1005 2202 bene
1024 2159 1060 2203 ac
1077 2141 1176 2203 firmi-

428 2241 476 2296 ter
505 2235 707 2310 reformatus,
732 2246 873 2300 armatus
901 2256 938 2300 ao
968 2238 1173 2312 confortatus,

427 2341 505 2395 tunc
529 2333 589 2395 etsi
612 2342 716 2396 motus
742 2335 926 2417 passionum
947 2335 1053 2399 subito
1074 2337 1175 2400 orian-

427 2437 480 2492 tur
505 2431 537 2492 in
562 2449 610 2505 eo,
637 2449 700 2494 non
725 2440 831 2495 tamen
861 2435 1090 2514 prevalebunt,
1116 2454 1175 2498 nee

428 2547 530 2610 usque
555 2529 593 2590 ad
620 2531 819 2612 superiorem
843 2531 958 2595 animae
981 2541 1115 2614 partem,
1142 2533 1175 2595 in

427 2645 490 2708 qua
505 2627 666 2690 Trinitatis
682 2628 787 2711 imago
803 2629 993 2713 resplendet,
1004 2633 1175 2694 ascendere

427 2732 586 2806 poterunt,
608 2725 736 2788 illamve
761 2727 920 2791 offuscare
943 2747 949 2790 :
971 2731 1176 2811 quemadmo-

426 2823 503 2885 dum
528 2823 753 2906 impressiones
780 2826 1042 2908 meteorologioae,
1065 2846 1175 2910 quam-

426 2920 474 2982 vis
494 2930 687 3002 generentur
707 2923 739 2984 iu
760 2942 844 2997 aere,
860 2924 899 2985 ad
915 2925 1093 2988 coelestium
1109 2944 1175 2988 cor-

1232 1965 1359 2009 manere
1380 1946 1511 2020 nitatur,
1528 1945 1604 2028 quia
1623 1945 1741 2008 vindex
1760 1953 1809 2008 est
1826 1945 1962 2012 Dominus
1976 1961 2051 2004 uum

1230 2045 1268 2108 de
1284 2043 1433 2107 omnibus
1451 2044 1510 2106 his.
1528 2043 1701 2126 Discipulis
1717 2061 1847 2125 quoquc
1860 2044 1896 2105 de
1910 2043 1962 2125 pri·
1972 2029 1987 2068 l·

1232 2151 1317 2206 matu
1340 2141 1597 2206 concertantibus
1619 2129 1700 2205 dixit
1716 2163 1723 2206 :
1739 2141 1809 2205 Nisi
1833 2142 1961 2204 conversi
1991 2158 2037 2200 uer

1230 2241 1366 2316 fueritis,
1383 2248 1413 2304 et
1435 2241 1624 2304 ellieiamini
1650 2241 1735 2303 sicut
1757 2240 1892 2323 parvuli,
1910 2225 2030 2301 noum*

1230 2339 1390 2402 intrabitis
1415 2339 1447 2400 in
1478 2357 1612 2420 reguum
1638 2339 1807 2402 coelorum.
1833 2338 1857 2401 0
1879 2357 1961 2420 quam

1230 2438 1400 2502 metuenda
1420 2445 1495 2500 sunt
1509 2436 1606 2500 verba
1627 2439 1705 2510 haeo,
1723 2437 1750 2499 si
1769 2437 1830 2500 rite
1845 2455 1963 2519 penson-

1229 2545 1282 2599 tur
1299 2543 1306 2598 t
1328 2537 1400 2599 ldeo
1416 2536 1574 2610 climacus
1591 2542 1786 2618 protestatur
1803 2555 1810 2599 :
1827 2535 1963 2608 Quemad-

1230 2635 1360 2697 modum
1383 2635 1466 2716 ignis
1487 2651 1549 2696 non
1571 2634 1655 2716 parit
1674 2634 1797 2707 nivem,
1815 2634 1857 2695 ita
1875 2651 1964 2715 neque

1229 2733 1284 2814 qui
1309 2733 1343 2794 in
1373 2732 1520 2814 praesenti
1545 2731 1659 2813 quaerit
1687 2732 1855 2804 honorem,
1879 2731 1963 2792 luturi

1230 2830 1359 2893 honoris
1386 2829 1588 2911 jucunditate
1616 2829 1765 2908 lruetur3
1797 2837 1829 2892 et
1857 2849 1963 2900 rursus,

1229 2928 1502 3003 Quemadmodum
1526 2929 1582 3009 qui
1605 2928 1638 2989 in
1661 2927 1780 2991 scalam
1806 2928 1964 2991 ascendunt

426 3035 540 3100 porum
559 3019 727 3100 regionem
752 3038 815 3083 non
839 3029 959 3104 queunt
983 3025 1172 3106 pertingere.
1193 3024 1373 3090 Cteredine
1405 3033 1589 3109 putrentem
1619 3033 1651 3088 et
1682 3034 1842 3091 vetustate
1870 3045 1963 3088 corru-

287 3139 411 3196 apnemv,
466 3116 545 3179 llino
561 3136 662 3199 quum
678 3119 809 3182 dixisset
823 3119 1174 3202 Apostolusuhenova-

279 3208 313 3250 2³.

427 3215 507 3276 mini
523 3216 636 3297 spiritu
654 3217 769 3279 mentis
785 3220 1085 3301 vestrae»,pvotinus
1102 3223 1174 3284 sub-

293 3337 352 3384 ma,
365 3341 398 3382 ῃ,
426 3313 531 3375 didit:
553 3336 570 3373 «
586 3314 624 3376 Et
643 3315 764 3377 induite
786 3333 903 3378 novum
924 3317 1098 3394 hominem,
1118 3321 1174 3402 qui

427 3411 602 3474 secundum
618 3412 720 3475 ileum
736 3422 859 3476 creatus
875 3422 958 3490 est»,
972 3416 1003 3479 id
1018 3424 1076 3492 est,
1087 3418 1174 3482 Chri-

428 3517 513 3571 stum
529 3511 719 3591 sequamini,
736 3512 981 3576 similitudinem
998 3515 1067 3595 ejus
1087 3535 1174 3578 assu-

293 3629 358 3672 nom.
371 3641 414 3678 xru,
430 3608 516 3682 mite,
522 3608 612 3689 Juxta
627 3609 706 3671 illud
717 3627 724 3672 :
734 3610 857 3672 lnduite
872 3612 1042 3675 Dominum
1058 3615 1170 3677 Jcsum.

282 3695 315 3734 ll.

429 3705 487 3777 Qui
513 3705 630 3767 dicitur
648 3724 749 3769 novus
769 3707 865 3770 homo
889 3717 1019 3791 propter
1037 3712 1174 3793 singula-

429 3820 496 3864 rem
519 3821 609 3865 suam
630 3804 853 3868 formationem
875 3825 911 3869 ao
930 3809 1173 3888 productionem

296 3923 349 3966 aue.
362 3936 376 3974 t,
390 3926 415 3967 aa
430 3900 606 3962 secundum
620 3910 765 3965 naturam
785 3913 993 3986 assumptam,
1010 3907 1085 3988 quia
1101 3926 1173 3971 eon-

281 3992 361 4043 ⁰²³⁸⁴l
430 4005 542 4079 ceptus
563 4006 611 4060 est
632 4000 671 4060 de
694 3999 812 4081 Spiritu
837 4001 951 4065 Sancto
970 4011 1001 4065 et
1020 4013 1112 4068 natus
1134 4025 1172 4068 ex

428 4095 569 4176 Virgine,
590 4113 649 4158 neo
671 4115 813 4179 unquam
839 4099 901 4162 luit
925 4101 958 4163 iu
979 4119 1016 4163 θο
1036 4101 1101 4164 ulla
1122 4122 1173 4166 ve-

1231 3133 1328 3209 ptam,
1354 3124 1587 3208 periclitantur,
1613 3125 1656 3187 ita
1686 3127 1718 3187 in
1748 3125 1920 3189 honoribus
1940 3133 1964 3186 rt

1230 3223 1482 3307 praelationibus,
1507 3223 1539 3285 in
1565 3223 1650 3285 lama
1674 3232 1707 3287 et
1728 3223 1832 3304 gloria
1857 3221 1965 3305 pericli-

1230 3330 1337 3385 tantur
1361 3323 1416 3404 qui
1441 3322 1580 3402 diligunt
1604 3341 1651 3396 ea,
1673 3341 1745 3404 quae
1769 3331 1884 3396 amata
1902 3327 1965 3382 sunt

1229 3440 1312 3486 vera
1341 3420 1515 3484 humilitati
1545 3422 1715 3496 contraria,
1746 3429 1779 3484 et
1809 3421 1964 3483 habentem

1229 3520 1336 3582 subtus
1348 3519 1460 3582 cadere
1474 3518 1597 3580 laoiuut
1611 3527 1704 3600 atque
1716 3519 1880 3600 dejiciunt
1889 3518 1966 3600 Chry·

1229 3623 1387 3680 sostomus
1412 3634 1540 3699 quoque
1566 3634 1573 3679 :
1600 3616 1677 3690 Quis
1701 3625 1760 3691 est,
1787 3618 1900 3699 inquit,
1919 3615 1964 3698 qui

1229 3717 1319 3798 cupit
1342 3733 1489 3797 praecsse,
1508 3713 1569 3776 nisi
1595 3715 1651 3796 qui
1671 3732 1737 3779 non
1756 3715 1850 3778 timet
1865 3715 1964 3796 judici·

1229 3832 1283 3876 um
1306 3812 1385 3874 oeit
1653 3877 1659 3884 ‚

1268 3911 1431 3984 Praeterea,
1454 3909 1546 3990 juxta
1568 3910 1712 3992 Apostoli
1737 3912 1962 3978 documentum.
1980 3929 2054 3984 aaa

1228 4010 1424 4091 deponamus
1440 4025 1535 4070 omne
1556 4009 1773 4084 mendacium,
1791 4028 1856 4073 non
1873 4010 1961 4072 solum
1973 3997 1997 4034 ²³

1228 4106 1457 4190 perniciosum,
1483 4107 1539 4169 sed
1567 4115 1599 4169 et
1620 4108 1768 4188 jocosum
1795 4128 1834 4172 ae
1856 4108 1963 4172 ollicio

428 4200 528 4256 tustas
547 4193 658 4275 culpae.
680 4194 779 4267 Quem
799 4197 953 4260 debemus
973 4200 1105 4263 induere
1124 4221 1170 4265 se·
1188 4204 1212 4265 D
1229 4224 1310 4268 sum.
1328 4205 1431 4279 Quum
1451 4205 1538 4268 enim
1560 4206 1644 4268 Deus
1665 4206 1707 4268 sit
1723 4207 1853 4283 veritas,
1868 4216 1896 4270 et
1909 4225 1963 4270 orn-

428 4291 554 4373 quendo
574 4291 644 4373 ejus
659 4293 803 4374 vestigia,
822 4303 856 4356 ut
871 4315 944 4359 vere
964 4305 994 4359 et
1014 4299 1108 4380 digne
1130 4301 1170 4363 ab

428 4390 498 4470 ipso
517 4391 651 4453 Domino
664 4391 737 4453 Jesu
754 4393 878 4456 Christo
894 4395 1064 4458 Christiani
1080 4416 1170 4460 voce·

288 4507 413 4562 iraenei,
428 4506 511 4562 mur,
535 4488 626 4568 juxta
653 4490 737 4570 quod
767 4491 810 4552 ait
834 4491 996 4574 Scriptura
1022 4514 1028 4558 :
1054 4496 1112 4569 Qui
1137 4516 1171 4559 se

428 4582 505 4646 dicit
528 4583 560 4645 in
581 4585 705 4648 Christo
728 4606 866 4663 manere,
883 4590 987 4665 debet,
1009 4593 1092 4654 sicut
1116 4593 1170 4657 ille

427 4680 614 4756 ambulavit,
645 4689 676 4744 et
707 4684 775 4766 ipse
806 4687 979 4750 ambulare.
1011 4689 1090 4763 Quid
1122 4700 1171 4754 est

428 4778 543 4842 Christi
557 4780 691 4860 vestigia
710 4783 811 4864 sequi,
827 4784 889 4846 nisi
908 4785 949 4847 ab
965 4805 1002 4850 eo
1021 4806 1077 4869 per
1092 4790 1169 4853 elle-

288 4891 412 4942 nricus.
427 4883 515 4939 etum
536 4878 700 4941 addiscere
719 4881 794 4961 quia
816 4882 902 4944 mitis
922 4892 1019 4948 estet
1038 4886 1169 4951 humilis

280 4956 314 4997 29.

280 5015 411 5066 „gups
426 4976 531 5050 eorde,
548 4983 580 5039 et
600 4977 685 5058 quod
709 4996 772 5041 non
797 4981 884 5042 venit
908 4982 1092 5060 ministrari,
1114 4987 1168 5049 sed

278 5085 411 5142 Portuno.
427 5072 618 5148 ministrare,
648 5082 680 5136 et
708 5077 782 5158 quia
811 5076 962 5142 obediens
989 5080 1093 5144 lactus
1121 5091 1169 5146 cst

279 5149 374 5253 lm„
389 5224 410 5261 ,³
425 5171 506 5234 Patri
531 5173 694 5254 usquead
721 5182 865 5250 mortem,
892 5178 967 5259 quia
992 5197 1054 5242 non
1080 5181 1169 5244 venit

280 5271 312 5312 30.

424 5267 527 5332 lacere
543 5270 738 5334 voluntatem
753 5275 911 5349 suam,sed
927 5276 1024 5338 Patris
1039 5280 1167 5359 aeterni?

1228 4322 1269 4366 ne
1292 4303 1495 4366 mendacium
1517 4304 1643 4367 veritati
1669 4315 1839 4387 repugnet,
1858 4312 1963 4370 constat

1229 4402 1313 4483 quod
1343 4407 1374 4463 et
1403 4401 1468 4462 Deo
1496 4401 1666 4483 displiceat-
1693 4411 1791 4485 atquc
1820 4403 1962 4486 culpabile

1228 4500 1277 4562 sit.
1300 4499 1505 4562 Potissimum
1530 4509 1638 4563 autem
1664 4520 1722 4564 nos
1747 4503 1920 4567 sacerdotes
1937 4509 1961 4562 at

1227 4598 1379 4679 religiosi,
1391 4615 1529 4680 quorum
1543 4616 1599 4661 ora
1615 4609 1800 4664 consecrata
1815 4610 1888 4664 sunt
1900 4602 1960 4672 llvo,

1226 4696 1282 4778 qui
1303 4694 1400 4759 verba
1421 4695 1530 4758 diviua
1554 4696 1752 4762 incessanter
1773 4699 1961 4782 proferimus,

1226 4802 1258 4857 et
1279 4795 1569 4876 persacratissima
1594 4795 1692 4858 verba
1717 4815 1836 4880 corpus
1857 4807 1887 4862 et
1906 4817 1962 4860 san·

1224 4893 1355 4974 guinem
1379 4893 1536 4974 unigeniti
1562 4893 1634 4956 Filii
1659 4895 1716 4958 Dei
1741 4915 1961 4966 consecramus,

1225 4989 1265 5051 ab
1294 4991 1382 5052 omni
1411 4991 1510 5054 verbo
1540 4993 1699 5068 mendaci,
1726 4996 1793 5059 imo
1821 4995 1861 5058 ab
1888 4993 1962 5057 omni

1224 5087 1323 5150 verbo
1343 5087 1466 5162 illicito,
1483 5091 1661 5171 prasertim
1679 5092 1882 5168 detractorio,
1897 5113 1964 5176 pun·

1223 5185 1334 5267 gitivo,
1360 5188 1593 5252 contumelioso
1623 5197 1654 5253 et
1683 5191 1853 5257 discordia
1883 5191 1963 5256 semi·

1223 5283 1342 5358 nativo,
1360 5301 1490 5366 prorsus
1505 5285 1735 5352 abstineamus.
1755 5290 1884 5354 Summe
1898 5307 1963 5371 quo
