4140 6258
313 1029 347 1071 21.

458 473 519 538 312
673 491 822 540 nouimus
842 494 897 540 vru
916 493 990 540 rosr
1010 492 1203 540 mmrrnnau.
1224 509 1264 522 -
1284 492 1327 539 an
1347 491 1521 540 arsamosos
1532 491 1541 556 ;
1563 491 1662 539 snauo
1683 490 1798 538 saurus

460 662 522 724 sibi
556 653 807 728 damnationem
828 664 959 728 mercati
993 672 1078 740 sunt,
1113 661 1247 746 atquae
1263 664 1407 746 pulchra,
1424 661 1757 728 radiceshumilitatis
1773 660 1953 747 mittendam

460 760 652 824 aeternaliter
675 763 849 843 perierunt.
875 763 943 826 Non
967 780 1042 844 ergo
1067 761 1209 824 sufficiat
1262 761 1361 825 funde
1386 762 1419 824 in
1441 769 1578 841 terram3
1599 762 1688 846 puris
1711 763 1923 844 cogitationibus
1934 773 1951 826 et

460 857 554 922 uobis
584 859 652 922 laus
681 860 919 944 applaususqua
947 862 1126 937 hominum,
1152 861 1208 924 sed
1263 860 1380 923 sanctis
1402 859 1628 924 affectionibus
1649 860 1739 943 quasi
1761 859 1951 926 floribusafor-

323 957 664 1022 reeta1nconscicntiae
693 957 785 1022 bona
809 959 1014 1041 interrogatio
1038 960 1072 1022 in
1096 960 1206 1022 lleum.
1262 975 1402 1038 nemur3
1431 958 1539 1022 verbis
1568 958 1752 1033 fructuosis,
1782 959 1949 1036 edificatum,

459 1054 546 1119 Nulli
568 1074 657 1119 vanae
680 1057 895 1139 conceptioni,
912 1058 994 1121 nulli
1016 1057 1111 1122 fatuae
1133 1058 1209 1120 ima·
1263 1057 1372 1132 sacris,
1389 1057 1479 1139 quasi
1500 1056 1586 1122 foliis
1605 1065 1828 1136 venustemur3
1848 1059 1950 1122 exercitiis

458 1153 614 1234 ginationi
646 1155 759 1217 demus
789 1155 969 1236 ingressum
999 1176 1056 1220 seu
1085 1173 1207 1219 moram
1263 1154 1414 1218 virtuosis
1437 1154 1530 1237 quasi
1551 1154 1710 1217 fructibus
1731 1155 1950 1237 impleamunfe

460 1252 493 1314 in
513 1251 607 1314 nohis
624 1251 715 1315 :imo
735 1254 762 1315 si
782 1261 851 1316 orta
869 1253 978 1330 fuerit,
995 1254 1140 1336 protinus
1156 1273 1210 1317 ex·
1263 1252 1486 1316 iactationibus
1501 1252 1657 1316 virtutum
1672 1254 1764 1336 quasi
1778 1253 1949 1320 fructuunle

460 1349 609 1434 pellatur,
624 1349 805 1413 derideatur
819 1369 856 1414 ac
871 1353 1000 1434 penitus
1020 1351 1205 1415 suffocetur.
1262 1369 1377 1414 norum
1407 1351 1576 1433 saporibus
1604 1369 1797 1414 recreemur.
1828 1353 1863 1414 Et
1881 1353 1898 1414 si
1916 1372 1948 1435 per

460 1447 534 1510 ldeo
550 1447 708 1510 Climacus
731 1448 872 1530 loquitur
889 1467 896 1511 :
914 1451 946 1513 Si
962 1451 1063 1514 hostis
1083 1469 1209 1532 sugges·
1262 1449 1394 1512 adversa
1408 1455 1440 1512 et
1453 1467 1577 1531 aspera,
1594 1469 1651 1531 per
1670 1457 1860 1514 tentamenta
1873 1458 1948 1532 etqu-

460 1545 538 1608 serit
561 1544 620 1606 tibi
645 1546 877 1626 magistratum,
898 1548 1130 1630 episcopatum,
1153 1556 1209 1611 aut
1261 1547 1382 1610 tidiaua
1399 1555 1541 1630 peccata,
1558 1548 1650 1630 quasi
1669 1547 1857 1612 hiemalibus
1872 1549 1947 1630 frigori·

460 1642 596 1706 fratrum
616 1643 779 1718 ducatum,
796 1662 860 1708 uon
884 1646 993 1708 audias
1014 1665 1098 1709 eum.
1117 1646 1207 1709 Diffi·
1262 1644 1322 1707 bus
1337 1646 1505 1708 videamur
1523 1663 1679 1721 arescere,
1695 1654 1802 1710 tamen
1822 1666 1870 1729 per
1883 1666 1949 1711 coro

459 1740 521 1804 cile
545 1748 593 1803 est
615 1759 739 1816 canem,
763 1750 1060 1827 quantumcumque
1084 1745 1208 1808 modice
1263 1743 1411 1807 lationem
1425 1753 1457 1807 et
1469 1744 1731 1809 confortationem
1746 1745 1947 1828 SpiritusSucti

460 1838 655 1914 admittatur,
673 1860 691 1903 a
712 1841 848 1904 macello
870 1842 974 1904 cordis
996 1842 1165 1924 expellere.
1224 1843 1320 1925 Bper
1349 1844 1652 1925 contemplationem
1684 1853 1715 1907 et
1744 1843 1896 1907 ferventem
1915 1845 1948 1906 llei

500 1939 672 2012 Postremo,
698 1939 850 2021 quoniam
876 1940 1019 2004 Christus
1044 1941 1208 2004 hominem
1262 1959 1416 2018 amorem,
1441 1961 1499 2025 per
1523 1943 1735 2007 incessantem
1760 1943 1948 2027 profectunre

460 2036 639 2110 virtuosum
660 2045 823 2119 comparat
841 2038 946 2101 arbori
966 2038 1068 2114 bone,
1085 2041 1127 2102 sit
1142 2041 1210 2122 qui·
1263 2041 1436 2104 floreamus
1451 2048 1483 2102 et
1498 2041 1531 2102 in
1551 2041 1650 2106 altum
1667 2061 1851 2106 crescamus.
1863 2043 1896 2105 lt
1910 2042 1948 2102 lau·

462 2134 540 2197 libet
569 2143 713 2198 nostrum
744 2135 838 2199 arbor
868 2137 961 2212 bona,
988 2138 1150 2202 fructuosa
1177 2145 1209 2202 et
1263 2140 1336 2202 dem
1358 2147 1390 2202 et
1410 2139 1544 2221 gloriam
1566 2141 1905 2224 Omnipotentis.llmeu.
