4192 6258
423 507 484 570 512
765 526 913 573 nonarum
933 527 1009 574 xvru
1029 526 1102 572 rosr
1121 525 1314 573 rarurraran.
1335 545 1375 554 —
1395 528 1494 574 sanxo
1513 527 1637 574 rearrus

425 693 484 757 lior
506 712 543 757 ae
565 693 766 778 culpabilior,
788 703 907 777 quanto
929 695 1083 758 intensior
1106 695 1174 758 sive
1189 695 1212 758 Α
1229 695 1344 758 Dulas:
1361 695 1440 760 Sitio
1454 696 1556 759 valde.
1573 695 1741 777 Quumque
1756 691 1857 756 abbas
1871 693 1963 756 Bessa·

423 792 609 869 ferventior,
626 794 700 876 quia
722 811 779 875 per
800 794 907 876 ipsum
928 794 1099 875 subjicitur
1121 793 1175 856 ho
1228 793 1299 856 rion
1313 803 1444 869 orasset,
1461 794 1621 877 discipulo
1641 810 1699 856 suo
1718 791 1802 855 dixit
1818 811 1826 856 :
1842 791 1917 854 Bibe
1933 793 1964 854 de

424 909 477 954 mo
500 892 595 954 rebus
621 891 802 954 carnalibus
824 891 1024 973 subjectione
1047 891 1171 966 vitiosa,
1228 891 1318 954 mari.
1340 893 1378 954 Et
1398 892 1502 955 dulcis
1523 892 1607 955 facta
1629 899 1678 954 est
1702 909 1786 973 aqua
1812 889 1916 952 maris.
1934 889 1965 952 Et

424 1007 554 1071 prorsus
578 988 744 1051 vilissima.
766 989 863 1052 Amor
887 1007 1014 1071 qnoque
1036 989 1172 1053 carnalis
1227 990 1310 1053 bibit
1338 991 1436 1055 abbas
1465 991 1572 1066 bulas,
1597 991 1768 1072 hausitque
1799 1007 1910 1072 parum
1932 990 1963 1052 dc

422 1087 602 1162 ecstaticus,
624 1095 672 1149 est
692 1085 903 1149 ineffabiliter
923 1086 997 1149 vilis
1019 1105 1056 1149 ac
1080 1086 1173 1149 vitio-
1226 1108 1309 1172 aqna
1332 1089 1387 1152 illa
1410 1090 1442 1152 in
1462 1108 1546 1152 vase.
1569 1089 1626 1152 Cui
1650 1089 1732 1152 dixit
1750 1087 1851 1151 abbas
1869 1088 1964 1150 bessa-

422 1205 487 1260 sus,
504 1203 568 1250 non
588 1185 703 1249 animae
723 1191 858 1259 tantum,
876 1185 930 1247 sed
950 1185 1074 1267 corpori
1094 1204 1172 1267 quo·
1227 1187 1295 1250 rion
1313 1206 1320 1251 ε
1338 1187 1401 1250 Gur
1421 1187 1561 1270 implesti
1577 1186 1637 1250 hoc
1652 1189 1759 1268 aquaf
1774 1186 1961 1268 Respondit:

421 1303 483 1366 que
498 1284 591 1347 valde
612 1285 755 1347 nocivus.
772 1284 867 1347 Porro
886 1301 976 1346 amor
995 1283 1170 1367 spiritualis
1225 1285 1270 1348 Ne
1290 1285 1404 1348 iterum
1430 1285 1547 1348 sitiam.
1570 1285 1627 1349 Cui
1647 1285 1729 1347 dixit
1748 1283 1848 1346 abbas
1868 1284 1963 1348 Bessa·

420 1382 588 1445 ecstaticus
607 1380 828 1444 nobilissimus
846 1389 893 1444 est
912 1399 948 1445 ae
976 1381 1170 1444 virtuosissi-
1226 1383 1295 1446 rion
1313 1401 1319 1446 :
1337 1384 1420 1446 Dens
1435 1384 1491 1466 qui
1506 1382 1559 1445 bio
1574 1391 1633 1458 est,
1650 1390 1683 1445 et
1697 1382 1820 1465 ubique
1835 1390 1891 1445 est.
1903 1381 1963 1445 llio

420 1497 492 1542 mus
508 1481 612 1544 nimis.
620 1481 685 1555 Quo
699 1481 809 1544 divino
823 1498 860 1543 ac
875 1480 1046 1543 deificante
1061 1498 1169 1544 amore
1224 1488 1376 1563 tempore,
1385 1481 1470 1545 idem
1483 1481 1648 1545 Bessarion
1664 1480 1804 1564 pedibus
1820 1487 1964 1563 pertrans

420 1578 612 1641 mirabiliter
639 1580 754 1662 plenus
784 1579 845 1642 fuit
868 1579 1088 1642 sanctissimus
1114 1579 1168 1642 ille
1223 1580 1282 1643 ivit
1305 1580 1443 1643 fluvium
1467 1598 1631 1661 magnum,
1652 1587 1684 1642 et
1707 1599 1792 1662 aqna
1816 1598 1879 1643 nou
1903 1599 1963 1662 per·

419 1677 553 1740 eremita
581 1678 678 1742 abbas
703 1678 881 1751 bessarion,
907 1678 946 1740 dc
972 1695 1035 1760 quo
1059 1678 1168 1741 retulit
1223 1679 1364 1760 tingebat
1381 1679 1444 1742 nisi
1460 1698 1562 1761 usque
1583 1679 1622 1741 ad
1643 1678 1722 1743 talos
1743 1679 1825 1760 ejus.
1842 1679 1960 1752 lterum,

419 1785 547 1840 sanatus
562 1777 633 1858 ejus
648 1777 827 1859 discipulus
844 1777 942 1839 abbas
958 1777 1064 1851 Dulas,
1081 1779 1165 1859 quod
1222 1777 1362 1860 praefatis
1381 1777 1551 1841 abbatibus
1571 1777 1723 1840 euntibus
1743 1778 1783 1841 ad
1803 1778 1960 1859 quemdam

419 1894 476 1958 per
495 1876 736 1958 quatuordecim
759 1876 826 1938 dies
848 1875 936 1938 stetit
958 1876 990 1938 in
1014 1875 1166 1939 continuo
1184 1875 1206 1936 B
1222 1895 1343 1952 senem,
1359 1878 1448 1940 venit
1463 1877 1509 1940 sol
1524 1877 1562 1939 ad
1579 1895 1741 1951 occasum,
1758 1877 1901 1959 dixitque
1915 1877 1962 1938 ab

417 1982 511 2056 raptu
533 1975 651 2037 mentis
673 1993 737 2038 suae
758 1975 798 2036 ad
820 1975 932 2048 Deum,
948 1973 1104 2036 alienatus
1125 1974 1165 2037 ab
1221 1974 1962 2050 basBessarion:Obsecrollominestetsoldo

417 2073 505 2136 omni
525 2092 621 2136 sensu
643 2072 792 2136 exteriori
812 2081 844 2136 et
863 2074 963 2136 Deum
986 2073 1165 2136 indesinen·
1223 2093 1281 2137 nec
1297 2075 1482 2156 perveniam
1493 2074 1532 2136 ad
1545 2093 1674 2137 servum
1689 2075 1839 2137 tuumllt
1852 2073 1961 2136 factum

416 2179 465 2234 ter
488 2171 715 2254 contemplans.
737 2171 808 2235 Alio
831 2179 985 2254 tempore,
1007 2171 1092 2236 idem
1112 2172 1165 2235 ab·
1221 2179 1269 2235 est
1284 2172 1336 2235 ita.
1355 2173 1436 2235 Ecce
1452 2180 1569 2255 quanta
1587 2172 1652 2254 agit
1667 2173 1752 2236 Deus
1767 2173 1961 2254 omnipotens

416 2270 472 2333 bas
497 2271 664 2334 Bessarion
689 2289 761 2334 cum
786 2271 946 2353 discipulo
969 2289 1027 2334 suo
1049 2271 1164 2336 abbate
1220 2289 1278 2354 pro
1302 2271 1368 2334 suis
1391 2271 1505 2334 amieis
1527 2271 1605 2334 viris
1630 2271 1795 2354 perfectis,
1811 2271 1961 2354 spirituali

416 2369 496 2432 Dula
510 2369 686 2432 ambulavit
699 2369 789 2450 juxta
805 2371 1051 2453 mare,dixitque
1066 2370 1164 2433 abbas
1218 2388 1325 2433 amore
1347 2370 1497 2433 ecstatico
1516 2369 1727 2433 inflammatis
1748 2389 1784 2434 ao
1804 2369 1959 2433 roboratis.

950 2797 1143 2885 SERMO
1183 2799 1424 2887 TERTIUS

607 3067 646 3112 DE
668 3065 772 3112 AMORE
793 3065 973 3123 letarentur,
994 3065 1031 3110 ET
1052 3065 1092 3112 DE
1112 3064 1279 3112 effloreant
1299 3064 1339 3112 Ac
1361 3065 1459 3112 stnlvls
1480 3065 1595 3112 allonis
1616 3065 1777 3114 cannabis

450 3348 487 3412 N
498 3349 682 3408 novissimis
701 3348 815 3408 diebus
832 3347 1000 3406 instabunt
1017 3346 1196 3422 temporat}
1218 3344 1337 3420 fovent,
1360 3361 1424 3410 non
1450 3364 1520 3428 quat
1542 3345 1660 3410 animae
1684 3353 1827 3428 prosunt,
1841 3346 1958 3409 deside·

460 3448 656 3522 periculosa,
677 3455 707 3506 et
728 3453 826 3506 erunt
851 3446 995 3504 homines
1015 3453 1161 3504 amantes
1216 3449 1286 3520 rant
1302 3449 1333 3505 et
1347 3442 1530 3525 exquirunt,
1547 3442 1700 3506 videlicet
1713 3445 1900 3526 temporales
1914 3445 1959 3506 di·

412 3565 444 3604 ae
460 3545 556 3620 ipsos,
571 3545 697 3620 cupidi,
714 3545 805 3614 eloti,
823 3547 1025 3618 arotuptotum
1040 3552 1160 3603 amalo·
1215 3540 1319 3616 vitiaS,
1346 3540 1489 3602 carnales
1514 3539 1658 3615 delicies,
1685 3540 1840 3604 humanos
1864 3542 1956 3605 hono

413 3662 465 3703 rea
482 3644 587 3720 inopis
611 3663 708 3722 quom
728 3643 800 3705 Dei.
824 3643 848 3703 ll
873 3641 953 3702 Tim.
971 3659 1015 3715 111,
1036 3639 1111 3716 l,2,
1128 3639 1157 3704 b.
1216 3657 1276 3712 res,
1309 3638 1393 3701 lanta
1422 3637 1552 3712 cibaria,
1578 3638 1706 3702 curiosa
1733 3658 1771 3702 ac
1799 3639 1955 3722 superflua

453 3741 514 3802 lsta
533 3747 608 3803 sunt
621 3740 719 3803 verba
733 3739 887 3823 Apostoli,
905 3759 975 3822 quae
994 3757 1080 3802 nuno
1101 3738 1159 3800 im·
1215 3737 1415 3812 vestimenta,
1431 3736 1645 3800 fabulationes
1661 3756 1760 3801 vanas
1774 3747 1807 3801 et
1820 3737 1953 3812 frivolas,

413 3837 498 3920 pleta
520 3837 680 3912 videntur,
702 3846 797 3921 atque
820 3837 962 3920 quotidie
982 3836 1159 3918 adimplen·
1215 3835 1317 3910 ludos,
1331 3835 1432 3916 J'ocos,
1449 3835 1631 3918 spectacula
1645 3843 1678 3899 et
1692 3836 1831 3900 choreas
1846 3836 1956 3900 Taliter

413 3943 474 3998 tur.
492 3937 526 3998 ln
542 3935 707 4018 primitiva
722 3955 860 4019 namque
875 3935 1017 3998 Ecclesia
1031 3935 1160 3998 Christi·
1215 3953 1248 3997 se
1262 3941 1438 4009 amare,est
1452 3952 1486 3996 se
1501 3933 1580 3996 false
1594 3934 1729 4016 diligere
1744 3935 1954 4018 veraciterque

411 4035 464 4098 ani
484 4034 665 4098 dilexerunt
684 4054 718 4098 se
738 4035 823 4118 ipsos
844 4052 881 4098 ae
902 4034 1065 4117 proximos
1085 4051 1158 4097 snos
1214 4032 1313 4107 odire,
1328 4031 1419 4113 juxta
1433 4033 1518 4114 quod
1533 4032 1690 4115 seriptum
1706 4033 1842 4108 estzoui
1856 4032 1955 4114 diligit
1976 4054 2049 4100 aaa

410 4151 518 4197 amore
534 4132 691 4196 veraciter
706 4132 865 4215 spirituali
881 4150 918 4194 ac
933 4131 1067 4207 fervido,
1084 4131 1160 4214 quia
1215 4130 1429 4213 iniquitatem,
1445 4131 1512 4193 odit
1525 4131 1667 4194 animam
1682 4151 1784 4195 suam.
1801 4132 1856 4206 Qui
1871 4131 1954 4195 eninr

410 4239 561 4296 aeternam
582 4231 716 4294 salutem
733 4237 764 4294 et
778 4231 951 4312 gratiarum
969 4230 1159 4292 charismata
1212 4236 1318 4292 amant
1339 4247 1372 4292 se
1389 4229 1442 4304 ita,
1458 4247 1495 4292 ea
1513 4229 1575 4292 sibi
1594 4229 1672 4313 ipsis
1693 4231 1953 4313 desiderentque

410 4330 528 4412 quibus
547 4330 586 4392 ad
607 4329 694 4392 illam
717 4328 920 4412 pertingitur,
938 4328 999 4391 sibi
1022 4327 1100 4410 ipsis
1121 4345 1159 4390 ao
1214 4327 1260 4390 eis
1280 4328 1419 4391 maxime
1439 4335 1566 4403 nocent,
1585 4347 1734 4412 perque
1754 4329 1953 4412 spiritualiter

409 4428 480 4492 aliis
500 4428 749 4511 precordialiter
763 4433 964 4509 optaverunt,
981 4435 1011 4489 et
1026 4444 1084 4509 pro
1098 4426 1159 4490 eis·
1213 4425 1413 4501 occiduntur,
1434 4425 1522 4490 omni
1542 4426 1661 4490 virtute
1685 4435 1718 4490 et
1743 4427 1842 4510 gratia
1859 4427 1952 4510 Spiri-

411 4527 484 4589 dem
508 4527 722 4609 acquirendis,
747 4526 972 4611 conservandis
1002 4545 1038 4589 ac
1062 4525 1157 4608 perfi·
1172 4528 1197 4591 D
1213 4533 1264 4588 tus
1284 4525 1390 4589 Sancti
1411 4525 1589 4610 privantur,
1610 4526 1809 4590 demonibus
1829 4525 1953 4608 subjici·

412 4624 534 4688 ciendis
562 4633 691 4688 strenue
715 4632 747 4687 et
771 4624 1011 4706 infatigabiliter
1037 4625 1158 4689 labora·
1213 4631 1321 4700 untur,
1337 4632 1370 4687 et
1389 4625 1517 4688 tandem
1537 4625 1729 4689 eternaliter
1749 4627 1953 4690 condemnau-

412 4729 536 4785 verant.
559 4723 630 4796 Sed,
651 4722 713 4785 heu
732 4729 738 4784 l
764 4723 795 4785 in
821 4723 954 4787 faecibus
976 4731 1156 4806 temporum
1213 4732 1273 4786 tur.
1295 4724 1376 4787 Ecce
1397 4723 1535 4806 qualiter
1552 4732 1661 4787 amant
1677 4744 1712 4788 se
1731 4724 1833 4808 impii,
1849 4731 1953 4808 utpote

413 4821 527 4884 borum
558 4821 670 4884 caritas
700 4822 760 4884 ista
788 4821 944 4903 refriguit,
975 4829 1007 4885 et
1035 4841 1093 4905 pro
1121 4842 1159 4887 ea
1213 4840 1323 4885 omnes
1348 4821 1404 4904 qui
1428 4829 1503 4884 sunt
1527 4821 1560 4884 in
1585 4831 1717 4905 peccato
1741 4823 1872 4898 mortali,
1898 4825 1952 4906 qui

413 4936 502 4984 amor
520 4918 666 4994 carnalis,
684 4920 827 5002 privatus
846 4939 882 4982 ao
905 4920 1070 5003 improbus
1092 4940 1158 4985 cor·
1212 4923 1364 4984 creaturis
1387 4921 1488 5003 magis
1509 4940 1605 5004 quam
1628 4923 1768 4987 Creatori
1792 4923 1951 4998 inhaerent,

413 5022 453 5084 da
474 5018 642 5082 bominum
668 5025 721 5080 est·
737 5019 910 5100 ingressus,
932 5019 975 5082 ita
994 5021 1080 5103 quod
1102 5021 1157 5084 bo·
1211 5020 1410 5095 afficiuntur,
1427 5021 1622 5084 deserviunt.

413 5119 516 5182 mines
538 5125 645 5180 amant
665 5136 699 5180 se
719 5117 804 5200 ipsos
825 5119 858 5180 in
878 5137 922 5194 se,
939 5137 1002 5182 non
1026 5120 1058 5182 in
1080 5121 1154 5196 Deo,
1251 5120 1413 5194 Praeterea,
1425 5128 1461 5182 ut
1475 5119 1595 5183 sciatur
1607 5119 1680 5203 quis
1695 5138 1786 5185 amor
1799 5122 1837 5184 sit
1849 5119 1951 5184 bonus

413 5219 489 5300 quia
516 5216 695 5290 carnaliter,
722 5233 785 5279 non
816 5217 1023 5299 spiritualiter
1050 5226 1158 5281 amant
1210 5237 1248 5281 ac
1263 5219 1457 5294 meritorius,
1474 5219 1592 5301 etquis
1612 5219 1717 5281 malus
1733 5238 1772 5283 ae
1789 5220 1951 5282 demerito

413 5333 456 5378 se.
475 5315 638 5399 Siquidem
658 5333 695 5378 ea
714 5334 785 5397 qua
805 5333 933 5379 carnem
953 5316 1111 5381 delectant
1125 5325 1157 5380 et
1212 5319 1289 5394 rius,
1311 5318 1383 5402 quis
1407 5320 1484 5381 item
1509 5315 1710 5393 indifferens,
1726 5318 1949 5382 advertendum
