4164 6258
427 416 488 482 202
800 435 947 486 nortuum
969 437 1000 483 iv
1020 437 1093 484 rosr
1113 437 1306 487 mmrrarrnt.
1328 458 1367 470 —
1388 440 1486 489 aarum
1507 442 1617 490 ramus

429 608 595 691 condigna
619 609 784 692 passiones
808 609 905 692 hujus
929 609 1115 692 temporis»
1138 611 1177 673 ad
1190 609 1217 674 A
1232 630 1306 675 men
1328 632 1469 695 unquam
1484 615 1524 676 ad
1543 615 1777 698 impatientiam
1798 621 1884 678 mota
1901 615 1970 696 luit;

430 707 616 772 felicitatem
632 709 804 773 coelestem.
814 709 930 784 Primo,
940 711 1090 792 quoniam
1106 729 1177 792 pas·
1232 712 1287 774 sed
1302 719 1390 775 tanto
1406 713 1629 777 incessabilins
1646 714 1749 776 Deum
1770 715 1873 778 orarit
1887 725 1970 798 atque

431 808 536 870 siones
558 807 710 890 temporis
732 807 828 889 hujus
850 815 925 870 sunt
945 827 1060 890 parvae,
1077 808 1178 890 gloria
1233 809 1384 884 laudavit,
1397 820 1515 894 quanto
1531 813 1608 894 quid
1623 812 1710 876 aliud
1726 820 1835 894 ageret
1848 813 1881 875 in
1897 823 1972 897 pote-

431 907 486 970 illa
505 914 553 969 est
573 924 702 988 magna3
718 907 870 982 secundo,
887 907 1038 988 quoniam
1061 908 1178 990 passio·
1233 914 1311 970 state
1326 927 1389 971 non
1405 909 1526 972 babuit.
1535 910 1676 985 Quadam
1691 919 1799 974 autem
1815 917 1907 975 nocte
1921 913 1973 994 spi·

431 1023 487 1068 nes
503 1004 600 1085 hujus
616 1005 689 1069 vitae
705 1013 780 1068 sunt
799 1004 924 1078 breves,
941 1005 1104 1068 beatitudo
1123 1006 1178 1068 illa
1233 1005 1380 1070 ritualem
1398 1015 1531 1071 matrem
1552 1029 1643 1072 suam
1665 1009 1830 1092 praefatam
1845 1012 1970 1085 vocarit,

430 1109 479 1165 est
499 1103 668 1166 aeternalis.
685 1103 816 1186 Propter
839 1104 906 1166 baec
925 1104 988 1167 duo
1008 1104 1177 1186 Apostolus
1233 1123 1304 1186 quae
1329 1123 1401 1168 cum
1427 1106 1489 1168 alia
1513 1126 1570 1168 sua
1595 1107 1755 1189 discipula
1779 1125 1922 1188 surgens,
1939 1110 1971 1172 ad

297 1219 374 1264 noar.
387 1234 416 1273 w,
430 1201 508 1263 dicit
524 1219 531 1262 :
549 1202 582 1263 ld
605 1201 690 1284 quod
712 1202 745 1264 in
768 1202 917 1283 praesenti
937 1210 984 1264 est
1004 1211 1178 1266 momenta·
1234 1203 1351 1266 lectum
1366 1204 1502 1285 jacentis
1518 1205 1615 1268 venit.
1628 1204 1799 1289 Quumque
1814 1213 1911 1268 staret
1923 1206 1972 1268 ibi-

284 1287 317 1326 ¹⁷·
430 1319 527 1362 neum
549 1306 580 1362 et
605 1300 675 1362 leve
698 1299 915 1362 tribulationis
940 1308 1065 1376 nostrae,
1082 1321 1178 1382 supra
1234 1302 1395 1365 demeum
1413 1323 1469 1365 sua
1483 1303 1652 1386 discipula,
1665 1303 1773 1366 subito
1788 1303 1914 1367 coelitus
1927 1305 1973 1366 lux

431 1398 562 1461 modum
595 1397 628 1460 in
657 1397 855 1460 sublimitate
885 1405 1038 1461 aeternum
1070 1399 1178 1479 gloriae
1233 1401 1350 1463 emissa
1370 1408 1468 1464 totam
1488 1401 1636 1464 cellulam
1660 1402 1747 1464 illam
1768 1402 1923 1484 implevit,
1939 1403 1975 1466 ita

431 1498 555 1579 pondus
570 1505 720 1579 operatur
734 1497 767 1559 in
783 1497 885 1561 nobis.
902 1497 1177 1579 Tertio,quoniam
1234 1500 1318 1579 quod
1341 1507 1442 1562 mater
1464 1499 1518 1561 illa
1540 1507 1572 1562 et
1590 1501 1661 1582 ejus
1683 1500 1841 1583 discipula
1865 1500 1976 1562 adstan-

430 1596 595 1677 passiones
618 1596 715 1678 hujus
735 1597 889 1678 temporis
910 1615 1018 1678 paucae
1037 1604 1111 1658 sunt
1133 1616 1178 1659 re·
1233 1603 1291 1670 tes,
1309 1597 1524 1660 inaestimabili
1543 1605 1792 1662 concuterentur
1805 1616 1932 1681 pavore,
1946 1609 1972 1660 ct

430 1701 542 1776 spectu
565 1694 753 1775 gaudiorum
779 1694 969 1768 coelestium,
984 1695 1075 1775 juxta
1098 1695 1178 1757 illud
1233 1694 1470 1776 obrigescerent
1485 1714 1627 1778 corpore.
1639 1696 1742 1779 Coepit
1757 1715 1898 1778 namque
1911 1716 1976 1778 qua·

262 1865 268 1874 ·
296 1811 385 1867 stam,
395 1814 415 1856 s.
431 1791 504 1854 libri
521 1792 690 1875 Sapientiae
707 1810 714 1854 :
730 1793 810 1854 lusti
832 1793 864 1854 in
881 1793 991 1874 paucis
1011 1794 1127 1867 vexati,
1144 1793 1177 1855 in
1197 1794 1220 1857 B
1235 1793 1260 1854 si
1277 1794 1444 1874 cujusdam
1462 1812 1584 1875 magnae
1598 1794 1699 1857 turbae
1715 1795 1924 1876 ingredientis
1938 1814 1977 1858 so

431 1889 540 1952 multis
556 1890 638 1954 benc
654 1890 873 1972 disponentur.
887 1891 1013 1966 Quarto,
1026 1890 1176 1973 quoniam
1235 1912 1294 1953 nus
1316 1892 1431 1965 audiri,
1448 1893 1566 1954 ostium
1592 1893 1717 1956 cellulae
1740 1893 1883 1968 concuti,
1898 1911 1933 1955 ac
1954 1895 1976 1955 si

432 1989 596 2071 passiones
626 1989 786 2070 justorum
816 1989 849 2050 in
880 1989 939 2050 bac
967 1989 1033 2051 vita
1062 1989 1180 2052 habent
1235 1990 1449 2069 ingredientes
1475 2009 1508 2052 se
1532 1997 1734 2072 premerent3
1756 1990 1977 2072 praefatamque

430 2087 662 2151 consolationes
685 2087 867 2170 spirituales
892 2087 1016 2150 divinas
1039 2087 1100 2150 sibi
1125 2107 1179 2150 an·
1236 2088 1340 2150 lucem
1355 2088 1433 2151 odor
1447 2089 1657 2150 suavissimus
1673 2095 1722 2150 est
1736 2095 1879 2151 secutus.
1893 2088 1978 2150 ldater

283 2202 300 2246 u
310 2203 361 2246 cor.
371 2205 414 2254 1,5.
431 2203 540 2257 nexas,
564 2183 690 2246 dicente
714 2184 865 2265 Apostolo
881 2200 887 2244 :
906 2184 993 2246 Sicut
1017 2184 1180 2246 abundant
1236 2203 1311 2248 vero
1327 2187 1477 2268 praedicta
1492 2194 1524 2249 et
1543 2186 1613 2267 ejus
1629 2186 1789 2268 discipula
1808 2186 1978 2250 multitudi-

431 2284 597 2365 passiones
622 2282 738 2346 Christi
763 2282 796 2343 in
821 2281 924 2356 nobis,
947 2281 990 2344 ita
1014 2302 1070 2364 per
1094 2283 1181 2346 Chri·
1236 2303 1308 2346 nem
1341 2284 1589 2365 ingredientium
1619 2283 1811 2357 sentiebant,
1837 2285 1895 2347 sed
1923 2304 1978 2366 pra

431 2389 516 2444 stum
533 2380 673 2443 abundat
688 2380 862 2443 consolatio
877 2388 1041 2460 nostra3et
1055 2381 1177 2457 iterum,
1236 2382 1399 2445 nimietate
1430 2382 1553 2446 timoris
1577 2401 1614 2444 ac
1644 2382 1777 2446 luminis
1801 2383 1914 2445 videre
1940 2383 1978 2444 nil

295 2504 412 2556 rescat.
429 2480 621 2542 Benedictus
650 2480 733 2542 Deus
763 2479 818 2560 qni
848 2479 1029 2541 consolatur
1058 2499 1115 2542 nos
1146 2479 1177 2542 in
1237 2487 1391 2562 poterant.
1420 2479 1588 2562 Quumque
1616 2487 1735 2542 mntem
1766 2480 1875 2542 lucem
1904 2479 1978 2542 lerre

430 2579 518 2642 omni
550 2577 755 2641 tribulatione
785 2585 900 2640 nostra.
927 2579 1035 2659 ltaque
1064 2577 1179 2642 iuturae
1236 2597 1298 2641 non
1319 2586 1459 2661 possent,
1477 2579 1574 2660 coepit
1595 2579 1746 2660 predicta
1765 2578 1904 2641 Romula
1922 2597 1976 2639 ma-

429 2676 593 2740 ielicitatis
607 2675 943 2758 amore,despiciamus
958 2677 1097 2738 carnalia
1111 2694 1179 2757 gau·
1234 2686 1315 2741 trem
1332 2697 1422 2739 snam
1444 2675 1611 2752 consolari,
1628 2676 1764 2741 dicendo
1781 2676 1878 2739 :Noli
1895 2677 1976 2738 time-

430 2776 493 2850 dia,
509 2794 590 2838 vana
605 2774 726 2848 solatia,
743 2774 922 2836 mundanos
937 2774 1085 2848 bonores
1101 2792 1178 2857 opes
1234 2797 1278 2851 re,
1305 2783 1415 2849 mater,
1443 2792 1507 2837 non
1537 2775 1655 2837 moriar
1683 2774 1788 2836 modo.
1815 2775 1977 2856 Quumque

280 2891 414 2941 tricenna
429 2881 589 2953 terrenas3
606 2880 638 2935 et
657 2891 764 2936 coram
784 2873 848 2935 Deo
869 2873 900 2933 in
920 2872 1070 2934 omnibus
1088 2873 1178 2935 timo·
1233 2874 1418 2957 frequenter
1441 2873 1500 2936 hoc
1523 2874 1653 2947 diceret,
1671 2873 1769 2954 coepit
1790 2872 1846 2934 lux
1870 2873 1978 2936 emissa

281 2953 382 3028 ¹²⁰¹‘²·¹l‘
394 2955 414 2994 ⁹·
430 2973 488 3034 rati
504 2973 616 3046 simus,
633 2971 782 3034 custoditi
797 2975 893 3052 atque
913 2969 1051 3033 solliciti.
1069 2971 1179 3034 Gema·
1197 2978 1218 3041 c
1233 2973 1386 3056 paulatim
1403 2972 1568 3050 recedere3
1585 2973 1639 3034 sed
1655 2971 1762 3034 odoris
1777 2972 1921 3034 suavitas
1939 2971 1977 3032 ibi

431 3092 501 3134 mus
533 3079 663 3154 propter
692 3077 820 3153 peccata
853 3076 971 3143 nostra,
1001 3069 1178 3133 defleamus
1234 3072 1386 3134 remansit
1415 3090 1516 3152 usque
1545 3071 1584 3133 ad
1609 3077 1755 3153 quartam
1787 3077 1927 3142 noctem,
1950 3069 1978 3130 in

428 3188 486 3233 nos
511 3170 608 3253 ipsos,
632 3176 664 3231 et
687 3169 726 3230 ad
751 3187 922 3250 supernam
947 3167 1177 3230 beatitudinem
1233 3189 1296 3251 qua
1311 3168 1444 3231 Romula
1460 3176 1594 3230 matrem
1610 3187 1699 3230 suam
1718 3186 1831 3230 rursus
1846 3168 1977 3239 vocarit,

428 3267 609 3331 cordialiter
624 3267 839 3348 suspiremus3
856 3267 911 3328 scd
926 3274 958 3328 et
973 3265 1176 3327 infernalium
1233 3275 1264 3329 et
1280 3267 1519 3329 Sacramentum
1540 3266 1683 3348 corporis
1698 3265 1816 3329 Christi
1835 3266 1930 3348 petiit
1942 3273 1980 3326 at-

427 3365 660 3448 suppliciorum
687 3365 852 3439 memoria,
876 3383 984 3446 pavor,
1009 3364 1176 3438 acerbitas,
1233 3384 1295 3447 que
1311 3364 1442 3446 accepit.
1461 3364 1499 3425 Et
1514 3382 1588 3426 ecce
1604 3371 1735 3446 repente
1751 3364 1785 3425 in
1801 3364 1910 3446 platea
1924 3365 1980 3426 duo

430 3482 448 3524 a
469 3462 586 3524 nostris
608 3462 758 3524 cordibus
780 3479 843 3524 non
866 3463 1001 3524 recedat.
1233 3463 1320 3525 chori
1337 3462 1543 3545 psallentium
1564 3479 1844 3544 supernorumque
1865 3461 1978 3525 civium

471 3559 578 3622 Reiert
599 3560 630 3621 S.
648 3559 828 3640 Gregorius,
850 3561 934 3641 quod
957 3568 1100 3642 tempore
1120 3579 1177 3623 suo
1232 3561 1432 3635 adstiterunt,
1455 3560 1574 3643 quibus
1599 3559 1812 3642 psallentibus
1836 3567 1869 3622 et
1894 3560 1979 3622 coele-

429 3658 492 3720 fuit
517 3657 549 3718 in
573 3658 671 3719 Roma
693 3656 810 3718 mulier
834 3665 942 3719 sancta
967 3658 1097 3721 nomine
1121 3660 1176 3722 Re·
1234 3669 1296 3722 stes
1318 3659 1485 3741 exsequias
1505 3657 1731 3721 exhibentibus
1749 3667 1860 3720 sancta
1880 3659 1980 3721 anima

429 3757 570 3837 dempta,
587 3755 665 3817 duas
686 3754 806 3818 babens
826 3756 1000 3837 discipulas
1018 3773 1024 3818 :
1042 3775 1176 3838 quarum
1234 3758 1371 3820 Romulea
1385 3777 1404 3819 a
1419 3776 1513 3819 carne
1530 3757 1632 3821 soluta
1647 3764 1702 3819 est
1711 3758 1778 3830 Oua
1792 3758 1979 3820 ascendente

429 3875 504 3929 una,
522 3854 651 3917 nomine
669 3854 813 3929 Romula,
830 3853 891 3917 tuit
911 3854 1101 3917 mirabiliter
1115 3856 1177 3917 vir·
1235 3876 1308 3918 cum
1330 3857 1452 3920 Sanctis
1471 3857 1535 3918 illis
1555 3857 1588 3918 in
1609 3855 1739 3930 coelum,
1755 3863 1879 3937 quanto
1899 3853 1980 3918 ebori

429 3963 530 4027 tuosa,
543 3953 695 4035 quoniam
711 3971 844 4015 summan
860 3953 1019 4034 patientiae
1035 3961 1066 4016 et
1081 3954 1178 4016 maxi-
1233 3955 1438 4038 psallentium
1460 3955 1555 4018 altius
1574 3955 1800 4029 ascendebant,
1817 3962 1909 4017 tanto
1925 3972 1980 4016 coe·

431 4073 490 4118 mae
506 4054 695 4118 obedientiae
710 4053 782 4128 init,
799 4053 954 4136 valdeque
972 4055 1130 4119 custodita
1145 4056 1177 4117 in
1234 4055 1282 4137 pit
1297 4055 1398 4116 levius
1419 4055 1596 4136 psalmodia
1617 4054 1733 4128 audiri,
1750 4071 1922 4136 quousque
1938 4071 1980 4115 so-

429 4153 536 4217 rerbis
552 4161 583 4215 et
598 4153 767 4226 taciturna,
779 4161 874 4234 atque
890 4153 1086 4216 orationibus
1101 4174 1177 4236 qua·
1194 4153 1217 4213 D
1233 4155 1320 4216 nitus
1336 4153 1520 4235 psalmodiae
1535 4160 1629 4235 atque
1645 4153 1751 4216 odoris
1772 4153 1915 4215 suavitas
1930 4169 1981 4234 per

429 4254 456 4316 ai
481 4272 609 4336 semper
633 4254 764 4315 intenta.
787 4252 847 4315 Sed
869 4254 963 4326 Deus,
980 4253 1034 4334 qui
1059 4253 1177 4316 electos
1233 4254 1468 4336 elongationem
1491 4253 1697 4316 finiebantur.

429 4371 502 4416 suos
520 4352 550 4414 in
567 4352 633 4414 vita
653 4352 711 4414 hac
728 4350 836 4414 visitat
855 4358 887 4413 et
906 4351 1048 4432 castigat,
1064 4350 1177 4433 praeia-
1268 4354 1312 4415 Ex
1328 4353 1480 4436 praeclaro
1494 4371 1569 4434 ergo
1583 4352 1731 4434 exemplo
1746 4351 1981 4426 hoc,discamus

429 4458 467 4512 tae
482 4450 623 4513 Romulae
640 4449 811 4532 paralysim
829 4449 927 4523 misit,
940 4449 983 4510 ito
998 4451 1082 4532 qnod
1098 4450 1178 4511 mul·
1234 4471 1385 4535 prospera
1406 4451 1517 4513 mundi
1538 4451 1713 4533 despicere,
1729 4450 1864 4514 adversa
1884 4467 1982 4532 aequa·

429 4549 470 4609 tis
489 4547 581 4610 annis
605 4547 637 4609 in
659 4546 776 4609 lectulo
792 4547 913 4628 Jacens,
929 4548 1074 4610 omnium
1095 4566 1177 4630 pene
1234 4550 1365 4612 nimiter
1388 4549 1558 4624 sustinere,
1577 4557 1610 4611 et
1633 4568 1734 4631 usque
1760 4549 1799 4612 ad
1825 4548 1928 4611 linem
1951 4547 1980 4607 in

430 4645 650 4707 membrorum
665 4644 727 4706 luit
740 4644 858 4708 ciliciis
878 4645 1036 4708 destituta.
1054 4646 1117 4708 Nec
1133 4653 1177 4708 ta-
1234 4647 1327 4710 bonis
1350 4647 1474 4710 actibus
1498 4666 1712 4731 perseverare.
