4206 6258
445 491 505 556 626
790 511 938 558 noumrm
958 512 1032 558 xxiv
1052 513 1125 558 ross
1145 510 1338 558 ramrmruu.
1359 529 1399 539 -
1420 509 1519 556 sunno
1539 508 1649 555 rnruns

447 681 479 744 id
498 689 547 744 est
566 682 599 744 in
619 701 753 765 regnum
774 682 844 747 Filii
865 684 914 746 sui
930 682 1049 758 dilecti,
1066 683 1127 747 hoc
1146 689 1195 746 est
1208 683 1232 746 l
1247 701 1306 765 per
1320 682 1352 744 id
1367 681 1452 765 quod
1467 681 1512 744 ait
1525 679 1704 763 Apostolus,
1715 674 1968 739 «transtulitnnos

448 780 482 843 in
506 781 690 845 societatem
716 783 865 846 Ecclesiae
889 783 1067 857 militantis,
1085 802 1140 846 sen
1161 782 1194 844 in
1250 803 1267 840 a
1282 781 1465 862 inrognum
1481 779 1552 842 Filii
1567 776 1748 841 dilectionis
1765 775 1969 856 meningo-

448 898 618 944 numerum
634 881 818 945 electorum.
835 882 909 955 Quae
924 881 1065 945 Ecclesia
1079 881 1196 945 dicitur
1249 879 1351 942 stinus
1367 879 1400 942 in
1416 878 1499 941 libro
1513 878 1552 940 de
1571 876 1725 939 Trinitate
1742 873 1886 947 ostendit,
1901 874 1968 954 quod

448 997 582 1060 regnum
598 979 726 1056 Christi,
739 981 813 1062 quia
828 980 861 1042 in
877 980 972 1043 corde
988 979 1134 1043 fidelium
1150 998 1196 1042 re·
1248 977 1378 1041 dilectio
1397 978 1431 1040 in
1453 975 1582 1048 divinis,
1598 992 1661 1039 non
1682 974 1789 1037 solum
1809 971 1928 1034 relative
1946 980 1970 1033 et

447 1084 523 1158 gnat
541 1096 600 1160 per
615 1078 715 1142 iidem
735 1085 768 1142 ct
785 1079 928 1160 gratiam.
949 1079 992 1140 De
1012 1096 1076 1161 quo
1098 1095 1195 1159 regno
1249 1075 1462 1149 notionaliter,
1482 1074 1652 1138 sedetiam
1676 1071 1822 1136 absolute
1844 1069 1967 1133 dicatur:

313 1191 367 1238 rue.
376 1207 391 1246 ι,
399 1196 432 1240 sa.
448 1177 603 1258 scriptum
623 1184 671 1240 est
687 1196 694 1240 ε
709 1177 864 1258 llegnabit
884 1177 916 1240 in
936 1177 1032 1240 domo
1050 1177 1145 1241 Jacob
1162 1177 1194 1240 in
1249 1175 1327 1238 alias
1342 1174 1441 1237 Filius
1456 1173 1512 1236 Dei
1527 1192 1546 1236 a
1561 1171 1682 1255 Spiritu
1701 1171 1817 1234 Sancto
1834 1169 1969 1231 diceretur

313 1291 346 1337 n.
357 1305 386 1346 n,
397 1296 417 1338 r.
447 1283 619 1356 aeternum3
636 1277 668 1339 in
693 1277 772 1340 lsaia
796 1294 934 1360 quoque,
953 1277 1055 1359 Super
1077 1277 1192 1339 solium
1249 1274 1431 1356 procedere.

448 1374 557 1448 David,
569 1383 601 1436 et
616 1393 712 1457 super
727 1393 861 1456 regnum
876 1375 946 1456 ejus
961 1375 1093 1438 sedebit.
1103 1375 1193 1438 Nunc
1287 1376 1330 1434 Io
1345 1393 1407 1452 quo
1422 1371 1557 1445 Christo,
1576 1369 1607 1433 id
1622 1377 1671 1432 est
1688 1387 1747 1450 per
1766 1367 1858 1448 cujus
1873 1367 1968 1449 passio

448 1490 575 1555 quoque
594 1473 737 1536 translati
757 1492 868 1536 sumus
883 1474 916 1536 in
936 1491 1070 1555 regnum
1090 1473 1195 1537 [leole
1248 1491 1323 1535 nem
1342 1478 1375 1534 et
1394 1470 1517 1544 merita,
1534 1471 1686 1530 letemus
1706 1467 1969 1542 redemptionem

447 1570 502 1634 siae
532 1571 760 1654 triumphantis
792 1572 825 1633 in
856 1571 969 1634 merito
1000 1579 1032 1634 et
1060 1572 1095 1634 in
1125 1591 1192 1654 spe,
1248 1569 1465 1634 dominatione
1489 1567 1618 1640 diaboli,
1639 1573 1750 1649 utpote
1775 1565 1967 1625 remissionem

446 1669 658 1732 transferendi
683 1669 760 1731 illuc
789 1671 917 1732 tandem
942 1669 975 1731 in
999 1689 1042 1732 re.
1066 1670 1110 1733 llo
1134 1670 1194 1733 lrac
1243 1677 1451 1746 peecatorum
1484 1674 1676 1739 nostrorum,
1710 1683 1784 1746 quae
1815 1661 1900 1725 nobis
1925 1681 1969 1743 per

446 1768 610 1849 ereptione
627 1775 659 1830 et
678 1767 883 1831 translatione
903 1768 1028 1848 generis
1049 1768 1192 1844 humani,
1248 1767 1364 1830 Christi
1386 1765 1567 1848 passionem
1592 1783 1628 1826 ac
1653 1763 1768 1826 merita
1793 1761 1969 1824 dimittuntur

310 1880 368 1926 rara.
382 1893 431 1933 ιω,
445 1862 536 1925 Pater
554 1863 599 1925 ait
617 1865 657 1927 ad
676 1864 793 1927 Filium
812 1866 896 1947 apud
915 1865 1027 1928 lsaiam
1046 1883 1052 1927 :
1070 1864 1146 1928 Dedi
1162 1873 1194 1929 te
1209 1862 1233 1925 B
1248 1865 1280 1926 in
1303 1864 1390 1928 fonte
1412 1863 1625 1946 Baptismatis.
1644 1862 1732 1924 Unde
1753 1861 1787 1923 in
1806 1857 1967 1941 Apocalypsi

298 1948 319 1997 θ’
329 1948 350 1989 ⁷·
446 1962 478 2025 in
503 1962 608 2026 foedus
633 1962 756 2046 populi,
783 1964 815 2026 in
845 1963 950 2027 lucem
979 1964 1135 2046 gentium,
1159 1973 1194 2027 ut
1247 1965 1286 2026 de
1310 1963 1434 2027 Christo
1459 1962 1611 2025 asseritur
1631 1977 1638 2022 ε
1658 1960 1718 2034 Qui
1742 1959 1854 2021 dilexit
1873 1965 1967 2030 nasei
1985 1983 2050 2033 spi

444 2062 596 2124 educeres
612 2062 651 2124 de
667 2061 871 2126 conclusione
886 2063 1085 2140 vinetum,de
1101 2064 1194 2126 domo
1247 2063 1325 2126 lavit
1352 2079 1410 2126 nos
1438 2080 1457 2124 a
1487 2059 1627 2144 peccatis
1657 2058 1777 2122 nostris
1809 2057 1839 2120 in
1866 2056 1968 2139 sangui·

443 2159 580 2223 carceris
609 2161 755 2224 sedentes
784 2161 817 2224 in
846 2161 996 2224 tenebris.
1027 2162 1190 2237 Pmterea,
1246 2179 1287 2224 ne
1309 2178 1376 2223 suo.

992 2588 1184 2675 strutio
1222 2587 1443 2674 PRIMUS

601 2881 603 2886 ·
668 2853 754 2908 01]ss
775 2851 1026 2900 soutcrrubmutt
1047 2853 1184 2901 PRAELA‘l'l
1204 2853 1286 2900 ERGA
1307 2853 1451 2900 scontros
1471 2851 1590 2899 (tunm
1610 2851 1763 2898 nussam.

511 3133 598 3194 ΕΗΒ
622 3133 726 3196 Pater
748 3131 873 3207 eripuit
895 3149 952 3190 nos
975 3133 1015 3190 de
1031 3137 1189 3207 potestate
1204 3130 1226 3194 C
1244 3128 1373 3212 increpa
1389 3129 1523 3193 inomni
1539 3130 1756 3212 patientia-
1772 3130 1910 3194 Secundo
1922 3129 1969 3190 boc

525 3231 747 3299 tenebrarum,
762 3237 792 3288 et
809 3229 982 3289 transtulit
997 3230 1032 3288 in
1051 3247 1189 3304 regnum
1243 3227 1347 3290 lacere
1362 3228 1457 3292 debet
1476 3248 1515 3292 cx
1533 3228 1668 3308 justitia,
1685 3227 1746 3291 boc
1767 3237 1819 3292 est
1831 3248 1868 3292 ex
1882 3227 1969 3290 debito

438 3329 525 3388 Filii
538 3329 723 3389 dilectionis
737 3347 814 3388 suae.
831 3326 948 3390 Coloss.
965 3345 986 3402 ι,
1004 3325 1052 3389 13.
1244 3327 1293 3389 sui
1308 3326 1421 3389 oflicii.
1439 3329 1495 3391 Est
1513 3328 1600 3390 enim
1621 3328 1780 3390 mediator
1795 3329 1874 3390 inter
1886 3328 1968 3389 Deum

479 3425 525 3487 Ex
554 3424 714 3507 principio
743 3424 840 3505 hujus
869 3423 1011 3506 epistole
1034 3424 1188 3486 docentur
1244 3433 1276 3487 et
1290 3425 1417 3508 plebem
1433 3425 1495 3489 sibi
1510 3427 1714 3490 commissam
1732 3443 1740 3488 :
1757 3426 1877 3490 idcirco
1893 3425 1970 3508 potis

438 3541 549 3588 omncs
564 3523 744 3586 animarum
759 3541 868 3585 curam
883 3521 1190 3605 habentes,qualiter
1244 3524 1362 3586 simum
1386 3524 1449 3587 sibi
1473 3525 1631 3587 incumbit
1655 3525 1789 3607 plebem
1814 3544 1897 3588 susm
1919 3523 1969 3586 beo

438 3629 471 3684 et
494 3621 572 3703 quid
597 3638 655 3704 pro
675 3620 737 3684 sibi
760 3620 940 3684 commissis
962 3620 1098 3683 debeant
1117 3637 1189 3684 exo
1244 3622 1461 3698 reconciliare,
1477 3631 1509 3686 et
1527 3624 1610 3686 dona
1627 3623 1737 3704 gratiae
1755 3625 1861 3688 eidem
1877 3621 1970 3685 din'ni·

439 3738 520 3794 rare,
537 3730 569 3782 et
591 3719 667 3783 item
689 3720 767 3802 quid
790 3718 927 3782 subditis
948 3718 1109 3802 praeeipne
1134 3737 1187 3781 ne·
1241 3729 1292 3783 tus
1313 3721 1493 3804 impetrare.
1509 3721 1650 3795 Quorum
1670 3729 1844 3805 utrumque
1861 3738 1969 3804 prascr-

440 3818 613 3881 cessarium
645 3819 687 3880 sit
719 3819 757 3881 ad
791 3819 937 3881 salutem.
967 3819 1019 3880 ait
1049 3836 1187 3900 namque
1241 3818 1300 3881 tim
1321 3821 1441 3883 orando
1461 3821 1634 3903 peragitur,
1651 3821 1726 3903 quin
1751 3831 1790 3883 ut
1812 3821 1856 3884 ait
1875 3821 1968 3900 Grego
2070 3809 2071 3814 ¹

294 3941 426 3996 σηοω,
440 3915 610 3999 Apostolus
630 3933 637 3977 :
656 3916 724 3979 Non
744 3935 906 3980 cessamus
927 3924 1052 3979 orantes
1074 3925 1109 3978 ut
1129 3917 1186 3978 im·
1242 3918 1319 3992 rius,
1336 3919 1419 3980 Deus
1440 3918 1510 3981 vult
1530 3917 1680 4000 precibus
1701 3919 1837 4000 placari,
1853 3919 1902 4002 qui
1922 3917 1969 3979 srit

441 4015 593 4097 pleamini
608 4015 769 4095 agnitione
788 4015 960 4078 voluntatis
975 4015 1041 4077 Dei.
1057 4015 1187 4097 Aposto
1242 4016 1326 4098 quod
1342 4017 1441 4078 iratus
1457 4033 1520 4078 non
1536 4016 1637 4099 possit
1655 4017 1788 4098 portari.
1807 4018 1845 4080 lit
1858 4017 1885 4079 S.
1899 4018 1969 4079 laco

439 4114 489 4176 lus
510 4121 616 4176 autem
639 4113 842 4195 praelatorum
863 4115 1004 4196 speciem
1026 4121 1121 4176 tenet.
1243 4114 1303 4176 bus
1317 4113 1479 4196 apostolus
1495 4113 1527 4175 in
1543 4132 1599 4176 sua
1614 4115 1727 4177 scribit
1739 4111 1968 4179 Canoniratllon
1977 4126 2054 4173 risus

477 4212 618 4285 Quilibet
635 4229 711 4293 ergo
729 4212 877 4293 praelatus
897 4219 929 4274 ct
944 4230 1052 4273 curam
1067 4212 1187 4274 anima·
1243 4211 1377 4286 habetis,
1394 4213 1471 4295 quia
1488 4229 1552 4275 non
1572 4213 1765 4294 postulastis.
1783 4250 1825 4261 -
1838 4213 1932 4276 Tertio
1944 4210 1967 4270 id

437 4329 509 4374 rum
530 4310 671 4384 sortitus,
689 4309 921 4372 incessabiliter
945 4309 1041 4372 debet
1064 4311 1187 4374 viscera
1202 4312 1226 4374 b
1241 4310 1347 4374 lacere
1366 4310 1460 4374 debet
1480 4329 1519 4373 ex
1538 4311 1588 4373 sui
1609 4311 1711 4393 ipsius
1730 4311 1888 4395 spirituali
1900 4325 1969 4373 emo

437 4409 564 4492 pietatis
576 4409 694 4472 divinat
706 4425 764 4491 pro
775 4427 869 4490 grege
882 4408 945 4470 sibi
958 4409 1130 4472 commisso
1144 4410 1187 4472 al·
1242 4429 1276 4471 re
1296 4408 1476 4491 dupliciter.
1497 4409 1613 4484 Primo,
1631 4427 1671 4471 ne
1691 4416 1724 4472 ct
1743 4410 1815 4492 ipse
1832 4411 1969 4491 dispereat

437 4507 667 4571 lectuosissime
680 4507 833 4570 invocare.
843 4507 881 4570 Et
893 4508 997 4590 primo
1008 4508 1069 4571 boc
1081 4508 1185 4571 iacere
1241 4516 1273 4570 et
1287 4508 1465 4570 damnetur.
1482 4508 1586 4581 Quum
1606 4508 1726 4570 etenim
1742 4509 1881 4590 quilibet
1893 4508 1971 4570 borno

437 4604 532 4667 debet
547 4623 585 4667 ex
601 4605 731 4668 caritate
750 4625 807 4668 sua
821 4607 861 4668 ad
881 4607 952 4668 illos
973 4607 1134 4688 praecipua
1154 4614 1187 4668 et
1241 4606 1444 4669 insufficiens
1463 4607 1505 4670 sit
1527 4625 1636 4688 regere
1655 4608 1867 4691 semetipsum
1885 4614 1913 4669 et
1929 4624 1971 4667 ru·

437 4703 854 4785 paterna.0uemadmodum
870 4704 955 4766 enim
971 4703 1040 4766 illos
1055 4711 1186 4786 paterno
1241 4705 1370 4780 stodire,
1386 4723 1423 4767 ac
1444 4705 1554 4769 divina
1577 4713 1737 4788 praecepto
1761 4707 1896 4789 implere
1915 4703 1972 4766 abs·

437 4808 470 4864 et
484 4800 617 4882 speciali
637 4818 745 4864 amore
765 4808 891 4864 tenetur
909 4801 1053 4882 diligere,
1071 4802 1117 4864 sic
1133 4803 1185 4865 de·

438 4899 492 4962 bot
506 4916 565 4981 pro
580 4899 709 4962 illorum
724 4898 826 4961 salute
845 4899 1000 4963 sollicitus
1020 4919 1057 4963 ac
1076 4918 1185 4983 opera·

437 4989 538 5060 toriu's
558 5016 638 5072 esse,
655 4997 784 5070 orando,
801 4997 954 5073 docendo,
972 4999 1183 5081 predicando,

439 5095 640 5177 corripiendo
655 5102 686 5157 et
706 5095 904 5176 corrigendo,
921 5097 1007 5159 sicut
1025 5097 1064 5160 ad
1083 5096 1185 5161 Timo·

289 5211 424 5266 orrens.
439 5193 550 5256 tbeum
565 5193 677 5256 scribit
689 5194 1023 5275 Apostolus:Praedica
1036 5195 1182 5272 verbum,

438 5292 521 5356 insta
535 5299 721 5374 opportune,
733 5292 923 5374 importune,
932 5293 1183 5373 argueobsecra,

1240 4823 1303 4886 que
1318 4803 1456 4885 gratioso
1471 4811 1567 4885 atque
1588 4804 1741 4868 continuo
1762 4805 1898 4887 Spiritus
1911 4803 1972 4865 Sau-
2068 4839 2069 4846 κ

1240 4903 1283 4966 cti
1297 4903 1428 4976 auxilio,
1445 4902 1514 4964 sine
1529 4921 1593 4985 quo
1608 4921 1667 4966 nec
1681 4902 1805 4986 aliquid
1821 4901 1973 4966 salubriter

1239 5001 1386 5082 cogitare,
1404 5019 1462 5064 nec
1478 5001 1641 5064 meritorie
1657 5001 1757 5084 loqui,
1769 5020 1831 5065 nec
1844 4999 1972 5064 tentatio

1239 5101 1335 5162 nibus
1356 5099 1506 5162 reluctari
1525 5100 1694 5164 victoriose
1713 5101 1871 5175 velemus,
1887 5097 1972 5162 multo

1240 5199 1346 5261 minus
1366 5199 1438 5281 quis
1459 5206 1563 5282 potest
1582 5208 1613 5262 et
1626 5199 1706 5263 alios
1724 5199 1913 5282 gubernare,
1929 5215 1972 5257 cn·

1239 5298 1368 5373 stodire,
1391 5298 1567 5380 perducere
1591 5298 1711 5381 absque
1737 5317 1865 5382 magno,
1886 5297 1972 5360 ineee
2067 5375 2068 5400 ἦ
