4192 6258
483 459 630 508 uoatatca
651 460 726 508 XVlll
747 461 820 508 rost
839 458 1033 506 rutatum.
1053 477 1093 490 -
1114 459 1212 508 santio
1232 461 1342 508 PlllllllS
1627 437 1688 506 505

17 654 119 704 νοω,
134 633 225 707 alibi,
251 634 287 696 ln
310 632 460 696 omnibus
487 631 603 714 gratias
632 631 724 713 agite.
750 630 815 694 lloo
838 627 925 693 estll
942 629 1090 694 universa
1105 629 1264 693 beneficia
1278 629 1335 693 Dei
1348 628 1508 711 generalia
1521 635 1553 691 et
1567 626 1687 711 specia-

12 721 23 760 l·
134 731 222 812 quod
238 731 347 794 docuit
361 729 467 793 lilium
483 748 578 793 suum
593 729 719 804 l'obias,
730 729 883 792 dicendo:
940 729 1033 792 liaac
1049 728 1232 812 singularia,
1249 728 1405 791 naturalia
1420 734 1688 809 etsupematura-

12 851 117 902 anese.
135 827 229 891 Omni
246 836 391 911 tempore
411 827 546 891 benedic
561 829 634 891 Deo.
652 827 733 890 llinc
752 828 797 890 alt
811 827 884 890 Ber·
940 826 991 903 lia,
999 827 1175 910 corporalia
1189 845 1225 890 ac
1238 825 1589 909 spiritualia,exteriora
1603 831 1635 888 et
1646 824 1690 887 in-

135 928 255 990 nardus
273 947 280 993 :
298 927 390 991 llisce
413 927 445 990 in
471 926 639 990 relerendo
662 927 795 1008 gratiam
820 944 883 990 non
938 927 1054 990 teriora
1076 927 1345 1010 comprehendere
1365 932 1471 1008 queat,
1488 942 1687 998 enumerare,

134 1045 206 1089 esse
221 1027 331 1089 tardus
347 1035 401 1090 aut
419 1025 543 1108 segnis3
560 1026 653 1089 stude
672 1043 730 1108 pro
748 1025 883 1107 singulis
939 1025 1031 1090 ellari
1045 1034 1101 1088 aut
1115 1025 1312 1090 scriberolSi
1325 1024 1419 1088 alicui
1434 1031 1573 1088 nostrum
1590 1043 1688 1088 unum

134 1125 228 1190 donis
250 1126 367 1207 gratias
390 1144 493 1208 agere.
939 1126 1064 1188 deesset
1078 1123 1258 1187 membrum
1278 1131 1333 1186 aut
1347 1142 1459 1186 sensus
1479 1142 1573 1196 unus,
1590 1141 1688 1205 quan-

174 1223 323 1286 Secundo
341 1223 437 1286 debet
455 1223 677 1305 unusquisque
696 1224 761 1286 Deo
782 1240 884 1304 regra-
941 1232 1007 1287 tum
1033 1223 1256 1306 regratiaretur
1274 1223 1303 1286 ei
1324 1222 1379 1303 qui
1400 1220 1581 1284 membrum
1607 1220 1686 1283 illud

133 1320 218 1394 tiari,
235 1320 387 1403 quoniam
410 1320 628 1384 indesinenter
648 1320 769 1383 utimur
790 1319 885 1383 bene·
938 1329 993 1386 aut
1007 1340 1137 1385 sensum
1153 1321 1214 1384 sibi
1231 1319 1408 1383 conferretl
1419 1319 1451 1382 Si
1466 1318 1582 1401 aliquis
1597 1318 1686 1381 dives

131 1417 221 1480 ficiis
244 1418 324 1499 ejus.
342 1419 413 1502 lpse
435 1417 555 1482 etenim
580 1436 637 1481 nos
662 1417 695 1481 in
719 1437 789 1481 esse
810 1435 883 1480 con·
940 1439 997 1503 per
1013 1438 1112 1482 unum
1128 1437 1248 1481 annum
1265 1418 1346 1480 bene
1362 1417 1484 1480 nutriat
1499 1435 1684 1499 pauperem,

132 1524 251 1591 servat,
264 1517 333 1598 ipse
348 1534 405 1580 nos
420 1516 477 1579 alit
492 1523 524 1579 et
538 1517 648 1597 vestlt3
664 1524 748 1579 terra
764 1516 884 1579 utimur
939 1525 1093 1600 quantum
1111 1518 1140 1580 ei
1161 1536 1283 1600 pauper
1302 1516 1513 1596 regratiaturl
1528 1515 1685 1589 Quantum

131 1615 172 1677 ad
203 1615 459 1688 sustentandum,
484 1633 557 1677 aere
580 1615 619 1677 ad
650 1615 882 1697 respirandum,
938 1632 1024 1696 ergo,
1040 1634 1136 1697 quam
1153 1615 1357 1688 incessanter,
1373 1632 1468 1696 quam
1485 1631 1621 1686 summe,
1637 1631 1686 1674 ar-

130 1731 217 1793 aqua
245 1713 285 1774 ad
313 1711 579 1794 refrigerandum,
606 1713 679 1794 igne
707 1712 747 1775 ad
772 1712 884 1776 calela-
939 1714 1050 1776 denter
1064 1722 1159 1797 atque
1174 1714 1339 1776 humiliter
1353 1712 1515 1795 regratiari
1531 1712 1686 1774 habemus

131 1809 296 1873 ciendum.
319 1809 457 1892 Corpora
480 1827 609 1892 quoque
634 1810 776 1873 coelestia
799 1829 883 1874 crea·
902 1813 1003 1876 BDeo
1032 1812 1163 1875 sublimi
1189 1819 1220 1874 et
1244 1811 1423 1884 benedicto,
1449 1829 1468 1874 a
1490 1829 1553 1892 quo
1577 1810 1685 1874 omnia

131 1907 180 1970 vit
196 1907 229 1969 in
246 1907 460 1971 ministerium
476 1906 622 1989 gentibus
637 1909 792 1971 universis
803 1926 809 1971 :
820 1908 884 1974 imo
939 1911 1021 1974 dona
1041 1919 1171 1986 naturae,
1189 1929 1304 1994 corpus
1323 1918 1354 1973 et
1373 1910 1524 1982 animam,
1541 1909 1685 1972 membra

11 2027 115 2078 etatis.
131 2013 165 2068 et
180 2005 341 2088 angelicos
361 2007 493 2089 spiritus
514 2005 612 2068 mittit
626 2006 811 2070 hominihus
826 2025 884 2089 pro
938 2029 975 2073 ac
997 2011 1092 2084 vires,
1110 2010 1321 2093 universaque
1344 2009 1426 2072 dona
1449 2008 1558 2090 gratiae
1579 2016 1610 2072 et
1630 2027 1684 2071 ne·

132 2105 278 2168 custodia
294 2111 325 2166 et
339 2103 514 2168 directione
530 2122 641 2167 eorum
662 2104 782 2167 salutis.
800 2105 882 2169 Non·
939 2110 1075 2172 cessaria
1090 2108 1163 2172 vitta
1178 2107 1391 2191 suscepimus,
1408 2107 1463 2188 qui
1479 2106 1571 2169 toties
1591 2105 1684 2170 nobis

10 2223 115 2273 antae.
131 2221 175 2265 ne
194 2203 336 2266 volatilia
359 2203 443 2278 coeli,
465 2203 583 2267 bestias
603 2211 695 2267 terrae
714 2203 881 2287 piscesque
939 2207 1083 2289 pepercit
1111 2214 1143 2270 et
1167 2206 1311 2280 indulsit,
1337 2212 1369 2268 et
1391 2204 1474 2270 bona
1504 2223 1561 2286 pro
1592 2204 1683 2266 malis

130 2301 231 2364 maris
250 2301 347 2364 donat
360 2301 399 2364 ad
415 2300 583 2364 hominum
603 2301 796 2365 utilitateml
811 2301 882 2365 0m·
939 2303 1097 2380 retribuit,
1115 2304 1179 2367 imo
1200 2303 1423 2385 ingratissimis
1444 2301 1536 2366 nobis
1557 2302 1685 2365 beuela·

129 2400 183 2462 nis
207 2400 314 2482 itaque
336 2406 480 2463 creatura
501 2400 541 2462 ad
560 2400 797 2481 regratiandum
819 2401 883 2466 Deo
938 2422 1009 2466 cere
1025 2421 1088 2468 non
1104 2401 1250 2478 cessavit,
1262 2403 1347 2484 quod
1363 2420 1462 2484 quum
1478 2419 1684 2484 peccaremus

128 2498 248 2561 invitat
268 2515 335 2561 nos.
937 2509 1001 2564 tam
1024 2501 1215 2584 gravitaret
1238 2500 1432 2583 frequenter,
1448 2517 1512 2562 non
1538 2498 1685 2582 permisit

170 2596 287 2670 Tertio,
302 2596 454 2678 quoniam
468 2612 532 2659 non
548 2596 711 2678 regratiari
727 2604 774 2660 est
790 2598 881 2660 valde
936 2618 994 2663 nos
1014 2619 1032 2661 a
1054 2599 1180 2663 diabolo
1202 2599 1347 2680 protinus
1364 2598 1504 2680 jugulari
1528 2605 1623 2679 atque
1644 2598 1683 2659 ad

127 2695 341 2770 rusticanum,
363 2695 514 2758 indecens
541 2702 573 2758 et
596 2694 763 2776 injustum,
785 2697 880 2759 etiam
937 2697 1056 2760 inieros
1081 2697 1174 2770 trahi,
1201 2696 1278 2758 item
1303 2695 1387 2778 quod
1412 2695 1505 2758 toties
1530 2695 1683 2777 praevenit

125 2793 215 2874 apud
240 2792 391 2856 barbaros
413 2800 445 2854 et
469 2793 623 2856 indoctos.
645 2791 677 2856 Si
699 2793 772 2875 quis
794 2813 881 2857 man·
936 2813 994 2858 nos
1009 2796 1156 2878 gratiose,
1174 2801 1205 2856 et
1219 2794 1353 2876 gratiam
1373 2793 1549 2876 poenitendi
1565 2791 1683 2855 inludit

125 2890 259 2953 ducenti
280 2889 428 2973 propinat
453 2897 599 2973 quartam
620 2891 697 2966 vini,
720 2892 880 2974 vitupera·
935 2893 1092 2977 piissime,
1109 2894 1149 2956 ab
1164 2891 1454 2956 innumerabilibus
1473 2892 1568 2954 etiam
1590 2891 1681 2954 malis

126 2994 182 3049 tur
197 2987 225 3050 is
240 2987 293 3050 cui
308 2987 578 3070 propinatur,nisi
594 2988 790 3069 regratiatur.
803 2989 881 3064 Qua·
897 2995 919 3058 G
934 3011 971 3054 ac
987 2991 1072 3054 vitiis
1092 2991 1308 3074 preservavit,
1325 2997 1356 3053 et
1372 2997 1436 3052 tam
1457 2988 1681 3070 longanimiter

126 3085 168 3147 lis
183 3103 259 3167 ergo
275 3085 435 3148 rusticitas
450 3093 498 3148 est
513 3086 577 3149 Deo
592 3087 803 3170 omnipotenti
819 3107 878 3152 non
934 3097 1074 3152 nostram
1094 3090 1289 3172 exspectavit
1308 3088 1573 3152 emendationem.
1595 3088 1681 3149 lusu·

125 3183 307 3266 regratiari,
323 3185 416 3265 cujus
438 3185 521 3247 dona
545 3192 620 3247 sunt
640 3185 748 3249 omnia
770 3187 879 3250 bonal
934 3209 1002 3272 per,
1015 3191 1100 3272 quod
1116 3189 1299 3271 unigenitus
1315 3189 1413 3252 Filius
1428 3187 1484 3250 Dei
1501 3193 1681 3270 prorostra

124 3283 251 3346 Idcirco
276 3283 321 3344 ait
345 3281 588 3366 chrysostomus
610 3301 617 3345 :
638 3283 802 3348 Admoneo
824 3303 879 3348 vos
934 3289 1035 3350 salute
1060 3295 1146 3350 tanta
1169 3287 1246 3350 lecit
1267 3305 1304 3350 ac
1326 3287 1467 3370 pertulit,
1488 3293 1519 3348 et
1539 3292 1679 3348 nostram

125 3389 163 3444 ut
178 3381 352 3444 Dominum
367 3399 495 3464 semper
510 3381 706 3444 benedicatis
722 3400 728 3444 :
744 3383 770 3444 si
786 3402 879 3448 vene·
934 3386 1107 3468 assumpsit
1128 3392 1284 3459 naturam,
1305 3393 1399 3466 atque
1422 3383 1455 3446 in
1477 3383 1680 3447 Sacramento

124 3479 193 3541 rint
219 3479 313 3553 mala,
335 3477 526 3551 benedicite,
548 3486 580 3541 et
600 3479 830 3560 dissolventur3
851 3483 878 3545 si
933 3491 997 3545 tam
1028 3500 1270 3566 superamomse
1300 3490 1332 3545 et
1357 3480 1679 3565 superliberalissime

124 3576 276 3639 venerint
297 3594 459 3659 prospera,
476 3576 667 3652 benedicite,
687 3586 720 3640 et
738 3578 875 3642 stabunt.
934 3582 1046 3644 tribuit
1067 3581 1159 3645 nobis
1180 3601 1214 3644 se
1236 3581 1352 3664 ipsum.

124 3677 249 3758 ltaque,
266 3691 329 3738 non
346 3675 450 3739 solum
471 3675 503 3738 in
524 3676 696 3758 prosperis,
713 3676 767 3740 sed
783 3677 877 3740 etiam
973 3681 1089 3754 Quinto
1116 3681 1156 3743 ad
1179 3681 1290 3762 jugem
1317 3680 1489 3763 gratiarum
1520 3681 1678 3744 actionem

125 3774 161 3835 in
179 3773 323 3836 adversis
338 3772 575 3855 regratiandum
592 3781 640 3836 est
655 3775 727 3837 Deo.
745 3775 822 3838 Nam
838 3776 878 3838 de
933 3797 991 3842 nos
1010 3778 1103 3841 debet
1128 3777 1291 3852 inducere,
1307 3779 1383 3860 quia
1404 3778 1465 3841 hoe
1487 3777 1592 3861 ipsum
1615 3778 1678 3840 sin-

9 3891 108 3940 nam.
126 3872 231 3953 impio
250 3871 295 3933 ait
314 3870 481 3934 Psalmista
499 3873 538 3935 ad
559 3872 729 3935 Dominum
748 3890 755 3934 :
775 3873 878 3937 Gonli·
932 3877 1086 3960 gulariter
1115 3877 1219 3960 placat
1248 3878 1321 3940 Deo.
1349 3878 1478 3960 Propter
1506 3877 1590 3960 quod
1619 3877 1679 3940 Au-

9 3983 11 3992 ’
123 3970 251 4032 tebitur
278 3969 337 4032 tibi
366 3988 466 4051 quum
496 3969 694 4033 benefeceris
723 3971 762 4034 ei.
789 3973 877 4036 Unde
932 3977 1079 4057 gustinus
1108 3977 1258 4040 disseruit
1284 3997 1291 4042 :
1320 3977 1400 4051 Ouid
1428 3976 1543 4039 melius
1571 3975 1679 4038 animo

123 4067 271 4150 loquitur
289 4067 485 4150 Augustinus
501 4085 509 4130 t
525 4067 604 4142 Quid
627 4077 675 4132 est
693 4070 762 4133 sine
785 4071 878 4133 inter·
931 4094 1091 4157 geramus,
1109 4083 1140 4139 et
1157 4094 1210 4139 ore
1231 4093 1425 4158 promamus,
1442 4084 1473 4138 et
1489 4077 1610 4140 calamo
1626 4095 1678 4140 ex·

123 4167 282 4229 missione
305 4167 405 4229 Deum
429 4165 578 4229 laudaret
597 4167 662 4231 lloc
684 4177 742 4243 est,
761 4171 877 4252 gratias
892 4174 917 4238 b
933 4175 1121 4256 primamus,
1146 4193 1243 4256 quam
1267 4176 1331 4239 Deo
1359 4175 1502 4257 gratias?
1526 4176 1590 4238 lloc
1619 4193 1678 4238 uec

121 4283 220 4347 agere
236 4264 269 4326 in
288 4265 451 4348 prosperis
471 4265 624 4347 quonlam
645 4267 829 4342 consolaris,
845 4277 876 4332 et
932 4273 995 4336 dici
1016 4273 1157 4348 brevius,
1174 4293 1233 4337 nec
1250 4274 1353 4337 audiri
1374 4274 1487 4349 letius,
1508 4295 1567 4338 nec
1588 4276 1678 4340 intel·

121 4364 156 4426 in
182 4363 326 4426 adversis
354 4361 430 4445 quia
454 4364 631 4445 corrigeris.
661 4366 728 4428 lmo
751 4367 777 4428 si
803 4369 875 4449 quis
933 4371 987 4453 ligi
1016 4372 1145 4453 gratius,
1171 4391 1229 4434 nec
1258 4373 1308 4454 agi
1338 4371 1532 4437 fructuosius
1561 4382 1675 4458 potest.

120 4462 245 4524 incidat
262 4460 381 4524 malum
397 4461 622 4545 culpae,nihilo
638 4463 744 4528 miuus
758 4465 875 4547 gratias
931 4472 1110 4536 heruardus
1135 4489 1262 4553 quoque
1286 4472 1361 4533 hinc
1384 4472 1524 4554 loquitur
1550 4491 1557 4535 :
1584 4475 1676 4537 Danti

117 4577 219 4641 agere
243 4557 349 4632 dehet,
371 4576 435 4622 non
460 4561 544 4643 quod
570 4563 725 4645 peccavit,
747 4565 802 4627 sed
824 4564 874 4645 ju·
931 4569 1062 4652 rependi
1086 4569 1132 4631 nil
1153 4569 1273 4650 gratius
1298 4577 1402 4652 potest
1424 4571 1465 4633 ab
1487 4573 1675 4655 accipiente,

117 4667 211 4720 stum
228 4656 283 4720 Dei
298 4656 457 4739 judicium
473 4658 703 4736 benedicendo,
720 4662 796 4743 quia
811 4679 873 4726 uon
930 4687 1027 4751 quam
1046 4668 1073 4730 si
1093 4675 1217 4749 gratum
1240 4669 1388 4731 habuerit
1406 4671 1491 4753 quod
1511 4672 1607 4753 gratis
1629 4692 1677 4735 ac·

118 4755 187 4818 nisi
209 4754 296 4836 juste
317 4755 448 4819 relictus
470 4764 519 4818 est
540 4755 583 4820 ita
603 4756 644 4820 ab
666 4758 730 4822 illo.
930 4766 1159 4848 oepitldcirco
1174 4766 1300 4848 spiritui
1319 4768 1428 4849 gratie
1448 4771 1675 4834 contumeliam

154 4856 283 4930 Quarto,
291 4873 417 4917 summe
432 4861 463 4918 et
476 4855 769 4940 incomparabiliter
783 4878 819 4922 ac
832 4860 874 4922 al·
929 4864 1016 4938 lacit,
1026 4864 1081 4947 qui
1097 4863 1294 4928 beneficium
1309 4867 1413 4929 dantis
1427 4875 1515 4949 grata
1530 4886 1594 4932 non
1609 4889 1677 4932 sus·

117 4953 361 5017 tortuosissime
380 4955 543 5036 regratiari
565 4955 719 5021 debemus
740 4959 874 5023 Domino
930 4965 1010 5047 cipit
1035 4971 1151 5027 mente.

120 5055 190 5117 Deo
205 5061 468 5137 nostm,propter
484 5055 753 5120 innumerabilem
769 5058 874 5120 multi·
970 5062 1075 5138 Sexto,
1103 5063 1255 5146 quoniam
1280 5072 1370 5128 actus
1395 5065 1454 5128 iste
1479 5072 1527 5128 est
1550 5066 1674 5129 homini

119 5153 268 5216 tudinem
282 5159 373 5236 atque
388 5153 745 5236 incomprehensibilem
759 5157 875 5239 magui·
929 5160 1151 5243 multipliciter
1175 5161 1367 5226 fructuosus.
1389 5163 1505 5237 Primo,
1521 5165 1672 5246 quoniam

119 5253 271 5316 tudinem
287 5251 519 5316 beneficiorum
534 5271 674 5318 suorum.
691 5254 766 5330 Quis
785 5256 871 5319 enim
928 5256 1088 5321 bene-licia
1105 5258 1219 5324 collata
1242 5261 1391 5333 custodit,
1411 5279 1452 5323 ne
1475 5261 1670 5325 amittantur.
