4140 6258
316 517 466 566 noxrxrca
485 519 541 565 vur
562 519 635 566 rosr
655 519 850 566 rarurrxrxx.
870 536 910 548 -
930 519 973 566 an
993 519 1187 582 amrorosos3
1210 519 1308 566 sanxo
1328 519 1440 566 snxrus
1591 497 1648 564 att

101 686 177 750 dum
193 705 260 751 non
276 689 489 771 cognoscitur,
506 707 569 754 non
587 697 725 753 cavetur.
744 689 851 754 Nihilo
865 687 892 754 Α
907 699 979 754 stra
994 689 1082 753 omni
1098 690 1175 754 hora
1187 689 1403 773 propinquare
1416 690 1652 770 conemor;lleo

103 787 221 862 minus,
248 795 327 850 teste
350 788 531 862 Ambrosio,
557 789 632 852 latet
661 788 851 871 plerumque
907 788 1039 852 sublimi
1069 796 1101 851 et
1124 789 1283 853 adorando
1309 789 1427 870 jugiter
1455 788 1651 862 studeamus,

102 885 161 948 sub
182 885 267 949 tristi
288 887 407 949 amictu
429 886 569 961 lascivia,
587 895 618 950 et
633 886 786 950 deformis
801 907 852 950 va·
907 893 1124 970 peroptemus,
1148 887 1359 970 deprecemur
1388 887 1524 970 placere,
1554 887 1653 950 cohae-

103 984 183 1046 nitas
210 983 267 1047 vili
292 993 379 1048 veste
399 983 571 1066 obtegitur,
592 993 627 1047 ut
652 993 773 1048 secreta
797 1006 851 1068 pe·
907 1004 988 1060 rere,
1015 986 1111 1060 uniri,
1137 985 1170 1048 in
1194 986 1265 1068 ejus
1293 1002 1401 1048 amore
1430 984 1593 1059 succendi,
1618 984 1652 1046 in

103 1082 275 1145 tutantium
301 1091 449 1164 tegantur
467 1083 513 1146 sic
533 1085 724 1148 animorum.
742 1085 850 1166 ltaque
908 1084 977 1167 ipso
999 1084 1141 1166 quotidie
1167 1084 1267 1165 magis
1288 1102 1325 1146 ao
1348 1084 1448 1165 magis
1470 1081 1652 1146 constabili·
1763 1101 1766 1108 ’

103 1181 185 1244 absit
212 1190 247 1245 ut
267 1183 339 1264 quis
366 1182 485 1245 idcirco
509 1201 543 1244 se
568 1181 702 1264 frangat,
723 1201 757 1245 se
779 1183 851 1246 aliis
908 1182 944 1245 ri.
961 1183 1030 1246 Non
1046 1183 1147 1245 simus
1163 1182 1348 1246 incustoditi
1362 1200 1399 1244 ao
1415 1181 1572 1256 dissoluti,
1590 1201 1653 1245 una

103 1281 255 1362 applicet,
271 1299 305 1344 se
326 1281 460 1345 honeste
483 1289 514 1344 et
536 1281 760 1363 exemplariter
779 1299 851 1344 con·
907 1281 984 1344 hora
999 1281 1168 1363 perdentes
1183 1281 1269 1363 quod
1287 1280 1349 1344 alia
1367 1280 1597 1362 acquisivimus
1613 1280 1653 1342 de

104 1380 226 1441 versari
246 1398 283 1442 ac
306 1379 458 1442 exhibere
478 1380 664 1462 praetendat,
682 1387 717 1442 ut
734 1379 774 1442 ab
797 1380 851 1444 ho
907 1379 1022 1462 spiritu
1047 1378 1226 1442 devotionis
1246 1397 1283 1442 ac
1302 1377 1461 1461 spirituali
1485 1377 1652 1459 profectu3

104 1477 248 1540 minibus
268 1479 521 1555 commendetur,
539 1484 593 1540 aut
607 1497 625 1540 a
640 1478 707 1540 suis
729 1477 852 1541 confra-
907 1477 991 1540 sicut
1013 1477 1108 1560 (proh
1132 1477 1221 1541 dolor
1234 1478 1257 1558 t)
1281 1477 1375 1540 multi
1399 1483 1474 1540 sunt
1502 1476 1558 1558 qui
1582 1483 1654 1558 post

104 1576 207 1639 trihus
236 1577 420 1651 honoretur,
446 1584 501 1639 aut
529 1585 614 1639 certe
643 1577 682 1639 ad
711 1576 850 1659 aliquam
908 1575 1167 1652 celebrationem,
1199 1584 1271 1658 post
1303 1574 1550 1649 confessionem,
1583 1583 1654 1658 post

105 1675 342 1757 presidentiam
362 1675 431 1738 sive
445 1674 594 1738 officium
616 1683 849 1757 promoveatur.
908 1675 1154 1758 correptionem,
1175 1683 1246 1757 post
1271 1674 1410 1738 infusam
1431 1674 1478 1736 eis
1500 1691 1654 1756 compun-

103 1773 174 1836 llaao
197 1772 285 1835 enim
307 1771 463 1836 diabolica
485 1781 568 1836 esset
590 1774 789 1856 perversitas.
908 1773 1024 1837 ctionis
1038 1773 1279 1856 devotionisque
1293 1773 1438 1854 gratiam,
1455 1772 1600 1854 protinus
1614 1772 1654 1835 ad

143 1872 299 1954 Denique,
316 1871 343 1933 si
363 1889 460 1954 opera
482 1871 566 1934 bona
585 1873 624 1934 ad
646 1889 851 1954 supereroga—
870 1873 893 1936 B
909 1879 1076 1937 consuetas
1095 1891 1131 1935 ao
1154 1873 1303 1954 pristinas
1322 1870 1509 1934 relabuntur
1525 1871 1656 1934 dissolu·

105 1970 226 2032 tionem
246 1970 423 2051 spectantia
442 1979 516 2032 sunt
535 1969 677 2044 celanda,
694 1989 734 2033 ne
749 1971 853 2034 videa·
909 1973 1021 2045 tiones,
1038 1972 1192 2044 levitates,
1210 1969 1426 2054 loquacitates,
1444 1969 1654 2032 incustodiam

106 2076 155 2130 tur
169 2067 244 2150 quis
263 2067 414 2130 affectare
428 2068 568 2131 humana
588 2069 763 2151 preconia3
780 2069 853 2133 etsi
908 2071 1023 2144 cordis,
1040 2069 1306 2150 evagationesquo
1321 2086 1474 2130 sensuum
1491 2084 1498 2130 :
1516 2067 1587 2130 ideo
1602 2085 1654 2148 pa·

106 2184 224 2228 vanum
245 2183 282 2228 ac
302 2165 453 2228 stolidum
474 2173 522 2228 est
536 2165 575 2228 de
591 2165 684 2228 bonis
702 2166 853 2248 operibus
908 2188 981 2231 rum
1006 2174 1061 2231 aut
1084 2167 1165 2230 nihil
1189 2165 1374 2251 proliciunt,
1395 2165 1461 2228 imo
1482 2165 1582 2246 magis
1601 2165 1655 2226 de-

104 2273 199 2346 atque
215 2263 389 2326 virtutihus
405 2281 478 2326 vere
495 2264 756 2327 inexsislentihus
771 2265 853 2328 velle
908 2268 1041 2346 ficiunt;
1062 2274 1094 2328 et
1115 2285 1214 2347 quum
1240 2265 1353 2347 spiritu
1378 2263 1541 2346 coeperint,
1561 2282 1655 2326 came
1671 2282 1801 2332 cenans.

105 2363 144 2424 ab
170 2361 356 2425 homiuibus
381 2362 597 2425 commendari
622 2371 769 2444 :quanto
794 2364 853 2426 ini·
907 2366 971 2448 jam
990 2372 1256 2428 consummantur.

107 2460 201 2541 quius
222 2459 491 2541 insipientiusque
511 2459 657 2522 consistit
676 2461 854 2523 devirtuti-
954 2463 1108 2545 Denique,
1139 2479 1202 2524 non
1232 2467 1336 2544 potest
1365 2459 1532 2542 religiosus
1561 2459 1655 2541 digne

106 2557 165 2619 bus
189 2575 253 2619 non
277 2555 539 2619 inexsistentibus
561 2565 593 2618 et
614 2557 765 2638 operibus
790 2575 854 2621 non
911 2561 1079 2644 prolicere,
1100 2579 1159 2623 nec
1181 2560 1219 2623 ad
1245 2557 1474 2642 perlectionem
1498 2557 1656 2641 pertinge-

106 2657 243 2740 peractis
259 2656 341 2718 velle
361 2656 494 2730 laudari,
511 2664 566 2718 aut
582 2657 665 2719 intra
684 2675 718 2719 se
736 2658 775 2720 de
796 2657 854 2720 bu·
910 2680 955 2735 re,
981 2660 1042 2722 nisi
1071 2658 1208 2722 venialia
1237 2663 1366 2740 peccata
1395 2657 1485 2738 quasi
1512 2655 1657 2718 mortalia

103 2755 246 2836 jusmodi
277 2754 369 2817 laude
394 2754 581 2817 inanissime
610 2755 766 2836 gloriaril
791 2757 854 2818 h'cc
910 2759 1094 2831 detestetur,
1124 2754 1303 2829 abhorreat,
1333 2753 1444 2834 fugiat,
1475 2753 1592 2816 defleat
1619 2772 1656 2816 ac

104 2855 272 2936 qnisquam
289 2853 332 2916 ita
347 2853 388 2915 sit
401 2853 630 2928 insensatus,ut
643 2852 722 2917 alios
735 2854 856 2937 vitupe-
911 2857 1023 2939 puniat
1038 2855 1165 2918 assidue
1186 2852 1218 2916 in
1240 2871 1273 2916 se
1294 2853 1374 2934 ipso,
1391 2851 1495 2934 sitque
1516 2851 1550 2913 in
1569 2851 1656 2913 inde-

105 2961 163 3026 ret,
181 2950 397 3032 vituperarive
413 2951 531 3033 cupiat,
549 2959 705 3032 quatenus
726 2951 854 3014 illorum
910 2954 1027 3018 sinenti
1053 2952 1169 3016 mentis
1199 2971 1264 3014 suas
1294 2950 1449 3023 custodia,
1474 2956 1506 3012 et
1530 2967 1657 3031 semper

105 3049 343 3132 comparatione
369 3049 438 3131 ipse
465 3048 654 3112 laudabilior
676 3058 851 3131 reputetur.
873 3051 1066 3117 Csollicitus
1082 3070 1122 3113 ne
1138 3050 1169 3112 in
1185 3048 1292 3131 aliquo
1312 3049 1412 3110 Deum
1431 3047 1584 3121 offendat,
1601 3049 1656 3110 sed

104 3148 270 3210 interdum
295 3146 451 3227 contingit
475 3154 509 3208 ut
533 3147 669 3210 vanitate
691 3148 852 3222 seductus,
910 3153 939 3216 ei
960 3149 1101 3234 quotidie
1122 3147 1248 3231 plenius
1270 3154 1430 3209 mereatur
1449 3145 1583 3227 placere.
1600 3147 1657 3208 lta-

104 3248 183 3310 dum
199 3246 239 3308 ab
254 3245 362 3328 aliquo
378 3265 411 3308 se
428 3246 459 3306 in
476 3244 572 3318 fama,
585 3246 715 3318 honore,
729 3265 853 3328 promo
910 3271 972 3333 que
999 3247 1145 3311 collatam
1175 3244 1267 3308 nobis
1297 3243 1480 3327 frequenter
1504 3261 1658 3326 compun-

104 3347 191 3408 tione
215 3344 357 3426 superari
380 3352 519 3418 veretur,
541 3345 567 3405 si
592 3343 645 3406 ille
671 3345 854 3408 indecenter
910 3348 1023 3411 ctionis
1038 3343 1281 3425 devotionisque
1300 3342 1434 3424 gratiam
1452 3341 1657 3423 diligentissi-

105 3463 138 3507 se
160 3442 285 3516 habeat,
302 3441 471 3523 glorietur3
488 3442 514 3504 si
535 3461 610 3504 vero
629 3442 780 3505 omnibus
802 3463 854 3506 ex·
910 3466 961 3508 me
976 3461 1213 3516 conservemus,
1226 3459 1290 3504 non
1304 3439 1509 3503 effundamus
1522 3458 1529 3502 :
1542 3441 1607 3503 imo
1622 3441 1655 3502 in

104 3542 259 3624 emplaris
287 3540 498 3623 amabilisque
527 3541 667 3612 exsistat,
699 3541 851 3604 tristetur.
909 3562 946 3606 ea
969 3559 1112 3605 crescere
1141 3557 1268 3621 semper
1297 3539 1446 3600 nitamur.
1474 3537 1654 3618 Cogitemus

104 3641 187 3702 Ecce
218 3639 379 3722 quomodo
407 3637 585 3720 spiritualia
611 3639 670 3701 ista
694 3640 771 3702 vitia
797 3641 854 3702 mi·
909 3642 993 3724 quod
1015 3641 1105 3721 juxta
1127 3637 1318 3719 Scripturas,
1336 3636 1537 3717 congregatio
1555 3635 1797 3719 hypo-J,e„‚u‚

103 3737 233 3800 serrimi
257 3736 398 3799 hominis
423 3753 477 3798 cor
499 3743 669 3809 excecant,
691 3744 723 3798 et
747 3738 853 3818 pravis
909 3741 1060 3803 oritarum
1086 3737 1127 3798 sit
1151 3734 1286 3812 sterilis;
1311 3741 1343 3797 et
1366 3733 1451 3815 quod
1481 3752 1591 3796 rursus
1620 3734 1653 3795 in

103 3836 244 3918 implent
257 3834 468 3916 germinibus,
485 3841 595 3916 utpote
610 3835 696 3898 vitiis
714 3855 784 3917 quae
800 3855 853 3897 na·
909 3838 991 3900 libro
1004 3836 1062 3900 lob
1077 3836 1192 3915 legitur
1209 3853 1215 3897 :
1233 3833 1394 3915 Numquid
1410 3832 1492 3894 Deus
1508 3831 1655 3895 exaudiet
1671 3850 1800 3900 ratam,

102 3942 240 3998 scuntur
255 3953 294 3996 ex
309 3933 398 4016 ipsis.
415 3933 478 3995 Nec
494 3933 581 3994 euim
600 3933 761 3995 numerari
777 3952 852 4015 que·
908 3954 1019 4000 vocem
1032 3933 1322 4016 hypocritae‚quum
1337 3931 1460 3993 venerit
1475 3949 1653 4012 supereum
1667 3917 1731 3966 ⁹¹¹⁰·

102 4041 162 4096 unt
195 4040 325 4114 peccata
352 4050 390 4094 ex
421 4031 594 4114 hypocrisi,
619 4031 794 4094 ambitione
822 4038 854 4094 et
909 4032 1075 4114 angustiat
1096 4036 1150 4092 aut
1171 4029 1286 4113 poterit
1306 4030 1337 4091 in
1358 4029 1581 4111 Omnipotente
1602 4029 1655 4091 de-

101 4131 304 4214 appetitione
327 4130 430 4192 laudis
453 4131 600 4192 humanae
623 4131 791 4192 manantia.
911 4131 1041 4195 lectarit
1065 4129 1110 4192 Ne
1134 4146 1209 4209 ergo
1233 4147 1306 4190 cum
1331 4127 1447 4191 talibus
1472 4127 1595 4190 steriles
1616 4126 1656 4188 si·

145 4231 330 4294 Fundemus
354 4246 429 4310 ergo
454 4237 550 4292 totam
581 4230 853 4292 conversationem
869 4230 896 4292 D
912 4251 994 4304 mus,
1020 4229 1084 4292 sint
1108 4229 1192 4291 oculi
1219 4227 1317 4290 nostri
1342 4246 1469 4310 semper
1489 4227 1528 4288 ad
1552 4226 1655 4289 Domi·
1681 4245 1722 4288 Ρ..
1737 4256 1793 4294 ιω,

101 4337 248 4392 nostram
278 4329 310 4391 in
340 4335 420 4402 tuto,
445 4326 520 4390 forti
549 4346 585 4389 ac
614 4327 720 4389 stabili
746 4327 855 4389 funde·
911 4348 998 4402 num,
1021 4346 1078 4390 neo
1100 4345 1240 4408 unquam
1261 4325 1301 4388 ab
1326 4345 1364 4389 eo
1387 4325 1576 4388 deflectatur
1600 4333 1655 4387 aut
1670 4311 1702 4352 ¹⁵·

103 4437 229 4500 mento,
246 4429 304 4491 hoo
324 4437 373 4490 est
389 4427 420 4488 in
441 4426 599 4509 profunda
620 4445 656 4488 ao
678 4426 854 4488 inviolabili
911 4427 1080 4489 seducatur
1099 4443 1153 4486 cor
1173 4429 1327 4498 nostrum,
1345 4424 1420 4505 quia
1439 4430 1474 4485 ut
1491 4423 1535 4484 ait
1550 4423 1654 4486 Salva-

101 4527 300 4600 humilitate,
318 4527 350 4588 in
368 4526 496 4608 propria
516 4523 762 4588 mortificatione
779 4525 856 4588 vivi·
911 4533 970 4597 tor,
989 4547 1005 4582 a
1021 4523 1130 4586 Omnis
1146 4521 1240 4584 arbor
1255 4543 1325 4605 quot
1341 4541 1404 4585 non
1422 4522 1499 4587 facit
1514 4523 1653 4587 fructum
1669 4540 1801 4594 nervae,

101 4625 181 4697 fica,
206 4626 238 4688 iu
262 4625 356 4707 plena
378 4632 410 4686 ct
433 4623 623 4686 indesinenti
649 4624 855 4686 conversione
911 4622 1044 4694 bonurn,
1060 4621 1234 4696 excidetur,
1251 4628 1282 4683 ct
1298 4621 1328 4683 in
1346 4623 1452 4703 ignem
1468 4623 1652 4685 mittetur».
1671 4608 1703 4648 ¹⁰·

102 4723 228 4786 mentis
246 4724 285 4786 ad
304 4722 422 4800 Deum3
438 4729 469 4784 et
484 4721 694 4783 discutiamus
714 4721 855 4803 quotidie
912 4722 991 4784 ilinc
1008 4720 1109 4782 sancti
1124 4721 1228 4782 Patres
1245 4720 1277 4781 in
1292 4739 1400 4784 eremo
1414 4740 1543 4785 omnem
1558 4724 1656 4806 hypo·

101 4823 334 4905 nosmetipsos,
351 4842 390 4885 an
408 4839 513 4884 coram
531 4822 594 4884 lleo
610 4821 776 4883 sinceriter
791 4841 856 4883 am·
912 4819 1033 4890 crisim,
1051 4837 1162 4880 vanam
1178 4817 1324 4898 gloriam,
1342 4818 1467 4882 laudem
1484 4820 1655 4883 humanam

101 4923 270 4994 bulemus,
286 4940 326 4983 an
349 4921 380 4983 in
401 4921 508 5002 aliquo
525 4920 564 4982 ad
580 4939 636 4982 nos
657 4921 742 5002 ipsos
759 4920 858 4982 inani·
913 4915 1143 4998 specialissime
1159 4916 1329 4978 evitabant.
1347 4917 1517 4980 Horribilia
1532 4937 1659 5002 quoque

100 5031 152 5084 ter
174 5018 391 5082 reflectamur.
410 5017 578 5080 Summum
599 5026 631 5080 et
651 5017 858 5081 incommuta·
914 5015 946 5077 iu
961 5015 1176 5097 Vitaspatrum
1197 5023 1228 5077 et
1246 5015 1323 5078 alibi
1346 5017 1495 5097 leguntur
1514 5019 1661 5101 exempla

101 5121 172 5183 bile
191 5119 312 5180 bonum
328 5117 549 5200 superomnia
566 5116 859 5199 incomparabiliter
914 5115 953 5177 de
982 5114 1173 5196 quibusdam
1204 5114 1360 5196 religiosis
1388 5117 1573 5199 hypocritis,
1604 5119 1659 5200 qui

101 5217 350 5302 appretiemur3
368 5217 406 5279 ad
430 5217 608 5280 Creatorem
628 5223 769 5277 nostrum
790 5234 860 5277 cou-
916 5215 1054 5275 humana
1068 5213 1276 5276 aestimatione
1291 5215 1483 5277 sanctissimi
1500 5223 1596 5288 crant,
1605 5217 1659 5277 sed

103 5321 202 5382 tinue
229 5315 449 5399 adspiremus3
471 5314 551 5377 fonti
578 5314 783 5376 beatitudinis
807 5333 861 5376 no·
916 5331 1022 5376 coram
1047 5313 1109 5374 Deo
1133 5312 1203 5374 vani
1227 5311 1366 5388 fuerunt,
1388 5321 1419 5376 et
1440 5315 1660 5396 gravissimam
