4214 6254
449 519 599 567 neutrum
620 521 662 566 ss.
685 519 866 567 mrurrarrs.
885 535 927 548 -
947 519 1122 566 auaamrto
1143 520 1174 566 uv
1193 521 1361 568 arrsromrr
1641 501 1681 568 et

171 689 213 750 Et
235 689 295 766 qui
315 690 453 760 sedebat,
474 691 595 750 similis
618 699 688 750 erat
713 689 882 766 adspectui
894 688 921 753 Α
935 689 1002 751 nesi
1033 689 1149 771 legitur
1177 690 1260 753 Deus
1290 689 1409 754 dixisse
1437 691 1477 754 ad
1501 689 1565 754 Noe
1592 706 1599 752 :
1624 691 1680 753 hr-
1695 711 1828 764 atauus.

133 787 251 862 lepidis
262 787 410 864 jaspidis
429 799 459 850 et
480 790 597 850 sardii.
615 788 673 851 Per
693 790 879 872 adspectum
934 805 1009 848 oum
1035 806 1141 849 meum
1172 788 1344 870 ponamin
1377 788 1517 850 nubibus
1541 787 1625 862 coeli,
1650 796 1682 850 et

130 884 263 966 iaspidis
278 893 311 947 et
325 887 433 962 sardii,
451 886 537 950 color
552 903 663 949 eorum
679 887 877 968 exprimitur.
934 885 993 946 erit
1015 885 1142 967 siguum
1168 885 1297 949 foederis
1323 886 1405 949 inter
1428 905 1478 949 mc
1500 893 1531 948 et
1552 892 1679 948 terram.

130 981 230 1064 iaspis
249 989 358 1045 autern
372 983 485 1046 viridis
501 991 549 1046 est
564 984 679 1047 eoloris
697 1004 703 1049 :
721 985 777 1066 qui
794 984 880 1046 color
934 983 1042 1064 ltaque
1066 1001 1124 1065 per
1145 1002 1254 1046 arcum
1280 1003 1336 1048 seu
1363 985 1487 1057 iridem,
1511 983 1682 1046 clementia

131 1079 234 1142 visum
249 1080 388 1143 oblectat
401 1091 496 1164 atque
512 1081 814 1146 confortat.Sardius
830 1102 881 1145 vc·
933 1079 1102 1161 foedusque
1124 1081 1273 1145 amicitiae
1295 1081 1350 1144 Dei
1373 1082 1412 1143 ad
1435 1081 1611 1144 Ecclesiam
1634 1081 1680 1143 in-

131 1194 164 1240 ro
179 1177 315 1240 rubeum
330 1179 426 1242 habet
441 1181 590 1244 colorem.
608 1181 687 1243 ilinc
702 1181 878 1263 Berengan-
934 1177 1079 1240 sinuatur
1104 1196 1111 1240 :
1137 1179 1183 1241 sic
1209 1180 1295 1241 enim
1320 1180 1431 1243 dilexit
1456 1181 1624 1254 mundum,
1645 1186 1681 1241 ut
1703 1203 1826 1254 smnus,

130 1276 188 1338 dus
217 1283 250 1338 et
278 1277 408 1361 anmo,
436 1297 493 1362 par
519 1279 655 1362 jaspidis
684 1279 877 1342 viriditatem
934 1276 1135 1357 unigenitum
1158 1277 1273 1339 Filium
1295 1297 1388 1341 suum
1410 1278 1499 1340 daret
1517 1278 1547 1341 ei
1569 1285 1601 1340 et
1622 1296 1680 1360 pro
1696 1269 1728 1310 ¹⁶·

131 1373 313 1456 intelligunt
334 1376 449 1439 Christi
473 1378 684 1452 divinitatem,
706 1397 776 1459 quae
799 1378 877 1440 inte·
933 1391 980 1436 eo.
998 1375 1106 1456 ltaque
1123 1397 1139 1434 a
1152 1375 1207 1436 iris
1222 1384 1289 1438 erat
1305 1377 1338 1438 in
1353 1376 1490 1439 circuitu
1506 1377 1630 1451 sedis»,
1649 1377 1680 1439 id

131 1473 246 1536 riorem
261 1475 368 1536 visum
387 1494 512 1538 summe
527 1474 675 1548 oblectat,
692 1475 877 1538 dulcissime
933 1479 981 1534 est
995 1472 1155 1546 Ecclesia,
1172 1475 1323 1556 quoniam
1344 1475 1562 1538 misericordia
1579 1475 1634 1538 ttei
1649 1482 1681 1538 et

131 1571 246 1646 reficit,
264 1572 524 1656 insuperabiliter
542 1572 685 1652 roborat3
706 1591 763 1655 per
781 1573 877 1636 sardii
933 1577 1062 1651 pactum
1077 1570 1226 1634 amicitias
1241 1573 1311 1654 ejus
1327 1574 1513 1647 circumdat,
1525 1581 1630 1636 tuetur
1644 1591 1680 1636 ac

130 1688 205 1733 vero
224 1670 425 1746 rubedinem,
443 1671 626 1753 intelligunt
643 1672 713 1753 ejus
733 1671 879 1735 humani·
934 1668 1038 1730 munit
1057 1668 1241 1733 Ecclesiam.
1259 1672 1346 1734 vnde
1367 1673 1509 1736 Christus
1534 1673 1682 1755 promisit

132 1774 227 1830 tatem
244 1787 304 1851 pro
318 1769 411 1832 nohis
430 1771 584 1850 sauguine
599 1787 688 1833 sacro
703 1769 876 1851 perfusam,
935 1765 1103 1831 Ecclesia:
1116 1769 1196 1831 Ecce
1212 1787 1270 1850 ego
1284 1770 1450 1833 vobiscum
1469 1790 1541 1832 sum
1556 1771 1681 1834 cunctis
1722 1786 1810 1831 natta.

10 1883 118 1936 auur.
132 1868 309 1930 seeundum
329 1867 408 1930 illud
428 1869 539 1931 isaias:
559 1868 660 1942 Quare
681 1867 814 1930 ruhrum
832 1875 880 1931 est
897 1864 1047 1926 Ediebus
1065 1868 1219 1948 usquead
1236 1869 1542 1932 consummationem
1561 1869 1678 1932 saeculi.
1695 1853 1807 1902 ¹¹”¹“¹²⁰·

133 1966 356 2029 indumentum
376 1969 490 2029 tuumf
506 1967 649 2048 Insuper,
666 1967 818 2048 quoniam
836 1968 880 2047 ja·
935 1965 1065 2024 Similis
1089 1967 1210 2026 visioni
1233 1969 1463 2044 smarapdinoe.
1490 1967 1680 2048 Smaragdos

132 2065 196 2147 spis
210 2065 431 2148 apparentiam
446 2084 536 2147 aquas
552 2064 789 2140 hahet,sardius
805 2084 880 2129 vero
935 2069 983 2124 est
1011 2061 1092 2144 lapis
1122 2062 1252 2144 majoris
1280 2083 1317 2126 ac
1346 2065 1487 2128 clarioris
1512 2065 1681 2128 viriditatis

132 2163 224 2244 ignis,
251 2163 327 2226 hinc
357 2163 501 2226 Christus
529 2163 675 2226 omnium
698 2163 808 2245 judex,
834 2183 881 2226 se·
936 2178 1031 2241 quarn
1059 2160 1169 2242 jaspis.
1197 2161 1251 2223 Est
1274 2162 1422 2243 equidem
1451 2163 1558 2226 nimiae
1587 2171 1682 2246 atque

131 2262 271 2324 cundum
287 2261 881 2344 Bedam,perhaecdesignatur:quia
934 2257 1121 2339 gratissimas
1150 2259 1329 2334 viriditatis,
1357 2261 1388 2322 iu
1418 2268 1541 2323 tantum
1572 2269 1608 2324 ut
1637 2262 1682 2324 iu·

129 2360 194 2441 jam
209 2360 370 2442 judicium
385 2379 442 2444 per
456 2380 571 2443 aquam
588 2361 741 2434 exercuit,
758 2361 880 2423 diluvio
935 2356 1093 2418 tuentium
1108 2357 1231 2420 animos
1248 2358 1280 2420 in
1296 2358 1537 2422 admirationem
1554 2377 1683 2422 conver-

131 2460 288 2522 mundum
303 2459 522 2541 submergens,
539 2460 626 2522 aliud
642 2459 674 2522 in
690 2459 756 2522 fine
772 2459 880 2522 saeculi
934 2461 988 2517 tat.
1007 2455 1093 2528 Ouod
1109 2473 1184 2536 ergo
1200 2455 1266 2530 iris,
1279 2456 1311 2517 in
1327 2475 1390 2538 qua
1405 2457 1581 2539 tripartitus
1597 2458 1684 2520 color

131 2575 187 2638 per
200 2557 308 2638 ignem
325 2557 495 2620 exercebit.
506 2557 654 2621 hibertus
670 2558 810 2638 Magnus,
824 2575 881 2639 per
935 2563 1076 2637 apparet,
1093 2555 1208 2618 visioni
1231 2574 1287 2617 seu
1310 2555 1408 2618 colori
1430 2557 1587 2638 smaragdi
1606 2556 1683 2619 assi-

128 2655 262 2738 jaspidis
287 2656 426 2720 virorern
456 2656 607 2738 intelligit
630 2655 879 2719 immarcescibi-
935 2651 1074 2726 milatur‚
1091 2652 1236 2733 designat
1257 2654 1342 2734 quod
1365 2653 1490 2728 caritas
1507 2655 1684 2718 misericor·

130 2753 192 2816 lem
221 2753 388 2817 felicitatis
419 2772 579 2829 coronam,
611 2773 706 2836 quam
737 2755 880 2817 Christus
934 2750 986 2812 dia
1006 2758 1037 2812 et
1055 2753 1155 2832 gratia
1175 2751 1230 2813 liei
1251 2752 1290 2814 ad
1311 2751 1496 2827 Ecclesiam,
1513 2754 1554 2815 sit
1572 2753 1682 2816 electis

130 2859 256 2935 prestat
276 2853 404 2931 electis3
421 2871 478 2936 per
498 2853 594 2916 sardii
615 2853 775 2927 ruborem,
791 2861 880 2916 teter·
934 2849 1025 2911 valde
1041 2849 1194 2924 miranda,
1212 2869 1337 2912 summe
1352 2859 1492 2934 accepta,
1508 2851 1683 2914 clarissime

130 2950 160 3012 ni
178 2951 261 3032 ignis
278 2951 475 3026 incendium,
492 2951 576 3033 quud
592 2951 737 3032 reprobis
753 2951 877 3031 irrogat.
934 2947 1068 3028 cognita,
1095 2947 1304 3010 consolatoria
1333 2957 1365 3010 ct
1393 2949 1602 3012 confortativa
1631 2968 1682 3012 eo·

129 3048 201 3122 Alii,
222 3047 281 3130 qui
306 3067 364 3130 per
385 3049 548 3110 sedentem
574 3047 757 3129 intelligunt
778 3049 878 3111 Deum
895 3047 916 3110 C
934 3064 1015 3107 rum.
1033 3045 1163 3120 Rursus,
1181 3065 1238 3128 per
1259 3046 1373 3108 iridem
1395 3047 1578 3128 designatur
1597 3050 1682 3131 quod

130 3164 229 3208 unum
249 3164 289 3208 ac
305 3146 438 3220 trinum,
455 3146 567 3209 dicunt
581 3147 665 3228 quod
686 3147 879 3227 imaginarias
935 3143 1018 3204 Deus
1041 3143 1193 3206 omnibus
1218 3144 1396 3217 elementis
1423 3162 1599 3227 eorumque
1624 3145 1681 3207 im-

130 3244 190 3308 itte
212 3245 354 3308 visiones
379 3245 573 3328 propheticas
595 3245 679 3307 fiunt
702 3245 880 3307 secuudum
934 3241 1152 3324 pressionibus
1174 3261 1210 3304 ac
1230 3242 1471 3305 alterationibus
1489 3244 1679 3307 dominetur.

130 3342 369 3424 congruentiam
393 3344 433 3405 ad
463 3342 495 3405 id
525 3343 618 3424 quod·
639 3361 695 3425 per
726 3343 879 3424 imagines
973 3343 1016 3402 Et
1028 3341 1220 3400 incircuitu
1235 3341 1321 3400 sedis
1335 3343 1452 3401 sedilia
1468 3343 1591 3418 viciati
1604 3361 1683 3422 qua-

130 3441 315 3522 designatur
343 3460 379 3504 aa
404 3441 572 3504 revelatur.
598 3441 681 3504 Deus
710 3449 815 3504 autem
846 3443 878 3504 in
935 3447 1022 3507 fu0r‚
1033 3447 1063 3497 et
1077 3456 1176 3514 super
1191 3439 1335 3508 thronos,
1347 3437 1378 3500 id
1394 3445 1442 3500 est
1457 3457 1552 3520 supra
1568 3439 1681 3520 viginti

129 3540 248 3602 visione
265 3541 326 3602 ista
339 3540 484 3622 apparuit
500 3549 534 3602 ut
549 3539 715 3602 militantis
730 3539 879 3604 Ecclesia
934 3543 1069 3618 quatuor
1084 3536 1197 3598 sedilia
1212 3537 1282 3611 ista,
1300 3543 1390 3598 erant
1405 3538 1527 3614 vipiati
1540 3547 1683 3616 quatuor

128 3638 382 3718 gubemator,ad
398 3657 494 3721 quam
510 3637 654 3702 sehabet
670 3645 704 3700 ut
719 3639 791 3720 pius
807 3657 879 3700 con·
933 3637 1076 3695 seniores
1090 3638 1243 3695 sedentes.
1256 3633 1389 3707 Quidam
1405 3653 1463 3717 per
1476 3633 1590 3715 viginti
1605 3654 1681 3716 qua-

129 3735 246 3801 solator
269 3744 302 3799 et
324 3744 360 3799 ut
381 3737 521 3800 caritatis
547 3735 785 3798 inflammator:
803 3755 879 3818 quo·
934 3741 1005 3796 tuor
1025 3733 1148 3808 sedilia,
1165 3732 1348 3814 intelligunt
1362 3733 1475 3814 viginti
1493 3741 1628 3815 quatuor
1647 3733 1682 3795 li-

129 3855 198 3897 rum
221 3835 365 3918 primum
388 3835 533 3916 designat
554 3835 698 3897 viriditas
717 3835 877 3917 jaspidis3
933 3831 1008 3895 bros
1032 3832 1148 3894 vetaris
1173 3831 1385 3911 Testamenti3
1412 3839 1444 3894 ct
1468 3851 1526 3914 per
1549 3832 1680 3895 totidem

129 3935 320 4008 secundum,
336 3934 432 3997 sardii
455 3933 561 3997 rubor.
933 3931 1085 4006 seniores,
1103 3931 1286 4011 intelligunt
1306 3937 1411 4012 patres
1432 3931 1510 4011 legis
1529 3931 1679 4013 antiqua,

167 4035 323 4097 Praterea
339 4033 509 4096 invisione
526 4033 711 4108 Ezechielis,
728 4035 811 4096 Deus
830 4053 878 4096 se·
933 4029 988 4111 qui
1013 4029 1046 4091 in
1070 4027 1276 4111 praefatorum
1303 4027 1458 4091 librorum
1484 4028 1619 4092 lectione
1643 4048 1680 4092 ac

23 4132 62 4162 '¹'
129 4131 206 4195 deus
230 4132 264 4196 in
286 4133 413 4206 throno,
435 4133 522 4194 visus
544 4139 593 4194 est
615 4131 878 4194 insimilitudine
933 4126 1149 4200 meditatione,
1166 4126 1256 4208 quasi
1281 4126 1312 4188 in
1336 4126 1477 4201 sedibus,
1494 4145 1512 4188 a
1531 4127 1616 4189 curis
1637 4133 1681 4190 at—

128 4231 236 4294 electri
263 4232 354 4295 velut
377 4231 545 4314 adspectus
570 4231 663 4312 ignis.
691 4230 727 4292 Et
753 4230 797 4293 ibi
821 4249 879 4314 per
893 4229 918 4292 ll
932 4245 994 4308 que
1010 4223 1172 4288 laboribus
1188 4224 1297 4288 saeculi
1313 4224 1528 4306 quiescebant.
1545 4224 1607 4287 hlii
1623 4244 1680 4307 per

129 4331 333 4413 splendorem
358 4330 479 4405 electri,
505 4331 590 4413 quod
614 4330 703 4393 aurei
728 4329 878 4412 igneique
933 4324 1073 4388 seniores
1095 4324 1208 4404 viginti
1234 4330 1381 4405 quatuor,
1403 4323 1587 4404 intelligunt
1609 4341 1679 4386 san·

128 4430 242 4492 coloris
268 4437 327 4504 est,
352 4430 407 4492 Dei
437 4429 638 4512 providentia
660 4447 697 4491 ae
721 4429 878 4512 sapientia
932 4431 999 4486 ctos
1028 4429 1133 4506 patres
1163 4421 1237 4483 novi
1266 4440 1302 4484 ac
1329 4422 1445 4484 veteris
1475 4422 1677 4498 Testamenti,

128 4526 322 4609 designatur.
339 4527 419 4591 llinc
435 4546 562 4611 quoque
576 4527 636 4590 hoc
653 4528 721 4591 loco
737 4547 793 4610 per
813 4547 877 4590 sar·
933 4529 1062 4605 propter
1081 4521 1248 4583 duodecim
1268 4521 1434 4602 Apostolos
1454 4539 1491 4582 ac
1511 4521 1679 4584 duodecim

128 4627 171 4688 dii
187 4626 394 4708 igniformem
411 4625 690 4701 ruborem,divina
705 4627 860 4709 sapientia
867 4644 876 4708 ;
931 4619 1265 4702 Patriarchas‚quihus
1279 4619 1429 4682 omnibus
1442 4619 1611 4700 judiciaria
1627 4639 1680 4702 po-

128 4743 184 4807 per
202 4725 342 4809 jaspidis
366 4733 472 4788 autem
494 4725 644 4800 virorem,
660 4725 876 4808 pulchritudo,
932 4729 1027 4784 testas
1056 4721 1164 4802 aliquo
1194 4719 1289 4782 modo
1320 4719 1584 4781 communicatur.
1615 4719 1678 4782 Ali-

128 4824 265 4906 dignitas
286 4832 319 4887 et
333 4823 635 4887 incommutabilitas
655 4824 770 4888 divinae
790 4831 878 4886 natu·
932 4820 989 4903 qui
1003 4837 1079 4882 vero
1094 4836 1151 4901 per
1165 4817 1279 4898 viginti
1296 4825 1433 4899 quatuor
1447 4817 1548 4891 sedes,
1563 4817 1679 4880 intelli-

129 4943 180 4997 τε,
198 4943 271 5006 quaa
293 4923 485 4988 aetemaliter
508 4923 653 5004 ejusdem
675 4922 793 5004 vigoris
818 4930 876 4997 est,
930 4926 1009 5001 gunt
1019 4917 1182 4981 universas
1195 4916 1383 5006 evangelica
1398 4916 1475 4998 legis
1488 4917 1679 4980 cathedrales

129 5023 178 5084 vel
203 5023 302 5086 decor
326 5029 496 5104 assumptas
520 5021 726 5084 humanitatis
748 5021 876 5098 Christi,
932 5017 1093 5089 ccclesias,
1110 5024 1142 5078 et
1162 5034 1219 5099 per
1244 5015 1376 5078 totidem
1399 5016 1551 5091 seniores,
1567 5035 1678 5080 earum

130 5141 199 5203 que
229 5121 264 5184 in
295 5120 527 5184 resurreetione
556 5119 711 5195 refloruit,
742 5120 877 5201 intelligi
931 5115 1098 5198 episcopos
1116 5134 1122 5178 :
1140 5123 1172 5176 ει
1186 5115 1257 5190 hoc,
1274 5122 1404 5197 propter
1421 5117 1677 5180 concordantiam

131 5228 243 5304 potest.
931 5215 1006 5279 novi
1021 5214 1213 5278 Testamenti
1234 5233 1308 5276 cum
1324 5215 1434 5288 veteri,
1452 5215 1484 5276 iu
1504 5232 1578 5296 quo,
1595 5215 1678 5277 sicut

169 5322 213 5384 Et
237 5321 305 5381 iris
327 5327 400 5380 erat
423 5319 461 5380 ia
484 5320 629 5380 circuitu
652 5320 746 5382 sedis.
766 5319 801 5382 ln
824 5317 879 5384 Ga·
932 5317 1037 5400 primo
1051 5315 1312 5398 Paralipomenon
1332 5313 1458 5396 isgitur,
1473 5321 1602 5379 sanctus
1622 5334 1676 5378 rex
1690 5341 1824 5389 imam„

253 5454 289 5509 T.
307 5453 347 5508 30.
1539 5451 1553 5505 7
