4192 6258
437 471 498 538 sto
635 494 784 542 noururoa
804 495 880 542 xvur
901 495 975 542 rosr
994 495 1189 542 mmrrrruu.
1210 511 1250 523 -
1271 493 1313 540 an
1333 493 1529 557 nntreros083
1551 492 1650 540 sunno
1669 491 1798 548 orturus

439 664 550 746 ceptis.
568 664 707 738 Quorum
726 666 868 748 primum
888 673 946 740 est,
964 672 999 728 ut
1017 666 1101 729 Deus
1120 665 1226 728 totoh
1242 664 1483 728 mortem.Unde
1497 662 1692 744 evangelista
1705 662 1841 726 loannes
1855 661 1963 724 fatetur:

440 763 545 837 eorde,
562 771 628 826 tota
647 763 764 838 anima,
781 771 846 828 tota
866 772 973 827 mente
989 764 1127 845 totisque
1142 763 1187 826 vi·
1241 762 1344 836 Quum
1359 762 1524 826 dilexisset
1537 779 1611 826 suos
1631 761 1792 844 quierant
1808 761 1840 822 in
1855 762 1963 834 mundo,
1974 779 2058 826 statu.

440 860 529 924 ribus
544 862 712 944 diligatur3
729 863 917 937 secundum,
934 871 968 924 ut
987 861 1124 945 quilibet
1142 862 1187 923 di·
1241 879 1343 942 nsque
1363 861 1396 923 in
1416 860 1518 923 finem
1537 860 1649 922 dilexit
1667 877 1731 923 eoa,
1750 859 1879 922 Plenum
1898 867 1965 922 certe
1976 847 1989 885 ¹·

439 957 516 1040 ligat
531 961 725 1041 proximum,
742 961 803 1023 hoc
817 968 866 1022 est
880 978 1007 1024 omnem
1023 960 1186 1024 hominem
1241 959 1329 1022 omni
1345 959 1525 1033 dulcedine,
1537 959 1646 1022 videre
1661 958 1694 1020 in
1708 975 1804 1020 carne
1820 957 1912 1020 mum
1925 958 1967 1020 ho

438 1057 605 1133 viatorem,
627 1059 710 1122 sicut
734 1078 767 1122 se
792 1059 908 1142 ipsum.
929 1060 965 1122 ln
990 1059 1040 1121 his
1062 1058 1187 1122 duobus
1242 1057 1374 1130 minem,
1400 1057 1569 1120 bominum
1593 1057 1802 1119 conditorem.
1825 1055 1858 1118 ln
1881 1056 1966 1118 carnis

439 1156 553 1239 primis
574 1157 803 1240 altissimisque
824 1157 980 1220 mandatis
999 1165 1064 1220 tota
1085 1158 1135 1220 lex
1157 1163 1189 1219 et
1242 1155 1470 1237 assumptione,
1487 1154 1581 1217 nobis
1600 1153 1967 1235 condescendi13culpam

439 1254 603 1337 Prophetae
617 1256 770 1318 dicuntur
786 1257 936 1339 pendere,
953 1255 1104 1338 quoniam
1121 1254 1189 1317 uni·
1242 1252 1482 1327 vitando,nobis
1499 1252 1577 1335 quid
1590 1270 1683 1333 agere
1698 1251 1871 1314 debeamus
1884 1259 1968 1314 osten-

439 1370 532 1415 versa
556 1361 725 1435 praecepta,
750 1354 959 1428 hortamenta,
985 1353 1186 1426 documenta,
1242 1352 1306 1432 dit;
1323 1361 1458 1415 mortem
1474 1351 1671 1425 sustinendo,
1683 1351 1766 1413 Patri
1782 1368 1841 1432 pro
1855 1351 1969 1414 bomini·

440 1451 584 1525 consilia,
600 1452 639 1514 ad
659 1450 727 1516 haec
741 1451 804 1514 duo
823 1452 1010 1514 ordinantur
1029 1452 1186 1525 mandata,
1243 1450 1303 1513 bus
1318 1449 1482 1513 satisfecit.
1499 1450 1581 1512 Eece
1596 1455 1718 1512 amator
1736 1449 1852 1522 dulcis,
1866 1449 1969 1512 consul·

440 1555 472 1612 et
492 1549 671 1611 virtualiter
689 1548 893 1612 continentur
912 1551 945 1613 in
962 1549 1019 1624 eis,
1037 1549 1188 1631 quemad·
1243 1557 1292 1611 tor
1312 1549 1463 1631 prudens,
1479 1548 1571 1611 fortis
1590 1547 1726 1629 adjutor.
1744 1547 1781 1610 Ei
1804 1565 1909 1610 secure
1925 1564 1970 1609 nos

304 1689 308 1698 ·
441 1647 573 1710 modum
589 1647 811 1710 conclusiones
827 1647 860 1710 in
876 1647 989 1730 primis
1007 1647 1185 1729 principiis.
1243 1647 1403 1710 credimus
1419 1647 1475 1729 qui
1494 1647 1617 1709 salvare
1636 1663 1694 1708 nos
1713 1645 1785 1720 soit,
1801 1645 1869 1707 vult
1885 1654 1914 1708 et
1929 1663 1971 1727 po·

299 1747 427 1812 rumh.
439 1745 570 1828 Propter
585 1747 670 1828 quod
684 1746 729 1808 ait
743 1745 912 1828 Apostolus
922 1746 1022 1808 :Finis
1037 1745 1187 1828 praecepti
1243 1752 1314 1809 test.
1327 1745 1469 1808 Dulciter
1484 1745 1581 1826 igitur
1596 1761 1654 1807 nos
1668 1744 1799 1818 amavit,
1812 1744 1865 1825 qui
1880 1744 1913 1806 ad
1924 1761 1970 1806 nos

439 1851 488 1906 est
509 1844 623 1907 caritas
646 1845 686 1907 de
711 1845 806 1907 corde
830 1861 922 1927 puro,
939 1853 970 1906 et
994 1844 1189 1908 conscientia
1206 1841 1229 1904 B
1244 1843 1688 1926 requirendos,redimendos,
1700 1840 1932 1912 beatificandos,
1944 1842 1970 1902 in

306 1943 424 2002 Rom-¹¹¹¹,
439 1942 533 2016 bona,
550 1949 582 2004 ct
596 1942 662 2006 fide
678 1959 742 2005 non
758 1941 851 2021 ficta3
867 1951 899 2004 et
914 1941 1040 2016 iterum,
1052 1942 1190 2006 Plenitu-
1243 1941 1341 2022 hujus
1361 1941 1626 2024 peregrinationis
1645 1940 1813 2003 deseendit
1831 1939 1969 2002 exsilium.

294 2013 326 2055 ¹⁰'
439 2040 479 2102 do
500 2039 579 2120 legis
600 2047 648 2102 ost
666 2040 803 2102 dilectio.
822 2040 943 2103 ldcirco
962 2047 994 2102 et
1009 2057 1066 2102 nos
1082 2041 1189 2103 omnia
1244 2041 1303 2103 Sed
1320 2041 1395 2102 huie
1409 2039 1574 2102 affectioni
1588 2039 1698 2119 junxit
1712 2037 1909 2121 sapientiam,
1922 2057 1972 2119 qua

438 2137 590 2200 exercitia
605 2144 759 2212 nostra,et
774 2137 929 2220 quidquid
946 2146 1076 2220 propter
1090 2139 1188 2200 Deum
1243 2138 1369 2201 falleret
1383 2138 1553 2211 daemones,
1564 2145 1596 2199 et
1610 2137 1877 2219 patientiamque
1891 2136 1972 2198 lleun

438 2235 565 2317 agimus
579 2241 611 2297 et
626 2235 822 2318 patimur,ad
839 2236 899 2298 hoc
915 2234 1055 2299 finaliter
1070 2235 1188 2300 referre
1243 2238 1367 2300 Patrem
1388 2234 1527 2318 placaret
1546 2234 1708 2297 offensum
1727 2252 1734 2295 :
1752 2233 1800 2296 sic
1818 2241 1850 2295 et
1871 2250 1922 2295 nos
1937 2233 1973 2294 al·
2077 2289 2078 2302 ,

441 2333 607 2407 debemus,
623 2341 659 2394 ut
682 2333 714 2394 iu
734 2351 814 2415 pura
834 2333 889 2395 Dei
909 2352 946 2395 ao
968 2334 1188 2416 proximorum
1243 2333 1416 2396 factionem
1434 2340 1574 2395 nostram
1592 2331 1750 2414 sapientia
1765 2331 1934 2412 gubernare
1949 2339 1974 2392 ct

439 2431 611 2494 dilectione
636 2449 816 2493 crescamus
841 2449 878 2493 ac
903 2430 1120 2514 perficiamur.
1145 2434 1188 2495 lle
1244 2431 1397 2514 patientia
1417 2431 1572 2493 adornare
1593 2430 1760 2493 debemus.

440 2530 499 2592 hac
519 2548 553 2592 re
573 2529 657 2592 dicta
678 2537 752 2591 sunt
772 2530 873 2592 multa
891 2530 983 2592 valde
1001 2531 1033 2592 in
1054 2531 1188 2593 diversis
1283 2530 1436 2592 Praeterea
1455 2537 1487 2591 et
1505 2547 1562 2591 uos
1583 2528 1634 2591 his
1653 2527 1758 2590 tribus
1778 2529 1880 2592 modis
1896 2527 1974 2590 debe·

439 2627 641 2691 sermonibus
662 2645 768 2709 supra,
791 2627 866 2689 binc
889 2628 973 2690 inde.
1244 2647 1316 2690 mus
1341 2628 1441 2692 Deum
1467 2627 1610 2708 diligere.
1635 2627 1751 2700 Primo,
1777 2627 1921 2698 suaviter,
1941 2645 1974 2686 ue

479 2727 647 2807 Deinceps,
657 2744 756 2807 quum
773 2725 928 2807 perfectio
944 2727 1106 2790 rationalis
1123 2746 1188 2790 cre·
1245 2726 1327 2789 male
1346 2725 1453 2788 allecti
1475 2743 1680 2807 quacumque
1699 2725 1906 2788 delectatione
1922 2742 1974 2785 oar·

440 2830 537 2887 aturae
553 2823 604 2899 sit,
622 2841 679 2886 suo
699 2823 838 2887 Creatori
855 2824 998 2887 ordinate
1018 2826 1187 2888 assimilari
1243 2823 1319 2899 nali,
1336 2823 1492 2898 saeculari,
1515 2824 1704 2896 inordinata,
1725 2833 1782 2886 aut
1804 2823 1910 2886 mundi
1930 2823 1974 2884 ho

438 2922 584 3004 (propter
605 2922 690 3003 quod
710 2922 793 2984 Deus
814 2922 846 2983 in
868 2923 968 2984 veteri
988 2923 1189 2987 Testamento
1243 2922 1386 2996 noribus,
1403 2941 1421 2984 a
1436 2922 1490 2985 Dei
1507 2930 1690 2984 avertamur
1704 2939 1823 2984 amore.
1840 2922 1909 2984 ldeo
1922 2938 1974 2981 mo

299 3041 425 3090 manni.
441 3037 524 3100 saepe
540 3019 691 3101 praecepit
701 3037 707 3081 :
719 3019 824 3082 Sancti
840 3026 951 3092 estote,
963 3021 1114 3102 quoniam
1130 3022 1225 3103 egoi}
1244 3029 1298 3084 net
1311 3021 1487 3102 Propheta:
1500 3020 1662 3082 Delectare
1680 3020 1711 3081 in
1728 3020 1863 3083 Domino
1872 3037 1880 3098 ;
1895 3027 1974 3099 atque
1984 3036 2063 3077 uuis,

293 3109 387 3210 222¹
400 3106 426 3155 ²⁵
441 3123 569 3179 sanctus
585 3136 655 3180 sum
670 3135 678 3196 ;
695 3117 838 3181 Christus
854 3135 982 3199 quoque
1000 3119 1031 3181 in
1048 3119 1186 3201 Evange-
1242 3119 1423 3202 Apostolus,
1445 3119 1584 3182 Gaudete
1610 3119 1643 3179 iu
1668 3119 1813 3181 Domino.
1835 3118 1973 3181 florerent
1984 3134 2063 3185 nup.

306 3200 395 3274 niatu
406 3243 427 3280 v,
443 3215 485 3278 lio
503 3232 510 3278 :
528 3215 644 3289 Estote,
663 3215 778 3297 inquit,
795 3214 929 3297 perfecti
949 3217 1032 3278 sicut
1051 3225 1083 3280 et
1098 3218 1187 3280 Pater
1242 3225 1370 3280 sanctus
1383 3217 1539 3298 Propheta
1554 3224 1585 3279 et
1600 3216 1712 3279 beatus
1726 3217 1893 3298 Apostolus
1907 3201 1998 3277 men·‘'
2076 3257 2077 3290 ,

295 3297 330 3340 ‘⁸'
441 3322 546 3376 vester
561 3313 699 3376 ooelestis
714 3312 875 3395 perfectus
891 3321 955 3392 cst3
972 3321 1003 3376 et
1018 3333 1128 3378 rursus
1142 3316 1188 3395 ju·
1243 3323 1307 3378 tem
1323 3315 1497 3378 humanam
1513 3332 1577 3377 non
1593 3315 1648 3377 diu
1664 3332 1758 3396 posse
1776 3315 1844 3378 sine
1858 3315 1974 3377 delecta-

294 3428 426 3475 uvauss.
442 3411 496 3474 bet
511 3420 545 3474 ut
560 3419 592 3474 et
605 3411 754 3475 inimicos
768 3430 921 3486 amemus,
930 3413 1187 3494 persecutoribus
1243 3414 1329 3476 tione
1346 3413 1530 3487 consistere,
1547 3430 1607 3475 nec
1621 3413 1864 3476 delectationem
1883 3431 1975 3474 carna-

444 3509 694 3586 benefaoiamus,
711 3518 746 3572 ut
771 3510 872 3572 simus
894 3509 955 3572 filii
976 3511 1075 3572 Patris
1095 3511 1187 3574 coele-
1245 3512 1305 3573 lem
1324 3529 1360 3572 ac
1375 3511 1765 3592 spiritualem,sensualem
1779 3520 1811 3573 et
1824 3511 1974 3578 caelestem,

443 3609 511 3682 stis,
536 3609 590 3691 qui
614 3608 686 3690 pius
708 3616 740 3670 et
761 3607 919 3689 benignus
944 3616 992 3670 est
1013 3627 1110 3691 super
1131 3609 1189 3672 ini·
1243 3610 1417 3672 humanam
1433 3617 1465 3671 et
1479 3609 1621 3672 divinam
1641 3628 1676 3672 se
1697 3610 1834 3672 invicem
1854 3609 1974 3690 compati

444 3724 535 3789 quos,
551 3714 583 3768 et
599 3704 756 3768 beneficia
776 3705 876 3767 multa
895 3705 1027 3787 largitur
1046 3708 1188 3788 ingratis,
1244 3715 1299 3770 aut
1324 3707 1443 3790 pariter
1466 3725 1536 3770 esse
1565 3725 1659 3789 posse
1685 3725 1692 3769 :
1719 3727 1759 3770 ne
1783 3727 1857 3789 ergo
1879 3709 1909 3770 in
1931 3725 1974 3769 no

445 3806 564 3887 impiis,
591 3805 724 3887 perfidis
753 3812 785 3866 et
814 3804 978 3885 indignis),
1003 3805 1078 3867 hinc
1107 3807 1191 3868 sicut
1245 3806 1295 3869 bis
1316 3807 1394 3889 ipsis
1414 3813 1469 3867 aut
1485 3805 1581 3868 rebus
1603 3806 1730 3880 creatis,
1748 3807 1883 3880 caducis,
1897 3805 1974 3869 vanis

445 3904 528 3965 lleus
542 3901 655 3964 dilexit
673 3920 741 3976 noe,
759 3902 804 3965 sic
824 3902 978 3966 debemus
998 3910 1029 3965 et
1047 3921 1104 3967 nos
1119 3904 1192 3966 dili·
1245 3924 1282 3968 ac
1306 3905 1425 3969 vilibus
1453 3904 1564 3967 illicite
1593 3905 1801 3981 delectemur,
1826 3907 1974 3970 hortantur

326 4022 332 4034 ·
443 4019 519 4082 gere
541 4001 650 4062 Deum.
1094 4015 1097 4021 ’
1246 4010 1281 4065 ut
1305 4003 1501 4066 delectemur
1524 4001 1557 4064 in
1583 4003 1657 4066 [leo.
1685 4002 1724 4064 Et
1747 4003 1873 4078 mirum,
1888 4020 1972 4084 quun

485 4099 590 4172 Porro,
618 4105 652 4160 ut
680 4099 724 4161 ait
752 4099 941 4174 Bernardus,
968 4101 1051 4163 [leus
1080 4100 1192 4163 dilexit
1246 4103 1329 4164 Deus
1349 4101 1497 4163 sublimis
1516 4107 1549 4163 et
1567 4099 1757 4164 benedictus
1776 4101 1816 4163 sit
1835 4099 1974 4164 universis
2075 4137 2076 4144 κ

445 4215 502 4260 nos
526 4197 629 4260 tribus
653 4197 768 4271 modis,
793 4197 941 4259 videlicet
971 4198 1117 4272 dulciter,
1143 4217 1190 4260 sa·
1205 4201 1230 4264 D
1245 4208 1277 4263 ct
1292 4199 1426 4281 singulis
1442 4200 1474 4262 in
1490 4199 1655 4261 infinitum
1671 4200 1845 4282 pulchrior,
1855 4199 1973 4270 dulcior,

445 4297 570 4378 pienter
585 4303 617 4357 et
631 4295 755 4358 fortiter
772 4312 779 4357 :
796 4295 943 4368 dulciter,
961 4296 1036 4378 quia
1051 4303 1190 4360 nostram
1247 4299 1369 4372 melior,
1381 4297 1735 4374 amabilior,amoenior,
1744 4299 1973 4364 convenientior,

444 4394 618 4477 assumpsit
637 4401 793 4468 naturam,
808 4401 840 4454 et
859 4394 1021 4456 caritatem
1042 4415 1132 4457 suam
1150 4398 1190 4458 ad
1246 4395 1429 4478 sapientior,
1446 4394 1552 4468 ditior,
1568 4395 1739 4476 potentior,
1756 4395 1926 4478 perfectior,
1940 4395 1975 4456 le·

445 4510 502 4555 nos
527 4492 637 4554 multis
660 4499 692 4555 et
714 4492 963 4556 evidentissimis
987 4493 1080 4556 nobis
1105 4512 1192 4558 mon·
1247 4494 1348 4568 licior,
1380 4492 1542 4556 liberalior
1568 4511 1605 4554 ac
1634 4492 1873 4570 beneficentior,
1900 4492 1972 4576 qued

444 4589 556 4652 stravit
583 4591 722 4653 caritatis
748 4590 931 4666 effectibus,
956 4591 1054 4673 signis
1078 4611 1114 4654 ac
1139 4593 1192 4656 be·
1247 4611 1310 4654 non
1331 4591 1469 4654 maxime
1488 4598 1584 4672 atque
1598 4591 1726 4656 assidue
1745 4593 1931 4656 delectamur
1945 4591 1972 4651 in

444 4686 588 4767 neficiis3
612 4688 783 4770 sapienter,
804 4689 880 4770 quia
903 4688 949 4750 sic
973 4698 1119 4753 naturam
1143 4711 1190 4754 as·
1246 4709 1294 4765 eo,
1327 4691 1360 4753 in
1392 4689 1671 4772 contomplatione,
1702 4691 1922 4754 memoratione
1947 4697 1972 4751 et

445 4785 582 4868 sumpsit
607 4785 792 4861 humanam,
817 4787 903 4869 quod
926 4805 990 4850 nou
1017 4791 1192 4872 assumpsit
1245 4807 1353 4853 amore
1377 4789 1489 4871 ipsius,
1512 4787 1545 4850 in
1569 4787 1662 4851 laude
1687 4797 1719 4851 et
1743 4791 1828 4852 cultu
1850 4791 1927 4870 ejus,
1944 4788 1972 4847 in

445 4884 598 4966 peccandi
614 4885 817 4966 pronitatem,
835 4904 893 4948 nee
912 4886 1052 4969 aliquam
1070 4896 1191 4951 contra·
1245 4887 1333 4951 omni
1351 4894 1423 4949 actu
1443 4904 1508 4968 quo
1528 4886 1596 4969 ipse
1616 4886 1788 4951 honoratur
1807 4887 1972 4952 accolitur.

444 4982 490 5045 xit
513 4991 569 5045 aut
597 4982 675 5046 fecit
702 4984 841 5065 eulpam,
865 4983 955 5065 juxta
981 4986 1066 5067 quod
1094 4986 1189 5049 isaias
1245 4987 1277 5050 Si
1299 4986 1496 5048 delectamur
1514 4985 1548 5046 in
1570 4984 1642 5048 cibo
1666 4993 1699 5048 ct
1720 4995 1807 5069 potu,
1823 4987 1855 5048 iu
1874 4987 1973 5066 adspe-
2074 5029 2075 5062 f

316 5107 349 5152 1„
360 5110 427 5158 unp,
444 5081 592 5164 predixit
613 5099 620 5143 :
641 5082 846 5163 lniquitatem
868 5101 931 5146 non
954 5083 1041 5156 fecit,
1064 5103 1122 5147 nec
1143 5084 1189 5146 in·
1245 5093 1297 5147 ctu
1313 5092 1345 5146 et
1360 5082 1519 5165 colloquio
1533 5083 1714 5159 hominum,
1732 5086 1764 5147 in
1783 5084 1873 5148 rebus
1888 5091 1973 5145 mate
2074 5087 2075 5104 ¹

443 5188 557 5242 ventus
573 5187 621 5243 est
640 5180 732 5242 dolus
753 5181 785 5242 in
805 5198 860 5243 ore
879 5181 958 5261 ojus.
976 5181 1093 5245 Dilexit
1112 5201 1189 5264 quo·
1244 5181 1388 5256 rialibus,
1404 5201 1462 5244 cur
1477 5199 1541 5245 non
1561 5181 1662 5244 multo
1678 5183 1752 5265 plus
1772 5183 1804 5246 in
1818 5181 1919 5264 coqui
1933 5199 1973 5242 es·

443 5295 505 5359 quc
527 5294 584 5341 nos
608 5277 742 5354 fortiter,
760 5277 835 5360 quia
859 5297 916 5361 pro
940 5279 1031 5342 nobis
1056 5280 1188 5362 pertulit
1244 5279 1420 5344 sentialiter
1434 5288 1466 5344 et
1485 5280 1860 5364 incircumscriptibilitcr
1879 5279 1972 5343 dulcis
2074 5271 2075 5316 ἶ
