4192 6258
414 465 474 530 566
675 485 822 532 noururcn
843 485 896 530 xxr
918 483 990 530 rosr
1011 482 1204 529 mrurrarurr.
1225 500 1266 511 -
1287 482 1461 529 uunnnarro
1482 482 1514 528 ru
1534 481 1701 529 urrsrocau

414 653 500 716 enim
518 655 620 737 iniqui
636 656 817 718 daemonum
833 654 986 718 obediunt
1000 652 1162 726 voluntati,
1177 654 1203 717 Α
1217 653 1293 729 Deo,
1317 671 1380 716 non
1409 652 1607 716 simulatorie
1635 670 1742 716 coram
1767 652 1944 726 hominihus

415 758 446 814 et
460 752 500 814 ah
516 753 594 835 ipsis
609 753 727 836 captivi
741 760 898 826 tenentur,
916 753 947 815 id
962 761 1012 814 est
1025 751 1163 814 vinculis
1217 751 1300 814 sicut
1321 752 1502 834 hypocrita.
1519 753 1563 813 at
1583 753 1696 812 induta·
1710 752 1847 810 loricam
1860 751 1945 828 justi-

416 849 591 933 impietatis
610 851 764 926 adstricti,
781 870 817 913 ac
835 851 977 933 undique
994 849 1164 913 circumfe-
1219 851 1284 920 tica,
1308 849 1339 913 id
1364 857 1422 924 est,
1443 849 1562 912 virtute
1584 848 1715 930 justitia
1740 847 1836 912 corda
1860 857 1947 912 vestra

416 957 530 1012 runtur
554 949 637 1012 sicut
660 951 745 1013 servi
769 969 787 1012 a
809 949 949 1012 dominis
973 949 1049 1012 suis.
1076 948 1163 1011 Unde
1218 949 1353 1023 munite,
1374 949 1458 1011 sicut
1479 965 1595 1030 corpus
1619 966 1677 1030 per
1701 947 1834 1010 loricam
1856 957 1947 1010 contra

415 1046 584 1128 Apostolus
609 1066 643 1110 sc
669 1047 774 1129 ipsum
799 1046 891 1129 quasi
915 1062 1088 1128 exponens,
1111 1045 1164 1109 ad·
1218 1047 1351 1108 vulnera
1369 1046 1497 1128 tegitur.
1514 1049 1559 1108 It't
1577 1047 1712 1106 catceati
1729 1047 1837 1122 pedes,
1853 1045 1883 1108 id
1900 1055 1946 1119 est,

414 1144 492 1225 jecit
516 1163 522 1208 :
548 1147 757 1206 tenebrarum
781 1147 914 1216 tarum,
937 1144 968 1206 id
992 1150 1040 1205 est
1064 1143 1165 1206 homi·
1219 1145 1315 1228 pedes
1336 1143 1526 1227 corporales,
1542 1151 1574 1206 et
1596 1143 1693 1206 etiam
1712 1143 1900 1226 spirituales
1914 1145 1949 1205 vi·

414 1243 569 1325 numqui
590 1242 775 1324 ignorantia
793 1261 830 1304 ac
850 1243 1001 1305 vitiorum
1021 1241 1163 1303 tenebris
1218 1242 1334 1305 delicet
1354 1242 1455 1305 animi
1480 1241 1678 1316 affectiones,
1700 1241 1816 1304 habete
1839 1241 1949 1324 expedi-

415 1348 624 1404 excaecantur.
651 1341 710 1415 Qui
736 1341 846 1403 mundi
871 1341 1001 1404 nomine
1026 1340 1060 1402 in
1081 1339 1162 1402 Scri·
1220 1348 1277 1416 tos,
1298 1344 1335 1401 in
1352 1343 1598 1418 praeparatione
1618 1343 1797 1418 Evangelii
1811 1343 1908 1416 pacis,
1924 1340 1948 1402 id

415 1439 518 1520 pturis
543 1439 703 1502 multoties
727 1439 945 1520 designantur,
972 1439 1054 1502 sicut
1077 1438 1162 1520 apud
1218 1439 1323 1501 estad
1343 1439 1403 1501 hoc
1429 1445 1464 1500 ut
1484 1439 1554 1501 sitis
1577 1438 1677 1521 parati
1698 1437 1887 1500 annuntiare
1903 1457 1948 1500 seu

267 1538 566 1607 coaratroloannem
583 1539 742 1602 :blundus
764 1557 838 1600 eum
862 1555 924 1600 non
947 1537 1162 1618 cognovit3et
1218 1538 1389 1619 praedicare
1413 1556 1450 1599 ac
1472 1537 1647 1620 adimplere
1671 1536 1863 1617 evangelicas
1885 1537 1948 1617 legis

274 1652 401 1706 ramam,
414 1634 503 1709 alibi,
515 1635 649 1698 blundus
666 1633 699 1697 in
715 1635 854 1716 maligno
870 1636 992 1717 positus
1008 1643 1064 1697 est.
1081 1635 1162 1696 Hinc
1216 1636 1405 1710 doctrinam,
1423 1636 1455 1698 in
1478 1656 1541 1719 qua
1560 1635 1741 1718 pacificatio
1763 1643 1870 1698 nostra
1887 1655 1948 1698 cun

269 1718 302 1759 ¹⁰·
414 1733 575 1796 conversis
589 1734 628 1797 ad
643 1733 803 1798 Christum
822 1733 951 1815 scripsit
965 1733 1158 1816 Apostolus:
1217 1737 1281 1798 Deo
1296 1754 1353 1817 per
1369 1735 1529 1798 Christum
1546 1734 1627 1796 facta
1642 1733 1846 1808 describitur,
1862 1743 1889 1796 ct
1903 1753 1949 1816 per

266 1849 398 1907 apteras.
413 1831 529 1894 Fuistis
553 1832 725 1914 aliquando
749 1831 897 1895 tenebra.
917 1834 1037 1892 Contra
1061 1833 1160 1908 spiri·
1178 1837 1202 1898 Β
1217 1833 1310 1915 cujus
1329 1832 1564 1896 observantiam
1588 1851 1672 1894 nunc
1692 1850 1805 1914 pacem
1829 1833 1948 1913 pectoris

414 1917 520 1991 roatici
534 1933 701 2010 nequitie,
718 1931 749 1993 id
766 1939 813 1994 est
832 1931 1011 1993 daemonum
1032 1931 1160 2011 agmina
1215 1951 1252 1995 ac
1273 1932 1304 1994 in
1328 1931 1435 1994 futuro
1457 1949 1569 2013 pacem
1592 1930 1778 1994 aternitatis
1799 1931 1948 2010 consequi-

413 2029 566 2111 nequitiis
588 2029 692 2111 plena,
714 2029 888 2092 habitantia
911 2031 946 2088 in
970 2030 1160 2100 coelestibus,
1215 2049 1299 2105 mur,
1320 2030 1415 2111 juxta
1438 2029 1517 2090 illud
1543 2028 1716 2091 Psalmista
1742 2046 1750 2090 :
1777 2028 1838 2091 Pax
1862 2028 1947 2090 multa
1968 2049 2037 2091 aarv

414 2126 557 2190 idestin
577 2126 850 2207 aerecaliginoso,
868 2126 979 2208 inquo
1000 2145 1101 2208 usque
1122 2127 1161 2188 ad
1215 2127 1422 2210 diligentibus
1444 2127 1547 2209 legem
1568 2135 1666 2189 tuam.
1958 2115 1991 2154 ¹⁵⁵*

413 2224 498 2288 diem
519 2224 634 2305 judicii
656 2225 748 2286 multi
768 2225 950 2288 daemonum
970 2224 1104 2286 volitant
1124 2244 1161 2286 ac
1255 2229 1296 2287 In
1319 2225 1466 2286 omnibus
1485 2233 1648 2285 sumentes
1670 2235 1799 2285 aeutum
1818 2225 1905 2304 fidei,
1922 2224 1947 2285 id

414 2331 587 2386 morantur.
614 2324 675 2385 Aer
699 2330 804 2385 autem
835 2322 1020 2405 frequenter
1044 2322 1161 2385 coelum
1216 2332 1274 2398 est,
1301 2322 1399 2386 fidem
1427 2322 1616 2385 catholicam
1643 2340 1703 2404 pro
1726 2331 1818 2386 scuto
1846 2323 1948 2385 mentis

413 2427 553 2483 vocatur.
564 2420 651 2482 Unde
667 2419 812 2482 volucres
828 2419 899 2483 coeli
916 2419 1077 2493 dicuntur,
1086 2420 1162 2500 quia
1215 2423 1357 2504 arripite,
1383 2423 1535 2485 virtutem
1560 2429 1592 2484 et
1615 2429 1722 2484 actum
1749 2421 1828 2484 fidei
1851 2441 1949 2504 suffle-

413 2518 446 2580 in
469 2537 541 2581 aere
561 2537 617 2580 seu
641 2518 673 2580 in
695 2517 775 2581 coelo
795 2518 881 2580 aerio
901 2517 1006 2580 volare
1029 2537 1162 2580 cernun·
1216 2520 1373 2584 stionibus
1388 2521 1569 2583 daemonum
1588 2529 1799 2603 opponentes,
1816 2521 1949 2583 videlicet

413 2624 473 2678 tur.
497 2617 628 2698 Propter
653 2616 737 2698 quod
766 2617 926 2679 daemones
955 2616 1162 2695 designantur
1216 2619 1501 2683 considerationem
1524 2619 1681 2700 passionis
1699 2619 1828 2692 Christi,
1844 2619 1951 2701 suppli·

414 2733 472 2798 per
486 2715 632 2777 volucres
653 2714 737 2789 coeli,
754 2721 790 2777 ut
808 2733 908 2796 qrrum
929 2713 973 2776 ait
995 2713 1159 2778 Salvator:
1217 2719 1339 2780 ciorum
1365 2716 1494 2790 inferni,
1515 2717 1705 2797 gaudiorum
1728 2717 1903 2780 coelestium
1924 2725 1949 2777 rt

271 2814 528 2886 ramatenses
544 2814 660 2876 cecidit
675 2833 766 2875 secus
781 2813 878 2887 viam,
895 2820 927 2875 et
941 2812 1086 2875 volucres
1102 2832 1161 2876 coe-
1216 2815 1409 2878 terribilium
1439 2816 1494 2876 llei
1523 2813 1731 2894 judiciorum,
1757 2834 1829 2897 quae
1857 2815 1950 2878 omnia

415 2912 436 2974 li
459 2912 667 2974 comederunt
689 2911 777 2972 illud.
1218 2915 1335 2977 cadunt
1353 2914 1414 2976 suh
1435 2913 1500 2975 fide
1517 2931 1524 2974 :
1541 2921 1573 2974 et
1592 2931 1703 2976 eorum
1723 2914 1868 2995 diligenti
1888 2932 1950 2974 cou-

452 3009 683 3087 Propterea,id
701 3009 841 3091 est,quia
856 3016 920 3071 tam
935 3010 1070 3072 arduum
1085 3029 1162 3092 praa·
1177 3015 1199 3079 t}
1217 3013 1408 3076 sideratione
1430 3011 1537 3074 omnia
1560 3019 1759 3075 tentamenta
1779 3013 1950 3075 vincuntur.

413 3108 492 3171 lium
515 3109 663 3170 imminet
677 3108 780 3181 vobis,
797 3109 933 3184 accipite
954 3118 1162 3169 armaturam
1216 3113 1290 3174 ldeo
1310 3110 1482 3173 subditur:
1499 3112 1614 3189 inquo
1632 3110 1710 3174 fidei
1731 3119 1822 3174 scuto
1833 3112 1952 3187 possint

412 3210 486 3278 Dei,
503 3207 535 3269 id
550 3213 603 3271 'cst
621 3206 755 3269 virtutes
775 3213 807 3268 et
828 3206 911 3268 dona
931 3206 1068 3288 Spiritus
1090 3207 1163 3268 San·
1217 3211 1327 3270 omrtr'a
1345 3213 1408 3269 telo
1423 3210 1616 3288 nequissimi
1634 3211 1731 3286 ignea
1744 3212 1951 3288 exstinguere,

414 3307 467 3380 cti,
489 3324 666 3387 eorumque
691 3323 797 3386 opera,
820 3304 939 3386 quihus
963 3304 1040 3366 vitia
1064 3323 1162 3386 expu-
1218 3309 1315 3370 idest
1335 3307 1500 3369 universas
1522 3306 1713 3370 tentationes
1735 3307 1854 3372 diaboli
1875 3325 1951 3368 acres

413 3411 551 3487 guantur
565 3411 596 3465 et
610 3403 770 3465 daemones
783 3409 1025 3483 superantur,ut
1031 3407 1163 3478 possitis
1217 3425 1254 3468 ac
1282 3405 1420 3468 fervidas
1450 3423 1610 3487 superare.
1639 3404 1718 3468 llinc
1748 3405 1853 3487 prima
1880 3405 1951 3467 Petri

268 3524 401 3576 traaas.
416 3501 702 3564 resisterediaholo
716 3509 747 3562 et
764 3500 1068 3583 peccatis(diaholus
1080 3521 1164 3564 nam·
1217 3505 1335 3566 dicitur
1352 3520 1358 3564 :
1376 3503 1582 3565 Adversarius
1602 3511 1706 3565 vester
1731 3502 1877 3566 diabolus
1898 3503 1952 3564 cir·
1974 3524 2049 3566 trees,

415 3620 478 3684 que
492 3609 644 3682 tanquam
661 3600 710 3662 leo
725 3599 854 3679 rugiens
874 3599 999 3673 circuit,
1017 3618 1162 3680 quaerens
1218 3601 1299 3681 cuit;
1325 3599 1377 3662 cui
1403 3599 1539 3662 resistite
1566 3599 1662 3663 fortes
1687 3601 1721 3662 in
1746 3601 1820 3664 fide.
1845 3605 1887 3664 Et
1903 3592 2001 3678 gra-hi

415 3718 511 3781 quem
536 3698 691 3778 devoret),
709 3699 744 3757 in
769 3699 824 3757 die
842 3701 939 3767 mato,
956 3696 988 3759 id
1013 3705 1060 3760 est
1085 3706 1162 3761 tem·
1219 3703 1301 3760 tecm
1317 3700 1434 3760 solutis
1448 3701 1614 3769 assumite,
1626 3699 1656 3761 id
1672 3706 1731 3774 est,
1743 3719 1833 3781 spem
1849 3699 1953 3761 futura

415 3815 492 3880 pore
511 3795 694 3858 tentationis
714 3802 745 3857 et
764 3795 975 3870 adversitatis,
993 3805 1022 3856 ct
1043 3799 1079 3856 in
1098 3818 1163 3858 om-
1218 3796 1380 3859 felicitatis
1403 3815 1459 3858 seu
1479 3798 1642 3859 caritatem
1666 3798 1829 3860 mentibus
1852 3796 1953 3861 vestris

415 3898 524 3966 aibas,
540 3902 604 3956 tam
625 3894 786 3976 prosperis
807 3913 902 3975 quam
923 3895 1075 3969 adversis,
1089 3914 1164 3972 per·
1219 3895 1435 3978 superponite,
1458 3903 1492 3956 ut
1517 3904 1626 3957 contra
1649 3897 1818 3977 prasentia
1844 3895 1953 3959 blandi·

414 3996 495 4073 fecti
507 4003 594 4054 stare
607 3993 757 4055 adversus
774 3992 899 4055 ruinam
915 3994 1091 4074 peccati,ut
1104 4012 1163 4055 nec
1220 4002 1337 4069 menta,
1358 4012 1414 4076 spe
1436 3993 1616 4056 futurorum
1642 3995 1849 4076 premiorum
1870 4001 1954 4075 atque

415 4109 567 4175 prospera
582 4109 637 4154 vos
652 4089 813 4164 extollant,
824 4109 928 4172 neque
943 4091 1075 4153 adversa
1089 4091 1164 4174 deji·
1218 4093 1328 4155 divino
1349 4110 1456 4155 amore
1476 4092 1663 4170 armemini3
1684 4102 1714 4153 et
1730 4095 1881 4170 gladium
1899 4092 1954 4168 spi-

416 4191 512 4264 ciant,
528 4190 582 4252 sed
599 4189 684 4270 regia
700 4206 826 4270 semper
840 4190 892 4250 via
908 4189 1071 4264 incedatis,
1088 4210 1164 4272 qua·
1178 4191 1203 4253 D
1220 4193 1318 4261 ritus,
1334 4194 1420 4270 quod
1434 4199 1479 4250 est
1496 4192 1628 4252 uerbum
1643 4193 1717 4262 Dei,
1733 4192 1839 4264 idest,
1856 4209 1953 4254 ensem

284 4309 401 4362 naara,
415 4297 508 4353 tenus
522 4289 854 4369 omnia-cooperentur
872 4286 962 4349 vohis
979 4288 1010 4349 in
1030 4287 1161 4352 bonum.
1218 4289 1332 4352 animae
1352 4290 1408 4372 qui
1423 4308 1441 4350 a
1457 4289 1577 4371 Spiritu
1597 4289 1711 4353 Sancto
1732 4289 1893 4354 confertur
1908 4309 1953 4370 ap·

269 4372 303 4414 ²⁸·
455 4391 548 4450 State
567 4406 642 4465 erqo
662 4405 720 4468 per
734 4385 868 4447 virtutes
888 4386 926 4447 ad
947 4385 1047 4466 Deum
1065 4388 1163 4451 erecti
1218 4389 1417 4471 prehendite,
1435 4387 1490 4470 qui
1512 4395 1561 4450 est
1582 4406 1687 4451 sermo
1709 4408 1806 4453 sacrae
1825 4389 1954 4471 Scriptu-

415 4493 446 4549 et
461 4485 531 4558 fixi,
547 4485 706 4544 succincti
723 4483 851 4564 cingulo
871 4483 1023 4546 castitatis
1041 4488 1164 4544 lumbos
1218 4494 1446 4568 rae‚penetrans
1463 4487 1575 4549 intima
1588 4487 1794 4561 animavitia
1808 4506 1954 4558 resecans

416 4593 548 4654 vestros,
572 4581 604 4643 in
630 4581 747 4664 quihus
772 4582 859 4662 viget
883 4581 1020 4656 luxuria,
1047 4582 1161 4657 idest,
1216 4593 1312 4667 atque
1335 4605 1354 4648 a
1380 4586 1501 4650 mundo
1527 4584 1669 4648 animam
1698 4586 1856 4660 dividens,
1881 4587 1953 4648 sicut

415 4681 519 4746 carnis
535 4680 808 4762 concupiscentias
824 4677 1163 4753 refrenate,contiuen·
1215 4683 1339 4763 gladius
1362 4684 1535 4746 materialis
1557 4692 1702 4765 penetrat
1723 4703 1838 4767 corpus
1859 4704 1895 4748 ac
1914 4684 1954 4746 di·

414 4788 464 4846 ter
478 4778 628 4853 vivendo,
645 4778 914 4861 quemadmodum
935 4777 979 4839 ait
993 4778 1136 4841 Salvator
1153 4796 1159 4842 :
1216 4779 1296 4842 vidit
1311 4780 1399 4842 illud.
1410 4782 1454 4844 De
1470 4800 1533 4863 quo
1547 4781 1652 4864 gladio
1665 4782 1710 4844 ait
1725 4783 1882 4847 Salvator:
1892 4782 1953 4844 Non
1975 4793 2052 4839 van-2

266 4898 400 4953 mamas.
415 4875 485 4940 Sint
508 4874 610 4938 lumbi
632 4875 729 4938 vestri
753 4875 926 4956 praecincti.
951 4876 1013 4939 llos
1035 4876 1161 4940 lumbos
1216 4879 1289 4942 veni
1310 4898 1421 4961 pacem
1443 4881 1568 4944 mittere
1588 4882 1620 4944 in
1641 4889 1770 4958 terram,
1791 4884 1846 4946 sed
1864 4863 1991 4964 gladi-³*

265 4999 399 5054 aarum.
415 4974 582 5057 precinxit
604 4973 716 5038 heatus
739 4974 797 5036 lob
824 4991 831 5036 :
856 4974 963 5056 Pepigi
984 4975 1163 5057 (inquiens)
1217 4997 1280 5039 um.
1294 4975 1330 5039 Et
1345 4978 1453 5040 subdit
1469 4978 1698 5044 ibidem:Veni
1714 4981 1800 5044 enim
1815 4997 1954 5064 separare
1975 4999 2039 5043 raa:-

413 5074 517 5138 foedus
533 5093 607 5136 cum
623 5073 724 5138 oculis
739 5073 831 5146 meis,
849 5091 889 5135 ne
905 5073 1075 5154 cogitarem
1091 5074 1162 5156 qui·
1215 5075 1378 5139 hominem
1394 5095 1412 5139 a
1429 5084 1516 5159 patre
1531 5079 1654 5141 suche
1668 5098 1733 5161 quo
1747 5081 1841 5143 etiam
1857 5078 1956 5162 gladio

412 5173 486 5235 dem
507 5173 546 5236 de
571 5173 703 5253 virgine.
726 5171 777 5234 Sic
801 5188 877 5251 ergo
900 5171 1056 5253 accingite
1081 5173 1161 5235 lum·
1214 5174 1379 5237 Psalmista
1394 5175 1535 5257 loquitur
1550 5176 1693 5241 Christo:
1711 5179 1882 5260 Accingere
1896 5177 1954 5259 gla·
1971 5191 2053 5233 rsa-¹·

411 5269 468 5332 hos
493 5273 529 5332 in
555 5271 703 5340 ueritate,
730 5268 761 5330 id
792 5275 840 5331 est
869 5270 1023 5334 veraciter
1053 5289 1159 5334 coram
1213 5271 1266 5334 dio
1288 5279 1343 5334 tuo
1363 5291 1459 5354 super
1483 5272 1590 5337 femur
1607 5282 1711 5350 tuum,
1728 5276 1951 5359 potentissime.
