4154 6258
486 501 634 550 uorrrrues
654 503 695 550 xv
716 503 789 550 rosr
808 503 1002 550 murram.
1023 522 1064 534 -
1084 505 1182 554 samm
1201 507 1326 554 marrus
1620 489 1678 554 tot

123 668 184 732 bus
200 669 374 756 inbiat,qui
391 676 492 757 magis
508 683 639 738 conatur
652 675 878 758 temporalibus
893 673 917 738 Α
933 693 1047 739 norum
1071 684 1102 740 et
1122 697 1140 740 a
1159 677 1269 741 divino
1289 695 1405 740 amore.
1422 677 1496 740 ldeo
1514 677 1592 739 dicit
1608 677 1680 740 Gre-

124 767 288 833 abundare
308 791 404 855 quam
424 773 533 856 gratia
554 791 590 836 ac
612 774 767 836 virtutum
785 773 879 836 bene
932 775 1040 856 gorius
1063 775 1232 840 :Avaritia
1257 783 1398 838 mentem
1423 775 1500 838 facit
1523 783 1588 836 tam
1611 793 1679 856 gra-

123 865 211 928 fieiis
226 867 381 944 decorari,
391 871 447 954 qui
463 871 536 954 plus
551 871 666 934 nititur
680 872 712 934 in
728 871 877 954 presenti
933 891 1017 947 vem,
1034 881 1069 936 ut
1083 875 1122 936 ed
1141 875 1321 956 appetenda
1339 874 1480 938 caelestia
1499 873 1600 936 attolli
1615 891 1679 936 non

123 964 219 1028 ditari
244 986 341 1050 quarn
371 970 402 1032 in
429 969 613 1034 coelestibus
636 970 791 1033 coronari.
816 970 876 1034 Sed
932 971 1041 1052 possit.
1060 971 1098 1034 Et
1117 971 1260 1034 Christus
1283 971 1314 1034 in
1335 971 1507 1054 Evangelio
1528 978 1679 1053 protesta-

124 1061 200 1138 beu,
217 1083 314 1147 quam
330 1067 424 1130 multi
444 1074 520 1130 sunt
538 1067 636 1130 talest
653 1068 722 1131 Diei
740 1068 806 1148 jem
822 1085 876 1150 po·
931 1074 1007 1130 tur:
1025 1068 1084 1132 Ubi
1099 1077 1148 1132 est
1162 1068 1331 1132 thesaurus
1351 1076 1436 1144 tuus,
1454 1069 1498 1131 ibi
1517 1076 1565 1132 est
1580 1076 1611 1131 et
1626 1086 1680 1132 cor
1700 1093 1825 1148 narrum,

124 1167 188 1224 test
208 1163 249 1226 de
272 1164 393 1247 populo
416 1165 590 1228 christiano
616 1165 701 1248 quod
724 1165 875 1228 Ieremias
931 1173 1033 1229 tuum.
1050 1167 1138 1230 Unde
1160 1166 1312 1248 probatur
1333 1167 1417 1250 quod
1442 1167 1569 1248 quando
1592 1157 1727 1230 deor-²¹·

2 1276 110 1327 vanua.
124 1260 165 1323 de
178 1261 360 1326 Judaeorum
381 1264 426 1326 ait
440 1264 560 1347 populo
577 1281 584 1326 :
601 1263 626 1327 Α
642 1263 759 1327 minori
774 1283 876 1346 usque
931 1283 1003 1326 sum
1019 1272 1093 1327 sunt
1113 1284 1184 1348 quae
1200 1272 1358 1338 amantur,
1375 1273 1452 1326 tunc
1472 1283 1526 1328 cor
1543 1264 1583 1327 ad
1602 1265 1680 1328 infe-

124 1359 164 1422 ad
187 1360 354 1442 majorem,
371 1379 482 1426 omnes
503 1363 642 1426 avaritiae
665 1362 802 1426 student.
819 1363 876 1426 Ve-
932 1362 1015 1425 riora
1035 1363 1244 1446 deprimitur;
1260 1363 1337 1426 dum
1358 1381 1433 1427 vero
1455 1383 1583 1426 sursum
1606 1371 1680 1428 sunt

126 1465 306 1523 rumtamen
323 1461 401 1524 tales
416 1461 518 1524 sciant
534 1481 567 1523 se
582 1461 722 1536 nornine,
733 1479 796 1524 non
813 1462 874 1524 vir·
931 1480 1002 1543 que
1017 1460 1204 1543 diliguntur,
1221 1480 1276 1525 cor
1289 1461 1327 1524 ad
1343 1461 1508 1544 superiora
1523 1461 1677 1543 erigitur:

125 1563 204 1632 tute,
222 1557 423 1634 christianos,
443 1567 539 1642 atque
558 1579 623 1642 prae
643 1560 757 1622 ceteris
775 1560 875 1642 genli-
932 1559 1108 1641 praesertim
1129 1579 1229 1641 quum
1249 1569 1368 1624 asseret
1382 1561 1589 1642 Augustinus,
1605 1560 1679 1625 Ani-

124 1654 187 1717 bus
209 1655 302 1738 longe
323 1657 581 1721 damnabiliores.
931 1676 983 1720 ma
998 1658 1105 1720 verius
1119 1665 1168 1721 est
1183 1658 1238 1721 ubi
1254 1667 1349 1733 amat,
1362 1677 1457 1742 quam
1475 1659 1530 1722 nbi
1547 1658 1677 1723 animat.

164 1753 293 1830 Quarto,
310 1756 386 1838 qnia
405 1756 526 1820 divitia
547 1763 622 1819 sunt
640 1756 763 1820 bomini
784 1756 876 1818 innu·
972 1755 1154 1840 Sextoquia
1168 1757 1207 1819 ad
1224 1756 1416 1821 Christianos
1431 1757 1598 1840 potissime
1614 1777 1681 1840 spe-

124 1852 331 1916 merabilium
360 1855 528 1938 culparum
556 1855 691 1918 occasio.
722 1853 912 1918 VidemusB
932 1860 995 1916 ctat
1009 1855 1143 1918 filialem
1164 1855 1282 1918 bebere
1300 1873 1443 1918 amorem
1464 1857 1503 1918 ad
1519 1857 1631 1931 Deum,
1648 1863 1680 1918 et

125 1969 264 2032 namque
285 1953 369 2034 quod
389 1952 535 2016 homines
556 1959 674 2035 quanto
694 1960 768 2016 sunt
783 1953 874 2016 ditio
896 2005 902 2012 .
931 1954 970 2015 de
994 1954 1065 2035 ejus
1091 1955 1243 2030 bonitate,
1264 1956 1394 2018 caritate
1418 1974 1454 2018 ao
1479 1955 1678 2038 providentia

124 2068 187 2124 res,
210 2057 298 2114 tanto
318 2052 532 2115 communiter
551 2059 626 2114 sunt
644 2051 873 2134 animosiores;
930 2052 1057 2134 plenam
1082 2053 1199 2116 bebere
1221 2054 1384 2117 fiduciam.
1402 2055 1524 2117 Idcirco
1544 2071 1607 2116 non
1628 2055 1679 2117 de·

125 2167 164 2211 ex
187 2147 372 2212 divitiarum
395 2167 523 2232 quoque
547 2149 741 2213 abundantia
766 2168 875 2232 proce·
929 2150 1007 2213 bent
1035 2170 1093 2233 pro
1116 2152 1346 2234 temporalibus
1375 2153 1473 2216 nimis
1501 2152 1677 2226 sollicitari,

124 2247 207 2308 dunt
227 2248 305 2310 vitia
329 2248 411 2330 gulae
434 2255 529 2330 etque
552 2247 696 2322 luxuriae,
721 2247 873 2325 otiositas,
931 2250 1020 2330 quasi
1043 2251 1126 2312 Deus
1149 2269 1213 2314 uon
1237 2251 1353 2314 babeat
1373 2251 1605 2333 providentiam
1630 2268 1679 2312 ae·

125 2344 311 2428 loquacitas,
336 2364 453 2428 pompa
482 2346 514 2408 in
539 2345 693 2420 vestibus,
719 2346 875 2430 pluraque
930 2354 1021 2410 tuum
1043 2348 1267 2412 bumanorum.
1284 2349 1365 2412 ilinc
1387 2350 1419 2411 in
1439 2349 1605 2430 evangelio
1625 2349 1679 2411 bo·

124 2443 187 2506 alia
212 2445 303 2507 mala.
322 2445 430 2526 ltaque
452 2451 571 2528 quanto
594 2444 742 2508 homines
767 2445 875 2528 plures
931 2445 1042 2508 dierno
1073 2446 1117 2508 ait
1148 2445 1291 2510 Salvator
1320 2466 1327 2511 :
1358 2446 1425 2510 Scit
1455 2447 1546 2510 Pater
1573 2455 1679 2510 vester
1705 2466 1806 2512 musa.

125 2551 320 2626 congregant
334 2543 395 2606 sibi
411 2543 548 2618 divitias,
565 2550 652 2607 tanto
671 2544 813 2626 plurium
829 2545 874 2607 vi·
931 2541 1070 2605 coelestis
1089 2543 1165 2626 quia
1184 2544 1235 2606 bis
1256 2544 1407 2607 omnibus
1429 2545 1587 2626 indigetis.

124 2641 245 2704 tiorum
268 2642 450 2705 occasiones
470 2642 532 2704 sibi
553 2650 735 2725 procurant,
752 2650 783 2706 et
804 2642 874 2725 plu·
971 2640 1106 2724 lnsuper
1125 2642 1233 2706 multe
1248 2650 1323 2706 sunt
1337 2643 1480 2707 stultitiae
1499 2662 1677 2707 avarorum.

125 2759 160 2802 ra
180 2740 292 2803 salutis
313 2741 543 2823 impedimenta
561 2749 674 2824 sponte
696 2749 872 2804 assumunt.
931 2737 1139 2821 Prima‚quod
1153 2739 1352 2803 abundanter
1368 2740 1428 2803 sibi
1445 2750 1626 2823 preparant
1640 2743 1679 2804 de

2 2864 68 2909 sara.
82 2878 109 2914 a.
124 2839 207 2902 ilino
222 2839 267 2901 ait
281 2839 424 2903 Salvator
441 2857 448 2902 :
465 2840 617 2922 Deceptio
632 2839 828 2914 divitiarum,
844 2847 876 2903 et
931 2837 1120 2902 necessariis
1142 2844 1173 2900 et
1194 2837 1328 2902 utilibus
1353 2839 1386 2900 in
1411 2838 1481 2902 loco
1505 2838 1562 2901 ubi
1580 2840 1679 2920 (oom-

2 2929 18 2970 ’·
124 2937 211 3000 cirea
234 2937 358 3020 reliqua
382 2938 650 3020 eoncupiscentia
680 2939 876 3002 introeuntes
931 2936 1072 3018 parative
1099 2936 1271 3018 loquendo)
1290 2956 1347 3020 per
1372 2957 1468 3000 unam
1492 2938 1604 3001 boram
1626 2939 1679 3002 vix

124 3036 157 3099 in
175 3051 241 3110 cor,
258 3035 419 3100 suffocant
433 3036 568 3100 verbum
589 3037 657 3112 Dei,
675 3045 707 3100 et
726 3037 795 3100 sine
813 3037 877 3100 fru·
892 3035 914 3100 G
931 3042 1035 3108 erunt,
1047 3043 1079 3098 et
1094 3052 1157 3097 non
1174 3034 1343 3117 provident
1358 3036 1420 3099 sibi
1437 3036 1476 3098 de
1491 3037 1680 3100 necessariis

3 3163 109 3210 aanor.
123 3144 179 3198 ctu
203 3133 356 3197 efficitur.
374 3135 484 3198 Denuo
503 3153 630 3218 quoque
649 3153 655 3198 :
672 3136 724 3198 Va
743 3135 877 3218 (inquit)
932 3132 963 3194 in
984 3133 1053 3196 loco
1068 3133 1125 3196 ubi
1141 3134 1331 3197 eternaliter
1346 3134 1590 3217 permanebunt.
1608 3135 1679 3199 llaec

123 3232 217 3296 vobis
232 3232 397 3307 divitibus,
415 3233 470 3316 qui
486 3233 610 3296 bebetis
626 3234 875 3297 consolationem
932 3231 1017 3294 enim
1037 3233 1103 3294 vita
1124 3233 1360 3315 comparatione
1379 3233 1452 3297 vitae
1476 3233 1591 3297 futurae
1614 3252 1679 3297 mo·

122 3339 275 3394 vestram.
286 3331 519 3414 Deinde,quam
534 3330 701 3394 verissima
716 3331 783 3395 baec
799 3333 873 3407 sint,
932 3336 1076 3393 mentum
1091 3337 1148 3393 est.
1166 3330 1205 3393 Et
1220 3331 1252 3392 in
1269 3330 1328 3393 bec
1343 3332 1408 3393 vita
1422 3339 1602 3414 preparent
1616 3332 1679 3396 sibi

123 3437 250 3493 constat
273 3448 312 3492 ex
336 3430 481 3512 eoquod
506 3429 692 3512 Unigenitus
717 3430 773 3492 llei
797 3430 875 3494 fate·
931 3429 1017 3492 avari
1033 3429 1163 3503 cibario,
1177 3428 1369 3504 habitacula,
1386 3430 1576 3492 vestimenta
1595 3430 1679 3492 ultra

4 3554 108 3606 ampl,
122 3535 176 3591 tur
195 3547 202 3592 :
220 3529 319 3603 Quam
340 3527 476 3591 difficile
494 3528 549 3609 qui
570 3527 722 3611 pecunias
744 3528 873 3604 babent,
930 3544 1132 3606 mensuram;
1154 3527 1186 3588 in
1202 3527 1310 3589 futura
1324 3545 1401 3590 vero
1416 3527 1481 3590 vita
1496 3527 1540 3590 nil
1557 3547 1680 3611 praepa-

4 3619 107 3726 ἓξὲξ·
123 3626 293 3690 intrabunt
313 3626 345 3688 in
366 3645 500 3708 regnum
521 3625 691 3690 coeloruml
708 3627 746 3688 Et
765 3646 875 3690 rursus
931 3633 1001 3688 rant
1022 3625 1084 3688 sibi
1103 3625 1357 3700 accommodum,
1374 3625 1429 3688 sed
1449 3633 1573 3689 aterna
1593 3627 1680 3689 dam-

16 3711 22 3730 ’
53 3713 58 3732 ’
93 3713 168 3789 'ait
186 3723 452 3788 ibidem:tmen
472 3725 546 3789 dioc
562 3724 664 3798 vobis,
681 3724 808 3788 facilius
827 3733 876 3790 est
930 3724 1067 3788 nationis
1104 3724 1310 3806 supplicium.
1346 3723 1515 3806 Aguntque
1549 3723 1678 3788 stultius

121 3824 285 3887 camelum
302 3843 360 3906 per
374 3823 517 3886 foramen
532 3842 608 3886 acus
624 3823 874 3906 transire,quam
931 3841 1026 3904 quam
1042 3821 1069 3884 si
1086 3821 1157 3903 quis
1173 3840 1237 3885 uno
1251 3822 1304 3884 die
1318 3821 1519 3885 habitaturus
1536 3821 1568 3884 in
1584 3809 1678 3886 Fran·

120 3923 258 3986 divitem
275 3923 392 3986 intrare
409 3922 440 3984 in
457 3940 589 4003 regnum
605 3922 765 3986 coelorum
774 3923 875 3997 Quum
930 3922 989 3996 cia,
1007 3929 1038 3984 et
1052 3928 1181 3984 centum
1201 3921 1294 3983 annis
1314 3920 1347 3983 in
1366 3921 1466 3996 ltalia,
1484 3921 1602 3985 feceret
1616 3922 1677 3985 sibi

120 4039 202 4104 ergo
224 4020 316 4084 valde
337 4019 473 4082 difficile
496 4019 537 4082 sit
558 4020 679 4083 divitiis
700 4021 874 4096 abundare,
930 4019 1067 4083 aedilicia
1091 4018 1191 4082 multa
1215 4026 1247 4082 el
1270 4037 1394 4100 magna,
1419 4019 1616 4102 provisiones
1640 4039 1677 4082 ec

120 4139 184 4184 nec
212 4139 265 4183 eas
291 4119 539 4182 immoderanter
562 4138 679 4195 amare,
697 4138 802 4202 neque
826 4141 877 4184 su·
930 4117 1037 4200 copias
1055 4117 1189 4199 grandes
1210 4117 1242 4179 in
1258 4117 1399 4192 Francia,
1416 4117 1498 4180 nibil
1513 4135 1589 4180 vero
1604 4118 1677 4181 aedi-

120 4217 253 4303 perflue
272 4219 320 4280 eis
340 4217 398 4293 uti,
414 4225 538 4280 certum
557 4225 606 4280 est
625 4217 709 4300 quod
729 4218 875 4282 homines
889 4217 915 4282 o
929 4215 1053 4291 ficarol,
1071 4233 1130 4278 nec
1155 4215 1337 4297 provideret
1360 4214 1422 4278 sibi
1447 4215 1480 4276 in
1504 4215 1602 4278 ltalia.
1626 4215 1677 4279 Se-

119 4315 307 4401 imperleoti
323 4323 355 4379 et
369 4317 402 4380 in
418 4315 590 4379 virtutibus
604 4318 744 4379 nondum
758 4317 876 4381 exeroi-
930 4316 1034 4378 eunde
1058 4332 1168 4377 eorum
1194 4313 1323 4375 fatuitas
1347 4320 1405 4387 est,
1430 4314 1515 4395 quod
1540 4313 1675 4377 sollicite

117 4419 193 4492 tati,
208 4415 359 4480 maximis
377 4421 503 4480 aeternae
517 4416 730 4480 damnationis
750 4417 874 4499 pericu·
930 4414 1100 4498 provident
1119 4411 1244 4495 corpori
1265 4428 1324 4474 suo
1342 4418 1373 4474 et
1392 4412 1531 4474 animam
1552 4413 1675 4495 propri·

119 4517 162 4580 lis
194 4534 230 4578 se
261 4514 439 4590 involvunt,
467 4521 563 4597 atque
590 4514 873 4579 innumerabilium
930 4532 981 4576 arn
997 4511 1173 4594 negligunt,
1190 4529 1290 4594 quum
1305 4517 1411 4573 tamen
1430 4510 1539 4574 anima
1555 4512 1675 4576 incom-

117 4615 278 4678 vitiorum
303 4612 524 4676 occasionibus
548 4631 582 4676 se
607 4623 780 4696 exponunt,
797 4615 874 4677 dum
930 4611 1116 4695 parabiliter
1129 4628 1261 4693 corpore
1276 4616 1379 4672 exstet
1394 4611 1676 4692 prostrationsic·

118 4711 358 4796 temporalibus
378 4712 474 4775 rebus
493 4711 655 4776 abundare
670 4712 826 4788 nituntur,
843 4720 875 4776 et
930 4731 993 4793 que
1017 4708 1163 4772 stolidius
1192 4717 1291 4790 agunt
1315 4727 1412 4791 quam
1441 4709 1469 4771 si
1497 4710 1569 4790 quis
1598 4729 1676 4775 auro

117 4813 255 4877 divitias
276 4829 466 4894 congregare
486 4830 543 4874 seu
563 4829 750 4876 conservare
772 4812 876 4894 quoti·
929 4809 1104 4893 purissimo
1118 4808 1266 4891 praeferat
1281 4807 1384 4870 lutum
1399 4807 1599 4871 vilissimum
1608 4810 1678 4873 Ter·

117 4913 173 4976 die
198 4909 387 4974 moliuntur.
929 4909 972 4970 tia
996 4927 1106 4972 eorum
1132 4907 1327 4989 insipientia,
1352 4907 1437 4989 quod
1461 4916 1580 4989 quanto
1604 4908 1677 4991 plus

160 5010 294 5085 Quinto,
311 5008 386 5090 quio
405 5007 633 5071 immoderatus
650 5027 740 5072 amor
754 5015 875 5091 tempo·
930 5007 1023 5070 morti
1044 5006 1271 5089 propinquant,
1287 5011 1375 5068 tanto
1396 5005 1468 5088 plus
1490 5007 1677 5088 temporalia

117 5108 244 5173 ralium
260 5125 367 5170 rerum
384 5115 414 5170 et
434 5107 616 5170 sollicitudo
635 5106 800 5189 superflua
815 5107 875 5169 cir·
929 5106 990 5169 sibi
1006 5104 1209 5168 accumulare
1225 5105 1381 5177 nituntur,
1398 5103 1489 5186 quasi
1505 5110 1591 5168 tanto
1606 5105 1675 5167 diu-

118 5227 158 5271 ca
185 5225 254 5282 eas,
282 5206 462 5289 impediunt
485 5205 649 5269 hominem
673 5225 692 5268 a
715 5205 875 5288 spirituali
929 5206 993 5267 tius
1022 5211 1129 5267 essent
1158 5203 1286 5278 victuri,
1308 5209 1426 5285 quanto
1455 5203 1555 5283 magis
1584 5220 1674 5266 sene·

118 5305 276 5393 profectu
291 5305 457 5382 virtutum,
473 5324 492 5368 a
511 5303 779 5388 contemplatione
794 5305 874 5368 divi·
929 5312 1032 5368 scunt.
1055 5304 1207 5368 Videmus
1231 5302 1318 5365 enim
1343 5303 1425 5384 quod
1452 5302 1484 5364 in
1509 5321 1674 5366 senescen-
