<?xml version="1.0" encoding="UTF-8"?>
<!DOCTYPE html PUBLIC "-//W3C//DTD XHTML 1.0 Transitional//EN"
    "http://www.w3.org/TR/xhtml1/DTD/xhtml1-transitional.dtd">
<html xmlns="http://www.w3.org/1999/xhtml" xml:lang="en" lang="en">
 <head>
  <title>
</title>
<meta http-equiv="Content-Type" content="text/html;charset=utf-8" />
  <meta name='ocr-system' content='tesseract 3.04.00' />
  <meta name='ocr-capabilities' content='ocr_page ocr_carea ocr_par ocr_line ocrx_word'/>
</head>
<body>
  <div class='ocr_page' id='page_1' title='image "./doctorisecstati01unkngoog/doctorisecstati01unkngoog_0600.png"; bbox 0 0 4192 6258; ppageno 0'>
   <div class='ocr_carea' id='block_1_1' title="bbox 486 507 1683 583">
    <p class='ocr_par' dir='ltr' id='par_1_1' title="bbox 486 507 1683 583">
     <span class='ocr_line' id='line_1_1' title="bbox 486 507 1683 583; baseline -0.007 0"><span class='ocrx_word' id='word_1_1' title='bbox 486 533 633 583; x_wconf 79' lang='lat' dir='ltr'><strong>oourrtrca</strong></span> <span class='ocrx_word' id='word_1_2' title='bbox 653 533 707 582; x_wconf 88' lang='lat' dir='ltr'><strong>xxr</strong></span> <span class='ocrx_word' id='word_1_3' title='bbox 727 533 800 580; x_wconf 89' lang='lat' dir='ltr'><strong>rosr</strong></span> <span class='ocrx_word' id='word_1_4' title='bbox 819 529 1013 579; x_wconf 81' lang='lat' dir='ltr'><strong>rarunarau.</strong></span> <span class='ocrx_word' id='word_1_5' title='bbox 1034 549 1074 560; x_wconf 99' lang='lat'><em>-</em></span> <span class='ocrx_word' id='word_1_6' title='bbox 1095 529 1194 578; x_wconf 85' lang='lat' dir='ltr'><strong>sxxuo</strong></span> <span class='ocrx_word' id='word_1_7' title='bbox 1215 531 1325 578; x_wconf 82' lang='lat' dir='ltr'><strong>ramus</strong></span> <span class='ocrx_word' id='word_1_8' title='bbox 1622 507 1683 575; x_wconf 73' lang='lat'><strong>569</strong></span> 
     </span>
    </p>
   </div>
   <div class='ocr_carea' id='block_1_2' title="bbox 133 695 1682 792">
    <p class='ocr_par' dir='ltr' id='par_1_2' title="bbox 133 695 1682 792">
     <span class='ocr_line' id='line_1_2' title="bbox 133 695 1682 792; baseline -0.007 -20"><span class='ocrx_word' id='word_1_9' title='bbox 133 709 273 792; x_wconf 89' lang='lat' dir='ltr'><strong>pessime</strong></span> <span class='ocrx_word' id='word_1_10' title='bbox 291 707 460 792; x_wconf 75' lang='lat' dir='ltr'><strong>agentibus</strong></span> <span class='ocrx_word' id='word_1_11' title='bbox 479 715 528 771; x_wconf 89' lang='lat' dir='ltr'><strong>est</strong></span> <span class='ocrx_word' id='word_1_12' title='bbox 547 705 688 789; x_wconf 77' lang='lat' dir='ltr'><strong>largitus.</strong></span> <span class='ocrx_word' id='word_1_13' title='bbox 706 704 745 768; x_wconf 92' lang='lat' dir='ltr'><strong>Et</strong></span> <span class='ocrx_word' id='word_1_14' title='bbox 764 703 803 767; x_wconf 91' lang='lat' dir='ltr'><strong>ad</strong></span> <span class='ocrx_word' id='word_1_15' title='bbox 822 699 883 766; x_wconf 89' lang='lat' dir='ltr'><strong>hoo</strong></span> <span class='ocrx_word' id='word_1_16' title='bbox 897 699 923 765; x_wconf 89' lang='grc' dir='ltr'>Α</span> <span class='ocrx_word' id='word_1_17' title='bbox 938 719 982 764; x_wconf 92' lang='lat' dir='ltr'><strong>re.</strong></span> <span class='ocrx_word' id='word_1_18' title='bbox 1000 701 1100 785; x_wconf 84' lang='lat' dir='ltr'><strong>Caput</strong></span> <span class='ocrx_word' id='word_1_19' title='bbox 1117 707 1225 765; x_wconf 88' lang='lat' dir='ltr'><strong>autem</strong></span> <span class='ocrx_word' id='word_1_20' title='bbox 1240 699 1359 766; x_wconf 92' lang='lat' dir='ltr'><strong>diaboli</strong></span> <span class='ocrx_word' id='word_1_21' title='bbox 1373 705 1504 764; x_wconf 89' lang='lat' dir='ltr'><strong>vocatur</strong></span> <span class='ocrx_word' id='word_1_22' title='bbox 1523 695 1682 782; x_wconf 90' lang='lat' dir='ltr'><strong>superbia.</strong></span> 
     </span>
    </p>
   </div>
   <div class='ocr_carea' id='block_1_3' title="bbox 11 796 1686 1476">
    <p class='ocr_par' dir='ltr' id='par_1_3' title="bbox 11 796 1686 1476">
     <span class='ocr_line' id='line_1_3' title="bbox 134 796 1685 890; baseline -0.006 -21"><span class='ocrx_word' id='word_1_23' title='bbox 134 815 264 890; x_wconf 80' lang='lat' dir='ltr'><strong>possent</strong></span> <span class='ocrx_word' id='word_1_24' title='bbox 284 807 533 870; x_wconf 78' lang='lat' dir='ltr'><strong>innumerabilia</strong></span> <span class='ocrx_word' id='word_1_25' title='bbox 551 825 590 870; x_wconf 93' lang='lat' dir='ltr'><strong>ex</strong></span> <span class='ocrx_word' id='word_1_26' title='bbox 606 804 778 887; x_wconf 88' lang='lat' dir='ltr'><strong>Scripturis</strong></span> <span class='ocrx_word' id='word_1_27' title='bbox 798 820 882 866; x_wconf 92' lang='lat' dir='ltr'><strong>com·</strong></span> <span class='ocrx_word' id='word_1_28' title='bbox 938 802 1041 876; x_wconf 88' lang='lat' dir='ltr'><strong>Ouum</strong></span> <span class='ocrx_word' id='word_1_29' title='bbox 1063 801 1169 884; x_wconf 88' lang='lat' dir='ltr'><strong>itaque</strong></span> <span class='ocrx_word' id='word_1_30' title='bbox 1191 802 1291 864; x_wconf 90' lang='lat' dir='ltr'><strong>simus</strong></span> <span class='ocrx_word' id='word_1_31' title='bbox 1310 807 1376 863; x_wconf 70' lang='lat' dir='ltr'><strong>mm</strong></span> <span class='ocrx_word' id='word_1_32' title='bbox 1396 798 1525 880; x_wconf 76' lang='lat' dir='ltr'><strong>fragiles</strong></span> <span class='ocrx_word' id='word_1_33' title='bbox 1544 805 1577 861; x_wconf 90' lang='lat' dir='ltr'><strong>et</strong></span> <span class='ocrx_word' id='word_1_34' title='bbox 1595 796 1685 860; x_wconf 90' lang='lat' dir='ltr'><strong>inlir-</strong></span> 
     </span>
     <span class='ocr_line' id='line_1_4' title="bbox 134 897 1684 988; baseline -0.006 -20"><span class='ocrx_word' id='word_1_35' title='bbox 134 907 306 970; x_wconf 88' lang='lat' dir='ltr'><strong>memorari</strong></span> <span class='ocrx_word' id='word_1_36' title='bbox 322 905 478 988; x_wconf 88' lang='lat' dir='ltr'><strong>exempla,</strong></span> <span class='ocrx_word' id='word_1_37' title='bbox 494 905 646 968; x_wconf 90' lang='lat' dir='ltr'><strong>videlicet</strong></span> <span class='ocrx_word' id='word_1_38' title='bbox 657 909 809 986; x_wconf 89' lang='lat' dir='ltr'><strong>quantam</strong></span> <span class='ocrx_word' id='word_1_39' title='bbox 825 901 885 963; x_wconf 89' lang='lat' dir='ltr'><strong>mi·</strong></span> <span class='ocrx_word' id='word_1_40' title='bbox 938 901 995 974; x_wconf 89' lang='lat' dir='ltr'><strong>mi,</strong></span> <span class='ocrx_word' id='word_1_41' title='bbox 1011 919 1048 962; x_wconf 90' lang='lat' dir='ltr'><strong>ac</strong></span> <span class='ocrx_word' id='word_1_42' title='bbox 1063 900 1159 963; x_wconf 90' lang='lat' dir='ltr'><strong>tantis</strong></span> <span class='ocrx_word' id='word_1_43' title='bbox 1179 899 1331 983; x_wconf 89' lang='lat' dir='ltr'><strong>periculis</strong></span> <span class='ocrx_word' id='word_1_44' title='bbox 1345 899 1481 982; x_wconf 85' lang='lat' dir='ltr'><strong>expositi</strong></span> <span class='ocrx_word' id='word_1_45' title='bbox 1499 897 1684 981; x_wconf 81' lang='lat' dir='ltr'><strong>laqueisque</strong></span> 
     </span>
     <span class='ocr_line' id='line_1_5' title="bbox 11 995 1685 1079; baseline -0.004 -15"><span class='ocrx_word' id='word_1_46' title='bbox 11 1021 120 1076; x_wconf 55' lang='lat' dir='ltr'><strong>raanan,</strong></span> <span class='ocrx_word' id='word_1_47' title='bbox 135 1003 341 1067; x_wconf 87' lang='lat' dir='ltr'><strong>sericordiam</strong></span> <span class='ocrx_word' id='word_1_48' title='bbox 361 1003 437 1067; x_wconf 88' lang='lat' dir='ltr'><strong>lecit</strong></span> <span class='ocrx_word' id='word_1_49' title='bbox 451 1021 525 1066; x_wconf 89' lang='lat' dir='ltr'><strong>cum</strong></span> <span class='ocrx_word' id='word_1_50' title='bbox 544 1002 656 1075; x_wconf 89' lang='lat' dir='ltr'><strong>David,</strong></span> <span class='ocrx_word' id='word_1_51' title='bbox 673 1000 738 1062; x_wconf 89' lang='lat' dir='ltr'><strong>imo</strong></span> <span class='ocrx_word' id='word_1_52' title='bbox 757 1006 789 1060; x_wconf 91' lang='lat' dir='ltr'><strong>et</strong></span> <span class='ocrx_word' id='word_1_53' title='bbox 808 1017 881 1060; x_wconf 92' lang='lat' dir='ltr'><strong>cum</strong></span> <span class='ocrx_word' id='word_1_54' title='bbox 938 999 1138 1074; x_wconf 86' lang='lat' dir='ltr'><strong>circumdati,</strong></span> <span class='ocrx_word' id='word_1_55' title='bbox 1160 998 1314 1061; x_wconf 89' lang='lat' dir='ltr'><strong>debemus</strong></span> <span class='ocrx_word' id='word_1_56' title='bbox 1338 1015 1396 1060; x_wconf 93' lang='lat' dir='ltr'><strong>nos</strong></span> <span class='ocrx_word' id='word_1_57' title='bbox 1421 997 1454 1060; x_wconf 89' lang='lat' dir='ltr'><strong>in</strong></span> <span class='ocrx_word' id='word_1_58' title='bbox 1478 995 1592 1079; x_wconf 89' lang='lat' dir='ltr'><strong>primis</strong></span> <span class='ocrx_word' id='word_1_59' title='bbox 1613 1013 1685 1078; x_wconf 79' lang='lat' dir='ltr'><strong>pro</strong></span> 
     </span>
     <span class='ocr_line' id='line_1_6' title="bbox 11 1087 1686 1182; baseline -0.005 -17"><span class='ocrx_word' id='word_1_60' title='bbox 11 1087 26 1126; x_wconf 82' lang='lat'><strong>³·</strong></span> <span class='ocrx_word' id='word_1_61' title='bbox 135 1101 313 1177; x_wconf 88' lang='lat' dir='ltr'><strong>Salomone,</strong></span> <span class='ocrx_word' id='word_1_62' title='bbox 335 1101 513 1165; x_wconf 89' lang='lat' dir='ltr'><strong>secundum</strong></span> <span class='ocrx_word' id='word_1_63' title='bbox 536 1100 764 1182; x_wconf 82' lang='lat' dir='ltr'><strong>Hieronymum</strong></span> <span class='ocrx_word' id='word_1_64' title='bbox 788 1104 883 1179; x_wconf 88' lang='lat' dir='ltr'><strong>atque</strong></span> <span class='ocrx_word' id='word_1_65' title='bbox 938 1097 1129 1161; x_wconf 79' lang='lat' dir='ltr'><strong>fundissime</strong></span> <span class='ocrx_word' id='word_1_66' title='bbox 1144 1097 1325 1174; x_wconf 85' lang='lat' dir='ltr'><strong>humiliare,</strong></span> <span class='ocrx_word' id='word_1_67' title='bbox 1337 1105 1369 1160; x_wconf 92' lang='lat' dir='ltr'><strong>et</strong></span> <span class='ocrx_word' id='word_1_68' title='bbox 1383 1113 1511 1160; x_wconf 91' lang='lat' dir='ltr'><strong>omnem</strong></span> <span class='ocrx_word' id='word_1_69' title='bbox 1526 1094 1686 1159; x_wconf 83' lang='lat' dir='ltr'><strong>delectuo</strong></span> 
     </span>
     <span class='ocr_line' id='line_1_7' title="bbox 134 1192 1685 1277; baseline -0.005 -15"><span class='ocrx_word' id='word_1_70' title='bbox 134 1199 339 1263; x_wconf 83' lang='lat' dir='ltr'><strong>Ambrosium</strong></span> <span class='ocrx_word' id='word_1_71' title='bbox 360 1205 538 1263; x_wconf 79' lang='lat' dir='ltr'><strong>asserentes</strong></span> <span class='ocrx_word' id='word_1_72' title='bbox 552 1217 628 1260; x_wconf 90' lang='lat' dir='ltr'><strong>eum</strong></span> <span class='ocrx_word' id='word_1_73' title='bbox 643 1196 798 1260; x_wconf 88' lang='lat' dir='ltr'><strong>veraciter</strong></span> <span class='ocrx_word' id='word_1_74' title='bbox 817 1213 883 1277; x_wconf 89' lang='lat' dir='ltr'><strong>poe·</strong></span> <span class='ocrx_word' id='word_1_75' title='bbox 938 1196 1064 1258; x_wconf 86' lang='lat' dir='ltr'><strong>sitalem</strong></span> <span class='ocrx_word' id='word_1_76' title='bbox 1079 1214 1115 1258; x_wconf 91' lang='lat' dir='ltr'><strong>ac</strong></span> <span class='ocrx_word' id='word_1_77' title='bbox 1131 1194 1395 1258; x_wconf 85' lang='lat' dir='ltr'><strong>iusullicientiam</strong></span> <span class='ocrx_word' id='word_1_78' title='bbox 1416 1200 1556 1257; x_wconf 91' lang='lat' dir='ltr'><strong>nostram</strong></span> <span class='ocrx_word' id='word_1_79' title='bbox 1574 1192 1685 1256; x_wconf 90' lang='lat' dir='ltr'><strong>adver·</strong></span> 
     </span>
     <span class='ocr_line' id='line_1_8' title="bbox 21 1291 1683 1379; baseline -0.004 -19"><span class='ocrx_word' id='word_1_80' title='bbox 21 1317 38 1360; x_wconf 89' lang='lat' dir='ltr'><strong>n</strong></span> <span class='ocrx_word' id='word_1_81' title='bbox 52 1316 108 1359; x_wconf 69' lang='lat' dir='ltr'><strong>aar.</strong></span> <span class='ocrx_word' id='word_1_82' title='bbox 135 1297 281 1371; x_wconf 90' lang='lat' dir='ltr'><strong>nituisse,</strong></span> <span class='ocrx_word' id='word_1_83' title='bbox 293 1303 325 1360; x_wconf 90' lang='lat' dir='ltr'><strong>et</strong></span> <span class='ocrx_word' id='word_1_84' title='bbox 340 1315 413 1359; x_wconf 91' lang='lat' dir='ltr'><strong>cum</strong></span> <span class='ocrx_word' id='word_1_85' title='bbox 429 1315 503 1379; x_wconf 83' lang='lat' dir='ltr'><strong>rege</strong></span> <span class='ocrx_word' id='word_1_86' title='bbox 518 1293 794 1368; x_wconf 89' lang='lat' dir='ltr'><strong>ldanasse,deiude</strong></span> <span class='ocrx_word' id='word_1_87' title='bbox 809 1311 882 1356; x_wconf 90' lang='lat' dir='ltr'><strong>curn</strong></span> <span class='ocrx_word' id='word_1_88' title='bbox 938 1303 1005 1358; x_wconf 89' lang='lat' dir='ltr'><strong>tere</strong></span> <span class='ocrx_word' id='word_1_89' title='bbox 1024 1313 1060 1357; x_wconf 92' lang='lat' dir='ltr'><strong>ac</strong></span> <span class='ocrx_word' id='word_1_90' title='bbox 1080 1293 1183 1368; x_wconf 87' lang='lat' dir='ltr'><strong>lateri,</strong></span> <span class='ocrx_word' id='word_1_91' title='bbox 1200 1293 1310 1376; x_wconf 91' lang='lat' dir='ltr'><strong>sicque</strong></span> <span class='ocrx_word' id='word_1_92' title='bbox 1331 1294 1371 1356; x_wconf 92' lang='lat' dir='ltr'><strong>ad</strong></span> <span class='ocrx_word' id='word_1_93' title='bbox 1387 1294 1489 1356; x_wconf 84' lang='lat' dir='ltr'><strong>Deum</strong></span> <span class='ocrx_word' id='word_1_94' title='bbox 1508 1291 1683 1374; x_wconf 84' lang='lat' dir='ltr'><strong>adspicere,</strong></span> 
     </span>
     <span class='ocr_line' id='line_1_9' title="bbox 11 1383 1685 1476; baseline -0.004 -18"><span class='ocrx_word' id='word_1_95' title='bbox 11 1393 62 1427; x_wconf 82' lang='lat'><strong>¹¹¹¹¹¹</strong></span> <span class='ocrx_word' id='word_1_96' title='bbox 73 1383 104 1422; x_wconf 87' lang='lat'><strong>¹³·</strong></span> <span class='ocrx_word' id='word_1_97' title='bbox 136 1394 231 1457; x_wconf 85' lang='lat' dir='ltr'><strong>Maria</strong></span> <span class='ocrx_word' id='word_1_98' title='bbox 246 1395 438 1476; x_wconf 79' lang='lat' dir='ltr'><strong>hlagdalene,</strong></span> <span class='ocrx_word' id='word_1_99' title='bbox 456 1395 595 1468; x_wconf 84' lang='lat' dir='ltr'><strong>Zachaeo,</strong></span> <span class='ocrx_word' id='word_1_100' title='bbox 607 1392 740 1466; x_wconf 86' lang='lat' dir='ltr'><strong>latrone,</strong></span> <span class='ocrx_word' id='word_1_101' title='bbox 751 1409 788 1453; x_wconf 89' lang='lat' dir='ltr'><strong>ac</strong></span> <span class='ocrx_word' id='word_1_102' title='bbox 803 1390 881 1453; x_wconf 91' lang='lat' dir='ltr'><strong>aliis.</strong></span> <span class='ocrx_word' id='word_1_103' title='bbox 938 1399 970 1456; x_wconf 92' lang='lat' dir='ltr'><strong>et</strong></span> <span class='ocrx_word' id='word_1_104' title='bbox 984 1393 1054 1474; x_wconf 91' lang='lat' dir='ltr'><strong>ejus</strong></span> <span class='ocrx_word' id='word_1_105' title='bbox 1073 1392 1231 1454; x_wconf 92' lang='lat' dir='ltr'><strong>auxilium</strong></span> <span class='ocrx_word' id='word_1_106' title='bbox 1248 1391 1367 1474; x_wconf 84' lang='lat' dir='ltr'><strong>jugiter</strong></span> <span class='ocrx_word' id='word_1_107' title='bbox 1387 1391 1535 1454; x_wconf 89' lang='lat' dir='ltr'><strong>invocare</strong></span> <span class='ocrx_word' id='word_1_108' title='bbox 1552 1406 1559 1451; x_wconf 91' lang='lat'><strong>:</strong></span> <span class='ocrx_word' id='word_1_109' title='bbox 1575 1389 1685 1472; x_wconf 89' lang='lat' dir='ltr'><strong>sicque</strong></span> 
     </span>
    </p>
   </div>
   <div class='ocr_carea' id='block_1_4' title="bbox 11 1445 1831 1573">
    <p class='ocr_par' dir='ltr' id='par_1_4' title="bbox 11 1445 1831 1573">
     <span class='ocr_line' id='line_1_10' title="bbox 11 1445 1831 1573; baseline -0.004 -19"><span class='ocrx_word' id='word_1_110' title='bbox 11 1445 122 1557; x_wconf 32' lang='lat' dir='ltr'><strong>&amp;annisi</strong></span> <span class='ocrx_word' id='word_1_111' title='bbox 174 1493 338 1568; x_wconf 74' lang='lat' dir='ltr'><strong>Praeterea,</strong></span> <span class='ocrx_word' id='word_1_112' title='bbox 361 1493 521 1556; x_wconf 90' lang='lat' dir='ltr'><strong>interdum</strong></span> <span class='ocrx_word' id='word_1_113' title='bbox 547 1491 642 1555; x_wconf 91' lang='lat' dir='ltr'><strong>debet</strong></span> <span class='ocrx_word' id='word_1_114' title='bbox 665 1489 882 1554; x_wconf 89' lang='lat' dir='ltr'><strong>homobonus</strong></span> <span class='ocrx_word' id='word_1_115' title='bbox 938 1489 1170 1573; x_wconf 89' lang='lat' dir='ltr'><strong>insuperabiles</strong></span> <span class='ocrx_word' id='word_1_116' title='bbox 1189 1491 1319 1554; x_wconf 90' lang='lat' dir='ltr'><strong>erimus.</strong></span> <span class='ocrx_word' id='word_1_117' title='bbox 1335 1490 1415 1553; x_wconf 89' lang='lat' dir='ltr'><strong>Nam</strong></span> <span class='ocrx_word' id='word_1_118' title='bbox 1435 1489 1519 1552; x_wconf 92' lang='lat' dir='ltr'><strong>sicut</strong></span> <span class='ocrx_word' id='word_1_119' title='bbox 1537 1487 1685 1570; x_wconf 86' lang='lat' dir='ltr'><strong>superbis</strong></span> <span class='ocrx_word' id='word_1_120' title='bbox 1711 1503 1787 1548; x_wconf 66' lang='lat' dir='ltr'><strong>aava.</strong></span> <span class='ocrx_word' id='word_1_121' title='bbox 1801 1519 1831 1556; x_wconf 61' lang='lat' dir='ltr'><strong>tv,</strong></span> 
     </span>
    </p>
   </div>
   <div class='ocr_carea' id='block_1_5' title="bbox 11 1567 1930 5409">
    <p class='ocr_par' dir='ltr' id='par_1_5' title="bbox 11 1567 1930 2362">
     <span class='ocr_line' id='line_1_11' title="bbox 11 1567 1930 1682; baseline -0.003 -28"><span class='ocrx_word' id='word_1_122' title='bbox 11 1573 26 1612; x_wconf 78' lang='lat'><strong>³·</strong></span> <span class='ocrx_word' id='word_1_123' title='bbox 136 1611 169 1654; x_wconf 88' lang='lat' dir='ltr'><strong>se</strong></span> <span class='ocrx_word' id='word_1_124' title='bbox 190 1591 298 1674; x_wconf 91' lang='lat' dir='ltr'><strong>ipsum</strong></span> <span class='ocrx_word' id='word_1_125' title='bbox 317 1590 495 1654; x_wconf 79' lang='lat' dir='ltr'><strong>confortare</strong></span> <span class='ocrx_word' id='word_1_126' title='bbox 515 1591 548 1652; x_wconf 90' lang='lat' dir='ltr'><strong>in</strong></span> <span class='ocrx_word' id='word_1_127' title='bbox 568 1589 703 1682; x_wconf 86' lang='lat' dir='ltr'><strong>Domino</strong></span> <span class='ocrx_word' id='word_1_128' title='bbox 723 1609 761 1652; x_wconf 92' lang='lat' dir='ltr'><strong>ex</strong></span> <span class='ocrx_word' id='word_1_129' title='bbox 781 1588 883 1650; x_wconf 90' lang='lat' dir='ltr'><strong>cousi·</strong></span> <span class='ocrx_word' id='word_1_130' title='bbox 938 1589 1021 1652; x_wconf 87' lang='lat' dir='ltr'><strong>Deus</strong></span> <span class='ocrx_word' id='word_1_131' title='bbox 1046 1589 1176 1662; x_wconf 89' lang='lat' dir='ltr'><strong>resistit,</strong></span> <span class='ocrx_word' id='word_1_132' title='bbox 1203 1588 1246 1650; x_wconf 88' lang='lat' dir='ltr'><strong>ita</strong></span> <span class='ocrx_word' id='word_1_133' title='bbox 1270 1587 1448 1650; x_wconf 90' lang='lat' dir='ltr'><strong>humilibus</strong></span> <span class='ocrx_word' id='word_1_134' title='bbox 1471 1586 1605 1649; x_wconf 91' lang='lat' dir='ltr'><strong>adsistit.</strong></span> <span class='ocrx_word' id='word_1_135' title='bbox 1633 1567 1831 1674; x_wconf 64' lang='lat' dir='ltr'><strong>Se-}{¹P⁶‘&#39;·⁷&#39;</strong></span> <span class='ocrx_word' id='word_1_136' title='bbox 1925 1596 1930 1604; x_wconf 86' lang='lat'>&#39;</span> 
     </span>
     <span class='ocr_line' id='line_1_12' title="bbox 135 1685 1685 1774; baseline -0.005 -22"><span class='ocrx_word' id='word_1_137' title='bbox 135 1689 298 1752; x_wconf 78' lang='lat' dir='ltr'><strong>dotatione</strong></span> <span class='ocrx_word' id='word_1_138' title='bbox 320 1707 453 1771; x_wconf 88' lang='lat' dir='ltr'><strong>operum</strong></span> <span class='ocrx_word' id='word_1_139' title='bbox 476 1687 632 1751; x_wconf 89' lang='lat' dir='ltr'><strong>honorum</strong></span> <span class='ocrx_word' id='word_1_140' title='bbox 656 1707 726 1770; x_wconf 85' lang='lat' dir='ltr'><strong>qum</strong></span> <span class='ocrx_word' id='word_1_141' title='bbox 749 1685 835 1760; x_wconf 91' lang='lat' dir='ltr'><strong>lecit,</strong></span> <span class='ocrx_word' id='word_1_142' title='bbox 852 1693 884 1748; x_wconf 90' lang='lat' dir='ltr'><strong>et</strong></span> <span class='ocrx_word' id='word_1_143' title='bbox 938 1688 1061 1750; x_wconf 85' lang='lat' dir='ltr'><strong>curdus</strong></span> <span class='ocrx_word' id='word_1_144' title='bbox 1077 1688 1190 1751; x_wconf 91' lang='lat' dir='ltr'><strong>modus</strong></span> <span class='ocrx_word' id='word_1_145' title='bbox 1205 1686 1385 1758; x_wconf 91' lang='lat' dir='ltr'><strong>resistendi,</strong></span> <span class='ocrx_word' id='word_1_146' title='bbox 1403 1693 1451 1748; x_wconf 90' lang='lat' dir='ltr'><strong>est</strong></span> <span class='ocrx_word' id='word_1_147' title='bbox 1466 1692 1548 1748; x_wconf 93' lang='lat' dir='ltr'><strong>stare</strong></span> <span class='ocrx_word' id='word_1_148' title='bbox 1561 1685 1597 1774; x_wconf 31' lang='lat' dir='ltr'><strong>&#39;in</strong></span> <span class='ocrx_word' id='word_1_149' title='bbox 1613 1701 1685 1746; x_wconf 88' lang='lat' dir='ltr'><strong>con-</strong></span> 
     </span>
     <span class='ocr_line' id='line_1_13' title="bbox 135 1784 1684 1870; baseline -0.003 -21"><span class='ocrx_word' id='word_1_150' title='bbox 135 1788 378 1851; x_wconf 89' lang='lat' dir='ltr'><strong>tribulationum</strong></span> <span class='ocrx_word' id='word_1_151' title='bbox 403 1807 482 1869; x_wconf 92' lang='lat' dir='ltr'><strong>quas</strong></span> <span class='ocrx_word' id='word_1_152' title='bbox 506 1805 565 1870; x_wconf 95' lang='lat' dir='ltr'><strong>pro</strong></span> <span class='ocrx_word' id='word_1_153' title='bbox 589 1788 653 1851; x_wconf 87' lang='lat' dir='ltr'><strong>Deo</strong></span> <span class='ocrx_word' id='word_1_154' title='bbox 677 1793 731 1849; x_wconf 91' lang='lat' dir='ltr'><strong>aut</strong></span> <span class='ocrx_word' id='word_1_155' title='bbox 754 1792 883 1868; x_wconf 88' lang='lat' dir='ltr'><strong>propter</strong></span> <span class='ocrx_word' id='word_1_156' title='bbox 938 1786 1029 1848; x_wconf 91' lang='lat' dir='ltr'><strong>tinuo</strong></span> <span class='ocrx_word' id='word_1_157' title='bbox 1044 1785 1099 1848; x_wconf 89' lang='lat' dir='ltr'><strong>Dei</strong></span> <span class='ocrx_word' id='word_1_158' title='bbox 1116 1785 1241 1859; x_wconf 89' lang='lat' dir='ltr'><strong>timore,</strong></span> <span class='ocrx_word' id='word_1_159' title='bbox 1254 1803 1317 1848; x_wconf 90' lang='lat' dir='ltr'><strong>non</strong></span> <span class='ocrx_word' id='word_1_160' title='bbox 1332 1784 1364 1846; x_wconf 95' lang='lat' dir='ltr'><strong>in</strong></span> <span class='ocrx_word' id='word_1_161' title='bbox 1380 1785 1487 1866; x_wconf 88' lang='lat' dir='ltr'><strong>aliqua</strong></span> <span class='ocrx_word' id='word_1_162' title='bbox 1501 1801 1582 1846; x_wconf 91' lang='lat' dir='ltr'><strong>vana</strong></span> <span class='ocrx_word' id='word_1_163' title='bbox 1597 1801 1684 1846; x_wconf 91' lang='lat' dir='ltr'><strong>secu·</strong></span> 
     </span>
     <span class='ocr_line' id='line_1_14' title="bbox 134 1880 1685 1968; baseline -0.005 -19"><span class='ocrx_word' id='word_1_164' title='bbox 134 1887 237 1949; x_wconf 85' lang='lat' dir='ltr'><strong>Deum</strong></span> <span class='ocrx_word' id='word_1_165' title='bbox 251 1886 304 1968; x_wconf 92' lang='lat' dir='ltr'><strong>pie</strong></span> <span class='ocrx_word' id='word_1_166' title='bbox 320 1885 554 1960; x_wconf 90' lang='lat' dir='ltr'><strong>sustinuit,non</strong></span> <span class='ocrx_word' id='word_1_167' title='bbox 570 1885 706 1948; x_wconf 87' lang='lat' dir='ltr'><strong>inaniter</strong></span> <span class='ocrx_word' id='word_1_168' title='bbox 720 1883 883 1965; x_wconf 81' lang='lat' dir='ltr'><strong>gloriando</strong></span> <span class='ocrx_word' id='word_1_169' title='bbox 901 1880 925 1943; x_wconf 91' lang='lat' dir='ltr'>B</span> <span class='ocrx_word' id='word_1_170' title='bbox 941 1883 1126 1964; x_wconf 87' lang='lat' dir='ltr'><strong>ritate‚quia</strong></span> <span class='ocrx_word' id='word_1_171' title='bbox 1141 1883 1173 1944; x_wconf 89' lang='lat' dir='ltr'><strong>in</strong></span> <span class='ocrx_word' id='word_1_172' title='bbox 1190 1883 1293 1946; x_wconf 90' lang='lat' dir='ltr'><strong>medio</strong></span> <span class='ocrx_word' id='word_1_173' title='bbox 1309 1883 1495 1965; x_wconf 88' lang='lat' dir='ltr'><strong>laqueorum</strong></span> <span class='ocrx_word' id='word_1_174' title='bbox 1510 1900 1685 1955; x_wconf 90' lang='lat' dir='ltr'><strong>versamur,</strong></span> 
     </span>
     <span class='ocr_line' id='line_1_15' title="bbox 133 1980 1686 2064; baseline -0.003 -18"><span class='ocrx_word' id='word_1_175' title='bbox 133 1985 174 2046; x_wconf 91' lang='lat' dir='ltr'><strong>de</strong></span> <span class='ocrx_word' id='word_1_176' title='bbox 199 1984 260 2058; x_wconf 92' lang='lat' dir='ltr'><strong>his,</strong></span> <span class='ocrx_word' id='word_1_177' title='bbox 285 1991 340 2047; x_wconf 91' lang='lat' dir='ltr'><strong>aut</strong></span> <span class='ocrx_word' id='word_1_178' title='bbox 363 1985 430 2047; x_wconf 90' lang='lat' dir='ltr'><strong>suis</strong></span> <span class='ocrx_word' id='word_1_179' title='bbox 454 2003 491 2048; x_wconf 91' lang='lat' dir='ltr'><strong>ea</strong></span> <span class='ocrx_word' id='word_1_180' title='bbox 514 1984 638 2047; x_wconf 91' lang='lat' dir='ltr'><strong>viribus</strong></span> <span class='ocrx_word' id='word_1_181' title='bbox 661 1983 882 2056; x_wconf 88' lang='lat' dir='ltr'><strong>adscribendo,</strong></span> <span class='ocrx_word' id='word_1_182' title='bbox 940 1989 971 2045; x_wconf 90' lang='lat' dir='ltr'><strong>et</strong></span> <span class='ocrx_word' id='word_1_183' title='bbox 1003 1981 1145 2064; x_wconf 90' lang='lat' dir='ltr'><strong>pericula</strong></span> <span class='ocrx_word' id='word_1_184' title='bbox 1177 1989 1284 2044; x_wconf 86' lang='lat' dir='ltr'><strong>nostra</strong></span> <span class='ocrx_word' id='word_1_185' title='bbox 1315 1989 1390 2044; x_wconf 91' lang='lat' dir='ltr'><strong>sunt</strong></span> <span class='ocrx_word' id='word_1_186' title='bbox 1422 1980 1560 2053; x_wconf 87' lang='lat' dir='ltr'><strong>infinita,</strong></span> <span class='ocrx_word' id='word_1_187' title='bbox 1590 1987 1686 2061; x_wconf 88' lang='lat' dir='ltr'><strong>atque</strong></span> 
     </span>
     <span class='ocr_line' id='line_1_16' title="bbox 135 2077 1687 2161; baseline -0.005 -16"><span class='ocrx_word' id='word_1_188' title='bbox 135 2083 191 2145; x_wconf 90' lang='lat' dir='ltr'><strong>sed</strong></span> <span class='ocrx_word' id='word_1_189' title='bbox 220 2083 330 2146; x_wconf 88' lang='lat' dir='ltr'><strong>omnia</strong></span> <span class='ocrx_word' id='word_1_190' title='bbox 357 2083 430 2146; x_wconf 87' lang='lat' dir='ltr'><strong>Deo.</strong></span> <span class='ocrx_word' id='word_1_191' title='bbox 458 2083 509 2146; x_wconf 90' lang='lat' dir='ltr'><strong>Sic</strong></span> <span class='ocrx_word' id='word_1_192' title='bbox 538 2082 625 2144; x_wconf 90' lang='lat' dir='ltr'><strong>enim</strong></span> <span class='ocrx_word' id='word_1_193' title='bbox 650 2081 800 2144; x_wconf 83' lang='lat' dir='ltr'><strong>Ezechias</strong></span> <span class='ocrx_word' id='word_1_194' title='bbox 829 2099 884 2142; x_wconf 89' lang='lat' dir='ltr'><strong>rex</strong></span> <span class='ocrx_word' id='word_1_195' title='bbox 939 2080 1071 2143; x_wconf 89' lang='lat' dir='ltr'><strong>omnino</strong></span> <span class='ocrx_word' id='word_1_196' title='bbox 1089 2079 1204 2141; x_wconf 83' lang='lat' dir='ltr'><strong>incerti</strong></span> <span class='ocrx_word' id='word_1_197' title='bbox 1226 2079 1431 2142; x_wconf 87' lang='lat' dir='ltr'><strong>consistimus</strong></span> <span class='ocrx_word' id='word_1_198' title='bbox 1449 2078 1528 2161; x_wconf 94' lang='lat' dir='ltr'><strong>quid</strong></span> <span class='ocrx_word' id='word_1_199' title='bbox 1547 2077 1687 2140; x_wconf 78' lang='lat' dir='ltr'><strong>finaliter</strong></span> 
     </span>
     <span class='ocr_line' id='line_1_17' title="bbox 135 2175 1687 2263; baseline -0.003 -21"><span class='ocrx_word' id='word_1_200' title='bbox 135 2181 307 2255; x_wconf 86' lang='lat' dir='ltr'><strong>virtuosus,</strong></span> <span class='ocrx_word' id='word_1_201' title='bbox 329 2200 429 2263; x_wconf 90' lang='lat' dir='ltr'><strong>quum</strong></span> <span class='ocrx_word' id='word_1_202' title='bbox 450 2200 468 2242; x_wconf 90' lang='lat' dir='ltr'><strong>a</strong></span> <span class='ocrx_word' id='word_1_203' title='bbox 489 2199 562 2261; x_wconf 83' lang='lat' dir='ltr'><strong>rege</strong></span> <span class='ocrx_word' id='word_1_204' title='bbox 585 2179 807 2243; x_wconf 89' lang='lat' dir='ltr'><strong>crudelissimo</strong></span> <span class='ocrx_word' id='word_1_205' title='bbox 828 2179 885 2240; x_wconf 91' lang='lat' dir='ltr'><strong>im·</strong></span> <span class='ocrx_word' id='word_1_206' title='bbox 939 2178 998 2241; x_wconf 87' lang='lat' dir='ltr'><strong>fiet</strong></span> <span class='ocrx_word' id='word_1_207' title='bbox 1019 2179 1058 2240; x_wconf 93' lang='lat' dir='ltr'><strong>de</strong></span> <span class='ocrx_word' id='word_1_208' title='bbox 1080 2177 1182 2241; x_wconf 92' lang='lat' dir='ltr'><strong>nobis.</strong></span> <span class='ocrx_word' id='word_1_209' title='bbox 1203 2177 1284 2240; x_wconf 84' lang='lat' dir='ltr'><strong>ilinc</strong></span> <span class='ocrx_word' id='word_1_210' title='bbox 1308 2177 1341 2239; x_wconf 90' lang='lat' dir='ltr'><strong>in</strong></span> <span class='ocrx_word' id='word_1_211' title='bbox 1366 2176 1589 2240; x_wconf 84' lang='lat' dir='ltr'><strong>Ecclesiastico</strong></span> <span class='ocrx_word' id='word_1_212' title='bbox 1611 2175 1687 2238; x_wconf 94' lang='lat' dir='ltr'><strong>dici-</strong></span> 
     </span>
     <span class='ocr_line' id='line_1_18' title="bbox 136 2275 1799 2362; baseline -0.003 -21"><span class='ocrx_word' id='word_1_213' title='bbox 136 2288 341 2361; x_wconf 82' lang='lat' dir='ltr'><strong>pugnaretur,</strong></span> <span class='ocrx_word' id='word_1_214' title='bbox 359 2280 549 2344; x_wconf 77' lang='lat' dir='ltr'><strong>confortavit</strong></span> <span class='ocrx_word' id='word_1_215' title='bbox 569 2299 602 2342; x_wconf 89' lang='lat' dir='ltr'><strong>se</strong></span> <span class='ocrx_word' id='word_1_216' title='bbox 625 2280 730 2362; x_wconf 90' lang='lat' dir='ltr'><strong>ipsum</strong></span> <span class='ocrx_word' id='word_1_217' title='bbox 754 2277 786 2339; x_wconf 95' lang='lat' dir='ltr'><strong>in</strong></span> <span class='ocrx_word' id='word_1_218' title='bbox 808 2278 883 2351; x_wconf 85' lang='lat' dir='ltr'><strong>Dec,</strong></span> <span class='ocrx_word' id='word_1_219' title='bbox 940 2283 1015 2339; x_wconf 90' lang='lat' dir='ltr'><strong>tur:</strong></span> <span class='ocrx_word' id='word_1_220' title='bbox 1033 2277 1067 2338; x_wconf 95' lang='lat' dir='ltr'><strong>ln</strong></span> <span class='ocrx_word' id='word_1_221' title='bbox 1086 2275 1261 2338; x_wconf 90' lang='lat' dir='ltr'><strong>tentatione</strong></span> <span class='ocrx_word' id='word_1_222' title='bbox 1281 2276 1363 2337; x_wconf 88' lang='lat' dir='ltr'><strong>Deus</strong></span> <span class='ocrx_word' id='word_1_223' title='bbox 1382 2276 1548 2338; x_wconf 87' lang='lat' dir='ltr'><strong>timentem</strong></span> <span class='ocrx_word' id='word_1_224' title='bbox 1571 2293 1604 2336; x_wconf 89' lang='lat' dir='ltr'><strong>se</strong></span> <span class='ocrx_word' id='word_1_225' title='bbox 1624 2292 1686 2336; x_wconf 89' lang='lat' dir='ltr'><strong>ser·</strong></span> <span class='ocrx_word' id='word_1_226' title='bbox 1726 2291 1799 2336; x_wconf 68' lang='lat' dir='ltr'><strong>acere</strong></span> 
     </span>
    </p>

    <p class='ocr_par' dir='ltr' id='par_1_6' title="bbox 43 2359 1808 4229">
     <span class='ocr_line' id='line_1_19' title="bbox 43 2359 1808 2460; baseline -0.003 -20"><span class='ocrx_word' id='word_1_227' title='bbox 43 2403 55 2432; x_wconf 78' lang='lat' dir='ltr'><strong>e</strong></span> <span class='ocrx_word' id='word_1_228' title='bbox 73 2405 120 2441; x_wconf 64' lang='lat' dir='ltr'><strong>ax.</strong></span> <span class='ocrx_word' id='word_1_229' title='bbox 135 2378 272 2441; x_wconf 89' lang='lat' dir='ltr'><strong>dicendo</strong></span> <span class='ocrx_word' id='word_1_230' title='bbox 287 2396 294 2441; x_wconf 90' lang='lat'>:</span> <span class='ocrx_word' id='word_1_231' title='bbox 311 2379 478 2454; x_wconf 81' lang='lat' dir='ltr'><strong>Memento,</strong></span> <span class='ocrx_word' id='word_1_232' title='bbox 490 2378 635 2451; x_wconf 87' lang='lat' dir='ltr'><strong>Domine,</strong></span> <span class='ocrx_word' id='word_1_233' title='bbox 647 2377 806 2460; x_wconf 89' lang='lat' dir='ltr'><strong>quomodo</strong></span> <span class='ocrx_word' id='word_1_234' title='bbox 821 2395 885 2438; x_wconf 88' lang='lat' dir='ltr'><strong>am·</strong></span> <span class='ocrx_word' id='word_1_235' title='bbox 940 2375 1037 2450; x_wconf 91' lang='lat' dir='ltr'><strong>vahit‚</strong></span> <span class='ocrx_word' id='word_1_236' title='bbox 1054 2383 1086 2438; x_wconf 92' lang='lat' dir='ltr'><strong>et</strong></span> <span class='ocrx_word' id='word_1_237' title='bbox 1101 2373 1250 2437; x_wconf 87' lang='lat' dir='ltr'><strong>liberabit</strong></span> <span class='ocrx_word' id='word_1_238' title='bbox 1270 2393 1288 2435; x_wconf 88' lang='lat' dir='ltr'><strong>a</strong></span> <span class='ocrx_word' id='word_1_239' title='bbox 1310 2374 1410 2436; x_wconf 87' lang='lat' dir='ltr'><strong>malis.</strong></span> <span class='ocrx_word' id='word_1_240' title='bbox 1430 2375 1591 2446; x_wconf 83' lang='lat' dir='ltr'><strong>Praeterea,</strong></span> <span class='ocrx_word' id='word_1_241' title='bbox 1608 2392 1686 2455; x_wconf 93' lang='lat' dir='ltr'><strong>qua·</strong></span> <span class='ocrx_word' id='word_1_242' title='bbox 1700 2368 1772 2407; x_wconf 64' lang='lat' dir='ltr'><strong>mm·</strong></span> <span class='ocrx_word' id='word_1_243' title='bbox 1788 2359 1808 2398; x_wconf 89' lang='lat'><strong>¹·</strong></span> 
     </span>
     <span class='ocr_line' id='line_1_20' title="bbox 134 2471 1686 2546; baseline -0.003 -9"><span class='ocrx_word' id='word_1_244' title='bbox 134 2474 314 2539; x_wconf 88' lang='lat' dir='ltr'><strong>bulaverim</strong></span> <span class='ocrx_word' id='word_1_245' title='bbox 331 2494 437 2539; x_wconf 89' lang='lat' dir='ltr'><strong>coram</strong></span> <span class='ocrx_word' id='word_1_246' title='bbox 452 2483 483 2539; x_wconf 94' lang='lat' dir='ltr'><strong>te</strong></span> <span class='ocrx_word' id='word_1_247' title='bbox 499 2477 532 2538; x_wconf 88' lang='lat' dir='ltr'><strong>ia</strong></span> <span class='ocrx_word' id='word_1_248' title='bbox 548 2476 680 2539; x_wconf 89' lang='lat' dir='ltr'><strong>veritate</strong></span> <span class='ocrx_word' id='word_1_249' title='bbox 696 2482 726 2536; x_wconf 92' lang='lat' dir='ltr'><strong>et</strong></span> <span class='ocrx_word' id='word_1_250' title='bbox 743 2475 775 2536; x_wconf 90' lang='lat' dir='ltr'><strong>in</strong></span> <span class='ocrx_word' id='word_1_251' title='bbox 791 2473 885 2536; x_wconf 86' lang='lat' dir='ltr'><strong>corde</strong></span> <span class='ocrx_word' id='word_1_252' title='bbox 941 2474 1014 2536; x_wconf 90' lang='lat' dir='ltr'><strong>liter</strong></span> <span class='ocrx_word' id='word_1_253' title='bbox 1035 2473 1247 2537; x_wconf 88' lang='lat' dir='ltr'><strong>resistendum</strong></span> <span class='ocrx_word' id='word_1_254' title='bbox 1268 2473 1310 2534; x_wconf 93' lang='lat' dir='ltr'><strong>sit</strong></span> <span class='ocrx_word' id='word_1_255' title='bbox 1330 2471 1569 2546; x_wconf 87' lang='lat' dir='ltr'><strong>tentationibus,</strong></span> <span class='ocrx_word' id='word_1_256' title='bbox 1588 2471 1686 2533; x_wconf 88' lang='lat' dir='ltr'><strong>Deum</strong></span> 
     </span>
     <span class='ocr_line' id='line_1_21' title="bbox 135 2569 1689 2657; baseline -0.003 -21"><span class='ocrx_word' id='word_1_257' title='bbox 135 2573 288 2655; x_wconf 85' lang='lat' dir='ltr'><strong>perfecto.</strong></span> <span class='ocrx_word' id='word_1_258' title='bbox 307 2575 394 2637; x_wconf 87' lang='lat' dir='ltr'><strong>Unde</strong></span> <span class='ocrx_word' id='word_1_259' title='bbox 413 2574 445 2636; x_wconf 91' lang='lat' dir='ltr'><strong>iu</strong></span> <span class='ocrx_word' id='word_1_260' title='bbox 460 2574 676 2657; x_wconf 87' lang='lat' dir='ltr'><strong>Vitaspatrum</strong></span> <span class='ocrx_word' id='word_1_261' title='bbox 692 2573 731 2636; x_wconf 93' lang='lat' dir='ltr'><strong>de</strong></span> <span class='ocrx_word' id='word_1_262' title='bbox 747 2572 885 2654; x_wconf 88' lang='lat' dir='ltr'><strong>quodam</strong></span> <span class='ocrx_word' id='word_1_263' title='bbox 941 2571 1129 2646; x_wconf 91' lang='lat' dir='ltr'><strong>invocando,</strong></span> <span class='ocrx_word' id='word_1_264' title='bbox 1159 2571 1353 2633; x_wconf 88' lang='lat' dir='ltr'><strong>dominicam</strong></span> <span class='ocrx_word' id='word_1_265' title='bbox 1382 2571 1562 2652; x_wconf 90' lang='lat' dir='ltr'><strong>passionem</strong></span> <span class='ocrx_word' id='word_1_266' title='bbox 1591 2569 1689 2652; x_wconf 88' lang='lat' dir='ltr'><strong>inspi-</strong></span> 
     </span>
     <span class='ocr_line' id='line_1_22' title="bbox 134 2668 1688 2754; baseline -0.001 -22"><span class='ocrx_word' id='word_1_267' title='bbox 134 2678 247 2734; x_wconf 89' lang='lat' dir='ltr'><strong>sancto</strong></span> <span class='ocrx_word' id='word_1_268' title='bbox 268 2672 373 2734; x_wconf 82' lang='lat' dir='ltr'><strong>Fratre</strong></span> <span class='ocrx_word' id='word_1_269' title='bbox 393 2679 550 2744; x_wconf 89' lang='lat' dir='ltr'><strong>narratur,</strong></span> <span class='ocrx_word' id='word_1_270' title='bbox 571 2672 655 2754; x_wconf 94' lang='lat' dir='ltr'><strong>quod</strong></span> <span class='ocrx_word' id='word_1_271' title='bbox 678 2670 805 2752; x_wconf 88' lang='lat' dir='ltr'><strong>quando</strong></span> <span class='ocrx_word' id='word_1_272' title='bbox 826 2669 886 2732; x_wconf 85' lang='lat' dir='ltr'><strong>dae-</strong></span> <span class='ocrx_word' id='word_1_273' title='bbox 941 2670 1065 2744; x_wconf 88' lang='lat' dir='ltr'><strong>ciendo,</strong></span> <span class='ocrx_word' id='word_1_274' title='bbox 1082 2670 1114 2731; x_wconf 95' lang='lat' dir='ltr'><strong>in</strong></span> <span class='ocrx_word' id='word_1_275' title='bbox 1131 2669 1194 2732; x_wconf 88' lang='lat' dir='ltr'><strong>Deo</strong></span> <span class='ocrx_word' id='word_1_276' title='bbox 1214 2669 1308 2750; x_wconf 93' lang='lat' dir='ltr'><strong>plene</strong></span> <span class='ocrx_word' id='word_1_277' title='bbox 1330 2669 1497 2750; x_wconf 88' lang='lat' dir='ltr'><strong>sperando,</strong></span> <span class='ocrx_word' id='word_1_278' title='bbox 1514 2668 1688 2730; x_wconf 89' lang='lat' dir='ltr'><strong>novissima</strong></span> 
     </span>
     <span class='ocr_line' id='line_1_23' title="bbox 133 2765 1780 2851; baseline -0.004 -19"><span class='ocrx_word' id='word_1_279' title='bbox 133 2787 249 2832; x_wconf 90' lang='lat' dir='ltr'><strong>mones</strong></span> <span class='ocrx_word' id='word_1_280' title='bbox 269 2787 343 2832; x_wconf 90' lang='lat' dir='ltr'><strong>eum</strong></span> <span class='ocrx_word' id='word_1_281' title='bbox 360 2776 562 2832; x_wconf 90' lang='lat' dir='ltr'><strong>tentaverunt</strong></span> <span class='ocrx_word' id='word_1_282' title='bbox 577 2770 616 2831; x_wconf 92' lang='lat' dir='ltr'><strong>de</strong></span> <span class='ocrx_word' id='word_1_283' title='bbox 636 2768 884 2850; x_wconf 78' lang='lat' dir='ltr'><strong>praesumptione</strong></span> <span class='ocrx_word' id='word_1_284' title='bbox 941 2767 1200 2851; x_wconf 81' lang='lat' dir='ltr'><strong>praemeditando,</strong></span> <span class='ocrx_word' id='word_1_285' title='bbox 1219 2765 1392 2847; x_wconf 90' lang='lat' dir='ltr'><strong>multisque</strong></span> <span class='ocrx_word' id='word_1_286' title='bbox 1415 2765 1486 2827; x_wconf 90' lang='lat' dir='ltr'><strong>aliis</strong></span> <span class='ocrx_word' id='word_1_287' title='bbox 1511 2765 1625 2837; x_wconf 90' lang='lat' dir='ltr'><strong>modis,</strong></span> <span class='ocrx_word' id='word_1_288' title='bbox 1642 2765 1688 2826; x_wconf 94' lang='lat' dir='ltr'><strong>di·</strong></span> <span class='ocrx_word' id='word_1_289' title='bbox 1774 2789 1780 2800; x_wconf 91' lang='lat'><strong>·</strong></span> 
     </span>
     <span class='ocr_line' id='line_1_24' title="bbox 133 2862 1688 2948; baseline -0.004 -18"><span class='ocrx_word' id='word_1_290' title='bbox 133 2876 165 2930; x_wconf 92' lang='lat' dir='ltr'><strong>et</strong></span> <span class='ocrx_word' id='word_1_291' title='bbox 189 2867 289 2948; x_wconf 82' lang='lat' dir='ltr'><strong>gloria</strong></span> <span class='ocrx_word' id='word_1_292' title='bbox 310 2887 402 2942; x_wconf 90' lang='lat' dir='ltr'><strong>vana,</strong></span> <span class='ocrx_word' id='word_1_293' title='bbox 419 2868 546 2931; x_wconf 87' lang='lat' dir='ltr'><strong>reduxit</strong></span> <span class='ocrx_word' id='word_1_294' title='bbox 566 2867 605 2928; x_wconf 92' lang='lat' dir='ltr'><strong>ad</strong></span> <span class='ocrx_word' id='word_1_295' title='bbox 631 2873 770 2929; x_wconf 89' lang='lat' dir='ltr'><strong>mentem</strong></span> <span class='ocrx_word' id='word_1_296' title='bbox 794 2885 884 2928; x_wconf 88' lang='lat' dir='ltr'><strong>suam</strong></span> <span class='ocrx_word' id='word_1_297' title='bbox 941 2873 1027 2927; x_wconf 89' lang='lat' dir='ltr'><strong>ctum</strong></span> <span class='ocrx_word' id='word_1_298' title='bbox 1044 2872 1092 2927; x_wconf 90' lang='lat' dir='ltr'><strong>est</strong></span> <span class='ocrx_word' id='word_1_299' title='bbox 1107 2865 1139 2926; x_wconf 91' lang='lat' dir='ltr'><strong>in</strong></span> <span class='ocrx_word' id='word_1_300' title='bbox 1159 2863 1362 2926; x_wconf 90' lang='lat' dir='ltr'><strong>sermonibus</strong></span> <span class='ocrx_word' id='word_1_301' title='bbox 1383 2862 1467 2925; x_wconf 90' lang='lat' dir='ltr'><strong>circa</strong></span> <span class='ocrx_word' id='word_1_302' title='bbox 1486 2862 1688 2944; x_wconf 77' lang='lat' dir='ltr'><strong>evangelium</strong></span> 
     </span>
     <span class='ocr_line' id='line_1_25' title="bbox 134 2963 1689 3054; baseline -0.002 -27"><span class='ocrx_word' id='word_1_303' title='bbox 134 2972 276 3047; x_wconf 88' lang='lat' dir='ltr'><strong>peccata,</strong></span> <span class='ocrx_word' id='word_1_304' title='bbox 289 2972 321 3028; x_wconf 90' lang='lat' dir='ltr'><strong>et</strong></span> <span class='ocrx_word' id='word_1_305' title='bbox 335 2964 417 3026; x_wconf 85' lang='lat' dir='ltr'><strong>dixit</strong></span> <span class='ocrx_word' id='word_1_306' title='bbox 433 2985 440 3028; x_wconf 90' lang='lat'>:</span> <span class='ocrx_word' id='word_1_307' title='bbox 458 2964 516 3028; x_wconf 89' lang='lat' dir='ltr'><strong>Ubi</strong></span> <span class='ocrx_word' id='word_1_308' title='bbox 533 2972 608 3028; x_wconf 89' lang='lat' dir='ltr'><strong>sunt</strong></span> <span class='ocrx_word' id='word_1_309' title='bbox 622 2963 730 3027; x_wconf 90' lang='lat' dir='ltr'><strong>omnia</strong></span> <span class='ocrx_word' id='word_1_310' title='bbox 745 2971 800 3025; x_wconf 92' lang='lat' dir='ltr'><strong>tua</strong></span> <span class='ocrx_word' id='word_1_311' title='bbox 815 2983 886 3046; x_wconf 91' lang='lat' dir='ltr'><strong>pec·</strong></span> <span class='ocrx_word' id='word_1_312' title='bbox 942 2966 974 3029; x_wconf 92' lang='lat' dir='ltr'><strong>in</strong></span> <span class='ocrx_word' id='word_1_313' title='bbox 1002 2965 1163 3028; x_wconf 90' lang='lat' dir='ltr'><strong>dominica</strong></span> <span class='ocrx_word' id='word_1_314' title='bbox 1191 2963 1442 3054; x_wconf 79' lang='lat' dir='ltr'><strong>Quadragesimae</strong></span> <span class='ocrx_word' id='word_1_315' title='bbox 1472 2963 1585 3044; x_wconf 87' lang='lat' dir='ltr'><strong>prima.</strong></span> <span class='ocrx_word' id='word_1_316' title='bbox 1616 2963 1689 3025; x_wconf 92' lang='lat' dir='ltr'><strong>ldeo</strong></span> 
     </span>
     <span class='ocr_line' id='line_1_26' title="bbox 132 3061 1688 3146; baseline -0.001 -20"><span class='ocrx_word' id='word_1_317' title='bbox 132 3067 227 3126; x_wconf 85' lang='lat' dir='ltr'><strong>catal</strong></span> <span class='ocrx_word' id='word_1_318' title='bbox 248 3064 340 3127; x_wconf 87' lang='lat' dir='ltr'><strong>Porro</strong></span> <span class='ocrx_word' id='word_1_319' title='bbox 363 3083 462 3146; x_wconf 89' lang='lat' dir='ltr'><strong>quum</strong></span> <span class='ocrx_word' id='word_1_320' title='bbox 484 3069 659 3126; x_wconf 89' lang='lat' dir='ltr'><strong>tentaretur</strong></span> <span class='ocrx_word' id='word_1_321' title='bbox 680 3063 719 3126; x_wconf 94' lang='lat' dir='ltr'><strong>de</strong></span> <span class='ocrx_word' id='word_1_322' title='bbox 741 3063 884 3144; x_wconf 89' lang='lat' dir='ltr'><strong>despera·</strong></span> <span class='ocrx_word' id='word_1_323' title='bbox 901 3067 922 3130; x_wconf 85' lang='lat' dir='ltr'>C</span> <span class='ocrx_word' id='word_1_324' title='bbox 941 3063 1089 3126; x_wconf 87' lang='lat' dir='ltr'><strong>brevitati</strong></span> <span class='ocrx_word' id='word_1_325' title='bbox 1114 3063 1255 3137; x_wconf 88' lang='lat' dir='ltr'><strong>studens,</strong></span> <span class='ocrx_word' id='word_1_326' title='bbox 1282 3063 1320 3124; x_wconf 91' lang='lat' dir='ltr'><strong>ad</strong></span> <span class='ocrx_word' id='word_1_327' title='bbox 1347 3061 1439 3124; x_wconf 90' lang='lat' dir='ltr'><strong>illum</strong></span> <span class='ocrx_word' id='word_1_328' title='bbox 1464 3061 1556 3124; x_wconf 88' lang='lat' dir='ltr'><strong>mitto</strong></span> <span class='ocrx_word' id='word_1_329' title='bbox 1581 3061 1688 3124; x_wconf 88' lang='lat' dir='ltr'><strong>locum</strong></span> 
     </span>
     <span class='ocr_line' id='line_1_27' title="bbox 131 3159 1102 3236; baseline -0.002 -12"><span class='ocrx_word' id='word_1_330' title='bbox 131 3163 233 3236; x_wconf 91' lang='lat' dir='ltr'><strong>tione,</strong></span> <span class='ocrx_word' id='word_1_331' title='bbox 243 3161 424 3224; x_wconf 92' lang='lat' dir='ltr'><strong>dicentibus</strong></span> <span class='ocrx_word' id='word_1_332' title='bbox 440 3161 478 3224; x_wconf 90' lang='lat' dir='ltr'><strong>ad</strong></span> <span class='ocrx_word' id='word_1_333' title='bbox 495 3179 569 3223; x_wconf 89' lang='lat' dir='ltr'><strong>eum</strong></span> <span class='ocrx_word' id='word_1_334' title='bbox 584 3159 795 3235; x_wconf 79' lang='lat' dir='ltr'><strong>daemonibus,</strong></span> <span class='ocrx_word' id='word_1_335' title='bbox 807 3161 885 3234; x_wconf 84' lang='lat' dir='ltr'><strong>Quia</strong></span> <span class='ocrx_word' id='word_1_336' title='bbox 941 3163 1102 3225; x_wconf 88' lang='lat' dir='ltr'><strong>lectorem.</strong></span> 
     </span>
     <span class='ocr_line' id='line_1_28' title="bbox 133 3258 1689 3343; baseline -0.001 -21"><span class='ocrx_word' id='word_1_337' title='bbox 133 3267 208 3343; x_wconf 89' lang='lat' dir='ltr'><strong>post</strong></span> <span class='ocrx_word' id='word_1_338' title='bbox 232 3277 343 3322; x_wconf 90' lang='lat' dir='ltr'><strong>omnes</strong></span> <span class='ocrx_word' id='word_1_339' title='bbox 369 3260 446 3322; x_wconf 89' lang='lat' dir='ltr'><strong>istos</strong></span> <span class='ocrx_word' id='word_1_340' title='bbox 471 3267 542 3322; x_wconf 89' lang='lat' dir='ltr'><strong>tuos</strong></span> <span class='ocrx_word' id='word_1_341' title='bbox 567 3258 691 3322; x_wconf 88' lang='lat' dir='ltr'><strong>labores</strong></span> <span class='ocrx_word' id='word_1_342' title='bbox 717 3259 826 3322; x_wconf 91' lang='lat' dir='ltr'><strong>venies</strong></span> <span class='ocrx_word' id='word_1_343' title='bbox 852 3260 884 3321; x_wconf 90' lang='lat' dir='ltr'><strong>in</strong></span> <span class='ocrx_word' id='word_1_344' title='bbox 982 3261 1170 3324; x_wconf 87' lang='lat' dir='ltr'><strong>Studeamus</strong></span> <span class='ocrx_word' id='word_1_345' title='bbox 1190 3277 1265 3340; x_wconf 86' lang='lat' dir='ltr'><strong>ergo</strong></span> <span class='ocrx_word' id='word_1_346' title='bbox 1284 3259 1426 3342; x_wconf 90' lang='lat' dir='ltr'><strong>quotidie</strong></span> <span class='ocrx_word' id='word_1_347' title='bbox 1447 3259 1547 3340; x_wconf 84' lang='lat' dir='ltr'><strong>magis</strong></span> <span class='ocrx_word' id='word_1_348' title='bbox 1567 3278 1603 3321; x_wconf 90' lang='lat' dir='ltr'><strong>ac</strong></span> <span class='ocrx_word' id='word_1_349' title='bbox 1625 3278 1689 3321; x_wconf 90' lang='lat' dir='ltr'><strong>ma-</strong></span> 
     </span>
     <span class='ocr_line' id='line_1_29' title="bbox 132 3357 1690 3441; baseline 0 -23"><span class='ocrx_word' id='word_1_350' title='bbox 132 3357 450 3436; x_wconf 82' lang='lat' dir='ltr'><strong>iuiernum3reduxit</strong></span> <span class='ocrx_word' id='word_1_351' title='bbox 465 3357 504 3420; x_wconf 93' lang='lat' dir='ltr'><strong>ad</strong></span> <span class='ocrx_word' id='word_1_352' title='bbox 521 3358 708 3420; x_wconf 88' lang='lat' dir='ltr'><strong>memoriam</strong></span> <span class='ocrx_word' id='word_1_353' title='bbox 724 3357 886 3440; x_wconf 87' lang='lat' dir='ltr'><strong>operaho-</strong></span> <span class='ocrx_word' id='word_1_354' title='bbox 941 3361 990 3441; x_wconf 81' lang='lat' dir='ltr'><strong>gis</strong></span> <span class='ocrx_word' id='word_1_355' title='bbox 1015 3357 1188 3421; x_wconf 79' lang='lat' dir='ltr'><strong>confortari</strong></span> <span class='ocrx_word' id='word_1_356' title='bbox 1210 3358 1242 3420; x_wconf 90' lang='lat' dir='ltr'><strong>in</strong></span> <span class='ocrx_word' id='word_1_357' title='bbox 1272 3357 1418 3430; x_wconf 89' lang='lat' dir='ltr'><strong>Domino,</strong></span> <span class='ocrx_word' id='word_1_358' title='bbox 1445 3357 1477 3418; x_wconf 91' lang='lat' dir='ltr'><strong>in</strong></span> <span class='ocrx_word' id='word_1_359' title='bbox 1502 3358 1632 3420; x_wconf 88' lang='lat' dir='ltr'><strong>caritate</strong></span> <span class='ocrx_word' id='word_1_360' title='bbox 1658 3365 1690 3419; x_wconf 91' lang='lat' dir='ltr'><strong>et</strong></span> 
     </span>
     <span class='ocr_line' id='line_1_30' title="bbox 131 3455 1690 3540; baseline -0.001 -22"><span class='ocrx_word' id='word_1_361' title='bbox 131 3475 176 3518; x_wconf 92' lang='lat' dir='ltr'><strong>na</strong></span> <span class='ocrx_word' id='word_1_362' title='bbox 192 3474 263 3538; x_wconf 80' lang='lat' dir='ltr'><strong>qua</strong></span> <span class='ocrx_word' id='word_1_363' title='bbox 278 3455 365 3530; x_wconf 88' lang='lat' dir='ltr'><strong>iecit,</strong></span> <span class='ocrx_word' id='word_1_364' title='bbox 383 3463 414 3520; x_wconf 91' lang='lat' dir='ltr'><strong>et</strong></span> <span class='ocrx_word' id='word_1_365' title='bbox 429 3456 474 3518; x_wconf 92' lang='lat' dir='ltr'><strong>ait</strong></span> <span class='ocrx_word' id='word_1_366' title='bbox 490 3475 497 3520; x_wconf 92' lang='lat'>:</span> <span class='ocrx_word' id='word_1_367' title='bbox 515 3456 673 3520; x_wconf 86' lang='lat' dir='ltr'><strong>Modicum</strong></span> <span class='ocrx_word' id='word_1_368' title='bbox 693 3455 884 3537; x_wconf 89' lang='lat' dir='ltr'><strong>obsequium</strong></span> <span class='ocrx_word' id='word_1_369' title='bbox 941 3457 1041 3540; x_wconf 82' lang='lat' dir='ltr'><strong>gratia</strong></span> <span class='ocrx_word' id='word_1_370' title='bbox 1064 3457 1216 3539; x_wconf 90' lang='lat' dir='ltr'><strong>omnique</strong></span> <span class='ocrx_word' id='word_1_371' title='bbox 1238 3456 1355 3518; x_wconf 89' lang='lat' dir='ltr'><strong>virtute</strong></span> <span class='ocrx_word' id='word_1_372' title='bbox 1376 3456 1545 3538; x_wconf 85' lang='lat' dir='ltr'><strong>prolicere,</strong></span> <span class='ocrx_word' id='word_1_373' title='bbox 1563 3457 1690 3538; x_wconf 92' lang='lat' dir='ltr'><strong>spiritu-</strong></span> 
     </span>
     <span class='ocr_line' id='line_1_31' title="bbox 131 3552 1690 3636; baseline 0.001 -22"><span class='ocrx_word' id='word_1_374' title='bbox 131 3552 273 3616; x_wconf 89' lang='lat' dir='ltr'><strong>exhibeo</strong></span> <span class='ocrx_word' id='word_1_375' title='bbox 296 3554 369 3628; x_wconf 88' lang='lat' dir='ltr'><strong>Deo,</strong></span> <span class='ocrx_word' id='word_1_376' title='bbox 391 3562 423 3616; x_wconf 90' lang='lat' dir='ltr'><strong>et</strong></span> <span class='ocrx_word' id='word_1_377' title='bbox 444 3571 538 3635; x_wconf 91' lang='lat' dir='ltr'><strong>spero</strong></span> <span class='ocrx_word' id='word_1_378' title='bbox 562 3555 645 3635; x_wconf 93' lang='lat' dir='ltr'><strong>quod</strong></span> <span class='ocrx_word' id='word_1_379' title='bbox 672 3561 802 3636; x_wconf 87' lang='lat' dir='ltr'><strong>propter</strong></span> <span class='ocrx_word' id='word_1_380' title='bbox 826 3554 885 3615; x_wconf 93' lang='lat' dir='ltr'><strong>hoc</strong></span> <span class='ocrx_word' id='word_1_381' title='bbox 941 3556 1045 3618; x_wconf 90' lang='lat' dir='ltr'><strong>alihus</strong></span> <span class='ocrx_word' id='word_1_382' title='bbox 1060 3554 1158 3617; x_wconf 89' lang='lat' dir='ltr'><strong>armis</strong></span> <span class='ocrx_word' id='word_1_383' title='bbox 1174 3555 1315 3636; x_wconf 91' lang='lat' dir='ltr'><strong>undique</strong></span> <span class='ocrx_word' id='word_1_384' title='bbox 1331 3573 1401 3617; x_wconf 92' lang='lat' dir='ltr'><strong>esse</strong></span> <span class='ocrx_word' id='word_1_385' title='bbox 1416 3554 1575 3628; x_wconf 76' lang='lat' dir='ltr'><strong>armatiel</strong></span> <span class='ocrx_word' id='word_1_386' title='bbox 1592 3555 1690 3617; x_wconf 85' lang='lat' dir='ltr'><strong>Ecum</strong></span> 
     </span>
     <span class='ocr_line' id='line_1_32' title="bbox 130 3651 1691 3736; baseline 0.001 -23"><span class='ocrx_word' id='word_1_387' title='bbox 130 3651 233 3714; x_wconf 79' lang='lat' dir='ltr'><strong>faciet</strong></span> <span class='ocrx_word' id='word_1_388' title='bbox 249 3652 501 3714; x_wconf 90' lang='lat' dir='ltr'><strong>misericordiam</strong></span> <span class='ocrx_word' id='word_1_389' title='bbox 517 3670 653 3714; x_wconf 87' lang='lat' dir='ltr'><strong>mecum.</strong></span> <span class='ocrx_word' id='word_1_390' title='bbox 672 3652 810 3714; x_wconf 83' lang='lat' dir='ltr'><strong>&#39;landem</strong></span> <span class='ocrx_word' id='word_1_391' title='bbox 826 3651 886 3714; x_wconf 84' lang='lat' dir='ltr'><strong>dae·</strong></span> <span class='ocrx_word' id='word_1_392' title='bbox 942 3673 1069 3736; x_wconf 89' lang='lat' dir='ltr'><strong>semper</strong></span> <span class='ocrx_word' id='word_1_393' title='bbox 1084 3653 1201 3716; x_wconf 89' lang='lat' dir='ltr'><strong>hahere</strong></span> <span class='ocrx_word' id='word_1_394' title='bbox 1218 3653 1410 3734; x_wconf 75' lang='lat' dir='ltr'><strong>preconiis,</strong></span> <span class='ocrx_word' id='word_1_395' title='bbox 1428 3660 1523 3735; x_wconf 89' lang='lat' dir='ltr'><strong>atque</strong></span> <span class='ocrx_word' id='word_1_396' title='bbox 1540 3653 1572 3714; x_wconf 95' lang='lat' dir='ltr'><strong>in</strong></span> <span class='ocrx_word' id='word_1_397' title='bbox 1587 3653 1691 3716; x_wconf 89' lang='lat' dir='ltr'><strong>omni—</strong></span> 
     </span>
     <span class='ocr_line' id='line_1_33' title="bbox 132 3749 1690 3833; baseline 0.003 -23"><span class='ocrx_word' id='word_1_398' title='bbox 132 3766 247 3811; x_wconf 92' lang='lat' dir='ltr'><strong>mones</strong></span> <span class='ocrx_word' id='word_1_399' title='bbox 278 3750 353 3812; x_wconf 91' lang='lat' dir='ltr'><strong>victi</strong></span> <span class='ocrx_word' id='word_1_400' title='bbox 383 3759 415 3812; x_wconf 92' lang='lat' dir='ltr'><strong>et</strong></span> <span class='ocrx_word' id='word_1_401' title='bbox 444 3751 576 3813; x_wconf 88' lang='lat' dir='ltr'><strong>veritate</strong></span> <span class='ocrx_word' id='word_1_402' title='bbox 606 3749 775 3833; x_wconf 90' lang='lat' dir='ltr'><strong>compulsi,</strong></span> <span class='ocrx_word' id='word_1_403' title='bbox 801 3749 886 3811; x_wconf 87' lang='lat' dir='ltr'><strong>dixe·</strong></span> <span class='ocrx_word' id='word_1_404' title='bbox 943 3753 1003 3816; x_wconf 93' lang='lat' dir='ltr'><strong>bus</strong></span> <span class='ocrx_word' id='word_1_405' title='bbox 1027 3751 1187 3826; x_wconf 91' lang='lat' dir='ltr'><strong>custoditi,</strong></span> <span class='ocrx_word' id='word_1_406' title='bbox 1214 3751 1366 3824; x_wconf 87' lang='lat' dir='ltr'><strong>timorati,</strong></span> <span class='ocrx_word' id='word_1_407' title='bbox 1393 3751 1521 3814; x_wconf 92' lang='lat' dir='ltr'><strong>solliciti</strong></span> <span class='ocrx_word' id='word_1_408' title='bbox 1546 3770 1614 3814; x_wconf 90' lang='lat' dir='ltr'><strong>esse</strong></span> <span class='ocrx_word' id='word_1_409' title='bbox 1640 3769 1690 3814; x_wconf 92' lang='lat' dir='ltr'><strong>co·</strong></span> 
     </span>
     <span class='ocr_line' id='line_1_34' title="bbox 130 3848 1688 3933; baseline 0.003 -24"><span class='ocrx_word' id='word_1_410' title='bbox 130 3854 211 3909; x_wconf 86' lang='lat' dir='ltr'><strong>runt</strong></span> <span class='ocrx_word' id='word_1_411' title='bbox 228 3867 235 3911; x_wconf 93' lang='lat'>:</span> <span class='ocrx_word' id='word_1_412' title='bbox 252 3848 332 3921; x_wconf 80' lang='lat' dir='ltr'><strong>Ouid</strong></span> <span class='ocrx_word' id='word_1_413' title='bbox 355 3848 510 3911; x_wconf 85' lang='lat' dir='ltr'><strong>iaciemus</strong></span> <span class='ocrx_word' id='word_1_414' title='bbox 532 3849 706 3930; x_wconf 82' lang='lat' dir='ltr'><strong>tibilquia</strong></span> <span class='ocrx_word' id='word_1_415' title='bbox 727 3848 831 3911; x_wconf 91' lang='lat' dir='ltr'><strong>sinos</strong></span> <span class='ocrx_word' id='word_1_416' title='bbox 854 3855 885 3910; x_wconf 92' lang='lat' dir='ltr'><strong>te</strong></span> <span class='ocrx_word' id='word_1_417' title='bbox 943 3870 1010 3914; x_wconf 89' lang='lat' dir='ltr'><strong>ram</strong></span> <span class='ocrx_word' id='word_1_418' title='bbox 1034 3851 1198 3913; x_wconf 85' lang='lat' dir='ltr'><strong>Altissimo</strong></span> <span class='ocrx_word' id='word_1_419' title='bbox 1220 3867 1227 3912; x_wconf 91' lang='lat'>:</span> <span class='ocrx_word' id='word_1_420' title='bbox 1248 3851 1332 3913; x_wconf 91' lang='lat' dir='ltr'><strong>siout</strong></span> <span class='ocrx_word' id='word_1_421' title='bbox 1356 3851 1389 3912; x_wconf 89' lang='lat' dir='ltr'><strong>in</strong></span> <span class='ocrx_word' id='word_1_422' title='bbox 1411 3851 1624 3933; x_wconf 87' lang='lat' dir='ltr'><strong>Vitaspatrurn</strong></span> <span class='ocrx_word' id='word_1_423' title='bbox 1650 3851 1688 3914; x_wconf 93' lang='lat' dir='ltr'><strong>de</strong></span> 
     </span>
     <span class='ocr_line' id='line_1_35' title="bbox 130 3945 1688 4032; baseline 0.002 -23"><span class='ocrx_word' id='word_1_424' title='bbox 130 3945 330 4021; x_wconf 78' lang='lat' dir='ltr'><strong>extollimus,</strong></span> <span class='ocrx_word' id='word_1_425' title='bbox 348 3955 382 4009; x_wconf 92' lang='lat' dir='ltr'><strong>tu</strong></span> <span class='ocrx_word' id='word_1_426' title='bbox 405 3955 436 4010; x_wconf 92' lang='lat' dir='ltr'><strong>te</strong></span> <span class='ocrx_word' id='word_1_427' title='bbox 459 3947 629 4026; x_wconf 82' lang='lat' dir='ltr'><strong>humilias3</strong></span> <span class='ocrx_word' id='word_1_428' title='bbox 647 3947 673 4010; x_wconf 94' lang='lat' dir='ltr'><strong>si</strong></span> <span class='ocrx_word' id='word_1_429' title='bbox 697 3965 753 4009; x_wconf 91' lang='lat' dir='ltr'><strong>nos</strong></span> <span class='ocrx_word' id='word_1_430' title='bbox 774 3954 805 4008; x_wconf 93' lang='lat' dir='ltr'><strong>te</strong></span> <span class='ocrx_word' id='word_1_431' title='bbox 827 3946 885 4008; x_wconf 93' lang='lat' dir='ltr'><strong>hu·</strong></span> <span class='ocrx_word' id='word_1_432' title='bbox 942 3951 1056 4013; x_wconf 89' lang='lat' dir='ltr'><strong>abbate</strong></span> <span class='ocrx_word' id='word_1_433' title='bbox 1071 3949 1173 4012; x_wconf 87' lang='lat' dir='ltr'><strong>fertur</strong></span> <span class='ocrx_word' id='word_1_434' title='bbox 1193 3950 1346 4024; x_wconf 86' lang='lat' dir='ltr'><strong>Helladio,</strong></span> <span class='ocrx_word' id='word_1_435' title='bbox 1363 3951 1447 4032; x_wconf 94' lang='lat' dir='ltr'><strong>quod</strong></span> <span class='ocrx_word' id='word_1_436' title='bbox 1463 3950 1577 4032; x_wconf 83' lang='lat' dir='ltr'><strong>viginti</strong></span> <span class='ocrx_word' id='word_1_437' title='bbox 1596 3951 1688 4012; x_wconf 91' lang='lat' dir='ltr'><strong>annis</strong></span> 
     </span>
     <span class='ocr_line' id='line_1_36' title="bbox 131 4043 1690 4131; baseline 0.004 -25"><span class='ocrx_word' id='word_1_438' title='bbox 131 4043 311 4119; x_wconf 75' lang='lat' dir='ltr'><strong>miliamuS,</strong></span> <span class='ocrx_word' id='word_1_439' title='bbox 339 4053 373 4108; x_wconf 92' lang='lat' dir='ltr'><strong>tu</strong></span> <span class='ocrx_word' id='word_1_440' title='bbox 403 4052 433 4108; x_wconf 88' lang='lat' dir='ltr'><strong>ta</strong></span> <span class='ocrx_word' id='word_1_441' title='bbox 462 4045 598 4108; x_wconf 88' lang='lat' dir='ltr'><strong>extollis.</strong></span> <span class='ocrx_word' id='word_1_442' title='bbox 629 4045 745 4127; x_wconf 80' lang='lat' dir='ltr'><strong>Sisque</strong></span> <span class='ocrx_word' id='word_1_443' title='bbox 775 4045 884 4108; x_wconf 86' lang='lat' dir='ltr'><strong>coniu·</strong></span> <span class='ocrx_word' id='word_1_444' title='bbox 943 4048 1097 4112; x_wconf 89' lang='lat' dir='ltr'><strong>habitavit</strong></span> <span class='ocrx_word' id='word_1_445' title='bbox 1118 4049 1150 4110; x_wconf 92' lang='lat' dir='ltr'><strong>iu</strong></span> <span class='ocrx_word' id='word_1_446' title='bbox 1172 4049 1251 4112; x_wconf 90' lang='lat' dir='ltr'><strong>cella</strong></span> <span class='ocrx_word' id='word_1_447' title='bbox 1271 4067 1338 4122; x_wconf 92' lang='lat' dir='ltr'><strong>sua,</strong></span> <span class='ocrx_word' id='word_1_448' title='bbox 1355 4056 1386 4110; x_wconf 91' lang='lat' dir='ltr'><strong>et</strong></span> <span class='ocrx_word' id='word_1_449' title='bbox 1401 4067 1559 4131; x_wconf 90' lang='lat' dir='ltr'><strong>nusquam</strong></span> <span class='ocrx_word' id='word_1_450' title='bbox 1578 4050 1690 4131; x_wconf 92' lang='lat' dir='ltr'><strong>adspe-</strong></span> 
     </span>
     <span class='ocr_line' id='line_1_37' title="bbox 130 4141 1691 4229; baseline 0.004 -26"><span class='ocrx_word' id='word_1_451' title='bbox 130 4142 174 4216; x_wconf 89' lang='lat' dir='ltr'><strong>si,</strong></span> <span class='ocrx_word' id='word_1_452' title='bbox 198 4141 348 4224; x_wconf 78' lang='lat' dir='ltr'><strong>fugerunt</strong></span> <span class='ocrx_word' id='word_1_453' title='bbox 367 4144 407 4206; x_wconf 90' lang='lat' dir='ltr'><strong>ab</strong></span> <span class='ocrx_word' id='word_1_454' title='bbox 426 4163 473 4208; x_wconf 90' lang='lat' dir='ltr'><strong>eo.</strong></span> <span class='ocrx_word' id='word_1_455' title='bbox 942 4148 989 4210; x_wconf 90' lang='lat' dir='ltr'><strong>xit</strong></span> <span class='ocrx_word' id='word_1_456' title='bbox 1002 4148 1042 4209; x_wconf 93' lang='lat' dir='ltr'><strong>ad</strong></span> <span class='ocrx_word' id='word_1_457' title='bbox 1056 4147 1219 4228; x_wconf 89' lang='lat' dir='ltr'><strong>superiora</strong></span> <span class='ocrx_word' id='word_1_458' title='bbox 1236 4147 1421 4229; x_wconf 90' lang='lat' dir='ltr'><strong>ipsius,tam</strong></span> <span class='ocrx_word' id='word_1_459' title='bbox 1437 4148 1613 4211; x_wconf 92' lang='lat' dir='ltr'><strong>custoditus</strong></span> <span class='ocrx_word' id='word_1_460' title='bbox 1629 4147 1691 4210; x_wconf 87' lang='lat' dir='ltr'><strong>luit</strong></span> 
     </span>
    </p>

    <p class='ocr_par' dir='ltr' id='par_1_7' title="bbox 130 4241 1689 5115">
     <span class='ocr_line' id='line_1_38' title="bbox 177 4241 1689 4326; baseline 0 -18"><span class='ocrx_word' id='word_1_461' title='bbox 177 4247 340 4309; x_wconf 89' lang='lat' dir='ltr'><strong>Postremo</strong></span> <span class='ocrx_word' id='word_1_462' title='bbox 360 4243 531 4307; x_wconf 77' lang='lat' dir='ltr'><strong>confortari</strong></span> <span class='ocrx_word' id='word_1_463' title='bbox 555 4241 709 4305; x_wconf 91' lang='lat' dir='ltr'><strong>debemus</strong></span> <span class='ocrx_word' id='word_1_464' title='bbox 727 4243 759 4304; x_wconf 89' lang='lat' dir='ltr'><strong>in</strong></span> <span class='ocrx_word' id='word_1_465' title='bbox 780 4243 885 4306; x_wconf 88' lang='lat' dir='ltr'><strong>Domi·</strong></span> <span class='ocrx_word' id='word_1_466' title='bbox 901 4245 926 4310; x_wconf 83' lang='lat' dir='ltr'><strong>h</strong></span> <span class='ocrx_word' id='word_1_467' title='bbox 944 4245 975 4308; x_wconf 92' lang='lat' dir='ltr'><strong>in</strong></span> <span class='ocrx_word' id='word_1_468' title='bbox 998 4251 1115 4319; x_wconf 86' lang='lat' dir='ltr'><strong>mente,</strong></span> <span class='ocrx_word' id='word_1_469' title='bbox 1131 4252 1195 4307; x_wconf 90' lang='lat' dir='ltr'><strong>tarn</strong></span> <span class='ocrx_word' id='word_1_470' title='bbox 1216 4245 1421 4322; x_wconf 89' lang='lat' dir='ltr'><strong>introversus,</strong></span> <span class='ocrx_word' id='word_1_471' title='bbox 1439 4252 1566 4326; x_wconf 90' lang='lat' dir='ltr'><strong>tamque</strong></span> <span class='ocrx_word' id='word_1_472' title='bbox 1587 4246 1689 4310; x_wconf 92' lang='lat' dir='ltr'><strong>eleva-</strong></span> 
     </span>
     <span class='ocr_line' id='line_1_39' title="bbox 131 4341 1688 4426; baseline 0 -18"><span class='ocrx_word' id='word_1_473' title='bbox 131 4363 178 4408; x_wconf 92' lang='lat' dir='ltr'><strong>no</strong></span> <span class='ocrx_word' id='word_1_474' title='bbox 199 4363 238 4407; x_wconf 90' lang='lat' dir='ltr'><strong>ex</strong></span> <span class='ocrx_word' id='word_1_475' title='bbox 256 4342 508 4406; x_wconf 89' lang='lat' dir='ltr'><strong>consideratione</strong></span> <span class='ocrx_word' id='word_1_476' title='bbox 529 4341 716 4424; x_wconf 89' lang='lat' dir='ltr'><strong>multiplicis</strong></span> <span class='ocrx_word' id='word_1_477' title='bbox 735 4341 886 4422; x_wconf 82' lang='lat' dir='ltr'><strong>adjutorii</strong></span> <span class='ocrx_word' id='word_1_478' title='bbox 942 4352 993 4406; x_wconf 91' lang='lat' dir='ltr'><strong>tus</strong></span> <span class='ocrx_word' id='word_1_479' title='bbox 1021 4344 1061 4405; x_wconf 92' lang='lat' dir='ltr'><strong>ad</strong></span> <span class='ocrx_word' id='word_1_480' title='bbox 1091 4345 1206 4422; x_wconf 82' lang='lat' dir='ltr'><strong>Deum3</strong></span> <span class='ocrx_word' id='word_1_481' title='bbox 1231 4345 1502 4426; x_wconf 88' lang='lat' dir='ltr'><strong>quemadmodum</strong></span> <span class='ocrx_word' id='word_1_482' title='bbox 1527 4345 1623 4407; x_wconf 91' lang='lat' dir='ltr'><strong>etiam</strong></span> <span class='ocrx_word' id='word_1_483' title='bbox 1649 4347 1688 4408; x_wconf 92' lang='lat' dir='ltr'><strong>de</strong></span> 
     </span>
     <span class='ocr_line' id='line_1_40' title="bbox 131 4440 1687 4522; baseline -0.002 -14"><span class='ocrx_word' id='word_1_484' title='bbox 131 4443 232 4508; x_wconf 91' lang='lat' dir='ltr'><strong>nobis</strong></span> <span class='ocrx_word' id='word_1_485' title='bbox 250 4442 289 4505; x_wconf 93' lang='lat' dir='ltr'><strong>ab</strong></span> <span class='ocrx_word' id='word_1_486' title='bbox 307 4459 345 4505; x_wconf 92' lang='lat' dir='ltr'><strong>eo</strong></span> <span class='ocrx_word' id='word_1_487' title='bbox 361 4440 496 4504; x_wconf 88' lang='lat' dir='ltr'><strong>exhibiti</strong></span> <span class='ocrx_word' id='word_1_488' title='bbox 514 4460 520 4504; x_wconf 94' lang='lat'><strong>:</strong></span> <span class='ocrx_word' id='word_1_489' title='bbox 539 4440 714 4522; x_wconf 77' lang='lat' dir='ltr'><strong>prasertim</strong></span> <span class='ocrx_word' id='word_1_490' title='bbox 730 4440 816 4521; x_wconf 92' lang='lat' dir='ltr'><strong>quod</strong></span> <span class='ocrx_word' id='word_1_491' title='bbox 833 4440 885 4502; x_wconf 92' lang='lat' dir='ltr'><strong>he·</strong></span> <span class='ocrx_word' id='word_1_492' title='bbox 941 4442 1127 4505; x_wconf 90' lang='lat' dir='ltr'><strong>beatissimo</strong></span> <span class='ocrx_word' id='word_1_493' title='bbox 1155 4443 1314 4504; x_wconf 88' lang='lat' dir='ltr'><strong>Beruardo</strong></span> <span class='ocrx_word' id='word_1_494' title='bbox 1342 4442 1455 4505; x_wconf 87' lang='lat' dir='ltr'><strong>abbate</strong></span> <span class='ocrx_word' id='word_1_495' title='bbox 1484 4443 1687 4518; x_wconf 89' lang='lat' dir='ltr'><strong>describitur,</strong></span> 
     </span>
     <span class='ocr_line' id='line_1_41' title="bbox 131 4539 1689 4624; baseline -0.001 -18"><span class='ocrx_word' id='word_1_496' title='bbox 131 4541 328 4624; x_wconf 80' lang='lat' dir='ltr'><strong>nignissima</strong></span> <span class='ocrx_word' id='word_1_497' title='bbox 349 4539 492 4604; x_wconf 88' lang='lat' dir='ltr'><strong>Genitrix</strong></span> <span class='ocrx_word' id='word_1_498' title='bbox 517 4539 633 4602; x_wconf 86' lang='lat' dir='ltr'><strong>Christi</strong></span> <span class='ocrx_word' id='word_1_499' title='bbox 657 4539 740 4601; x_wconf 88' lang='lat' dir='ltr'><strong>lacta</strong></span> <span class='ocrx_word' id='word_1_500' title='bbox 762 4545 810 4600; x_wconf 89' lang='lat' dir='ltr'><strong>est</strong></span> <span class='ocrx_word' id='word_1_501' title='bbox 832 4558 886 4602; x_wconf 91' lang='lat' dir='ltr'><strong>no·</strong></span> <span class='ocrx_word' id='word_1_502' title='bbox 942 4540 1028 4622; x_wconf 93' lang='lat' dir='ltr'><strong>quod</strong></span> <span class='ocrx_word' id='word_1_503' title='bbox 1042 4546 1106 4602; x_wconf 90' lang='lat' dir='ltr'><strong>tota</strong></span> <span class='ocrx_word' id='word_1_504' title='bbox 1120 4539 1172 4602; x_wconf 92' lang='lat' dir='ltr'><strong>die</strong></span> <span class='ocrx_word' id='word_1_505' title='bbox 1191 4540 1347 4622; x_wconf 91' lang='lat' dir='ltr'><strong>equitavit</strong></span> <span class='ocrx_word' id='word_1_506' title='bbox 1363 4539 1447 4602; x_wconf 88' lang='lat' dir='ltr'><strong>circa</strong></span> <span class='ocrx_word' id='word_1_507' title='bbox 1467 4541 1604 4604; x_wconf 83' lang='lat' dir='ltr'><strong>fluvium</strong></span> <span class='ocrx_word' id='word_1_508' title='bbox 1625 4561 1689 4604; x_wconf 90' lang='lat' dir='ltr'><strong>ma-</strong></span> 
     </span>
     <span class='ocr_line' id='line_1_42' title="bbox 131 4638 1689 4720; baseline 0.001 -17"><span class='ocrx_word' id='word_1_509' title='bbox 131 4649 203 4704; x_wconf 90' lang='lat' dir='ltr'><strong>stra</strong></span> <span class='ocrx_word' id='word_1_510' title='bbox 228 4639 406 4712; x_wconf 88' lang='lat' dir='ltr'><strong>mediatrix,</strong></span> <span class='ocrx_word' id='word_1_511' title='bbox 432 4647 532 4700; x_wconf 88' lang='lat' dir='ltr'><strong>mater</strong></span> <span class='ocrx_word' id='word_1_512' title='bbox 555 4645 587 4700; x_wconf 92' lang='lat' dir='ltr'><strong>et</strong></span> <span class='ocrx_word' id='word_1_513' title='bbox 610 4638 779 4715; x_wconf 87' lang='lat' dir='ltr'><strong>advocata;</strong></span> <span class='ocrx_word' id='word_1_514' title='bbox 801 4639 886 4719; x_wconf 94' lang='lat' dir='ltr'><strong>quod</strong></span> <span class='ocrx_word' id='word_1_515' title='bbox 941 4647 1089 4719; x_wconf 77' lang='lat' dir='ltr'><strong>guumet</strong></span> <span class='ocrx_word' id='word_1_516' title='bbox 1104 4645 1210 4700; x_wconf 88' lang='lat' dir='ltr'><strong>tamen</strong></span> <span class='ocrx_word' id='word_1_517' title='bbox 1225 4657 1427 4720; x_wconf 88' lang='lat' dir='ltr'><strong>nequaquam</strong></span> <span class='ocrx_word' id='word_1_518' title='bbox 1443 4640 1689 4704; x_wconf 87' lang='lat' dir='ltr'><strong>advertit:unde</strong></span> 
     </span>
     <span class='ocr_line' id='line_1_43' title="bbox 131 4735 1689 4819; baseline 0 -18"><span class='ocrx_word' id='word_1_519' title='bbox 131 4741 217 4802; x_wconf 89' lang='lat' dir='ltr'><strong>item</strong></span> <span class='ocrx_word' id='word_1_520' title='bbox 232 4737 336 4819; x_wconf 82' lang='lat' dir='ltr'><strong>angeli</strong></span> <span class='ocrx_word' id='word_1_521' title='bbox 352 4745 426 4800; x_wconf 90' lang='lat' dir='ltr'><strong>sunt</strong></span> <span class='ocrx_word' id='word_1_522' title='bbox 442 4737 541 4800; x_wconf 89' lang='lat' dir='ltr'><strong>nostri</strong></span> <span class='ocrx_word' id='word_1_523' title='bbox 556 4737 713 4810; x_wconf 88' lang='lat' dir='ltr'><strong>custodes,</strong></span> <span class='ocrx_word' id='word_1_524' title='bbox 725 4735 886 4816; x_wconf 84' lang='lat' dir='ltr'><strong>adjutores</strong></span> <span class='ocrx_word' id='word_1_525' title='bbox 942 4738 981 4799; x_wconf 91' lang='lat' dir='ltr'><strong>de</strong></span> <span class='ocrx_word' id='word_1_526' title='bbox 1001 4755 1143 4818; x_wconf 88' lang='lat' dir='ltr'><strong>vespere,</strong></span> <span class='ocrx_word' id='word_1_527' title='bbox 1160 4736 1231 4798; x_wconf 91' lang='lat' dir='ltr'><strong>aliis</strong></span> <span class='ocrx_word' id='word_1_528' title='bbox 1252 4737 1307 4818; x_wconf 92' lang='lat' dir='ltr'><strong>qui</strong></span> <span class='ocrx_word' id='word_1_529' title='bbox 1328 4756 1437 4800; x_wconf 90' lang='lat' dir='ltr'><strong>secum</strong></span> <span class='ocrx_word' id='word_1_530' title='bbox 1455 4737 1546 4818; x_wconf 89' lang='lat' dir='ltr'><strong>juxta</strong></span> <span class='ocrx_word' id='word_1_531' title='bbox 1565 4739 1689 4802; x_wconf 84' lang='lat' dir='ltr'><strong>flumen</strong></span> 
     </span>
     <span class='ocr_line' id='line_1_44' title="bbox 130 4834 1688 4920; baseline -0.001 -20"><span class='ocrx_word' id='word_1_532' title='bbox 130 4857 172 4900; x_wconf 89' lang='lat' dir='ltr'><strong>ac</strong></span> <span class='ocrx_word' id='word_1_533' title='bbox 200 4844 405 4920; x_wconf 87' lang='lat' dir='ltr'><strong>protectores,</strong></span> <span class='ocrx_word' id='word_1_534' title='bbox 426 4835 541 4898; x_wconf 88' lang='lat' dir='ltr'><strong>deiude</strong></span> <span class='ocrx_word' id='word_1_535' title='bbox 566 4835 672 4897; x_wconf 88' lang='lat' dir='ltr'><strong>Sancti</strong></span> <span class='ocrx_word' id='word_1_536' title='bbox 697 4842 729 4896; x_wconf 91' lang='lat' dir='ltr'><strong>et</strong></span> <span class='ocrx_word' id='word_1_537' title='bbox 753 4835 885 4910; x_wconf 79' lang='lat' dir='ltr'><strong>Sancta,</strong></span> <span class='ocrx_word' id='word_1_538' title='bbox 942 4834 1173 4916; x_wconf 90' lang='lat' dir='ltr'><strong>equitaveraut,</strong></span> <span class='ocrx_word' id='word_1_539' title='bbox 1199 4834 1363 4898; x_wconf 85' lang='lat' dir='ltr'><strong>defluvio</strong></span> <span class='ocrx_word' id='word_1_540' title='bbox 1393 4835 1448 4898; x_wconf 95' lang='lat' dir='ltr'><strong>illo</strong></span> <span class='ocrx_word' id='word_1_541' title='bbox 1473 4835 1688 4919; x_wconf 90' lang='lat' dir='ltr'><strong>loquentibus,</strong></span> 
     </span>
     <span class='ocr_line' id='line_1_45' title="bbox 131 4931 1689 5016; baseline -0.001 -17"><span class='ocrx_word' id='word_1_542' title='bbox 131 4939 206 4999; x_wconf 91' lang='lat' dir='ltr'><strong>imo</strong></span> <span class='ocrx_word' id='word_1_543' title='bbox 226 4943 289 4997; x_wconf 88' lang='lat' dir='ltr'><strong>tota</strong></span> <span class='ocrx_word' id='word_1_544' title='bbox 309 4934 511 5016; x_wconf 88' lang='lat' dir='ltr'><strong>triumphans</strong></span> <span class='ocrx_word' id='word_1_545' title='bbox 533 4933 684 4995; x_wconf 80' lang='lat' dir='ltr'><strong>Ecclesia.</strong></span> <span class='ocrx_word' id='word_1_546' title='bbox 943 4932 1099 5013; x_wconf 83' lang='lat' dir='ltr'><strong>ignoravit</strong></span> <span class='ocrx_word' id='word_1_547' title='bbox 1118 4932 1158 4994; x_wconf 91' lang='lat' dir='ltr'><strong>de</strong></span> <span class='ocrx_word' id='word_1_548' title='bbox 1177 4950 1240 5014; x_wconf 94' lang='lat' dir='ltr'><strong>quo</strong></span> <span class='ocrx_word' id='word_1_549' title='bbox 1262 4931 1398 4996; x_wconf 78' lang='lat' dir='ltr'><strong>flumine</strong></span> <span class='ocrx_word' id='word_1_550' title='bbox 1421 4934 1636 5015; x_wconf 90' lang='lat' dir='ltr'><strong>loquerentur,</strong></span> <span class='ocrx_word' id='word_1_551' title='bbox 1658 4943 1689 4997; x_wconf 91' lang='lat' dir='ltr'><strong>et</strong></span> 
     </span>
     <span class='ocr_line' id='line_1_46' title="bbox 177 5030 1687 5115; baseline 0 -19"><span class='ocrx_word' id='word_1_552' title='bbox 177 5033 336 5115; x_wconf 88' lang='lat' dir='ltr'><strong>Deinceps</strong></span> <span class='ocrx_word' id='word_1_553' title='bbox 362 5030 554 5112; x_wconf 83' lang='lat' dir='ltr'><strong>tangendum</strong></span> <span class='ocrx_word' id='word_1_554' title='bbox 580 5037 629 5092; x_wconf 91' lang='lat' dir='ltr'><strong>est</strong></span> <span class='ocrx_word' id='word_1_555' title='bbox 653 5030 789 5112; x_wconf 86' lang='lat' dir='ltr'><strong>qualiter</strong></span> <span class='ocrx_word' id='word_1_556' title='bbox 813 5031 887 5093; x_wconf 90' lang='lat' dir='ltr'><strong>resi·</strong></span> <span class='ocrx_word' id='word_1_557' title='bbox 944 5030 1119 5094; x_wconf 89' lang='lat' dir='ltr'><strong>mirabatur</strong></span> <span class='ocrx_word' id='word_1_558' title='bbox 1133 5031 1217 5113; x_wconf 94' lang='lat' dir='ltr'><strong>quod</strong></span> <span class='ocrx_word' id='word_1_559' title='bbox 1237 5031 1387 5095; x_wconf 90' lang='lat' dir='ltr'><strong>dixerunt</strong></span> <span class='ocrx_word' id='word_1_560' title='bbox 1402 5052 1436 5094; x_wconf 89' lang='lat' dir='ltr'><strong>se</strong></span> <span class='ocrx_word' id='word_1_561' title='bbox 1451 5033 1534 5094; x_wconf 90' lang='lat' dir='ltr'><strong>circa</strong></span> <span class='ocrx_word' id='word_1_562' title='bbox 1550 5033 1687 5096; x_wconf 82' lang='lat' dir='ltr'><strong>fluvium</strong></span> 
     </span>
    </p>

    <p class='ocr_par' dir='ltr' id='par_1_8' title="bbox 127 5129 1688 5409">
     <span class='ocr_line' id='line_1_47' title="bbox 128 5129 1688 5211; baseline -0.002 -15"><span class='ocrx_word' id='word_1_563' title='bbox 128 5141 222 5196; x_wconf 81' lang='lat' dir='ltr'><strong>stare</strong></span> <span class='ocrx_word' id='word_1_564' title='bbox 244 5130 471 5194; x_wconf 89' lang='lat' dir='ltr'><strong>tentationibus</strong></span> <span class='ocrx_word' id='word_1_565' title='bbox 492 5129 675 5192; x_wconf 89' lang='lat' dir='ltr'><strong>debeamus.</strong></span> <span class='ocrx_word' id='word_1_566' title='bbox 694 5129 817 5191; x_wconf 89' lang='lat' dir='ltr'><strong>Primus</strong></span> <span class='ocrx_word' id='word_1_567' title='bbox 840 5148 888 5192; x_wconf 93' lang='lat' dir='ltr'><strong>er·</strong></span> <span class='ocrx_word' id='word_1_568' title='bbox 942 5129 1110 5211; x_wconf 88' lang='lat' dir='ltr'><strong>equitasse.</strong></span> <span class='ocrx_word' id='word_1_569' title='bbox 1134 5129 1185 5191; x_wconf 87' lang='lat' dir='ltr'><strong>Sic</strong></span> <span class='ocrx_word' id='word_1_570' title='bbox 1204 5146 1331 5211; x_wconf 92' lang='lat' dir='ltr'><strong>quoque</strong></span> <span class='ocrx_word' id='word_1_571' title='bbox 1352 5129 1466 5211; x_wconf 80' lang='lat' dir='ltr'><strong>legitur</strong></span> <span class='ocrx_word' id='word_1_572' title='bbox 1489 5131 1528 5193; x_wconf 92' lang='lat' dir='ltr'><strong>de</strong></span> <span class='ocrx_word' id='word_1_573' title='bbox 1551 5130 1688 5194; x_wconf 90' lang='lat' dir='ltr'><strong>abbatis-</strong></span> 
     </span>
     <span class='ocr_line' id='line_1_48' title="bbox 127 5227 1685 5314; baseline -0.003 -18"><span class='ocrx_word' id='word_1_574' title='bbox 127 5251 175 5314; x_wconf 83' lang='lat' dir='ltr'><strong>go</strong></span> <span class='ocrx_word' id='word_1_575' title='bbox 196 5238 230 5294; x_wconf 92' lang='lat' dir='ltr'><strong>et</strong></span> <span class='ocrx_word' id='word_1_576' title='bbox 246 5229 566 5294; x_wconf 89' lang='lat' dir='ltr'><strong>convenientissimus</strong></span> <span class='ocrx_word' id='word_1_577' title='bbox 587 5229 700 5292; x_wconf 91' lang='lat' dir='ltr'><strong>modus</strong></span> <span class='ocrx_word' id='word_1_578' title='bbox 720 5228 887 5290; x_wconf 89' lang='lat' dir='ltr'><strong>resistendi</strong></span> <span class='ocrx_word' id='word_1_579' title='bbox 942 5248 976 5290; x_wconf 92' lang='lat' dir='ltr'><strong>sa</strong></span> <span class='ocrx_word' id='word_1_580' title='bbox 997 5228 1082 5300; x_wconf 88' lang='lat' dir='ltr'><strong>Sara,</strong></span> <span class='ocrx_word' id='word_1_581' title='bbox 1099 5228 1183 5309; x_wconf 92' lang='lat' dir='ltr'><strong>quod</strong></span> <span class='ocrx_word' id='word_1_582' title='bbox 1205 5228 1314 5289; x_wconf 91' lang='lat' dir='ltr'><strong>multis</strong></span> <span class='ocrx_word' id='word_1_583' title='bbox 1336 5227 1428 5290; x_wconf 88' lang='lat' dir='ltr'><strong>aunis</strong></span> <span class='ocrx_word' id='word_1_584' title='bbox 1448 5247 1544 5311; x_wconf 90' lang='lat' dir='ltr'><strong>super</strong></span> <span class='ocrx_word' id='word_1_585' title='bbox 1562 5228 1685 5294; x_wconf 89' lang='lat' dir='ltr'><strong>llumeu</strong></span> 
     </span>
     <span class='ocr_line' id='line_1_49' title="bbox 127 5325 1686 5409; baseline -0.002 -14"><span class='ocrx_word' id='word_1_586' title='bbox 127 5329 274 5395; x_wconf 90' lang='lat' dir='ltr'><strong>tentanti</strong></span> <span class='ocrx_word' id='word_1_587' title='bbox 298 5327 435 5402; x_wconf 91' lang='lat' dir='ltr'><strong>diabolo,</strong></span> <span class='ocrx_word' id='word_1_588' title='bbox 461 5333 508 5390; x_wconf 90' lang='lat' dir='ltr'><strong>est</strong></span> <span class='ocrx_word' id='word_1_589' title='bbox 532 5333 627 5409; x_wconf 89' lang='lat' dir='ltr'><strong>caput</strong></span> <span class='ocrx_word' id='word_1_590' title='bbox 650 5326 721 5407; x_wconf 90' lang='lat' dir='ltr'><strong>ejus</strong></span> <span class='ocrx_word' id='word_1_591' title='bbox 745 5335 886 5390; x_wconf 87' lang='lat' dir='ltr'><strong>contere·</strong></span> <span class='ocrx_word' id='word_1_592' title='bbox 942 5327 1099 5409; x_wconf 90' lang='lat' dir='ltr'><strong>quoddam</strong></span> <span class='ocrx_word' id='word_1_593' title='bbox 1113 5325 1270 5400; x_wconf 89' lang='lat' dir='ltr'><strong>habitans,</strong></span> <span class='ocrx_word' id='word_1_594' title='bbox 1288 5345 1451 5408; x_wconf 88' lang='lat' dir='ltr'><strong>nunquam</strong></span> <span class='ocrx_word' id='word_1_595' title='bbox 1473 5327 1638 5390; x_wconf 90' lang='lat' dir='ltr'><strong>inclinavit</strong></span> <span class='ocrx_word' id='word_1_596' title='bbox 1653 5347 1686 5392; x_wconf 91' lang='lat' dir='ltr'><strong>se</strong></span> 
     </span>
    </p>
   </div>
   <div class='ocr_carea' id='block_1_6' title="bbox 0 0 2100 6258">
    <p class='ocr_par' dir='ltr' id='par_1_9' title="bbox 0 0 2100 6258">
     <span class='ocr_line' id='line_1_50' title="bbox 0 0 2100 6258; baseline 0 1"><span class='ocrx_word' id='word_1_597' title='bbox 0 0 2100 6258; x_wconf 95' lang='lat' dir='ltr'><strong> </strong></span> 
     </span>
    </p>
   </div>
  </div>
 </body>
</html>
