4164 6258
473 533 621 583 ιιοιιιιιιιι
642 533 676 581 ιιι
696 533 770 582 rosr
788 533 983 582 rannrarmr.
1004 553 1044 564 —
1065 535 1163 584 sanxo
1184 535 1338 584 exeamus
1622 513 1681 580 aaa

126 703 218 769 uiam
233 713 266 768 et
279 705 441 790 apparebo
459 713 532 769 ante
550 705 667 769 faciem
681 704 737 768 Dei
748 707 761 767 f
774 705 877 780 Quum
892 705 918 770 Α
934 705 1126 782 Creatorem,
1156 707 1195 770 ad
1224 705 1455 770 beatitudinem
1485 704 1678 780 eternalem,

126 821 206 884 ergo
230 803 395 867 beatitudo
423 803 611 868 Sanctorum
642 803 675 866 in
699 802 813 886 patria,
837 803 879 865 sit
933 811 1052 890 quanto
1076 806 1149 888 plus
1173 826 1260 870 amas
1281 807 1392 870 Deum.
1414 805 1494 868 Hine
1518 803 1557 867 ad
1582 803 1680 886 profi-

126 902 216 965 clera
231 902 313 966 visio
332 903 389 966 Dei
408 922 465 986 per
485 903 637 985 speciem,
653 909 772 987 quanto
792 919 878 964 nune
933 903 1083 966 ciendum
1112 906 1144 967 in
1168 905 1342 968 virtutibus
1371 903 1528 987 bonisque
1556 901 1681 965 actibus

127 999 322 1083 proficimus
344 1002 377 1064 in
397 1000 666 1084 contemplatione
685 1000 741 1064 Dei
764 1019 822 1084 per
842 999 879 1062 fi·
934 1001 1095 1066 uberrime
1110 1021 1168 1067 nos
1183 1005 1367 1068 exhortatur
1381 1003 1490 1066 divina
1505 1001 1678 1084 Scriptura.

126 1101 204 1162 dem
234 1101 320 1184 (quae
349 1100 577 1183 contemplatio
607 1107 655 1163 est
683 1107 772 1163 actus
803 1099 878 1162 doni
933 1100 1098 1184 Siquidem
1121 1103 1215 1166 Josue
1240 1103 1394 1166 Dominus
1419 1100 1584 1184 loquitur:
1603 1099 1681 1162 Gon·
1705 1115 1827 1166 rasuera,

127 1198 321 1281 sapientia),
338 1206 426 1263 tanto
444 1199 697 1282 propinquamus
719 1200 757 1261 ad
779 1197 878 1260 Deum
933 1199 1049 1264 fortare
1065 1207 1097 1264 et
1111 1209 1179 1264 esto
1194 1201 1343 1264 robustus
1359 1199 1461 1274 valde,
1472 1205 1508 1262 ut
1522 1198 1680 1261 custodias
1696 1181 1715 1222 ⁸·

127 1305 161 1359 et
186 1297 229 1360 ad
253 1298 409 1361 visionem
434 1297 505 1378 ejus
534 1297 703 1379 gloriosam
728 1315 785 1380 per
808 1314 879 1378 spe·
934 1298 1042 1362 omnia
1066 1299 1213 1363 mandata
1238 1299 1310 1378 Dei;
1331 1317 1389 1362 nec
1414 1297 1555 1361 declines
1574 1314 1593 1358 a
1613 1295 1681 1376 lege

4 1409 38 1452 n.
46 1422 84 1458 ω,
92 1411 113 1452 ι.
128 1394 227 1457 ciem.
244 1395 365 1458 ldcirco
383 1395 527 1458 hortatur
550 1395 705 1478 Propheta
721 1411 728 1456 :
744 1394 880 1469 Quaerite
934 1396 1060 1459 Domini
1084 1397 1123 1459 ad
1145 1397 1307 1460 dexteram
1327 1395 1377 1459 vel
1398 1395 1437 1458 ad
1456 1393 1630 1466 sinistram,
1648 1400 1682 1454 nt

130 1492 250 1556 faciem
267 1494 338 1574 ejus
358 1511 495 1577 semper.
512 1493 600 1567 Quod
617 1500 697 1556 etse
715 1492 828 1556 fecisse
843 1511 879 1555 ac
936 1492 1094 1575 intelligas
1110 1501 1226 1556 cuncta
1244 1513 1315 1576 qum
1331 1493 1413 1575 agis3
1430 1499 1461 1555 et
1477 1489 1682 1554 meditaberis

1 1605 114 1656 uuna.
128 1589 239 1654 facere
264 1591 346 1655 velle
370 1591 498 1666 fatetur,
520 1591 656 1654 dicendo
677 1611 684 1655 :
706 1590 776 1654 Tibi
800 1591 881 1653 dixit
936 1591 968 1653 in
990 1590 1059 1673 lege
1078 1591 1134 1654 Dei
1153 1591 1267 1654 diebus
1285 1609 1321 1653 ac
1342 1589 1500 1653 noctibus.
1517 1587 1682 1652 Psalmista

128 1707 186 1752 eor
214 1707 333 1764 meum,
355 1689 534 1773 Exquisivit
554 1697 585 1752 te
607 1688 705 1752 facies
727 1707 813 1768 mea;
835 1687 880 1751 fa·
935 1689 1031 1753 etiarn
1051 1689 1153 1754 dicit:
1171 1691 1326 1772 Exspecta
1346 1689 1529 1762 Dominum,
1545 1686 1682 1749 viriliter
1695 1703 1830 1754 ιιιωιιι.

128 1787 217 1850 ciem
246 1794 343 1862 tuam,
369 1787 513 1860 Domine,
538 1787 710 1870 requiram.
737 1787 880 1870 Denique
935 1806 1010 1870 age;
1031 1797 1063 1851 et
1084 1786 1281 1851 confortetur
1302 1806 1357 1851 cor
1380 1793 1484 1860 tuum,
1505 1793 1538 1848 et
1559 1783 1681 1848 sustine

128 1886 190 1948 iste
214 1885 374 1948 secundus
395 1885 509 1948 modus
528 1885 779 1948 distendiabeo
797 1885 1117 1950 com-Bbominum.
1149 1886 1318 1968 Apostolus
1348 1903 1476 1969 quoque
1507 1902 1514 1946 :
1546 1882 1681 1946 Stabiles
1710 1899 1829 1948 rcomv,

128 1983 242 2046 munia
266 1990 315 2046 est
337 1983 489 2046 omnibus
513 1982 545 2045 in
571 1983 631 2046 hoc
656 1983 786 2058 mundo,
804 1991 881 2065 puta
934 1984 1068 2067 (inquit)
1086 1991 1197 2059 estote,
1218 1993 1250 2046 et
1272 1983 1463 2058 immobiles,
1483 1980 1681 2045 abundantes
1696 1965 1730 2006 ⁵⁸·

128 2080 321 2146 homiuibus
345 2080 438 2144 bonis
461 2099 498 2143 ae
522 2081 623 2144 malis.
646 2081 775 2165 Propter
796 2081 880 2165 qnod
936 2084 970 2146 in
994 2101 1091 2166 opere
1115 2083 1242 2146 Domini
1272 2099 1410 2165 semper,
1436 2081 1572 2144 scientes
1597 2078 1681 2160 quod

128 2187 162 2244 et
193 2180 264 2263 ipse
295 2179 517 2242 sanctissimus
547 2179 702 2262 prophete
729 2179 881 2243 Jeremias
937 2182 1026 2246 labor
1050 2188 1156 2244 vester
1186 2199 1249 2245 non
1275 2189 1324 2243 est
1348 2179 1452 2243 inanis
1477 2179 1510 2240 in
1535 2176 1679 2240 Domino.

1 2309 91 2344 ........
94 2279 308 2342 edisseruit:
325 2278 430 2360 Longe
450 2278 603 2341 Dominus
622 2277 771 2360 apparuit
789 2278 878 2340 mihi.
936 2280 1016 2343 llinc
1045 2280 1202 2362 seriptum
1228 2286 1277 2342 est
1299 2279 1339 2341 de
1363 2277 1474 2341 electis
1499 2282 1531 2339 et
1553 2275 1647 2338 bonis
1673 2292 1680 2336 ε

1 2394 38 2438 nt
46 2409 115 2446 111111
129 2379 166 2441 ln
187 2378 273 2441 libro
291 2393 420 2461 quoque
438 2377 496 2440 Job
515 2375 651 2439 habetur
667 2394 674 2439 :
691 2375 807 2440 Omnes
826 2377 880 2439 ho·
935 2378 1031 2442 lbunt
1051 2377 1091 2442 de
1113 2379 1230 2441 virtute
1253 2377 1284 2439 in
1307 2377 1469 2439 virtutem.
1697 2389 1736 2433 ιι.
1748 2401 1800 2432 uu

1 2463 19 2500 ⁵·
130 2477 238 2539 mines
253 2475 364 2538 vident
378 2475 490 2550 Deum,
503 2475 726 2559 unusquisque
740 2475 882 2538 intuetur
976 2478 1103 2552 Quarto,
1119 2476 1282 2540 rationalis
1306 2482 1450 2538 creatura
1468 2473 1565 2536 dismt
1583 2491 1602 2533 a
1620 2471 1683 2534 Deo
1697 2455 1718 2494 ⁸·

129 2574 256 2657 procul.
936 2595 995 2659 per
1018 2576 1158 2658 culpam,
1176 2575 1259 2638 sicut
1281 2573 1394 2636 asserit
1418 2571 1514 2634 lsaias
1535 2588 1542 2632 :
1564 2569 1683 2652 lniqui-
1710 2585 1822 2636 ranna

170 2673 290 2748 Tertio,
306 2671 424 2736 dicitur
439 2671 535 2735 bomo
549 2671 667 2734 distare
681 2690 699 2734 a
713 2671 789 2746 Deo,
805 2671 881 2754 quia
937 2680 1016 2736 tates
1045 2681 1157 2736 vestras
1186 2672 1365 2736 diviserunt
1394 2671 1477 2733 inter
1505 2669 1606 2732 Deum
1630 2687 1682 2730 ve-

128 2773 209 2836 licet
233 2770 275 2834 sit
299 2771 332 2833 iu
357 2770 487 2834 caritate
512 2779 544 2834 et
566 2770 677 2851 gratia,
703 2769 880 2854 habeatque
936 2781 1037 2836 strum
1063 2779 1095 2834 et
1118 2789 1184 2834 vos.
1206 2769 1306 2853 Culpa
1329 2777 1437 2832 umen
1459 2766 1594 2831 venialis
1618 2783 1682 2829 non

128 2872 268 2934 virtutes
289 2869 423 2944 infusas,
441 2870 577 2932 multum
601 2875 706 2932 nmen
727 2869 823 2932 distat
840 2867 881 2930 ab
936 2869 1012 2932 facit
1032 2869 1195 2933 bominem
1219 2869 1347 2951 proprie
1367 2866 1484 2929 distare
1502 2866 1609 2939 allec,
1626 2865 1682 2928 sed

129 2987 168 3032 ea
184 2968 341 3030 virtutum
361 2965 557 3049 perfectione
575 2965 614 3028 ad
632 2985 727 3048 quarn
744 2973 879 3040 tenetur,
937 2968 1069 3031 mortale
1089 2975 1267 3050 peccatum.
1282 2967 1519 3038 Verumtamen,
1541 2963 1596 3046 qui
1619 2980 1682 3025 non

128 3067 183 3130 vel
204 3073 289 3129 certe
309 3065 464 3147 adquam
484 3065 549 3128 Deo
569 3064 743 3128 auxiliante
765 3065 881 3146 pertin·
898 3065 920 3130 C
937 3074 985 3129 est
1000 3064 1077 3146 vigil
1097 3083 1133 3126 ac
1153 3063 1289 3143 diligens
1309 3062 1348 3124 ad
1366 3061 1529 3124 vitandum
1547 3059 1684 3122 venialia

129 3183 208 3248 gere
228 3171 342 3246 potest,
358 3172 391 3226 et
409 3163 448 3226 ad
468 3181 564 3245 quam
586 3163 700 3226 merito
718 3162 813 3225 debet
833 3181 882 3226 co
936 3173 1077 3247 peccata,
1094 3163 1158 3224 cito
1173 3169 1298 3224 corruet
1315 3161 1346 3222 in
1363 3167 1493 3243 peccata
1513 3157 1681 3222 mortalia:

129 3264 202 3326 nari
221 3283 228 3326 :
246 3262 322 3344 quia
344 3261 377 3324 in
398 3262 450 3324 via
473 3261 529 3324 Dei
554 3280 617 3324 nou
644 3261 813 3344 proficere,
835 3270 882 3324 est
937 3263 1008 3324 ideo
1024 3261 1148 3323 veniale
1163 3267 1329 3343 peccatum
1345 3257 1531 3340 dispositive
1547 3255 1622 3319 facit
1637 3257 1683 3318 di-

130 3361 283 3424 deficere.
310 3359 460 3441 Religiosi
485 3377 561 3422 vero
585 3359 624 3421 ad
651 3357 880 3441 perfectionem
936 3367 1019 3422 staro
1040 3359 1153 3421 abeo.
1177 3357 1262 3420 Facit
1285 3373 1413 3439 quoquc
1437 3356 1554 3418 distare
1576 3373 1595 3416 a
1620 3355 1684 3417 Deo

129 3459 265 3522 tendere
289 3457 480 3539 obligantur.
498 3457 603 3520 Status
628 3465 734 3519 autern
759 3457 882 3538 episco-
937 3457 1114 3521 secundum
1131 3453 1351 3536 statum2quia
1366 3453 1562 3536 quicumque
1577 3451 1684 3515 venia-

130 3575 249 3641 porum
265 3564 313 3618 est
328 3561 428 3618 status
448 3555 654 3637 perfectionis
667 3555 733 3635 jam
747 3554 883 3637 acquisi-
938 3555 1011 3618 liter
1025 3562 1136 3637 peccat
1151 3570 1322 3635 peccareve
1338 3559 1452 3634 potest,
1469 3550 1572 3613 adhuc
1587 3558 1636 3613 est
1652 3550 1683 3611 in

129 3665 183 3730 tre,
201 3655 277 3738 quia
297 3652 441 3736 episcopi
464 3653 582 3716 debent
601 3653 633 3714 in
656 3653 744 3716 omni
765 3653 882 3716 virtute
937 3661 1020 3716 statu
1041 3652 1207 3736 presentis
1227 3651 1375 3724 miseriae,
1392 3649 1534 3712 nondum
1554 3648 1586 3710 in
1602 3656 1684 3712 statu

130 3773 204 3818 esse
225 3752 370 3836 perfecti.
386 3753 480 3815 Juxta
498 3751 584 3814 bunc
599 3750 730 3814 tertium
752 3751 881 3814 modum
936 3752 1099 3815 felicitatis
1114 3757 1146 3812 et
1160 3749 1276 3831 gloria.
1290 3748 1563 3823 Quemadmodum
1578 3753 1684 3810 autern

0 3878 4 3889 ¹
24 3873 49 3913 ι·
79 3885 116 3923 nr,
131 3851 294 3916 fatebatur
308 3850 478 3933 Apostolus
494 3869 528 3912 se
544 3849 662 3912 distare
677 3869 694 3912 ι
710 3851 775 3912 Deo
791 3867 798 3911 :
819 3849 883 3930 Ego
938 3856 1104 3934 peccatum
1119 3848 1318 3932 potissimum
1331 3845 1625 3909 dissimilitudinem
1635 3845 1686 3907 ha·

129 3948 385 4033 (inquiens)uon
399 3946 536 4010 arbitror
552 3965 602 4010 me
618 3946 882 4030 apprehendisse;
938 3949 992 4012 bet
1007 3969 1025 4011 a
1040 3949 1115 4022 Deo,
1133 3946 1209 4029 quia
1227 3945 1405 4009 formaliter
1422 3963 1484 4008 non
1501 3951 1549 4008 est
1563 3943 1685 4026 aliquid

132 4065 237 4112 unum
253 4054 371 4120 autern,
386 4065 457 4128 quaa
471 4045 601 4128 quidem
619 4053 702 4108 retro
717 4053 792 4108 sunt
806 4045 884 4108 obli·
938 4047 1125 4132 positivum,
1141 4046 1196 4108 sed
1216 4043 1360 4108 defectus
1380 4051 1412 4106 et
1430 4062 1522 4106 casus
1544 4042 1584 4105 ab
1606 4043 1685 4104 enti-

131 4156 193 4221 tus,
201 4145 241 4208 ad
255 4143 415 4208 anteriora
430 4162 502 4208 vem
515 4145 689 4206 extendens
706 4163 756 4208 me
771 4143 884 4226 ipsunt
939 4153 1013 4220 tate,
1031 4145 1171 4208 bonitate
1191 4151 1223 4206 et
1244 4142 1452 4221 rectitudine;
1471 4141 1517 4203 sic
1537 4160 1595 4223 per
1613 4159 1686 4222 pec-

131 4247 173 4308 ad
195 4245 389 4308 destinatum
410 4260 594 4327 persequor,
610 4241 649 4304 ad
668 4242 815 4306 bravium
831 4243 1046 4308 ve-heatum
1080 4243 1217 4306 maxime
1251 4249 1283 4304 et
1314 4241 1535 4323 propriissime
1568 4239 1686 4303 dicitur

132 4342 269 4407 cationis
285 4341 517 4424 supemeldeo
532 4349 687 4424 quantum
702 4341 741 4404 ad
758 4341 885 4404 modum
940 4345 1036 4407 homo
1060 4343 1177 4404 distare
1201 4361 1220 4403 a
1243 4341 1317 4414 Deo,
1342 4339 1434 4420 juxta
1457 4339 1536 4401 illud
1560 4337 1687 4400 Prover-

131 4443 221 4504 hunc
237 4439 380 4514 tertium,
395 4447 482 4503 tanto
499 4440 570 4522 plus
585 4439 885 4522 appropinquamus
940 4443 1066 4507 biorum
1085 4461 1091 4505 :
1109 4441 1214 4522 Longe
1229 4448 1276 4502 cat
1291 4439 1445 4503 Dominus
1459 4437 1501 4500 ab
1516 4437 1634 4518 impiis.
1648 4437 1685 4498 Et
1720 4451 1786 4494 rm.
1796 4464 1832 4502 n,

130 4541 172 4603 ad
188 4539 302 4612 Deum,
314 4545 433 4623 quanto
448 4539 521 4620 plus
537 4539 569 4600 in
586 4537 760 4601 virtutibus
776 4547 808 4600 et
822 4539 885 4601 vir·
940 4550 1059 4624 quanto
1073 4546 1203 4623 peccata
1221 4544 1297 4601 sunt
1311 4537 1467 4618 graviora,
1483 4543 1571 4599 tanto
1586 4553 1686 4598 remo·
1701 4516 1734 4556 ²⁹·

130 4638 236 4701 tnesis
252 4635 405 4719 operibus
419 4636 605 4710 crescimus,
619 4637 679 4699 hoc
695 4644 753 4711 est,
766 4645 884 4718 quanto
940 4641 1053 4703 tiorern
1083 4638 1204 4702 faciunt
1227 4635 1267 4698 ab
1291 4635 1515 4717 Omnipotente
1544 4634 1688 4697 distanti-

132 4735 336 4812 humiliores,
359 4735 576 4818 patientiores,
601 4735 882 4810 misericordiores,
939 4757 1000 4801 am.
1019 4737 1106 4799 Unde
1127 4734 1209 4796 sicut
1225 4733 1338 4795 caritas
1353 4731 1409 4794 Dei
1431 4737 1461 4793 et
1481 4731 1618 4813 proximi
1639 4739 1687 4793 est

132 4833 365 4898 constantiores
379 4841 412 4897 et
426 4833 635 4896 ferventiores
651 4833 824 4896 efficimur.
834 4833 885 4898 Po
938 4855 1065 4900 summa
1079 4835 1188 4904 virtus,
1197 4840 1227 4894 et
1244 4831 1380 4894 maxime
1396 4831 1460 4892 Deo
1475 4829 1685 4910 conjungens3

132 4933 298 4997 tissimum
319 4939 426 4996 tamen
448 4931 588 4995 dicimur
608 4933 672 4995 Deo
694 4931 884 5015 propinqua·
938 4937 984 4998 sic
1009 4934 1118 4996 odium
1145 4931 1200 4994 Dei
1223 4937 1254 4992 et
1276 4929 1413 5013 proximi
1438 4937 1486 4992 est
1509 4929 1683 4991 maximum

132 5051 180 5105 re,
203 5030 402 5114 proficiendo
424 5029 457 5093 in
478 5029 620 5103 caritate,
637 5029 712 5112 quia
734 5048 791 5112 per
812 5048 882 5094 earn
938 5031 1065 5105 vitium,
1085 5037 1180 5112 atque
1203 5048 1221 5091 a
1242 5029 1306 5090 Deo
1332 5027 1613 5090 vehementissime
1638 5045 1684 5088 se-

133 5130 237 5212 magis
257 5129 425 5210 attingitur
446 5129 539 5192 Deus.
557 5129 630 5192 ldeo
651 5129 729 5191 dicit
752 5129 883 5192 Bernar·
937 5147 1062 5211 parans.

131 5231 196 5293 dus
219 5248 226 5293 :
250 5229 348 5292 Tanto
372 5227 445 5311 plus
469 5227 612 5311 proficis,
637 5235 725 5290 tanto
746 5227 882 5290 celerius
973 5228 1180 5299 Praeterea,ex
1196 5225 1315 5307 triplici
1332 5225 1438 5286 radice
1453 5223 1599 5286 homines
1616 5243 1684 5305 pec-

132 5327 292 5402 ambulas,
311 5333 400 5391 tanto
421 5325 560 5410 amplius
580 5326 819 5410 appropinquas
842 5326 881 5389 ad
937 5333 1010 5388 cant
1027 5342 1034 5387 :
1053 5343 1125 5386 nam
1149 5323 1248 5406 aliqui
1274 5328 1407 5406 peccant
1431 5339 1470 5384 ex
1496 5321 1682 5402 ignorantia,
