4154 6258
449 453 510 520 394
669 472 818 523 ooxmca
838 473 883 521 xu
903 472 976 521 rosr
995 470 1190 520 mrurmrau.
1211 489 1252 502 -
1271 470 1314 518 an
1334 470 1509 522 umroxosos
1519 470 1529 536 3
1551 470 1649 520 sanxo
1670 471 1778 519 sarnus

430 667 434 683 ·
449 646 538 710 surdi
553 654 585 710 et
605 645 686 710 muti
706 647 770 710 sint
784 645 944 710 interdum
964 663 1107 709 seorsum
1124 645 1195 708 bor·
1209 642 1235 707 Δ
1250 645 1333 709 dono
1348 645 1511 728 sapientie
1526 645 1668 728 linguam
1688 649 1822 707 nostram
1839 641 1868 705 in
1880 646 1955 708 omni-

446 746 535 810 tandi
564 765 602 810 ac
630 745 835 820 informandi,
861 763 902 808 no
926 745 953 808 si
982 744 1042 809 boc
1066 744 1195 828 publice
1250 743 1310 822 bus
1329 743 1507 826 gubernare
1524 744 1683 826 dignetur,
1699 749 1730 806 et
1748 761 1818 806 cum
1836 743 1956 825 Propheta
2037 759 2038 770 *

445 844 515 920 liat,
531 864 570 908 ex
591 845 732 908 humano
753 843 869 907 rubore
890 844 930 906 ab
949 842 1146 906 advertentia
1164 850 1196 905 ct
1248 843 1649 918 oremus:Pone,l)omine,
1659 842 1829 906 custodiam
1843 841 1884 904 ori
1897 861 1955 918 meo,
1970 863 2022 911 raa

446 943 636 1026 poenitentia
657 962 691 1006 se
712 950 865 1006 avertant.
1249 950 1281 1004 et
1302 942 1419 1005 ostium
1443 941 1690 1005 circumstantia
1709 940 1801 1003 labiis
1823 941 1902 1003 meis.
1916 943 2019 1004 heire„

484 1042 524 1105 ht
546 1059 623 1105 vero
651 1041 708 1104 Dei
737 1041 837 1104 Filius
867 1041 1049 1104 incarnatus
1079 1040 1195 1122 digitos
1250 1040 1368 1103 etenim
1389 1047 1437 1102 est
1455 1039 1632 1121 gubernare
1648 1039 1799 1121 linguam,
1814 1039 2037 1121 quanm-ma

444 1159 519 1204 suos
544 1140 577 1203 in
601 1140 734 1203 auribus
759 1139 867 1223 posuit
888 1140 976 1202 surdi
998 1147 1030 1202 et
1053 1139 1133 1202 muti
1154 1139 1195 1202 is·
1250 1139 1300 1202 lus
1316 1139 1384 1202 sine
1399 1139 1500 1220 gratia
1514 1145 1618 1220 potest
1632 1137 1956 1219 domarellempcquod
2038 1137 2039 1148 ¹

444 1239 521 1314 tino,
537 1240 576 1303 ad
599 1239 831 1321 designandum
852 1239 938 1321 quod
963 1257 1019 1300 sua
1045 1237 1195 1301 divinitas
1250 1237 1289 1300 de
1301 1235 1726 1312 terrenis,vanis,inutilibus
1737 1234 1956 1318 libentiusqurn

445 1337 638 1421 operabatur
660 1356 718 1420 per
742 1354 858 1420 corpus
883 1355 976 1399 suum
1000 1344 1032 1398 et
1052 1335 1194 1418 corporis
1249 1336 1288 1400 de
1318 1335 1539 1418 spiritualibus
1572 1355 1609 1399 ae
1639 1334 1758 1398 divinis
1788 1333 1956 1406 conferimus,

447 1435 603 1510 membra,
620 1443 771 1518 tanquam
791 1453 848 1518 per
864 1435 1113 1497 instrumentum
1128 1434 1195 1496 ani·
1249 1436 1326 1518 quid
1342 1443 1391 1498 est
1406 1435 1468 1498 nisi
1483 1435 1559 1518 quia
1579 1454 1616 1498 ea
1634 1453 1706 1517 quae
1726 1433 1781 1496 Dei
1801 1441 1876 1507 sunt,
1889 1433 1957 1496 nohis

447 1542 582 1609 matum,
606 1533 772 1616 proprium
797 1541 829 1596 et
853 1533 1079 1614 conjunctum3
1106 1533 1193 1606 item,
1250 1551 1314 1596 non
1329 1534 1536 1617 sapiunt,nec
1548 1540 1714 1615 gustamus
1726 1550 1820 1615 quam
1831 1531 1957 1594 dulcisest
1967 1519 2040 1594 rar-aa

447 1633 522 1716 quia
537 1652 594 1714 per
608 1632 734 1714 digitus,
747 1640 877 1714 propter
891 1649 1002 1695 eorum
1018 1630 1195 1694 articulari-
1250 1631 1414 1706 Dominus,
1431 1632 1486 1694 sed
1502 1651 1583 1695 vana
1602 1639 1634 1694 et
1651 1631 1768 1694 lrivola
1787 1630 1957 1694 meditamur!

446 1731 603 1796 nationem
618 1749 653 1793 ac
669 1730 1195 1811 distinctionem,signaturdisere·
1251 1731 1366 1813 Sieque
1397 1749 1437 1793 ex
1471 1730 1665 1794 abundantia
1696 1729 1800 1793 cordis
1828 1747 1860 1792 os
1885 1729 2041 1810 toqui-mn

444 1830 501 1904 tio,
518 1848 589 1913 quae
610 1829 649 1892 ad
673 1829 882 1912 aperiendum
909 1829 1075 1891 interiores
1099 1847 1192 1892 aures
1212 1826 1312 1892 Btur.
1328 1830 1431 1904 Quum
1451 1838 1558 1892 autem
1580 1827 1746 1912 sapientia
1766 1828 1843 1891 dono
1862 1820 1988 1909 pertun-‘⁴'

443 1927 536 1990 valde
556 1934 604 1990 est
623 1927 810 1990 neccssaria.
828 1927 958 2000 Rursus,
976 1945 1075 2009 quum
1098 1927 1194 2009 Spiri·
1251 1929 1368 2003 dimur,
1387 1936 1419 1990 et
1439 1928 1622 2011 spirituales
1642 1935 1740 2010 atque
1761 1925 1868 1990 interni
1885 1925 1960 1988 ellici·
2040 1941 2041 1966 ³

443 2033 495 2089 tus
511 2027 645 2089 Sanctus
659 2025 778 2107 digitus
794 2025 849 2087 Dei
865 2025 1054 2108 appelletur,
1070 2043 1128 2107 per
1143 2043 1194 2107 po
1251 2045 1334 2100 mur,
1351 2032 1513 2107 gustantes
1529 2044 1625 2108 quam
1641 2044 1758 2107 magna
1772 2024 1811 2087 sit
1824 2023 2033 2086 multitudonue

443 2125 591 2188 sitionem
608 2125 780 2206 digitorum
797 2123 912 2187 Christi
930 2123 962 2185 in
978 2122 1109 2186 auribus
1125 2144 1193 2187 sur·
1250 2124 1430 2187 dulcedinis
1449 2124 1518 2197 Dei,
1537 2141 1611 2186 mox
1631 2123 1733 2186 otiosa
1753 2131 1785 2185 et
1801 2123 1958 2185 infructuosa

443 2224 476 2286 di
500 2231 533 2285 et
557 2223 649 2298 muti,
666 2223 857 2304 exprimitur
881 2222 966 2305 quod
990 2241 1009 2284 a
1034 2222 1192 2303 spirituali
1249 2223 1444 2285 detestamur
1463 2221 1634 2305 colloquia,
1651 2229 1683 2284 et
1701 2221 1743 2284 de
1763 2219 1958 2304 pertinentibus

444 2321 597 2385 surditate
622 2339 658 2382 ac
682 2320 827 2382 mutitate
853 2337 947 2382 nemo
973 2327 1112 2394 curetur,
1129 2321 1192 2384 nisi
1249 2321 1287 2384 ad
1309 2321 1364 2383 Dei
1389 2321 1554 2394 honorem,
1580 2321 1618 2382 ad
1642 2321 1822 2383 animarum
1844 2318 1957 2388 salutem,
2041 2337 2042 2360 t

444 2439 502 2502 per
524 2418 718 2481 inlusionem
741 2418 897 2480 donorum
918 2418 1054 2500 Spiritus
1074 2418 1189 2481 Sancti.
1248 2420 1287 2481 ad
1312 2419 1532 2501 proximorum
1556 2417 1804 2482 edificationem
1821 2417 1956 2500 loquimur.

445 2518 599 2598 Rogemus
612 2514 1190 2597 ergoetnosllominumsalvatorem,
1288 2519 1450 2592 Praeterea,
1468 2517 1610 2581 Christus
1634 2518 1784 2602 adspexit
1807 2517 1837 2578 in
1858 2516 1957 2586 coelun,
1976 2533 2027 2574 rw

446 2622 481 2677 ut
505 2632 612 2677 veram
638 2613 860 2676 discretionem
888 2632 924 2675 ac
949 2614 1031 2677 dona
1055 2614 1191 2697 Spiritus
1249 2616 1287 2679 ad
1310 2616 1540 2696 designandum
1563 2616 1647 2699 quod
1672 2615 1780 2678 omnis
1803 2623 1920 2698 potestas
1937 2601 1988 2677 et*
2042 2660 2043 2724 q

446 2713 552 2776 Sancti
575 2720 672 2794 ponat
696 2730 821 2794 semper
840 2711 872 2773 in
894 2711 1044 2775 cordibus
1064 2712 1191 2785 nostris,
1249 2715 1350 2778 virtus
1372 2715 1413 2777 sit
1436 2735 1454 2777 a
1475 2715 1565 2778 Patre
1590 2714 1723 2778 coelesti.
1741 2714 1887 2796 Ingemuit
1905 2731 1961 2795 quo
2042 2727 2043 2806 l

446 2819 603 2894 quatenus
630 2811 761 2874 honeste
791 2817 821 2872 et
846 2811 1023 2873 secundum
1047 2811 1192 2872 ordinem
1249 2833 1322 2895 que,
1349 2831 1412 2876 non
1437 2812 1730 2901 ob‚dillicultatem
1758 2813 1879 2875 curandi
1898 2813 1960 2873 bunc

327 2923 334 2936 ·
447 2909 554 2972 omnia
580 2906 660 2970 liant
688 2908 721 2970 in
756 2909 859 2971 nobis.
891 2907 1192 2990 Discretioquippe,
1249 2913 1382 2974 surdum
1398 2919 1430 2973 et
1444 2918 1582 2986 mutum,
1599 2911 1654 2973 sed
1670 2929 1709 2972 ex
1725 2910 1860 2992 generali
1872 2918 1898 2971 et
1910 2910 1961 2970 inti-

445 3015 525 3071 teste
545 3007 575 3070 S.
593 3006 740 3082 Antonio,
763 3006 993 3089 specialissime
1015 3006 1193 3069 necessaria
1211 3005 1233 3069 G
1251 3029 1302 3072 ma
1322 3009 1541 3092 compassione
1564 3028 1627 3090 qua
1645 3009 1773 3071 cunctis
1793 3008 1962 3090 spiritualiter

445 3114 494 3170 est
512 3105 678 3179 monacho,
696 3113 731 3166 ut
747 3123 805 3167 suo
826 3104 895 3168 loco
914 3112 946 3167 et
965 3112 1108 3186 tempore
1127 3123 1192 3167 om·
1251 3107 1514 3171 mutisetsurdis
1534 3105 1800 3189 compatiebatur,
1816 3105 1961 3168 etitemad
2043 3118 2044 3180 l

445 3205 498 3266 nia
515 3204 609 3267 iaciat
623 3203 778 3278 ordinate,
791 3203 877 3284 regia
893 3202 943 3265 via
959 3203 1121 3277 incedens,
1134 3222 1192 3266 nec
1250 3207 1478 3269 insinuandum
1505 3205 1590 3288 quod
1617 3205 1696 3268 tales
1726 3204 1892 3267 dilliculter
1910 3221 1961 3264 con·

445 3303 549 3384 majus
570 3321 629 3365 nec
652 3301 758 3364 minus
780 3320 876 3384 quam
898 3301 1044 3382 congruit
1064 3320 1170 3383 agens.
1250 3313 1429 3378 vertuntur,
1441 3322 1504 3367 non
1520 3323 1559 3365 ex
1575 3303 1768 3385 impotentia
1780 3302 1900 3376 llei,sed
1913 3318 1962 3384 pro

483 3402 646 3474 Praeterca,
670 3419 727 3482 per
751 3399 894 3474 salivam,
913 3400 982 3462 sine
1007 3419 1070 3483 qua
1095 3399 1193 3462 verba
1249 3411 1321 3484 pter
1336 3402 1612 3484 indispositionem
1629 3401 1961 3465 eorum.Similirationc

445 3500 603 3583 completa
629 3498 760 3561 formari
787 3516 851 3561 non
877 3507 1010 3580 queunt,
1038 3498 1193 3580 sapientia
1250 3501 1282 3564 in
1298 3501 1503 3564 suscitatione
1517 3500 1624 3564 Lazari
1641 3499 1723 3562 vidit
1741 3501 1775 3564 in
1791 3501 1904 3571 coelum,
1916 3505 1962 3558 tur·
1978 3515 2036 3558 mr

444 3598 638 3679 designatur,
655 3616 726 3680 qum
746 3614 781 3659 os
801 3597 927 3671 animae,
944 3603 1053 3678 utpote
1070 3596 1192 3658 intelle·
1251 3599 1339 3662 bavit
1360 3617 1393 3661 se
1417 3599 1535 3681 ipsum,
1553 3598 1684 3661 tremuit
1705 3598 1822 3680 spiritu
1842 3605 1869 3660 et
1888 3579 2015 3683 plora-{³³
2032 3585 2041 3610 '⁴

444 3694 649 3769 ctum,vcrba
665 3694 814 3757 menmlia
829 3695 1193 3777 proterentem,rigat,et
1250 3697 1306 3759 vit.
1333 3697 1504 3770 Postremo,
1534 3696 1676 3759 Christus
1703 3697 1826 3778 gemitu
1852 3711 1900 3758 suo
1922 3709 1962 3754 nos

446 3795 573 3859 dulcem
590 3794 620 3856 ei
640 3811 786 3875 saporem
809 3793 949 3874 largitur.
966 3794 1024 3856 Per
1039 3793 1098 3856 ho'c
1118 3811 1192 3874 crgo
1250 3795 1368 3868 docuit,
1382 3795 1482 3857 Deum
1498 3813 1571 3858 cum
1589 3795 1714 3858 interna
1729 3794 1905 3858 contritione
1917 3808 1964 3852 eor

444 3893 530 3976 quod
552 3892 706 3955 Dominus
730 3900 824 3974 sputo
849 3909 906 3954 suo
929 3891 1070 3972 linguam
1095 3891 1192 3972 hujus
1250 3894 1391 3977 dialique
1405 3893 1738 3973 gemitu.invocarc,et
1752 3897 1964 3977 propteruostrr

446 3991 556 4073 tetigit,
566 3991 653 4054 surdi
669 3999 701 4053 et
721 3989 813 4068 muti,
830 3989 983 4053 docemur
1002 3991 1087 4072 quod
1107 3997 1192 4052 recte
1250 4011 1286 4055 ac
1302 3991 1521 4074 proximorum
1538 4000 1666 4073 peccata
1685 4011 1815 4074 gemere
1829 4010 1861 4055 ao
1874 3989 1963 4058 dolere,

445 4109 482 4154 ac
498 4090 659 4153 meritorie
675 4089 761 4171 loqui
778 4106 841 4151 non
858 4106 1041 4172 possumus,
1058 4089 1119 4152 nisi
1141 4089 1194 4152 do·
1250 4089 1408 4153 desiderio
1423 4107 1551 4172 quoque
1566 4090 1639 4153 vitae
1649 4090 1854 4176 perfectioris
1868 4107 1899 4151 ac
1910 4102 1965 4168 quo

446 4207 487 4252 no
512 4189 676 4271 sapientiae
705 4189 842 4270 desuper
868 4187 1037 4269 irrigemur
1062 4207 1097 4250 ac
1123 4206 1193 4270 per·
1208 4190 1233 4253 D
1251 4189 1363 4251 tidiani
1388 4187 1550 4270 proiectus
1575 4188 1846 4272 beatitudinisque
1867 4187 1964 4252 tutum,

298 4311 431 4363 armaio.
447 4288 628 4351 fundamur.
638 4287 768 4368 Propter
783 4286 867 4368 quod
884 4286 1040 4369 scriptum
1055 4294 1104 4348 est
1116 4303 1122 4348 :
1135 4286 1193 4359 oui
1250 4295 1282 4350 et
1297 4287 1435 4349 maxime
1450 4305 1488 4348 ex
1508 4285 1627 4348 allecto
1648 4287 1828 4350 communis
1847 4283 1964 4349 reforma·

447 4387 629 4449 moderatur
650 4385 734 4448 labia
755 4405 823 4459 sua,
843 4385 1112 4466 prudentissimus
1135 4392 1192 4447 est.
1249 4385 1346 4450 tionis
1367 4385 1516 4449 Ecclesiae
1535 4385 1757 4467 pracordiales
1778 4386 1903 4467 gemitus
1919 4383 1965 4444 heo

446 4484 717 4559 Quemadmodum
755 4483 841 4546 enim
879 4483 1118 4566 multiloquium
1153 4484 1193 4546 si·
1244 4483 1378 4558 ollerre,
1395 4491 1426 4546 et
1441 4502 1556 4546 vanam
1572 4483 1714 4547 laetitiam
1735 4483 1904 4547 abhorrere.
1917 4480 1966 4542 lus·

298 4597 432 4649 neeman.
446 4602 546 4664 gnum
570 4589 619 4644 est
642 4581 784 4644 stultitiae
808 4582 912 4663 (juxta
935 4581 1014 4643 illud
1042 4599 1048 4643 :
1073 4582 1194 4645 Stultus
1250 4583 1292 4644 sit
1311 4599 1439 4664 quoque
1460 4581 1650 4644 miraculum
1671 4600 1736 4645 non
1756 4581 1873 4654 reterri,
1887 4587 1915 4640 ut
1928 4577 1966 4638 dc

298 4697 432 4748 aroanna,
447 4679 544 4742 verba
564 4679 773 4761 multiplicat;
790 4688 831 4754 et,
848 4681 962 4742 Totum
977 4681 1127 4762 spiritum
1143 4698 1195 4743 su·
1250 4689 1337 4744 caret
1350 4698 1407 4744 nos
1428 4698 1541 4743 vanam
1557 4679 1802 4744 ostentationem
1821 4689 1851 4742 et
1868 4677 1966 4741 laudem

213 4797 223 4812 ·
300 4763 332 4803 ¹¹·
447 4797 502 4842 um
519 4778 640 4860 prolert
654 4777 793 4858 stultus),
810 4779 856 4840 sic
872 4778 1070 4842 taciturnitas
1085 4787 1116 4841 et
1133 4796 1195 4841 mo·
1250 4780 1423 4842 humanam
1438 4778 1600 4860 aspernari
1615 4797 1652 4841 ac
1666 4775 1966 4860 lugere,soliquellco

446 4878 554 4940 derata
576 4876 704 4950 locutio,
725 4877 888 4958 sapientia
910 4883 958 4939 est
983 4877 1138 4940 indicium
1163 4884 1195 4940 et
1250 4877 1333 4940 velle
1353 4877 1490 4960 placere,
1507 4875 1661 4958 proximis
1683 4886 1790 4940 autem
1813 4878 1844 4938 in
1863 4876 1916 4938 lleo
1933 4889 1966 4933 or·

303 4992 431 5045 rosnae.
446 4975 593 5039 allectus.
610 4976 741 5057 Propter
759 4976 844 5057 quod
863 4975 907 5037 ait
927 4976 1090 5058 Scriptura
1107 4993 1114 5038 :
1131 4977 1194 5039 Uti·
1251 4976 1357 5038 dinate
1376 4974 1415 5037 ad
1435 4974 1490 5037 [lei
1510 4976 1663 5038 bonorem
1686 4983 1718 5038 et
1738 4976 1876 5058 ipsorum
1892 4967 1967 5034 edili·

446 5094 518 5138 nam
533 5073 692 5147 taceretis,
708 5080 743 5134 ut
758 5074 950 5155 putaremini
971 5075 1129 5156 sapientes
1139 5092 1147 5154 ;
1164 5082 1195 5136 et
1252 5074 1421 5147 cntionem,
1438 5079 1473 5134 ut
1488 5072 1530 5135 sit
1549 5091 1676 5155 semper
1691 5073 1724 5136 in
1742 5073 1887 5136 omnibus
1903 5077 1967 5131 recta

296 5186 431 5242 aravum,
446 5175 551 5238 denuo
568 5191 575 5236 :
593 5172 725 5256 Sapiens
745 5179 884 5235 reservat
906 5180 938 5235 et
958 5173 1069 5236 dillert
1089 5174 1120 5236 in
1142 5191 1195 5257 po·
1253 5181 1285 5236 et
1306 5173 1430 5234 sincera
1454 5179 1560 5234 nostra
1584 5171 1728 5235 intentio.
1744 5173 1791 5235 Ad
1817 5170 1926 5234 laudem
1945 5169 1965 5224 el

300 5253 332 5292 ¹¹·
446 5279 577 5335 starum.
600 5271 815 5354 Depreoemur
837 5269 943 5352 itaque
966 5270 1137 5334 Dominum
1160 5278 1196 5334 ut
1249 5269 1383 5352 gloriam
1405 5268 1648 5352 Omnipotentis.
