4164 6258
379 489 525 538 nummus
547 491 579 537 v1
599 491 673 538 rosv
692 491 887 538 rarmrrrnrr.
909 511 948 521 -
968 491 1143 540 unianimo
1164 493 1196 540 m
1217 493 1411 542 minuamus
1609 475 1670 541 253

124 660 159 722 ad
174 659 274 722 Deum
292 659 407 735 levare,
419 669 451 725 et
465 680 571 727 coram
586 679 625 727 eo
640 663 868 728 conscientiam
882 663 908 727 A
924 665 1035 748 sapite.
1062 665 1124 728 lsta
1148 663 1375 748 contemplatio
1400 683 1457 748 per
1481 662 1597 728 Christi
1622 682 1670 726 es-

124 757 315 834 eiaminare,
331 767 426 842 atque
448 761 487 823 de
506 760 742 844 pertinentibus
761 763 800 825 ad
820 781 868 825 sa·
924 764 1108 827 censionem
1130 764 1341 845 significatur.

124 857 218 919 lutem
240 857 398 933 meditari,
415 858 454 921 de
476 859 631 922 brevitate
653 867 684 922 et
704 860 867 922 incertitu-
968 861 1139 935 Postremo,
1164 861 1241 924 linis
1265 879 1302 923 ac
1332 861 1498 943 premium
1523 859 1668 923 omnium

123 955 192 1016 dine
214 955 288 1018 vitae
309 958 487 1038 praesentis,
510 957 549 1020 de
571 957 674 1039 rigore
696 958 796 1021 divini
817 959 867 1040 ju·
924 959 1281 1042 praedictorumutpote
1297 959 1460 1022 beatitudo
1474 965 1602 1034 aeterna,
1619 959 1671 1020 de-

122 1053 205 1126 dicii,
240 1054 279 1116 de
314 1053 483 1118 beneficiis
515 1055 643 1130 Christi,
676 1058 714 1119 de
748 1056 866 1120 inferni
923 1057 1067 1138 signetur
1086 1078 1143 1140 per
1165 1059 1280 1122 Christi
1304 1076 1488 1121 consessum
1510 1058 1543 1120 in
1562 1057 1712 1122 dexte-rr
1711 1093 1815 1132 ........

122 1152 297 1226 tormentis,
323 1153 363 1214 de
387 1171 600 1236 supernorum
623 1155 743 1218 civium
766 1154 867 1216 felici·
923 1173 957 1216 ra
977 1156 1031 1218 Dei
1057 1156 1166 1219 Patris.
1186 1157 1272 1220 l'nde
1291 1157 1324 1218 in
1344 1155 1534 1240 Apocalypsi
1557 1156 1670 1220 asserit
1684 1146 1717 1185 ¹⁹¹

122 1257 181 1312 tate
196 1267 232 1311 ac
247 1251 383 1331 gaudiis.
400 1251 461 1314 lsta
483 1251 665 1316 recollectio
684 1252 867 1335 designatur
923 1253 1066 1316 Christus
1084 1271 1090 1315 :
1108 1253 1166 1328 Qui
1187 1255 1309 1328 vicerit,
1326 1253 1441 1316 faciam
1461 1273 1536 1317 eum
1559 1255 1669 1316 sedere
1683 1277 1816 1334 sperner.

122 1367 176 1432 per
196 1349 313 1413 Christi
336 1352 481 1434 requiem
504 1352 535 1414 in
559 1351 716 1434 sepulcro.
923 1370 1049 1413 mecum
1066 1351 1098 1414 in
1115 1353 1228 1416 throno
1244 1369 1326 1426 meo,
1343 1353 1426 1415 sicut
1440 1359 1472 1414 et
1486 1369 1544 1433 ego
1559 1351 1623 1413 vici
1638 1359 1670 1416 et

158 1448 312 1530 Septimo,
338 1457 463 1532 oportet
487 1469 571 1532 saepe
596 1451 769 1532 gratiarum
794 1451 866 1513 cha·
922 1449 989 1512 sedi
1015 1469 1088 1512 cum
1114 1450 1202 1513 Patre
1229 1469 1299 1514 meo
1329 1451 1361 1512 in
1387 1452 1501 1514 throno
1526 1450 1607 1532 ejus.
1634 1451 1668 1512 ln

121 1546 303 1610 rismetihus
333 1547 490 1622 innovari,
519 1555 550 1611 ct
580 1548 612 1610 in
643 1548 867 1612 secretioribus
922 1548 1088 1629 cvangelio
1107 1567 1234 1632 quoquc
1253 1549 1382 1613 loannis
1404 1549 1816 1622 diciturzPater,roann.1vu.

120 1644 231 1706 diebus
261 1645 392 1728 speciali
426 1646 594 1710 devotione
625 1647 742 1720 ornari,
772 1654 867 1729 atque
923 1664 1001 1728 quos
1017 1647 1131 1709 dedisti
1149 1647 1329 1720 mihi‚volo
1345 1655 1380 1708 ut
1394 1646 1449 1708 uhi
1465 1665 1537 1709 aum
1553 1664 1622 1728 ego,
1638 1654 1670 1709 et
1684 1631 1717 1672 ²⁶·
1766 1661 1772 1670 ·

120 1761 191 1804 cum
206 1743 354 1826 ampliori
371 1745 488 1807 mentis
503 1745 664 1808 alacritate
679 1764 715 1808 ec
730 1746 867 1828 puritate
923 1744 969 1807 illi
986 1745 1050 1806 sint
1065 1763 1203 1820 mecum,
1220 1753 1255 1807 ut
1269 1745 1398 1808 videant
1414 1744 1590 1809 claritatem
1606 1763 1670 1808 me-

120 1843 181 1904 lleo
200 1861 314 1906 vacare
336 1862 372 1906 ac
395 1844 589 1920 ministrare,
610 1845 746 1927 ejusque
768 1844 905 1907 laudi-B
922 1861 974 1906 am
995 1861 1091 1924 quam
1113 1844 1229 1906 dedisti
1252 1843 1342 1907 mihi.

119 1939 177 2004 bus
198 1959 236 2003 ac
256 1941 456 2005 orationihus
477 1950 507 2005 ct
532 1942 693 2006 exercitiis
714 1943 866 2006 virtuosis
962 1943 1071 2025 ltaque
1091 1941 1198 2006 omnia
1217 1943 1284 2024 jem
1304 1949 1453 2026 pretecta
1471 1942 1510 2005 ad
1526 1942 1671 2004 christia·

119 2040 265 2102 insistere
278 2057 285 2102 :
297 2040 381 2102 sicut
396 2041 428 2103 in
445 2041 535 2104 lestis
551 2041 774 2125 praecipuis,et
790 2049 868 2104 tem·
923 2059 997 2102 nam
1019 2040 1117 2103 vitam
1138 2041 1314 2123 spectantia
1333 2041 1449 2104 hahere
1470 2048 1502 2103 et
1523 2059 1671 2105 exercere

120 2154 193 2220 pore
216 2138 494 2220 quadragesimali,
511 2147 543 2202 et
564 2140 596 2201 in
617 2140 773 2203 Adventu.
795 2140 867 2203 Haec
924 2156 1089 2212 conemur,
1100 2147 1131 2201 et
1147 2159 1248 2222 usque
1264 2139 1296 2202 in
1313 2139 1413 2202 linem
1430 2157 1671 2222 perseveremus

121 2237 282 2299 innovatio
310 2255 368 2319 per
392 2236 507 2300 Christi
535 2239 801 2301 resurrectionem
826 2239 867 2301 si·
924 2237 956 2298 in
979 2237 1035 2299 cis.
1054 2237 1182 2318 Legitur
1196 2239 1235 2301 de
1249 2239 1387 2320 quodam
1404 2256 1488 2318 rege,
1506 2239 1589 2319 quod
1611 2236 1672 2299 luit

120 2342 242 2414 gnatus.
270 2335 357 2398 Unde
387 2335 420 2397 in
450 2335 603 2399 hodierna
625 2337 761 2418 epistole
773 2324 777 2330 ’
790 2336 867 2400 dicit
923 2352 1096 2402 conversus
1116 2336 1155 2398 ed
1173 2335 1272 2399 iidem
1291 2336 1425 2415 Christi3
1442 2353 1606 2419 quumque
1621 2335 1673 2398 ba·

9 2459 105 2500 remma.
120 2432 289 2514 Apostolus
310 2450 317 2494 :
338 2433 612 2506 Quemadmodum
634 2433 778 2498 Christus
801 2455 867 2498 sur·
923 2433 1034 2516 ptizari
1050 2433 1191 2508 deberet,
1208 2443 1240 2497 et
1260 2453 1360 2497 unum
1383 2436 1497 2518 pedem
1512 2435 1672 2517 posuisset

121 2532 199 2597 rexit
213 2550 233 2593 a
249 2532 394 2606 mortuis,
411 2533 454 2595 ita
469 2541 502 2595 et
517 2551 574 2596 nos
591 2533 623 2596 in
639 2534 779 2597 novitate
794 2536 867 2598 vitas
923 2532 956 2593 in
972 2551 1063 2614 aqua,
1081 2533 1286 2614 interrogavit
1303 2532 1358 2595 uhi
1378 2541 1462 2596 esset
1482 2533 1584 2614 maj0r
1599 2552 1672 2615 pars

9 2645 66 2702 'pua
78 2663 104 2698 n,
118 2629 340 2709 ambulemus3
364 2636 396 2692 et
415 2629 504 2705 elihi,
521 2630 729 2694 Renovamini
751 2631 866 2714 spiritu
923 2631 1091 2693 hominum
1108 2638 1307 2695 mortuorum
1323 2639 1355 2695 et
1370 2651 1481 2714 regum
1496 2650 1533 2694 ec
1553 2631 1671 2714 princi·

9 2717 18 2752 ‘¹
119 2728 235 2790 mentis
255 2735 378 2791 vestrae.
399 2729 434 2790 ln
455 2728 534 2791 lania
553 2747 681 2812 quoque
705 2729 864 2793 hahetur:
924 2748 1011 2811 pum.
1028 2730 1271 2812 Responderunt
1293 2731 1321 2792 ei
1347 2731 1403 2813 qui
1420 2732 1561 2805 aderant,
1585 2730 1670 2812 quod

9 2849 104 2896 cisitu,
119 2825 148 2888 Si
164 2824 398 2907 glorificaveris
414 2825 749 2910 Dominum,implebit
764 2828 868 2911 splen·
923 2827 955 2889 in
971 2827 1106 2890 interno.
1122 2828 1209 2890 'lunc
1225 2827 1359 2891 stolidus
1375 2827 1430 2891 ille
1445 2828 1560 2911 pedem
1576 2847 1669 2892 suum

13 2937 18 2948 ·
118 2924 251 2987 duribus
271 2924 412 2988 enimam
433 2933 532 2988 tuam.
923 2927 1064 3001 retraxit,
1080 2927 1191 2990 dicens
1212 2946 1245 2990 se
1267 2926 1350 2992 velle
1370 2928 1479 2991 venire
1499 2935 1570 3011 post
1589 2927 1671 2990 hanc

155 3023 285 3096 Octavo,
302 3021 396 3086 dehet
412 3024 573 3088 interdum
592 3026 704 3088 edesse
719 3025 867 3108 aliqualis
883 3029 905 3092 C
922 3025 1020 3089 vitam
1042 3025 1098 3088 uhi
1119 3026 1221 3108 maj0r
1241 3045 1314 3110 pars
1333 3026 1500 3090 hominum
1522 3033 1615 3090 esset.
1634 3027 1672 3089 llt

117 3120 230 3184 saltem
247 3121 474 3204 contemplatio
489 3122 692 3186 divinorum:
706 3123 782 3206 quia
797 3122 866 3206 qui·
924 3124 967 3187 ite
990 3124 1028 3186 ed
1060 3123 1285 3187 infidelitatem
1314 3143 1406 3188 suam
1435 3144 1593 3198 reversus,
1618 3125 1670 3188 die

116 3237 257 3300 cumque
286 3225 335 3281 est
363 3219 396 3280 in
426 3220 555 3282 caritate
580 3227 612 3282 ct
636 3222 746 3302 gratia,
771 3221 868 3284 hehet
923 3224 1017 3286 tertio
1035 3229 1090 3285 aut
1110 3222 1239 3286 circiter
1253 3223 1438 3306 exspiravit,
1455 3231 1550 3306 etque
1570 3224 1603 3286 in
1623 3225 1670 3286 in-

115 3317 209 3378 etiem
225 3317 345 3379 donum
360 3317 524 3399 sapientias
540 3319 714 3381 secundum
728 3319 867 3401 aliquem
921 3320 1049 3383 fernum
1075 3322 1250 3384 descendit.
1276 3321 1344 3384 Non
1375 3323 1588 3385 consideravit
1616 3322 1670 3385 ille

114 3416 271 3495 gradum3
294 3423 326 3478 et
346 3435 404 3499 per
424 3415 504 3479 illud
527 3425 630 3500 potest
649 3438 686 3481 ec
707 3417 801 3480 debet
822 3419 867 3480 in·
924 3419 1408 3503 inlclin,quodquantoplures
1428 3419 1555 3483 suntin
1576 3415 1671 3484 inler-

116 3515 240 3576 terdum
265 3515 474 3598 contemplari
499 3535 595 3598 quam
621 3515 725 3580 bonus
748 3525 780 3579 et
800 3517 866 3598 glo·
921 3536 973 3592 no,
991 3525 1078 3580 tanto
1093 3517 1195 3599 major
1210 3525 1259 3581 est
1273 3535 1384 3582 corum
1401 3517 1564 3581 calamitas
1576 3535 1584 3581 :
1596 3537 1669 3582 nam

113 3612 218 3676 riosus
234 3619 283 3675 est
298 3613 451 3676 Dominus
467 3614 550 3678 Deus
565 3622 787 3698 noster‚quam
803 3633 867 3678 om·
921 3615 1005 3678 sieut
1019 3615 1052 3677 in
1069 3615 1150 3680 coelo
1170 3635 1252 3678 unus
1273 3617 1407 3680 Sanctus
1426 3625 1521 3698 auget
1535 3615 1671 3680 felicita·

114 3711 266 3795 nipotena
282 3719 314 3774 et
328 3711 501 3795 perlectus,
514 3733 611 3796 quem
627 3714 711 3797 pius,
724 3713 866 3776 liberalis
921 3722 984 3776 tem
1000 3713 1142 3788 alterius,
1152 3713 1198 3776 sic
1214 3715 1246 3776 in
1263 3713 1389 3778 interno
1402 3734 1485 3777 unus
1501 3715 1669 3778 damnatus

114 3819 144 3871 et
157 3810 280 3891 justus,
297 3818 329 3872 et
347 3819 466 3893 quanta
485 3819 533 3876 est
552 3813 665 3876 caritas
687 3831 724 3874 ac
744 3813 866 3875 miseri·
920 3813 1051 3875 alterius
1076 3821 1171 3894 auget
1195 3813 1368 3874 miseriem.
1391 3813 1513 3876 idcirco
1538 3814 1570 3877 in
1595 3832 1668 3877 cou-

115 3909 223 3971 cordia
246 3909 318 3990 ejus
339 3927 435 3991 super
456 3909 613 3986 homines,
634 3929 730 3992 quam
753 3911 866 3973 inette·
921 3910 1077 3973 damnatis
1094 3910 1198 3973 locum
1214 3928 1278 3973 non
1294 3910 1389 3975 hehet
1404 3911 1482 3974 illud
1499 3930 1669 3976 commune

114 4006 212 4069 bilem
241 4005 473 4070 beatitudinem
498 4009 689 4091 praeparavit
712 4008 779 4071 suis
803 4008 865 4072 ele·
920 4009 1041 4071 dictum
1060 4026 1067 4070 ε
1085 4007 1240 4072 Solatium
1259 4017 1308 4072 est
1329 4009 1454 4072 miseris
1475 4010 1597 4074 socium
1615 4012 1669 4075 ha-

9 4077 98 4112 mmm
112 4105 180 4168 ctis.
199 4105 285 4168 lliuc
299 4105 344 4168 ait
357 4104 526 4187 Apostolus
540 4125 547 4169 :
559 4107 632 4182 Quae
648 4125 776 4170 sursum
792 4115 867 4170 sunt
921 4106 996 4169 bere
1019 4107 1051 4170 in
1074 4107 1188 4191 poenis.

507 4483 812 4614 nvannrno
845 4483 900 4572 nv
935 4485 1270 4574 nvmenuuu

238 4729 304 4776 msr
326 4729 541 4776 aemulemur
561 4731 696 4778 rusrrrm
717 4731 835 4778 vrarna
857 4733 929 4778 runs
950 4734 1035 4789 oure
1056 4733 1228 4781 scurarnuu
1250 4735 1287 4780 nr
1308 4733 1544 4797 raanrssoauu,

424 4829 486 4877 non
508 4830 680 4876 rsrnamrrs
701 4831 733 4878 m
754 4829 879 4877 menna
900 4831 1064 4878 ctunonvu.
1082 4816 1187 4878 Matth.
1205 4833 1235 4890 v,
1251 4815 1354 4879 20-24.

170 5080 338 5146 uersutis
357 5079 389 5142 in
409 5081 575 5162 cvangelio
590 5081 743 5144 hodierno
758 5083 860 5156 docet,
879 5080 1013 5163 Datque
1033 5101 1129 5166 quam
1151 5101 1284 5165 magnus
1303 5102 1339 5145 ac
1360 5088 1549 5152 metuendus
1564 5088 1605 5152 sit
1624 5091 1664 5154 ri-

186 5199 287 5262 quam
308 5197 422 5260 magna
437 5179 478 5241 sit
492 5180 684 5261 evangelice
701 5180 780 5262 legis
794 5199 863 5262 per·
917 5198 974 5262 gor
992 5181 1093 5243 divini
1112 5181 1236 5263 judicii,
1260 5183 1379 5266 ltaque,
1397 5184 1480 5247 sicut
1501 5185 1662 5252 llatthaeus

9 5235 93 5290 tunm
108 5280 222 5354 sectio,
240 5285 272 5341 eg
292 5279 369 5341 item
389 5297 485 5360 quam
505 5285 591 5342 erote
610 5279 651 5341 sit
668 5279 721 5342 via
738 5278 861 5354 salutis,
917 5279 971 5353 ait,
986 5282 1080 5340 lesus
1094 5278 1237 5342 Christus
1257 5279 1289 5341 in
1309 5299 1456 5345 sermone
1475 5303 1571 5365 quem
1586 5285 1663 5352 lecit
