4206 6258
432 463 492 532 cle
767 479 915 530 noumrcx
934 478 1012 524 xxnr
1032 477 1105 523 rosr
1124 472 1317 521 mrurmrau.
1339 490 1379 502 -
1398 471 1497 517 suario
1516 470 1641 516 manns

432 654 579 718 homines
595 654 650 736 qui
665 652 904 717 vitiosissimam
918 642 1218 712 consuetudinemd
1233 642 1300 706 lent
1319 642 1404 705 circa
1417 660 1563 704 venerea.
1579 640 1741 715 Quomodo
1758 639 1854 701 etiam
1872 637 1960 700 omnis

434 753 521 816 illam
542 752 723 826 observant,
740 770 803 833 qua
824 766 882 832 pro
904 748 999 810 unius
1020 743 1179 808 occisione
1232 749 1354 805 amator
1368 747 1400 804 et
1413 739 1547 803 amatrix
1561 739 1777 812 ardentior,sit
1790 735 1908 799 adulter
1917 744 1960 798 aut

433 859 487 914 aut
503 851 642 926 lesione,
660 857 724 913 tcta
738 848 804 912 lesi
819 856 874 910 aut
892 845 989 910 occisi
1005 841 1178 926 parentela,
1232 840 1385 915 adultera,
1401 858 1486 922 sepe
1501 839 1680 922 expositum
1695 845 1753 900 est.
1770 835 1803 899 Si
1818 841 1916 898 autem
1929 853 1960 896 cx

433 957 487 1011 aut
510 966 623 1030 magna
645 966 718 1030 pars
741 947 823 1028 ejus,
838 951 940 1008 armat
963 962 1007 1019 se,
1024 949 1055 1004 et
1075 958 1180 1023 perse·
1233 945 1392 1013 contactu,
1418 937 1528 1001 osculo
1556 936 1607 1000 rel
1637 935 1788 1016 amplexu
1817 933 1960 1013 contingat

412 1047 541 1128 -quitur
561 1064 624 1109 non
644 1045 748 1109 solum
770 1044 862 1106 illum
885 1042 940 1124 qui
962 1040 1043 1104 lesit
1060 1046 1116 1102 aut
1134 1038 1180 1099 in·
1233 1035 1409 1099 stimulatio
1428 1035 1580 1117 corporis,
1598 1032 1751 1096 resolutio
1765 1030 1904 1104 seminis,
1917 1039 1961 1092 aut

431 1144 568 1218 terfecit,
585 1145 641 1206 sed
656 1152 688 1206 et
703 1143 900 1226 propinquos
920 1140 1032 1222 ipsius,
1049 1137 1104 1218 qui
1120 1135 1180 1198 fre·
1233 1135 1355 1216 aliquid
1376 1134 1450 1208 tale,
1467 1131 1684 1216 periculosum
1705 1139 1755 1193 θεῖ
1774 1129 1875 1192 valde.

431 1250 567 1326 quenter
581 1260 712 1325 prorsus
728 1242 761 1303 in
776 1259 810 1304 re
825 1239 880 1302 illa
894 1245 969 1301 sunt
984 1237 1178 1309 innocentes,
1273 1231 1425 1295 Octavum
1455 1237 1650 1313 preceptum
1679 1235 1738 1303 est,
1764 1227 1835 1290 Non
1861 1226 1960 1288 falsum

433 1341 498 1404 imo
513 1349 545 1403 et
564 1341 603 1403 dc
622 1347 804 1422 perpetrato
818 1337 959 1400 facinore
974 1335 1180 1398 vehementer
1233 1331 1454 1394 testimonium
1471 1330 1558 1392 dices
1575 1347 1582 1391 :
1599 1345 1664 1411 quo
1683 1325 1871 1410 prohibetur
1883 1343 1962 1388 omne

431 1439 584 1502 dolentes.
596 1439 656 1502 Sed
672 1437 804 1502 forsitan
820 1433 1059 1518 respondebunt
1074 1448 1179 1514 perse·
1234 1429 1438 1493 mendacium
1454 1429 1486 1491 in
1506 1427 1635 1491 alterius
1655 1425 1833 1509 perniciem
1847 1424 1960 1486 dictum.

432 1544 558 1599 autores
575 1553 581 1598 :
598 1535 666 1599 Non
689 1552 859 1618 possumus
882 1531 969 1595 salvo
989 1531 1107 1593 honore
1126 1545 1180 1590 no
1233 1529 1396 1592 lntcrdum
1417 1527 1512 1591 etiam
1532 1533 1659 1589 tenetur
1678 1525 1775 1587 bomo
1790 1523 1910 1587 veritati
1926 1530 1962 1584 te·

335 1691 339 1700 .
432 1642 499 1698 stro
522 1635 608 1697 istud
630 1635 795 1713 omittere;
814 1633 879 1695 imo
903 1631 930 1692 si
955 1629 1038 1692 istud
1063 1627 1181 1691 omitti·
1234 1625 1421 1690 stimonium
1437 1624 1617 1708 perbibere,
1634 1623 1782 1706 quamvis
1800 1639 1865 1685 non
1883 1621 1962 1683 inter·

434 1753 517 1806 mus,
534 1733 653 1815 passim
674 1730 908 1794 interficiamur
923 1736 958 1790 ut
977 1744 1101 1810 pecora.
1119 1725 1179 1788 Sed
1234 1732 1361 1806 rogatus
1388 1742 1448 1787 nec
1477 1722 1662 1805 requisitus,
1687 1729 1724 1783 ut
1751 1720 1778 1783 si
1802 1719 1913 1784 viderit
1935 1738 1962 1781 se

434 1831 702 1913 respondendum,
733 1829 818 1911 quod
846 1846 905 1910 per
933 1826 1018 1890 viam
1048 1821 1217 1905 justitieB
1236 1841 1328 1906 posse
1351 1823 1555 1885 innocentem
1574 1821 1710 1903 eripere.

434 1935 568 2012 possunt
583 1927 721 1990 multum
736 1927 868 1990 honeste
883 1933 914 1988 et
927 1924 1048 2005 absque
1064 1920 1119 1984 Dei
1135 1921 1182 1984 of·
1274 1922 1400 1985 Nonum
1416 1927 1611 2004 preceptum
1626 1919 1760 1992 cst,Non
1776 1917 1963 2000 concupisces

433 2027 523 2090 fensa
551 2026 670 2090 illatam
695 2025 858 2089 vindicare
887 2023 1050 2104 injuriam,
1075 2019 1183 2084 obser·
1236 2037 1366 2083 uxorem
1383 2019 1520 2103 proximi
1537 2018 1596 2080 tui.
1614 2018 1770 2081 Similiter
1784 2017 1900 2079 femina
1914 2035 1964 2079 rua·

432 2125 536 2188 vando
550 2124 632 2206 juris
647 2124 792 2187 ordinem
809 2141 846 2185 ac
863 2138 1058 2204 processum.
1071 2118 1181 2182 Nonne
1235 2119 1331 2181 ritum
1357 2136 1420 2181 non
1445 2117 1541 2180 debet
1567 2117 1699 2180 alterius
1724 2133 1852 2198 cupere.
1872 2115 1964 2178 Omnis

431 2223 484 2303 jus
514 2222 670 2303 injustitia
699 2221 812 2284 fortius
839 2222 910 2282 est?
934 2217 1025 2281 Salus
1054 2233 1181 2298 qnoque
1235 2234 1362 2297 quoque
1378 2212 1965 2297 concupiscentiacarnaliscommixti-

434 2321 549 2384 anime
571 2320 784 2402 preponenda
807 2326 855 2381 est
874 2317 1035 2379 mundano
1057 2315 1179 2378 honori.

435 2419 629 2500 Frequenter
643 2417 739 2480 etiam
759 2415 875 2479 accidit
894 2421 929 2476 ut
943 2414 976 2477 bi
997 2413 1183 2476 occidantur

435 2517 490 2599 qui
506 2516 585 2579 alius
600 2523 747 2598 querunt
762 2515 799 2577 ad
815 2513 1025 2577 occidendum
1039 2529 1045 2574 :
1059 2519 1091 2574 ct
1104 2519 1181 2573 tunc

436 2615 708 2698 periculosissime
736 2633 773 2675 ac
803 2613 1008 2677 vitiosissime
1038 2611 1181 2672 moriun-

435 2722 498 2787 tur,
520 2714 584 2776 imo
609 2713 800 2777 eternaliter
823 2719 969 2794 pereunt,
991 2710 1051 2772 nisi
1074 2710 1181 2773 forsan

434 2821 506 2874 ante
522 2812 653 2894 spiritus
668 2810 896 2874 exhalationem
908 2828 983 2872 vere
998 2807 1179 2891 poeniteant

1236 2315 1305 2377 onis
1320 2332 1384 2377 non
1406 2313 1555 2395 legitime
1570 2331 1645 2374 curn
1661 2311 1793 2375 rationis
1812 2329 1964 2382 consensu,

1236 2420 1284 2475 est
1299 2412 1431 2475 mortale
1451 2419 1618 2494 peccatum
1636 2429 1643 2472 :
1661 2409 1726 2473 imo
1741 2417 1772 2472 et
1787 2409 1890 2473 omnis
1907 2426 1967 2471 con-

1236 2530 1348 2574 sensus
1363 2510 1556 2574 deliberatus
1573 2528 1629 2572 seu
1645 2508 1761 2591 plenus
1775 2525 1841 2590 quc
1859 2509 1923 2590 quis
1939 2508 1965 2568 in

1236 2609 1385 2692 turpibus
1399 2617 1455 2672 aut
1469 2607 1651 2670 carnalibus
1670 2606 1913 2688 cogitationibus
1925 2606 1966 2668 de-

1237 2709 1381 2782 lectatur,
1390 2707 1537 2790 quamvis
1552 2706 1635 2769 desit
1648 2706 1797 2769 voluutas
1811 2705 1913 2788 operis
1925 2723 1967 2766 ex-

1236 2807 1373 2880 terioris,
1395 2806 1571 2869 secundum
1596 2805 1742 2868 doctores
1758 2804 1966 2874 communiter,

1236 2914 1284 2969 est
1304 2913 1472 2987 peccatum
1494 2904 1637 2966 mortale.

475 2911 605 2974 Sextum
621 2917 816 2992 preceptum
833 2916 891 2982 est,
906 2927 968 2970 non
985 2907 1082 2969 furari
1101 2923 1108 2968 :
1127 2905 1180 2969 ubi

435 3009 623 3092 prohibetur
643 3008 748 3071 omnis
768 3008 887 3088 injusta
906 3006 1023 3070 ablatio
1043 3007 1088 3069 rei
1107 3005 1221 3072 alie-C
1278 3003 1442 3066 Decimum
1461 3009 1657 3085 preceptum
1673 3008 1732 3076 est,
1747 3000 1817 3064 Non
1837 3000 1969 3082 concupi·

435 3125 483 3170 ne
499 3106 566 3169 sive
581 3125 639 3189 per
659 3106 861 3169 latrocinium
877 3124 932 3167 seu
952 3123 1009 3186 per
1024 3105 1180 3186 rapinam,
1237 3121 1306 3166 sces
1329 3120 1396 3164 rem
1416 3101 1555 3184 proximi
1576 3102 1647 3163 tui:
1665 3102 1751 3182 quod
1774 3101 1814 3162 de
1834 3099 1968 3180 concupi-

435 3205 539 3268 omnis
556 3221 682 3286 quoque
704 3204 822 3284 injusta
842 3203 1004 3275 mercatio,
1021 3210 1053 3264 et
1068 3202 1182 3266 infide·
1237 3202 1357 3264 scentia
1375 3200 1597 3263 deliberationi
1613 3218 1670 3262 seu
1689 3200 1861 3262 consensui
1874 3199 1970 3280 juncta

434 3302 475 3366 lis
490 3303 614 3366 cultura
629 3311 720 3366 terre
740 3302 892 3384 laborque
911 3301 1018 3374 fallax,
1035 3309 1067 3363 et
1086 3300 1182 3363 fictus
1236 3307 1285 3362 est
1306 3299 1558 3379 intelligendum.

435 3401 522 3464 labor
536 3402 739 3483 diete,atque
755 3400 917 3463 inutilium
934 3419 1038 3462 rerum
1053 3417 1111 3481 prc
1126 3399 1184 3461 uti·
1277 3398 1328 3460 Sic
1348 3414 1423 3478 ergo
1445 3397 1614 3458 reddamus
1634 3414 1692 3479 pro
1714 3415 1810 3479 posse
1832 3397 1895 3460 Deo
1911 3415 1972 3478 que

435 3499 519 3562 libus
540 3500 635 3562 rebus
655 3499 807 3572 venditio,
825 3498 893 3561 sive
912 3498 1059 3562 venditor
1073 3517 1182 3560 carum
1237 3498 1293 3560 Dei
1317 3505 1402 3570 sunt,
1427 3496 1577 3559 omnibus
1600 3496 1725 3558 viribus
1747 3477 1871 3560 anime·
1886 3513 1971 3558 mero-

436 3617 488 3661 eas
511 3599 646 3661 emendo
666 3598 818 3679 deceptus
839 3596 910 3670 fuit,
928 3597 995 3659 sive
1014 3614 1077 3659 non
1095 3613 1102 3658 ε
1120 3613 1182 3658 nen
1238 3595 1368 3677 brisque
1384 3595 1526 3677 eorporis
1542 3595 1570 3657 ei
1591 3595 1733 3677 plenarie
1753 3595 1926 3660 serviendo.
1941 3595 1972 3656 Et

437 3697 523 3759 enim
541 3697 616 3778 quia
630 3695 783 3777 deceptus
803 3702 861 3770 cst,
878 3701 982 3776 potest
1001 3694 1087 3757 licite
1102 3694 1185 3756 deci·
1239 3693 1294 3775 qui
1317 3693 1422 3755 taliter
1444 3695 1543 3756 servit
1567 3694 1641 3768 Deo,
1662 3713 1722 3757 nec
1747 3703 1878 3777 propter
1900 3713 1972 3776 que

437 3811 513 3876 pere
527 3793 634 3855 alium.
644 3792 829 3855 Prohibetur
844 3791 937 3853 etiam
953 3791 1013 3854 boc
1028 3798 1186 3873 precepto
1239 3810 1377 3873 cumque
1404 3791 1537 3854 adversa
1561 3790 1601 3854 ab
1626 3791 1697 3873 ejus
1721 3793 1844 3855 recedit
1871 3811 1973 3875 prece-

437 3891 543 3955 omnis
561 3909 668 3963 usura,
684 3897 716 3952 θῖ
730 3890 894 3953 advocatio
909 3889 988 3952 falsa
1002 3908 1039 3951 ac
1054 3889 1187 3971 patroci-
1239 3890 1313 3972 ptis,
1338 3889 1567 3970 gloriosissime
1591 3899 1760 3954 coronatur
1784 3899 1816 3954 et
1840 3908 1973 3974 superne

297 4015 423 4072 *canni
440 3989 537 4064 natio,
554 3987 736 4070 placitatio*
751 3996 781 4049 et
797 3987 836 4049 lis
852 4004 916 4050 non
931 3987 991 4049 rite
1010 3995 1184 4069 assumpta,
1239 3988 1419 4070 piosissime
1448 3996 1670 4050 remuneratur
1693 3987 1734 4051 ab
1763 4008 1802 4053 ec
1828 4008 1835 4052 :
1862 3991 1924 4052 imo
1947 3997 1973 4049 et

283 4078 426 4197 13333333
440 4089 596 4169 injustum
620 4087 790 4168 judicium,
814 4096 845 4150 θῖ
868 4087 1057 4168 generaliter
1081 4088 1185 4151 omnis
1239 4086 1425 4168 frequenter
1448 4086 1480 4148 in
1505 4087 1571 4150 vita
1599 4088 1748 4169 presenti
1778 4096 1974 4170 preservatur

283 4206 377 4250 sarram.
441 4188 586 4271 deceptio
602 4186 771 4249 manifesta
784 4194 839 4249 aut
856 4185 937 4248 falso
952 4186 1056 4249 colore
1071 4187 1182 4249 velata.
1199 4183 1223 4247 D
1239 4184 1279 4247 ab
1298 4203 1337 4248 eo
1355 4204 1374 4247 a
1395 4185 1578 4248 laesionibus
1597 4187 1740 4268 corporis
1759 4188 1823 4262 sui,
1839 4187 1974 4270 quemad·

439 4286 632 4352 Gravissime
656 4285 751 4348 etiam
776 4291 910 4367 peccant
937 4292 1045 4347 contra
1069 4305 1184 4367 prece·
1240 4286 1370 4349 modum
1397 4285 1429 4346 in
1449 4284 1578 4348 Daniele
1598 4285 1713 4366 legitur
1732 4287 1771 4348 de
1793 4286 1974 4350 beatissimis

439 4394 530 4469 ptum
556 4386 615 4448 hoc
640 4385 791 4448 mulieres
814 4385 964 4448 adultere
990 4405 1061 4467 que
1087 4386 1185 4467 illegi-
1239 4385 1316 4447 viris
1332 4384 1464 4458 Anania,
1480 4383 1590 4446 Azaria
1605 4392 1637 4446 et
1655 4385 1793 4448 ldisaelc.
1810 4387 1869 4460 Oui
1886 4405 1972 4468 quum
1997 4397 2064 4441 near

438 4485 550 4546 timam
576 4484 698 4566 prolem
728 4483 766 4546 ad
798 4483 1012 4564 legitimorum
1040 4483 1182 4547 filiorum
1238 4483 1304 4564 regi
1321 4482 1536 4545 Chaldeorum
1552 4482 1707 4546 carissimi
1723 4493 1833 4547 essent
1845 4494 1877 4548 et
1891 4469 2064 4573 subliss‘fgsspIt

439 4583 646 4645 hereditatem
672 4581 842 4645 succedere
863 4581 1003 4661 faciunt;
1028 4591 1060 4644 at
1086 4583 1140 4664 qui
1166 4603 1185 4646 a

438 4681 575 4743 subditis
604 4680 671 4743 suis
699 4679 888 4762 temporalia
917 4680 1000 4743 bona
1030 4681 1182 4762 eripiunt,

438 4789 493 4844 aut
514 4780 597 4842 ultra
617 4779 699 4861 juris
721 4786 864 4842 tenorem
888 4779 964 4860 quid
987 4780 1126 4860 exigunt.

479 4879 658 4962 Septimum
678 4885 871 4961 preceptum
888 4885 946 4953 est,
963 4878 1031 4941 Non
1047 4879 1184 4942 moecba-

438 4978 523 5040 beris
541 4995 548 5040 :
566 4976 621 5039 ubi
637 4976 742 5039 omnis
756 4975 892 5039 carnalis
908 4961 1093 5039 commixtio
1108 4995 1186 5058 pre·

438 5084 486 5139 ter
501 5073 769 5137 matrimonialem
784 5081 918 5148 vetatur,
936 5074 1001 5137 imo
1019 5074 1185 5156 amplexus

438 5181 470 5237 et
493 5181 595 5236 tactus
620 5191 656 5234 ac
681 5170 789 5234 oscula
811 5170 992 5245 libidinosa,
1015 5171 1185 5235 abusiones

439 5289 566 5355 quoqne
586 5290 656 5354 que
679 5270 711 5333 in
733 5269 911 5350 conjugatis
932 5271 1115 5352 contingere
1139 5289 1186 5335 sc-

1239 4582 1314 4643 mati
1330 4580 1371 4644 ab
1387 4582 1676 4663 ipso,nequaquam
1693 4589 1801 4645 tamen
1817 4591 1974 4666 potuerunt

1239 4680 1347 4743 induci
1373 4679 1412 4742 ab
1437 4677 1475 4742 eo
1501 4686 1535 4740 ut
1562 4685 1698 4742 statuam
1722 4699 1853 4744 auream
1879 4683 1976 4745 adora-

1239 4786 1310 4842 rent
1326 4795 1332 4840 :
1351 4777 1532 4840 maluerunt
1557 4779 1590 4841 in
1614 4777 1777 4842 fornacem
1802 4781 1976 4844 ardentissi-

1239 4895 1324 4939 mam
1345 4876 1472 4959 projici,
1496 4896 1591 4958 quam
1613 4877 1668 4940 Dei
1692 4887 1889 4962 preceptum
1911 4898 1979 4962 pre

1239 4974 1384 5038 varicari.
1416 4975 1585 5056 Quumque
1617 4976 1752 5059 projecti
1783 4977 1922 5041 fuissent
1951 4978 1978 5038 in

1239 5075 1396 5138 fornacem
1412 5074 1689 5138 vehementissime
1704 5078 1979 5151 estuantem,l)eus

1239 5173 1442 5254 omnipotens
1457 5173 1657 5236 conservavit
1671 5193 1726 5238 eos
1742 5175 1788 5238 ibi
1804 5176 1938 5256 illesos;
1952 5183 1978 5238 et

1240 5272 1371 5335 flamma
1384 5270 1522 5334 fornacis
1542 5290 1715 5354 erumpens
1734 5274 1920 5340 diffusacst
1935 5295 1980 5338 sn-
