4192 6258
331 497 478 546 noumrca
498 498 575 546 xvrn
595 499 669 546 rosr
688 498 883 546 mrnrrnrru.
904 516 944 528 -
963 499 1006 546 ao
1025 499 1220 564 nmrcrosos3
1243 501 1341 550 suano
1361 503 1489 560 colurus
1624 483 1684 549 oto
1738 494 1741 502 '

128 675 190 744 est,
200 667 233 733 iu
248 669 408 753 spirituali
421 679 517 752 gustu
532 679 628 753 atque
642 668 782 753 alloquio
797 669 879 751 ejus,
896 667 922 730 A
937 669 1012 732 licet
1027 669 1203 734 intentione
1218 679 1249 735 et
1264 672 1493 755 exquisitione3
1504 673 1559 737 sed
1574 681 1605 738 ct
1618 681 1683 739 tota

129 775 210 849 puta
229 768 262 830 in
283 769 426 851 psalmis,
442 769 651 843 orationibus,
668 769 881 832 meditationi·
935 769 1064 842 virtute,
1082 777 1117 831 nt
1131 788 1190 832 nec
1211 771 1291 834 mori
1307 789 1365 854 pro
1380 773 1435 835 Dei
1451 790 1559 836 amore
1574 773 1682 837 formi-

129 866 192 929 bus
213 873 245 928 et
263 867 454 931 lectionibus
475 868 594 930 sacrisl
609 868 719 950 llagna
738 875 786 929 cst
807 885 881 948 ergo
935 867 1001 928 des.
1027 867 1076 930 Sit
1099 868 1205 930 suavis
1230 876 1285 932 tuo
1309 867 1442 932 affectui
1466 870 1549 934 Deus
1574 879 1683 934 contra

129 965 632 1047 imperfectio,tarditas,caecitas
648 967 752 1028 cordis
768 965 879 1038 nostri,
936 964 1136 1028 blandientes
1165 965 1341 1042 illecebras,
1367 976 1477 1032 eontra
1505 970 1683 1034 dissolutio

129 1063 197 1127 imo
211 1073 243 1126 at
258 1063 390 1127 infectio
408 1065 570 1128 interioris
589 1064 696 1146 palati.
713 1064 881 1146 Propterea
936 1082 1003 1136 nes,
1021 1063 1114 1138 risus,
1130 1063 1230 1144 jocos,
1248 1065 1350 1141 ludos,
1368 1067 1538 1131 cachinnos
1558 1076 1590 1131 et
1608 1086 1681 1131 con-

127 1169 309 1243 satagamus
326 1170 466 1226 mentem
482 1162 522 1226 ab
537 1163 623 1226 omni
641 1163 820 1226 inordinato
835 1160 880 1224 af·
935 1160 1156 1226 fabulationes.
1174 1162 1336 1228 Confortet
1355 1173 1385 1228 te
1400 1165 1501 1228 virtus
1520 1167 1577 1228 Dei
1595 1167 1683 1230 (lbri-

126 1260 217 1322 iectu
237 1279 384 1344 purgare,
401 1280 420 1324 a
439 1261 546 1343 pravis
566 1259 811 1342 cogitationibus
828 1272 881 1322 cu·
935 1268 1014 1334 stus,
1024 1267 1060 1323 nt
1073 1279 1131 1324 nec
1148 1261 1475 1338 comminatione,nec
1488 1265 1680 1339 adulatione,

128 1359 260 1434 stodire,
289 1359 510 1442 spiritualibus
540 1359 665 1424 actibus
694 1377 822 1441 semper
849 1365 880 1422 ct
935 1375 1213 1440 necquocumque
1233 1359 1467 1423 commoditatis
1486 1361 1682 1424 tumintuitu

127 1457 306 1520 affectuose
327 1457 445 1521 babere
467 1459 632 1520 intentam.
936 1456 1098 1538 relinquas
1125 1457 1294 1538 justitiam,
1319 1477 1337 1520 a
1363 1459 1496 1522 veritate
1525 1459 1680 1535 discedas,

168 1555 491 1638 lnsuper,diligamus
506 1557 605 1618 Deum
622 1554 790 1638 sapienter.
799 1555 880 1618 Deus
935 1555 1076 1635 passioni
1096 1562 1151 1617 aut
1172 1575 1277 1637 pravae
1299 1556 1528 1620 machinationi
1552 1576 1682 1621 consen-

127 1654 251 1718 etcnim
266 1655 394 1736 sapiens
415 1662 463 1716 est
478 1661 509 1716 et
528 1653 684 1736 sapientia
699 1653 767 1736 ipsa
785 1671 791 1715 :
809 1653 880 1715 ideo
935 1652 1004 1714 tias.
1031 1653 1117 1715 Beati
1142 1653 1228 1716 enim
1253 1655 1309 1737 qui
1333 1655 1480 1719 esuriunt
1505 1656 1681 1739 sitiuntque
1696 1670 1829 1724 murana.

128 1753 201 1816 vult
215 1753 375 1835 sapienter
390 1753 502 1826 amari,
520 1760 554 1815 ut
569 1752 725 1834 sapientia
741 1751 880 1815 caritotis
934 1749 1100 1830 justitiam.
1120 1751 1194 1814 Esto
1208 1760 1314 1815 rectus
1329 1753 1423 1816 corde
1441 1771 1547 1817 corarn
1562 1753 1683 1818 Altissi·

127 1851 285 1914 affectum
301 1850 453 1914 informet
466 1852 521 1932 (ne
542 1850 713 1913 indiscreto
728 1851 795 1913 zelo
810 1869 880 1931 aga·
894 1851 918 1914 B
936 1850 1158 1931 mo,quoniam
1175 1858 1280 1912 rectus
1296 1851 1449 1914 Dominus
1465 1853 1548 1916 Deus
1564 1859 1680 1927 noster,
1697 1869 1829 1922 resana.

128 1959 194 2025 tur,
211 1949 389 2032 praecipitet
407 1957 437 2012 et
455 1948 607 2029 fallatur),
624 1966 811 2030 erroresque
830 1968 881 2011 en·
936 1954 968 2009 et
980 1946 1086 2027 justus
1105 1948 1260 2010 Dominus
1278 1949 1435 2029 justitiam
1451 1950 1565 2031 diligit,
1580 1951 1682 2031 justos
1706 1965 1806 2019 rana.

130 2049 250 2122 cludat,
268 2054 299 2110 et
314 2047 395 2110 bene
411 2048 566 2110 sentiatur
581 2047 620 2108 de
638 2046 713 2122 Deo,
731 2047 881 2128 quemad·
936 2045 1151 2127 amplectitur,
1168 2053 1198 2108 et
1221 2065 1279 2128 pro
1302 2048 1372 2130 ipso
1391 2048 1529 2112 zelantes
1551 2049 1682 2112 deoseu-

6 2166 14 2206 ι
44 2181 73 2216 ..,
99 2197 105 2209 .
130 2146 263 2210 rnodurn
285 2145 441 2228 scriptum
461 2152 508 2207 est
526 2162 533 2206 :
549 2145 669 2208 Sentite
688 2144 727 2206 de
745 2143 882 2206 Domino
937 2143 1029 2218 latur,
1052 2144 1179 2208 roborat
1199 2153 1230 2208 et
1252 2153 1368 2208 tuetur.

130 2245 163 2306 in
188 2244 339 2307 bonitate.
358 2243 496 2325 Alioqui,
514 2251 549 2304 ut
567 2243 611 2305 ait
632 2241 821 2316 Bernardus,
839 2240 881 2303 fa·
976 2242 1134 2324 Amplius,
1151 2243 1233 2304 sicut
1258 2244 1341 2306 Deus
1363 2244 1474 2308 dilexit
1496 2264 1554 2309 nos
1574 2247 1683 2327 gratis,

128 2341 253 2404 cillime
269 2341 382 2404 illudet
401 2341 533 2424 spiritus
552 2341 668 2404 erroris
688 2340 755 2402 zelo
772 2347 836 2414 tuo,
854 2339 881 2402 si
937 2340 1088 2402 videlicet
1110 2359 1174 2403 non
1196 2349 1327 2424 propter
1350 2344 1555 2406 commodum
1577 2364 1683 2421 suum,

128 2441 299 2502 scientiam
316 2440 475 2521 negligas3
491 2457 549 2502 nec
565 2438 661 2501 habet
676 2437 810 2501 callidus
826 2438 881 2500 ho·
937 2457 996 2500 nec
1012 2438 1211 2519 originaliter
1225 2447 1356 2522 propter
1371 2441 1484 2504 merita
1499 2448 1615 2517 nostra,
1630 2443 1685 2505 sed

128 2539 188 2600 stis
212 2537 504 2600 machinamentum
527 2535 693 2599 efficacius
712 2536 751 2598 ad
772 2535 882 2598 tollen·
937 2544 1067 2619 propter
1082 2556 1195 2618 puram
1211 2546 1242 2600 et
1255 2538 1624 2622 incircumscriptibilem
1640 2561 1687 2604 su·

129 2638 206 2699 dam
221 2635 260 2697 de
277 2636 371 2698 corde
391 2635 607 2706 dilectionem,
624 2652 720 2715 quam
737 2633 764 2695 si
781 2634 881 2715 possit
936 2653 989 2696 am
1003 2634 1194 2715 bonitatem3
1212 2635 1301 2698 itaet
1320 2653 1377 2698 nos
1398 2656 1471 2699 eum
1491 2638 1588 2719 gratis
1603 2658 1687 2702 ame-

129 2734 264 2797 efficere
280 2741 316 2796 ut
332 2733 364 2795 in
379 2753 416 2796 ea
432 2734 611 2806 incaute‚et
625 2750 687 2795 non
704 2733 880 2794 secundnm
937 2734 1174 2806 mus,videlicet
1189 2733 1230 2796 ob
1245 2733 1421 2797 bonitatem
1437 2735 1538 2817 ipsius
1555 2737 1687 2800 immen-

130 2840 257 2895 rectum
282 2831 414 2894 rationis
434 2831 605 2911 judicium,
623 2830 776 2894 ambules.
794 2831 880 2894 Unde
937 2849 1016 2904 sam,
1034 2848 1096 2892 non
1122 2839 1252 2913 propter
1276 2833 1443 2895 commoda
1465 2840 1580 2896 nostra.
1599 2834 1636 2896 Et
1658 2834 1685 2897 si

8 2949 89 2996 rnre
107 2980 113 2990 .
131 2941 162 2995 et
188 2931 265 2993 alibi
292 2931 447 3013 scriptum
478 2936 526 2992 est
552 2947 558 2992 :
584 2929 752 2992 Neminem
778 2929 882 3010 diligit
937 2929 1108 3009 diligamus
1136 2947 1210 2991 eum
1236 2936 1366 3011 propter
1391 2949 1447 2992 sua
1472 2930 1630 2994 beneficia
1654 2941 1686 2995 et

131 3031 217 3094 Deus
237 3029 299 3092 nisi
322 3029 378 3110 qni
400 3047 474 3090 cum
497 3028 653 3110 sapientia
675 3026 838 3089 inhabitat.
900 3029 921 3093 G
937 3026 1172 3109 promissa,hoc
1187 3027 1307 3090 sitnon
1323 3027 1355 3090 in
1371 3037 1526 3110 quantum
1543 3029 1597 3093 illa
1611 3039 1685 3094 sunt

171 3130 326 3191 Amemus
355 3127 452 3189 etiam
476 3127 577 3188 Deum
603 3125 737 3198 fortiter,
765 3133 799 3187 ut
823 3145 881 3188 nec
938 3125 1030 3188 nobis
1052 3125 1258 3189 accommoda
1282 3145 1339 3208 per
1360 3135 1542 3208 respectum
1564 3129 1603 3190 ad
1626 3147 1685 3192 nos

132 3244 286 3311 prospera
301 3243 360 3288 neo
376 3225 509 3287 adversa
526 3243 544 3286 a
562 3224 663 3286 divini
681 3224 799 3286 amoris
818 3225 881 3286 sin·
938 3224 1035 3306 ipsos,
1060 3223 1114 3286 sed
1137 3223 1170 3286 in
1190 3231 1345 3305 quantum
1366 3233 1441 3287 sunt
1461 3226 1554 3289 nobis
1576 3245 1684 3290 ueces-

131 3327 264 3390 ceritete
289 3341 347 3386 nos
371 3330 513 3384 avertere
537 3329 666 3404 queant,
687 3328 742 3384 aut
765 3322 882 3384 amoris
938 3322 1021 3384 saria
1042 3340 1099 3403 per
1118 3322 1389 3403 comparationem
1409 3323 1448 3386 ad
1466 3323 1584 3405 ipsum,
1600 3325 1686 3388 vide-

129 3423 234 3488 sancti
248 3429 355 3485 actum
371 3440 407 3483 ac
422 3420 601 3502 profectum
618 3419 652 3482 in
667 3419 774 3501 aliquo
787 3421 884 3503 impe·
938 3419 1013 3481 licet
1033 3420 1067 3481 iu
1087 3427 1241 3501 quantum
1262 3421 1330 3483 sine
1353 3420 1399 3482 eis
1420 3421 1520 3484 Deum
1544 3423 1685 3504 perfecte

131 3523 212 3586 dire.
231 3521 298 3584 lmo
318 3537 381 3601 quo
398 3519 490 3600 plura
510 3525 682 3581 occurrunt
698 3518 883 3581 incitamen·
938 3517 1082 3598 diligere,
1099 3517 1255 3580 honorare
1278 3525 1311 3580 et
1334 3519 1448 3594 colere,
1465 3527 1520 3581 ant
1544 3520 1684 3602 plenarie

131 3630 164 3683 ta
189 3618 359 3682 corruendi
383 3635 401 3678 a
430 3616 569 3678 caritatis
598 3616 758 3678 exercitiis
787 3622 882 3697 atque
938 3612 1002 3674 frui
1025 3630 1063 3674 eo
1082 3630 1146 3674 non
1168 3629 1338 3694 possumus
1359 3630 1366 3674 :
1389 3621 1423 3674 ut
1446 3613 1492 3676 sic
1516 3633 1574 3678 nos
1599 3615 1685 3698 ipsos

131 3716 343 3804 profectibus,
370 3732 409 3778 eo
436 3713 593 3777 intensius
617 3732 654 3775 ac
683 3712 882 3796 frequentius
939 3719 970 3773 et
994 3711 1102 3774 omnia
1127 3710 1304 3772 rectissime
1324 3709 1500 3775 referamus
1519 3713 1558 3776 ad
1579 3712 1683 3788 illurn,

129 3836 187 3881 cor
202 3823 347 3880 nostrum
362 3814 401 3876 ad
416 3813 517 3875 Deum
533 3813 638 3875 levare
652 3830 881 3888 assuescamus,
939 3828 1036 3891 super
1063 3808 1171 3872 omnia
1200 3809 1493 3891 incomparabiliter
1519 3810 1684 3874 intenden-

130 3925 163 3980 et
182 3917 217 3977 in
238 3913 399 3996 prosperis
414 3911 552 3994 amplius
572 3929 668 3993 quam
688 3911 721 3973 in
741 3911 882 3974 adversis
939 3909 1027 3982 dum,
1044 3906 1228 3981 amandum,
1246 3906 1427 3984 colendum,
1443 3926 1503 3972 nec
1517 3909 1624 3992 aliqua
1639 3929 1685 3972 re-

132 4020 278 4078 metuere
308 4029 345 4073 ac
375 4010 491 4072 dolere.
523 4009 569 4071 Sit
599 4008 705 4090 itaque
735 4016 881 4073 constans
939 4005 1123 4068 curvatione
1147 4023 1204 4067 seu
1228 4005 1415 4088 obliquitate
1444 4007 1483 4069 ad
1508 4025 1566 4071 nos
1592 4007 1684 4071 refle-

130 4123 163 4178 et
186 4111 280 4176 fortis
305 4116 412 4174 nostra
435 4107 575 4182 dilectio,
597 4125 661 4172 non
682 4108 798 4171 cedens
823 4116 882 4171 ter-
939 4113 1071 4168 ctamur.

130 4212 272 4286 roribus,
297 4228 356 4272 nec
381 4206 595 4271 succumbens
620 4206 792 4270 laboribus.
813 4207 922 4273 Nonl)
978 4206 1150 4279 Postremo,
1177 4205 1252 4286 quia
1276 4205 1403 4284 signum
1433 4205 1613 4270 dilectionis
1637 4215 1684 4270 est

129 4313 332 4376 abducamur
354 4306 529 4379 blanditiis,
550 4323 610 4368 nec
629 4305 818 4368 seducamur
837 4325 883 4368 er·
938 4303 1093 4367 exhibitio
1113 4304 1230 4385 operis,
1247 4304 1409 4366 caritatem
1429 4312 1569 4367 nostram
1584 4305 1685 4368 since-

130 4410 272 4482 roribus,
298 4425 358 4470 nec
382 4405 565 4486 frangamur
589 4403 725 4484 injuriis.
754 4404 800 4466 Sit
824 4403 884 4466 fer·
939 4423 1005 4464 ram
1023 4410 1054 4464 et
1069 4420 1214 4482 magnam
1230 4403 1269 4464 ad
1286 4403 1385 4464 Deum
1401 4409 1430 4464 et
1447 4403 1685 4487 proximosper

129 4529 213 4574 vens
243 4506 357 4569 caritas
386 4511 504 4576 nostra,
535 4512 569 4564 ut
597 4521 726 4566 ornnem
756 4520 884 4584 semper
938 4519 1035 4584 opera
1057 4501 1199 4563 virtuosa
1224 4500 1348 4562 sincere
1371 4518 1408 4562 ac
1434 4501 1605 4583 magnilica
1631 4505 1684 4568 de-

130 4606 307 4694 pigritiam‚
318 4611 462 4686 teporem
478 4601 700 4683 ignaviamque
715 4601 882 4680 excludat;
940 4606 1164 4672 monstremus,
1176 4605 1211 4660 ut
1226 4617 1321 4662 omne
1336 4617 1416 4681 opus
1431 4599 1488 4663 Dei
1503 4611 1686 4667 reverenter

129 4709 174 4772 sit
199 4705 346 4777 discrete,
374 4720 433 4765 nec
458 4700 693 4783 praecipitanter
717 4699 882 4782 impellat3
938 4717 974 4761 ac
998 4698 1121 4767 fervide
1146 4715 1379 4780 exsequamur3
1400 4716 1524 4774 sensus,
1543 4700 1684 4783 linguam

130 4803 362 4887 negligentiam
385 4808 417 4863 et
435 4817 563 4863 ornnem
583 4817 723 4862 errorem
743 4799 883 4878 devitet;
939 4805 971 4860 et
986 4815 1040 4860 cor
1053 4796 1172 4877 jugiter
1191 4795 1390 4860 refrenemus
1406 4805 1438 4860 et
1457 4799 1684 4876 custodiamus,

130 4907 175 4970 sit
191 4901 294 4975 fortis,
312 4919 351 4963 ne
371 4899 537 4981 praesentis
552 4897 624 4961 vitae
640 4896 883 4959 adversitatibus
940 4915 980 4958 ne
996 4897 1095 4958 Deum
1113 4895 1145 4957 in
1165 4895 1274 4976 aliquo
1289 4894 1502 4971 offendamus,
1519 4917 1559 4960 ne
1576 4899 1687 4962 distra-

130 5009 301 5066 terreatur.
328 4999 431 5080 Dilige
460 4998 632 5061 Dominum
663 4997 762 5058 Deum
790 5002 883 5057 tuum
938 4996 1077 5058 ctionem
1093 4994 1209 5055 mentis
1224 4994 1428 5075 caritatisque
1444 4995 1685 5061 minorationem

132 5109 203 5166 toto
228 5107 260 5162 ct
284 5099 379 5181 pleno
403 5095 508 5160 cordis
533 5095 671 5173 affectu3
694 5094 791 5176 dilige
819 5101 885 5156 tota
940 5093 1047 5156 anima
1061 5099 1167 5154 nostra
1184 5092 1340 5170 incurrat;
1356 5100 1451 5174 atquc
1471 5094 1509 5156 ad
1529 5095 1588 5158 hoc
1606 5115 1686 5158 sem·

134 5207 257 5272 mente,
268 5197 300 5259 id
315 5204 364 5260 est
379 5202 442 5258 tota
458 5194 589 5258 rationis
604 5193 768 5274 vigilantia
782 5200 813 5255 et
828 5193 886 5254 cir·
940 5212 998 5275 per
1026 5191 1177 5264 nitamur,
1203 5199 1238 5253 ut
1262 5199 1416 5272 quantum
1445 5192 1597 5273 possibile
1625 5202 1683 5268 est,

134 5295 399 5380 cumspectione3
415 5293 512 5374 dilige
533 5299 597 5356 tota
615 5292 731 5365 anima,
748 5298 812 5354 tota
826 5291 885 5354 sci·
941 5291 1041 5353 simus
1056 5289 1222 5352 actualiter
1236 5288 1355 5371 ubique
1371 5295 1402 5351 et
1416 5308 1543 5373 semper
1558 5293 1621 5355 Deo
1640 5293 1685 5355 in·
