4140 6258
337 508 485 556 commus
506 509 537 556 IX
558 508 844 556 rostratarum.
865 527 905 539 ·-
925 509 967 556 AB
987 509 1182 575 nuru108083
1203 511 1302 560 omo
1323 511 1435 562 SEXTUS
1600 497 1662 562 333

123 677 222 743 Omnis
248 679 367 743 etenim
392 679 448 762 qui
473 679 505 742 in
530 680 665 744 aliorum
690 679 859 762 praesentia
873 677 899 742 Α
914 686 946 742 et
965 699 1080 762 aquam
1098 679 1162 743 :ad
1181 681 1266 762 quod
1282 680 1432 757 volueris,
1449 681 1576 765 porrige
1595 701 1660 746 ma·

123 777 195 840 male
215 777 290 858 agit,
308 785 362 840 ant
382 777 600 861 conspiciente
621 778 782 842 scienteve
804 796 858 862 po
913 797 991 841 num
1007 785 1102 842 tuam.
1114 779 1220 861 ltaque
1235 781 1468 856 rationem‚non
1484 779 1660 863 passionem

122 877 189 959 pulo
212 876 310 958 impie
335 885 550 952 conversatur,
576 885 679 940 tantos
703 886 858 960 quantum
914 893 1095 958 sequamur.
1117 877 1197 940 Nam
1219 885 1251 940 et
1272 877 1340 961 ipsa
1361 877 1501 953 allectio,
1517 879 1660 960 quamvis

123 977 150 1036 in
172 992 203 1036 se
226 982 276 1036 cst
299 975 427 1050 occidit,
452 994 471 1036 a
497 975 625 1057 quantis
650 976 856 1058 conspicitur,
915 972 998 1037 bona
1027 975 1060 1037 in
1089 993 1217 1056 genere,
1247 983 1354 1038 tamen
1385 984 1505 1059 quanto
1534 976 1660 1040 ferven-

121 1091 170 1134 seu
190 1072 272 1134 male
286 1090 382 1154 egens
403 1072 606 1154 cognoscitur
623 1091 630 1137 :
647 1073 731 1155 quod
748 1092 858 1155 qnam·
915 1071 986 1146 tior,
1008 1080 1095 1135 stante
1119 1072 1255 1136 celerius
1280 1073 1556 1157 periculosiusque
1581 1095 1659 1158 prae-

122 1171 163 1231 vis
181 1170 217 1231 de
239 1169 384 1253 quolibet
403 1169 590 1234 verificetur
610 1179 787 1254 peccatore,
805 1190 860 1254 po-
915 1170 1036 1251 cipitat,
1062 1170 1123 1232 nisi
1148 1171 1270 1234 ratione
1299 1180 1435 1254 regatur.
1461 1173 1545 1248 ldeo,
1569 1173 1660 1254 juxta

122 1268 272 1330 tissimum
295 1276 401 1331 tamen
425 1269 465 1331 de
488 1269 576 1332 omni
602 1269 712 1351 iniquo
733 1276 858 1352 pastore
914 1268 1113 1350 Apostolum,
1139 1269 1326 1332 rationabile
1355 1270 1450 1333 debet
1479 1272 1808 1345 esseobse-nan.1n,r.

122 1375 169 1429 aut
195 1367 394 1448 praesidente.
420 1367 551 1450 Propter
575 1367 660 1449 quod
689 1387 748 1450 per
776 1369 859 1432 Jere-
914 1367 1027 1447 quium
1045 1375 1198 1430 nostrum.
1216 1367 1280 1430 Nec
1300 1375 1403 1450 potest
1423 1367 1496 1450 quis
1516 1369 1595 1434 allos
1616 1389 1662 1434 sa·
1767 1435 1772 1448 ,

18 1467 209 1538 ceremiam
234 1466 358 1529 locutus
379 1472 427 1528 est
446 1465 583 1549 Spiritus
605 1467 739 1530 Sanctus
756 1485 764 1530 :
780 1468 860 1541 Quia
916 1463 1050 1528 lubriter
1073 1484 1193 1546 regere,
1216 1465 1278 1528 nisi
1303 1467 1336 1530 in
1361 1466 1475 1549 primis
1498 1487 1532 1532 se
1555 1469 1660 1552 ipsum

121 1565 207 1628 stulte
232 1572 365 1647 egerunt
387 1571 528 1648 pastores
550 1573 581 1626 et
602 1565 773 1628 Dominum
795 1584 858 1630 non
914 1562 1029 1645 dirigat
1044 1565 1173 1628 ratione.
1191 1565 1272 1628 ilinc
1286 1565 1400 1628 asserit
1414 1565 1597 1631 Seneca:Si
1613 1567 1662 1631 vis

121 1663 343 1746 exquisierunt,
360 1663 432 1726 ideo
449 1662 554 1726 omnis
573 1681 649 1744 grex
669 1680 780 1727 eorum
796 1664 859 1726 dis·
914 1662 1022 1725 omnia
1040 1662 1097 1725 tibi
1113 1663 1284 1743 subjicere,
1301 1665 1453 1746 teipsum
1474 1665 1599 1746 subjice
1615 1685 1663 1728 ra·

121 1762 234 1844 sipatus
249 1769 306 1824 est.
323 1761 430 1825 Nihilo
450 1761 556 1824 minus
578 1780 634 1844 per
648 1761 793 1825 villicum
815 1763 861 1825 in·
914 1761 1003 1824 tioni.
1030 1761 1144 1825 Multos
1173 1780 1283 1842 regere
1306 1771 1407 1845 potes,
1433 1763 1460 1826 si
1485 1771 1516 1826 te
1545 1764 1663 1828 rexerit

120 1861 211 1942 telligi
243 1867 346 1943 potest
376 1860 513 1942 quilibet
541 1861 639 1924 bomo
671 1861 791 1924 ratione
822 1879 858 1924 ac
873 1861 897 1924 B
915 1860 1003 1922 ratio.
1011 1859 1059 1922 Ab
1074 1879 1112 1923 ea
1124 1861 1228 1924 disces
1243 1860 1321 1944 quid
1336 1869 1368 1923 et
1382 1861 1519 1945 qualiter
1533 1864 1661 1945 aggredi

121 1959 212 2022 libero
232 1958 365 2022 arbitrio
378 1978 397 2020 a
412 1959 477 2022 Deo
496 1959 626 2034 ditatus,
644 1967 678 2020 nt
693 1979 749 2042 per
768 1961 860 2024 ratio
914 1955 1030 2019 debeas
1050 1965 1082 2020 et
1099 1958 1237 2040 operari.

119 2077 185 2120 nem
200 2057 398 2139 liberumque
412 2055 581 2120 arbitrium
597 2066 683 2139 regat
695 2066 726 2120 et
739 2075 861 2141 compc-
955 2053 1001 2116 su
1023 2073 1099 2137 ergo
1122 2055 1260 2138 quilibet
1284 2064 1428 2120 nostrum
1453 2057 1593 2134 villicus,
1617 2078 1664 2122 re·

120 2164 179 2218 scat
192 2173 225 2218 se
241 2155 361 2238 ipsum,
376 2173 441 2218 non
460 2155 525 2235 jam
541 2163 664 2219 tantum
681 2157 859 2219 secundum
915 2159 982 2215 otor
997 2160 1028 2216 et
1043 2172 1098 2216 rex
1114 2155 1163 2216 sui
1180 2155 1281 2238 ipsius
1295 2155 1386 2235 juxta
1401 2155 1532 2219 modum
1553 2156 1664 2240 praela-

119 2254 264 2316 naturalis
295 2253 373 2336 legis
397 2254 569 2328 dictamen,
593 2254 658 2319 imo
682 2255 859 2318 secundnm
914 2259 996 2325 tum,
1022 2270 1063 2314 ne
1087 2270 1160 2315 caro
1183 2252 1366 2317 dominetur
1392 2253 1531 2337 spiritui,
1557 2256 1663 2338 passio

119 2353 226 2416 divina
251 2351 442 2433 evangelice
472 2352 549 2435 legis
574 2371 760 2431 censuram3
786 2353 859 2416 reli·
915 2349 1040 2426 rationi,
1061 2352 1249 2414 sensualitas
1272 2352 1438 2416 voluntati.
1455 2353 1663 2428 Quemadmo

118 2453 216 2532 giosus
240 2470 318 2514 vcro
339 2452 515 2515 secundum
542 2451 658 2533 regulae
682 2472 747 2515 suae
772 2459 858 2516 tenc
914 2449 991 2511 dnm
1015 2450 1114 2525 enim,
1132 2451 1308 2514 secundnm
1329 2451 1555 2534 Augustinum,
1577 2461 1663 2516 recta

120 2570 190 2612 rem.
207 2550 324 2633 Sisque
344 2549 454 2614 divino
469 2550 619 2634 Dionysio
638 2558 857 2633 protestante:
914 2548 1028 2611 domus
1049 2556 1192 2624 vocatur,
1208 2549 1241 2612 in
1262 2569 1326 2632 qua
1347 2550 1398 2613 vir
1419 2551 1566 2634 imperat,
1583 2569 1663 2615 uxor

62 2669 106 2712 ‘nn
119 2649 275 2731 Optimum
295 2648 435 2712 hominis
459 2656 518 2724 est,
538 2667 607 2712 esse
629 2658 661 2713 et
684 2649 793 2713 vivere
813 2669 859 2712 se·
914 2646 1194 2730 obtempera13sic
1219 2655 1324 2711 rectus
1346 2648 1443 2713 bomo
1465 2657 1523 2722 est,
1541 2651 1574 2712 in
1597 2667 1663 2733 quo

16 2743 44 2773 ⁸¹·
62 2744 97 2773 '⁸‘
119 2749 252 2810 cundum
268 2749 435 2812 rationem.
452 2747 530 2810 Nam
545 2748 640 2829 (teste
655 2748 860 2831 Philosopbo)
914 2745 1046 2826 spiritns
1061 2746 1301 2828 precipitem
1316 2748 1423 2810 servit.
1436 2749 1604 2830 Propterea
1618 2750 1663 2811 ait

117 2849 189 2910 ratio
203 2847 391 2930 deprecatur
405 2847 445 2909 ad
459 2845 770 2929 optimaPessimum
787 2866 861 2912 vero
913 2843 1052 2906 isidorus
1079 2862 1085 2906 :
1110 2845 1210 2926 lleges
1233 2863 1251 2907 a
1275 2853 1360 2908 recte
1390 2847 1529 2928 regendo
1558 2847 1661 2910 vocati

116 2955 144 3008 et
166 2946 358 3009 vilissimum
383 2945 523 3009 bominis
547 2951 606 3020 est,
625 2964 695 3008 esse
715 2953 746 3008 et
766 2964 858 3027 agere
913 2950 988 3004 sunt
996 2959 1005 3021 ;
1020 2951 1052 3005 et
1074 2950 1159 3006 recte
1180 2944 1303 3024 agendo
1326 2944 1409 3026 regis
1430 2963 1545 3009 nomen
1565 2946 1661 3028 digne

115 3045 287 3108 secundum
307 3045 463 3128 impetum
483 3051 579 3126 atque
600 3043 768 3126 caliginem
791 3045 895 3127 pas-G
913 3047 1050 3117 tenetur,
1075 3043 1238 3124 peccando
1261 3043 1427 3106 amittitur.
1455 3043 1512 3118 Oui
1538 3053 1602 3107 tam
1627 3064 1662 3108 se

115 3144 244 3206 sionum.
262 3144 354 3219 ilinc,
371 3150 407 3206 ut
421 3143 635 3207 communiter
650 3143 777 3218 dicitur,
789 3145 858 3226 qui·
914 3139 999 3222 ipsos
1030 3160 1126 3223 quam
1157 3140 1301 3204 subditos
1333 3141 1494 3224 sapienter
1523 3144 1662 3226 regendo

115 3242 186 3304 libet
206 3242 305 3306 homo
328 3249 455 3304 tenetur
476 3241 579 3304 tribus
601 3259 671 3304 csse
692 3241 856 3316 obediens,
914 3238 1099 3303 modificare
1115 3247 1375 3316 noverunt,recte
1391 3259 1480 3322 reges
1496 3249 1659 3306 vocantur.

114 3349 216 3423 utpote
231 3341 309 3414 Deo,
327 3339 475 3404 Ecclesiae
495 3346 527 3402 et
543 3339 665 3403 rationi.
684 3341 718 3402 ln
739 3340 857 3422 quibus
913 3337 1082 3420 Gregorius
1106 3356 1233 3422 quoqne
1261 3355 1268 3401 :
1293 3339 1377 3401 Bene
1400 3338 1535 3422 (inquit)
1559 3341 1660 3405 saneti

112 3439 213 3502 verbis
228 3459 289 3522 per
302 3438 476 3501 Ecclesiam
492 3437 626 3519 intelligi
643 3446 745 3520 potest
760 3437 858 3501 eccle-
913 3435 973 3499 viri
994 3435 1164 3518 Scripturae
1184 3437 1368 3500 testimonio
1388 3455 1479 3520 reges
1494 3447 1659 3514 vocantur,

112 3539 256 3601 siasticus
275 3537 487 3620 propriusque
503 3535 663 3619 praelatus,
680 3556 735 3600 seu
752 3536 858 3600 Eccle-
913 3535 989 3616 quia
1011 3533 1136 3598 cunctis
1160 3535 1348 3599 inordinatis
1377 3537 1482 3600 earnis
1508 3537 1659 3614 motibus,

112 3637 154 3698 sia
173 3635 369 3720 synodaliter
392 3643 591 3717 congregata,
610 3645 686 3718 puta
709 3637 856 3717 generale
913 3633 1020 3716 pravis
1044 3632 1211 3697 desideriis
1235 3642 1267 3697 et
1291 3634 1430 3718 peccatis
1455 3634 1589 3718 praelati,
1616 3636 1662 3698 in-

111 3735 292 3798 concilium.
913 3731 1117 3796 continentiae
1131 3739 1254 3795 motum
1271 3732 1590 3807 relrcnant,avaritice
1605 3753 1661 3798 aas·

142 3835 564 3916 ltaque,qnantumonmque
579 3831 718 3914 religiosi
734 3851 771 3895 ac
787 3833 858 3896 sub·
913 3838 981 3893 tum
997 3839 1187 3915 temperant,
1203 3831 1337 3913 gloriam
1352 3851 1466 3895 vanam
1486 3833 1658 3908 declinant,

109 3933 162 3996 diti
177 3951 293 3997 omnes
308 3931 374 3994 suis
389 3939 538 3995 tenentur
552 3930 770 4014 superioribus
785 3931 856 3995 obe·
913 3931 1130 4012 suggestiones
1147 3929 1274 3994 invidiae
1289 3930 1440 4007 obruunt,
1452 3931 1558 4013 ignem
1575 3930 1660 3998 iuro·

108 4032 172 4094 dire
192 4051 229 4094 ac
252 4031 321 4114 regi
342 4030 382 4095 ab
407 4030 482 4104 illis,
499 4029 602 4092 nihilo
621 4029 728 4092 minus
749 4029 857 4112 aliquo
912 4029 956 4091 ris
971 4030 1188 4110 exstinguunt.
1205 4029 1305 4111 lleges
1319 4046 1395 4112 ergo
1410 4038 1495 4106 sunt,
1507 4033 1658 4114 quoniam

109 4133 200 4197 modo
213 4132 400 4214 obligantur
414 4148 524 4212 regere
539 4129 739 4212 semetipsos,
756 4149 856 4212 quum
913 4127 1124 4191 tentationum
1158 4127 1299 4191 motibus
1334 4145 1397 4191 non
1430 4131 1659 4194 consentiendo

107 4231 231 4294 nullum
257 4249 341 4313 opus
370 4247 480 4292 eornm
510 4247 579 4290 ease
603 4227 707 4290 valeat
731 4225 1133 4300 meritollsuccumbere,
1158 4226 1213 4289 sed
1240 4227 1378 4308 regendo
1403 4245 1538 4310 praeesse
1562 4246 1658 4292 nove-

106 4329 199 4404 rium,
217 4329 284 4392 nisi
304 4329 345 4391 sit
359 4326 576 4391 voluntarium
596 4334 684 4390 etex
704 4326 858 4390 delibera·
913 4333 995 4388 runt.
1014 4326 1123 4408 ltaque
1144 4323 1329 4388 studeamus
1352 4325 1439 4388 omni
1462 4325 1541 4389 vitio
1559 4327 1658 4390 domi·

106 4429 200 4503 tione,
218 4445 377 4492 consensu
394 4433 490 4508 atque
503 4423 626 4506 judicio
642 4424 772 4488 rationis
788 4443 858 4507 pro·
913 4424 992 4498 nari,
1018 4442 1117 4506 quum
1143 4423 1299 4504 scriptum
1325 4424 1388 4485 sit:
1405 4422 1438 4486 Si
1462 4423 1534 4506 quis
1559 4431 1656 4488 totam
1671 4453 1807 4509 nmmo,

105 4528 230 4590 cedens.
240 4527 277 4589 ln
293 4532 412 4588 tantum
427 4522 576 4608 equidem
590 4523 629 4586 ad
644 4541 735 4587 omne
751 4524 857 4587 minus
913 4521 1015 4602 legem
1036 4519 1228 4603 impleverit,
1244 4519 1387 4582 offendat
1405 4527 1512 4585 autem
1532 4521 1565 4584 in
1581 4539 1657 4599 uno,

105 4633 230 4688 tenetur
251 4624 420 4706 religiosus
440 4621 617 4703 gubernare
632 4641 666 4685 se
686 4623 805 4705 ipsum,
823 4631 857 4685 nt
912 4621 1015 4684 lactus
1035 4627 1083 4682 est
1104 4618 1248 4682 omnium
1272 4637 1356 4682 reus.
1374 4619 1495 4683 idcirco
1517 4619 1550 4683 in
1570 4623 1658 4685 omni

104 4725 182 4788 ratio
202 4743 264 4786 sua
286 4723 394 4797 dictet,
411 4730 442 4784 et
459 4721 576 4794 credat,
594 4720 656 4782 sibi
676 4739 746 4784 esse
763 4739 857 4802 agen·
911 4717 1113 4783 observantia
1127 4716 1264 4799 regulari
1280 4716 1382 4780 simus
1401 4716 1561 4782 ferventes
1577 4739 1658 4783 sem·

104 4824 178 4885 dnm
191 4822 374 4886 seeundum
390 4818 587 4902 superiorum
602 4837 731 4882 suorum
745 4819 858 4900 jussio
913 4837 970 4901 per
984 4825 1079 4900 atque
1094 4814 1234 4890 solliciti,
1250 4815 1326 4897 quia
1346 4824 1382 4878 ut
1395 4817 1542 4882 Salomon
1560 4819 1658 4902 proli·

104 4941 174 4984 nem
188 4929 222 4984 ct
237 4919 490 4994 directionem,et
506 4917 579 4980 talia
594 4936 649 5000 per
663 4917 856 4980 voluntatem
911 4923 1005 4992 tetur,
1022 4916 1080 4990 Qui
1105 4915 1197 4978 timet
1217 4915 1329 4990 Deum,
1346 4915 1427 4978 nibil
1449 4917 1598 4999 negligit3
1614 4927 1657 4995 et,
1685 4943 1804 4998 rurant.

104 5021 203 5083 libere
229 5025 433 5100 exsequatur.
461 5017 548 5080 Unde
575 5015 607 5078 in
633 5015 856 5078 Ecclesiastico
911 5017 966 5090 Oui
982 5014 1105 5098 spernit
1119 5012 1404 5097 modica,paulatim
1419 5014 1659 5091 deciditonem·
1673 5009 1796 5115 &carran

15 5144 89 5197 ean,
103 5121 220 5202 legitur
243 5137 251 5180 :
275 5117 358 5180 Deus
383 5115 422 5178 ab
449 5114 540 5178 initio
564 5115 729 5178 constituit
753 5115 855 5179 homi·
910 5117 1080 5178 admodum
1103 5115 1190 5178 enim
1212 5132 1313 5176 unum
1336 5121 1502 5197 peccatum
1524 5118 1693 5181 mortales.
1798 5101 1805 5126 '

15 5209 77 5259 ¹⁵³⁷·
102 5227 231 5296 ncm‚et
247 5215 381 5300 reliquit
394 5233 469 5278 euru
485 5214 518 5276 in
535 5233 630 5277 manu
646 5213 771 5277 consilii
787 5213 854 5295 sui;
910 5233 967 5297 par
982 5213 1202 5295 poenitentiam
1220 5230 1282 5276 non
1299 5212 1451 5288 deletum,
1465 5231 1523 5277 suo
1538 5217 1657 5297 ponde·

100 5321 220 5403 adjecit
241 5323 404 5403 precepta
421 5335 489 5392 sua,
505 5315 655 5398 apposnit
670 5313 730 5378 tibi
746 5313 854 5395 ignem
911 5330 944 5375 re
969 5328 1042 5374 mox
1065 5311 1162 5373 trabit
1185 5311 1224 5373 ad
1248 5310 1345 5385 aliud,
1372 5311 1437 5374 imo
1459 5313 1498 5376 ad
1528 5314 1655 5394 gravius
