4214 6254
352 509 501 558 commun
523 511 546 558 n
566 511 640 559 rosr
659 511 854 558 mmrrarmr.
874 528 915 542 -
935 511 977 558 an
996 511 1192 577 nccrcrosos3
1214 513 1313 562 sanun
1332 515 1445 562 asxrcs
1616 496 1676 563 {7³

128 681 289 763 evangelio
313 682 466 746 hodierno
490 681 530 744 fit
553 683 682 746 mentio.
705 681 751 745 Ad
776 700 871 764 quarn
886 682 912 744 A
929 682 1011 744 ciam
1033 682 1206 764 perdit3et
1230 702 1330 765 quum
1353 681 1518 766 improbus
1540 681 1676 745 affectus

128 780 219 842 etiam
239 798 365 844 coenam
386 781 433 842 illi
453 781 617 843 dumtaxat
637 780 822 863 pertingunt
840 780 872 842 in
928 797 962 841 sc
977 781 1090 862 aperit,
1108 781 1191 862 perit
1209 780 1355 844 effectus.
1373 781 1417 843 De
1437 780 1497 842 hoc
1517 779 1595 842 vitio
1614 798 1678 842 ma-

129 897 260 960 qucrum
282 878 432 941 cordibus
454 879 537 940 Deus
559 879 591 940 in
611 877 677 940 vita
698 878 756 940 hac
779 878 872 960 spiri·
929 877 1045 940 ledicto
1068 878 1183 940 iterum
1207 878 1251 941 ait
1270 878 1299 940 S.
1317 878 1496 941 Bernardus
1514 876 1678 939 :Ambitio

130 974 243 1037 tualem
269 975 392 1057 peragit
416 991 552 1050 coenam,
575 975 747 1038 habitando
771 975 803 1038 in
826 975 873 1038 cis
929 975 1047 1038 subtile
1067 976 1199 1050 malum,
1216 983 1375 1040 secretum
1396 975 1497 1051 virus,
1514 977 1611 1058 pestis
1629 992 1679 1038 oc

23 1059 36 1098 ⁷·
129 1091 182 1154 per
200 1071 300 1135 fidem
317 1073 446 1135 caritate
461 1072 641 1147 formatam,
658 1081 753 1156 atque
773 1073 805 1136 in
823 1091 873 1136 co
929 1074 1024 1148 culta,
1041 1074 1105 1137 doli
1120 1074 1245 1149 artifex,
1260 1082 1360 1137 mater
1376 1073 1514 1148 invidiae,
1526 1073 1677 1137 vitiorum

129 1190 194 1233 rum
218 1170 312 1235 bonis
331 1169 456 1233 actibus
478 1171 673 1234 delectando.
929 1172 1028 1253 origo,
1052 1173 1206 1235 virtutum
1231 1190 1348 1254 aerugo,
1374 1173 1460 1236 tinea
1488 1172 1676 1246 sanctitatis,

157 1269 204 1331 Ab
218 1269 277 1332 hac
290 1269 449 1352 spirituali
466 1287 556 1332 coena
569 1277 665 1352 atque
680 1289 698 1332 a
713 1289 804 1334 coena
816 1288 873 1334 coe
929 1268 1115 1332 excecatrix
1140 1269 1296 1346 cordium,
1312 1289 1351 1332 ex
1376 1269 1525 1332 remediis
1550 1269 1677 1334 morbos

127 1369 228 1441 lestis
242 1369 335 1449 digna
348 1385 469 1450 quoque
485 1369 687 1450 perceptione
702 1387 874 1432 sacramen-
928 1385 1094 1448 generans,
1111 1385 1149 1430 ex
1173 1368 1331 1431 medicina
1354 1368 1548 1451 languorem.
1565 1368 1589 1432 Ο
1610 1387 1676 1430 am·

127 1467 194 1528 talis
217 1466 317 1528 edulii
342 1467 516 1548 impeditur
540 1467 635 1530 horno
657 1485 715 1550 per
740 1467 872 1530 mortale
929 1465 1010 1529 bitio
1033 1465 1244 1528 ambientium
1270 1484 1358 1540 crux,
1382 1466 1542 1549 quomodo
1565 1483 1677 1529 omnes

127 1573 303 1646 peccatum,
330 1570 363 1626 ct
386 1563 547 1646 praecipue
572 1583 629 1647 per
653 1565 713 1628 tria
728 1565 874 1628 mortalia
931 1573 1092 1646 torquens,
1110 1563 1260 1626 omnibus
1286 1565 1434 1646 placenst
1455 1565 1505 1628 Nil
1529 1563 1677 1626 acerbius

127 1663 288 1744 vitiaque
304 1662 556 1745 sunt:superbia
571 1664 638 1726 sive
653 1663 874 1738 ambitio,ava-
929 1662 1059 1734 cruciat,
1071 1662 1115 1723 nil
1133 1661 1296 1724 molestius
1311 1662 1467 1744 inquietat
1484 1679 1491 1723 :
1509 1663 1554 1725 nil
1570 1669 1676 1724 tamen

128 1761 195 1822 ritia
209 1761 279 1823 sive
294 1761 463 1843 cupiditas,
475 1769 507 1822 et
522 1761 648 1823 luxuria
663 1781 719 1824 seu
738 1763 874 1824 carnalis
929 1761 1013 1842 apud
1029 1759 1163 1822 miseros
1183 1759 1331 1822 mortales
1352 1759 1495 1822 crebrius
1514 1760 1581 1823 sive
1597 1760 1677 1822 cele-

126 1858 268 1921 alfectus.
289 1857 338 1920 Ab
358 1858 408 1920 his
430 1859 527 1939 igitur
545 1859 634 1921 vitiis
653 1878 711 1922 nos
730 1859 874 1942 speciali·
892 1861 915 1924 B
930 1857 1018 1920 brius
1041 1857 1176 1938 negotiis
1196 1857 1276 1938 ejus.

126 1965 170 2018 ter
185 1957 353 2020 emundari
370 1975 500 2019 necesse
516 1965 564 2020 est
579 1965 611 2020 et
626 1975 739 2021 cavere
749 1975 756 2020 :
766 1966 798 2020 et
812 1958 874 2040 pri·
963 1957 1073 2038 Fugiat
1087 1974 1163 2038 ergo
1176 1956 1281 2019 omnis
1296 1956 1462 2038 religiosus
1479 1958 1597 2021 malum
1613 1967 1675 2021 tam

125 2075 185 2129 mo,
201 2055 242 2117 ab
257 2056 404 2118 omnium
419 2054 524 2118 radice
539 2075 576 2118 ac
596 2056 726 2120 turbido
741 2055 828 2119 fonte
843 2063 875 2120 et
929 2073 1059 2118 enorme
1081 2063 1113 2118 ct
1138 2055 1336 2137 inquietum;
1357 2056 1465 2139 cupiat
1488 2056 1620 2120 subesse
1644 2065 1676 2120 ct

127 2155 204 2216 male
224 2154 364 2217 fecunda
385 2154 508 2236 origine
533 2155 694 2230 vitiorum,
712 2154 872 2239 superbia,
928 2153 1070 2228 obedire,
1087 2154 1204 2216 nesciri
1224 2161 1256 2216 et
1277 2154 1366 2236 parvi
1388 2155 1495 2237 pendi,
1512 2173 1575 2218 non
1600 2175 1676 2238 prae

127 2273 193 2335 quae
206 2253 337 2334 angelos
352 2253 448 2315 vertit
463 2253 495 2315 in
511 2255 717 2328 daemoneset
731 2253 874 2318 homines
929 2271 1010 2328 csse,
1025 2270 1178 2335 apparere
1193 2260 1248 2314 aut
1263 2253 1432 2327 dominari,
1444 2261 1479 2316 ut
1494 2253 1540 2316 sic
1555 2253 1675 2316 directe

32 2385 91 2416 ant.
128 2353 305 2414 daemonum
322 2351 399 2414 facit
414 2352 599 2427 imitatores,
616 2372 652 2416 ac
673 2353 769 2435 primi
788 2353 873 2416 illius
929 2349 1050 2413 feratur
1065 2351 1097 2412 in
1114 2351 1225 2424 Deum,
1242 2370 1302 2413 nec
1323 2351 1421 2434 impie
1436 2359 1622 2414 recurretur
1635 2352 1675 2414 ad

127 2458 274 2532 apostatae
288 2450 358 2531 (qui
375 2450 407 2512 in
424 2451 556 2512 veritate
571 2468 634 2513 non
650 2452 751 2532 stetit)
766 2469 873 2514 servos
929 2449 1138 2531 semetipsum
1156 2449 1297 2532 :alioqui
1319 2450 1607 2514 innumerabilibus
1628 2451 1675 2513 in-

24 2567 29 2578 ·
126 2559 155 2612 et
180 2548 324 2612 membra
347 2567 385 2611 ac
410 2547 507 2622 filios,
529 2549 654 2612 dicente
678 2550 870 2632 Scriptura:
929 2547 1075 2610 volvetur
1102 2547 1242 2630 peccatis
1271 2567 1309 2610 ex
1335 2567 1392 2612 sua
1419 2548 1594 2612 ambitione
1623 2569 1676 2612 nn·

23 2672 112 2722 troas.
125 2649 191 2730 lpsc
212 2655 262 2711 est
282 2667 338 2712 rex
358 2667 455 2731 super
475 2647 640 2711 universos
660 2648 746 2712 filios
764 2669 873 2732 super·
928 2645 1103 2720 sccntibus,
1120 2647 1196 2729 quin
1210 2655 1245 2708 ut
1259 2647 1303 2709 ait
1318 2646 1496 2728 Gregorius,
1508 2647 1674 2711 Numerari

23 2747 192 2822 eerr.1,r,biae.
210 2747 330 2829 Estque
350 2745 502 2828 superbia
521 2764 627 2810 coram
643 2747 707 2810 Deo
724 2754 756 2809 ct
770 2747 871 2810 homi·
927 2745 1030 2826 culpe
1046 2763 1109 2808 non
1128 2752 1249 2826 queunt
1270 2763 1341 2827 quac
1360 2763 1399 2806 ex
1414 2746 1589 2809 ambitione
1606 2765 1675 2829 pro

125 2846 217 2908 nibus
249 2845 379 2910 odibilis
411 2862 418 2906 :
449 2845 625 2926 presertim
658 2863 764 2908 coram
796 2865 870 2910 vere
927 2843 1110 2922 cedunt3et
1133 2861 1253 2915 rursus,
1269 2842 1397 2916 Quoties
1418 2844 1553 2927 (inquit)
1574 2844 1676 2908 homi-

124 2944 279 3026 rcligiosis
301 2951 332 3006 et
356 2942 545 3017 humilibus,
562 2944 644 3006 inter
666 2961 745 3025 quos
768 2945 871 3008 humi·
926 2940 1020 3002 nibus
1036 2959 1171 3022 praeesse
1186 2941 1439 3014 desidero‚totics
1455 2944 1553 3005 Deum
1567 2961 1673 3006 meum

122 3043 189 3117 lior,
206 3042 430 3124 exemplarior,
448 3041 601 3118 devotior,
617 3043 756 3124 amplius
777 3063 869 3126 repu-
885 3045 907 3110 G
926 3040 1038 3121 praeire
1059 3039 1225 3102 contendo.
1242 3039 1352 3102 Nonne
1373 3059 1411 3102 ex
1428 3041 1604 3105 ambitione
1620 3061 1673 3105 na·

123 3151 211 3205 tatur.
228 3142 315 3205 luter
335 3158 415 3223 quos
437 3148 542 3203 tamen
564 3141 723 3204 interdum
746 3141 868 3206 iuveni·
924 3144 1059 3199 scuntur
1082 3137 1161 3199 viles
1185 3137 1395 3212 adulationes
1419 3139 1602 3203 adulatoriae
1626 3149 1671 3203 at·

122 3249 171 3303 tur
191 3251 222 3304 et
245 3241 351 3314 Satan,
368 3239 516 3302 videlicet
540 3240 655 3322 aliquis
679 3249 869 3322 apparenter
924 3234 1253 3316 tractiones,poenales
1268 3253 1305 3297 ac
1320 3235 1442 3299 stolidas
1459 3237 1669 3320 suspiciones,

120 3339 251 3402 humilis
275 3347 307 3400 et
335 3337 411 3401 ficte
440 3338 585 3412 devotus,
610 3347 731 3402 secrete
760 3348 866 3404 autem
923 3333 1038 3396 debitae
1060 3333 1269 3416 correptionis
1290 3353 1328 3396 ac
1349 3335 1555 3398 correctionis
1576 3337 1672 3400 omis-

121 3438 277 3520 superbus
301 3445 333 3498 et
355 3437 463 3518 gloriae
487 3436 635 3518 cupidus,
659 3439 867 3519 promotionis
923 3433 981 3506 sio,
999 3450 1206 3515 personarum
1222 3432 1376 3515 acceptio,
1394 3432 1524 3508 invidia,
1541 3436 1670 3498 simula·

121 3537 379 3619 praelationisque
407 3535 530 3598 avidus.
555 3534 615 3608 Qui
641 3554 740 3617 quum
767 3536 868 3600 inten-
924 3529 978 3604 tio,
994 3529 1126 3604 falsitas,
1144 3537 1174 3592 et
1195 3531 1295 3592 multa
1309 3549 1438 3614 prorsus
1459 3532 1577 3594 similia
1592 3534 1670 3597 vitia

120 3644 185 3698 tum
203 3641 340 3716 nequeat
354 3633 490 3715 adipisci
506 3633 533 3696 si
549 3650 604 3695 sua
619 3633 794 3697 innotescat
809 3636 868 3699 ela·
923 3629 1114 3691 aatemaliter
1135 3628 1330 3704 detestanda,
1346 3630 1497 3713 Omnique
1523 3632 1670 3712 religioso

120 3735 171 3806 tio,
188 3733 405 3796 humilitatem
429 3731 508 3794 foris
530 3732 679 3806 ostendit,
696 3753 795 3814 quum
822 3735 869 3796 in·
924 3728 956 3789 in
980 3727 1145 3790 inlinitum
1166 3727 1302 3791 odienda
1325 3747 1362 3790 ac
1383 3727 1667 3814 fugiendamque,

119 3840 166 3894 tus
185 3833 224 3895 ad
248 3849 329 3894 vana
348 3831 513 3912 adspiret:
530 3837 561 3891 et
581 3829 700 3912 decipit
722 3831 868 3896 miseret
923 3834 959 3888 ut
982 3826 1071 3888 brevi
1094 3826 1282 3889 concludam
1304 3827 1506 3909 compendl0‚
1524 3829 1557 3891 ill
1581 3823 1676 3892 omns

117 3937 292 3994 cxcaecatus
315 3929 347 3991 in
368 3928 481 4010 primis
503 3947 536 3990 se
560 3927 677 4010 ipsum,
695 3947 759 3990 non
781 3930 867 3993 Chri·
923 3944 1005 4008 pene
1025 3927 1109 4007 quod
1129 3926 1234 4006 agitur
1250 3926 1429 3989 inordinata
1448 3928 1486 3989 ad
1507 3947 1541 3990 se
1561 3927 1667 4011 ipsum

117 4029 167 4104 sti,
189 4029 246 4092 sed
271 4026 412 4090 Luciferi
435 4045 573 4109 sequens
597 4027 750 4108 vestigia3
774 4027 867 4091 inter·
923 4023 1079 4086 reflexiot
1094 4023 1126 4086 Si
1151 4041 1236 4104 ergo,
1258 4041 1277 4086 o
1301 4023 1458 4105 religiose,
1478 4025 1570 4107 cupis
1593 4045 1668 4088 vere

117 4127 191 4188 dum
207 4143 285 4189 vero
300 4123 383 4188 fallit
397 4131 428 4187 ct
441 4123 569 4198 alios,et
580 4123 665 4204 justo
678 4143 715 4187 ac
730 4133 868 4189 metuen·
923 4121 1091 4204 prolicere,
1108 4129 1169 4184 ture
1190 4120 1380 4204 professioni
1399 4122 1593 4198 satisfacere,
1609 4143 1668 4207 pu·

119 4227 157 4288 dc
172 4226 228 4288 [ici
243 4224 368 4305 judicio
383 4221 579 4305 permittitur
598 4223 703 4286 sortiri
722 4225 866 4306 cupitum
882 4225 907 4288 il
923 4239 989 4282 ram
1005 4228 1037 4282 et
1050 4228 1168 4282 rectam
1186 4238 1290 4283 coram
1309 4220 1373 4283 Deo
1388 4221 1597 4285 intentionem
1616 4224 1668 4286 hn-

119 4325 155 4386 ad
173 4323 329 4405 maiorem
349 4340 439 4384 suam
459 4321 708 4396 damnationem,
725 4323 775 4385 vel
796 4342 866 4406 pro·
921 4318 1009 4392 bare,
1026 4319 1100 4400 fuge
1125 4319 1184 4381 hoc
1208 4318 1363 4380 infernale
1387 4338 1558 4394 vencnum,
1579 4327 1611 4382 et
1634 4321 1667 4382 iu

42 4454 104 4494 mn,
120 4429 189 4505 pter
213 4421 320 4505 plebis
344 4418 557 4502 iniquitatem,
582 4418 717 4482 faciente
739 4422 802 4484 Deo
821 4441 887 4490 rc·¹
922 4419 1047 4480 sincera
1066 4437 1102 4480 ac
1124 4417 1230 4479 stabili
1250 4417 1430 4480 humilitate
1450 4426 1481 4482 te
1501 4419 1667 4483 inviolabi-

118 4541 214 4603 gnarc
230 4519 428 4604 hypocritam
450 4525 580 4600 propter
594 4527 724 4601 peccata
743 4521 863 4602 populi.
923 4517 995 4590 liter
1015 4514 1124 4578 funda.

118 4623 181 4684 Nec
203 4619 311 4683 solum
330 4615 502 4690 ambitiosi,
518 4615 603 4692 vani,
620 4617 695 4680 elati
716 4625 792 4680 sunt
810 4619 865 4701 qui
961 4616 1067 4688 Porro,
1085 4633 1183 4696 quum
1209 4615 1250 4676 sit
1272 4615 1389 4697 duplex
1414 4615 1575 4698 superbia,
1591 4627 1667 4702 puta

118 4720 223 4781 taliter
247 4717 287 4778 ad
314 4715 531 4799 prelationem
556 4715 730 4797 adspirant,
756 4717 810 4778 sed
835 4723 866 4778 et
923 4713 1057 4775 carnalis
1080 4720 1112 4774 et
1135 4713 1321 4793 spiritualis,
1345 4714 1480 4777 carnalis
1505 4717 1666 4799 superbia,

117 4818 170 4900 qui
188 4817 220 4879 in
237 4835 275 4878 ea
290 4813 469 4876 inordinato
483 4812 600 4874 affectu
616 4821 744 4875 manent
759 4822 791 4876 et
805 4815 867 4897 pri·
922 4812 1046 4894 quande
1062 4811 1227 4874 nobilitate
1248 4813 1422 4893 progeniei,
1439 4813 1602 4896 opulentia
1623 4835 1669 4879 re-

117 4917 182 4978 vari
203 4921 367 4986 verentur,
384 4911 440 4994 qui
462 4919 492 4972 et
511 4911 608 4974 variis
628 4912 866 4995 suspicionibus
922 4929 1005 4983 rum,
1033 4909 1237 4971 multitudine
1267 4919 1483 4991 cognatorum,
1513 4915 1665 4995 potentia,

118 5013 233 5096 saepius
259 5010 458 5091 affliguntur.
483 5009 562 5071 llinc
586 5009 631 5072 ait
654 5010 831 5073 Bernardus
857 5029 864 5074 :
922 5009 1114 5091 principatu,
1131 5008 1225 5082 fama,
1243 5008 1372 5082 honore,
1389 5029 1424 5072 ac
1444 5012 1667 5077 consimilibus

117 5111 259 5175 Ambitio
285 5116 385 5171 mater
409 5107 598 5190 hypocrisis,
624 5107 759 5170 latebras
782 5117 867 5172 amat
921 5107 1025 5170 causis
1040 5106 1230 5189 concipitur,
1248 5107 1279 5168 in
1300 5108 1505 5172 sacularibus
1524 5111 1604 5174 solet
1621 5113 1668 5175 vi-

118 5218 149 5274 ct
163 5209 325 5284 tenebras,
342 5225 378 5270 ac
398 5207 479 5269 lucis
500 5205 668 5288 impatiens
688 5216 744 5269 est.
762 5208 865 5282 Ouum
920 5225 994 5288 gere
1024 5205 1226 5285 hominibus;
1252 5206 1426 5288 spiritualis
1455 5227 1530 5272 vero
1559 5231 1668 5294 super·

119 5311 205 5375 enim
231 5306 414 5393 prorumpit
438 5307 470 5368 in
494 5305 738 5386 impudentiam,
756 5306 865 5369 effica—
921 5304 985 5379 bia,
998 5323 1068 5387 quaa
1083 5323 1121 5366 cx
1138 5304 1325 5368 interiorum
1341 5306 1497 5370 donorum
1513 5311 1668 5376 excellen-
