4154 6258
484 459 632 509 nourmca
652 459 694 506 xv
714 460 788 507 rosr
807 461 1001 510 rmrvrrurrru.
1022 479 1063 490 -
1084 461 1183 508 sunno
1203 461 1314 508 rmuus
1539 445 1544 457 '
1614 439 1675 509 lli
1765 459 1777 479 ‘

119 635 284 716 quadum
308 653 392 699 unus
414 635 594 718 corrigitur,
611 635 743 721 plurimi
766 633 914 699 emen-A
970 635 1099 716 Legitur
1128 633 1161 697 in
1184 633 1411 717 Vitaspatrum,
1435 629 1521 714 quod
1545 629 1677 714 quidam

120 733 249 796 dantur.
928 733 1037 796 Frater
1067 734 1100 797 in
1130 750 1238 797 eremo
1268 733 1406 814 graviter
1435 730 1499 793 fuit
1525 736 1676 804 tentatus,

81 853 95 880 ³
162 832 280 907 Quarto
300 831 392 896 docet
410 833 581 917 Apostolus
602 842 637 897 ut
656 834 800 898 defectus
818 850 873 896 no·
928 833 1072 915 abiitque
1086 833 1125 895 ad
1141 851 1250 896 senem
1265 831 1448 915 quemdam,
1466 836 1498 892 et
1511 827 1622 892 retulit
1636 827 1675 890 ei.

120 938 205 994 stros
225 939 321 1014 atque
340 933 526 1012 gravamina
546 941 659 996 mutuo
679 932 732 1015 pic
752 939 783 995 et
797 932 875 995 cari-
929 932 988 1006 Qui
1022 950 1133 995 carens
1165 931 1357 994 discretione
1390 937 1422 993 et
1451 927 1679 992 exercitatione

119 1030 221 1092 tative
242 1037 418 1113 portemus,
435 1040 593 1114 quatenus
615 1050 698 1094 uuus
718 1048 793 1093 cum
811 1029 874 1093 alio
930 1029 1031 1112 praelii
1046 1029 1223 1112 spiritualis
1238 1036 1348 1092 contra
1365 1027 1543 1092 invisibiles
1558 1028 1676 1100 hostes,

119 1128 312 1210 patientiam
327 1128 453 1204 babeat,
470 1138 502 1192 et
517 1129 685 1211 sicutipse
700 1129 789 1211 cupit
804 1146 874 1210 por·
930 1128 1010 1190 dixit
1024 1129 1063 1190 ad
1079 1128 1219 1191 Fratrem
1230 1127 1414 1191 :Perdidisti
1428 1127 1567 1189 animam
1580 1132 1675 1188 tuam.

118 1227 182 1288 tari
199 1226 231 1288 in
247 1227 315 1290 suis
336 1227 499 1303 oneribus,
516 1226 760 1290 infirmitatibus
778 1234 873 1309 atque
929 1227 996 1301 Quo
1016 1227 1135 1302 audito,
1153 1227 1260 1290 Frater
1275 1225 1330 1288 ille
1349 1225 1449 1288 tristis
1469 1232 1501 1288 et
1518 1224 1608 1307 quasi
1625 1223 1677 1286 de-

120 1325 316 1400 defectibus,
332 1333 398 1388 tam
413 1345 431 1388 a
445 1326 510 1388 lieo
525 1345 622 1408 quam
638 1346 657 1389 a
673 1325 828 1408 proximis
843 1333 874 1388 et
930 1343 1061 1408 sperans
1076 1325 1218 1398 recessit,
1235 1341 1418 1407 proponens
1439 1323 1555 1386 reverti
1570 1323 1609 1384 ad
1625 1342 1679 1387 saa·

119 1423 370 1487 condomesticis
395 1422 473 1498 suis,
497 1424 543 1487 sic
568 1424 637 1507 ipse
658 1424 736 1488 alios
758 1431 871 1506 portet.
930 1424 1061 1502 culum;
1090 1423 1147 1486 sed
1175 1422 1240 1485 Deo
1268 1422 1446 1496 ordinante,
1477 1419 1620 1484 obviavit
1648 1420 1678 1483 ei

119 1521 202 1594 lmo,
228 1522 406 1584 secundum
435 1522 634 1604 Gregorium,
663 1523 719 1605 qui
749 1531 874 1605 portare
929 1520 1028 1585 abbas
1042 1520 1220 1603 Apollo,vir
1235 1537 1357 1601 magne
1372 1518 1572 1583 discretionis
1588 1526 1680 1600 atque

118 1619 225 1682 malos
247 1620 365 1696 renuit,
382 1621 451 1703 ipse
476 1620 537 1683 sibi
560 1641 618 1704 per
641 1621 874 1704 impatientiam
930 1620 1068 1683 virtutis.
1094 1620 1153 1694 Qui
1182 1619 1387 1682 considerans
1416 1618 1556 1681 Fratrem
1586 1617 1678 1680 illum

118 1737 215 1780 suam
237 1719 328 1780 testis
350 1725 399 1781 est
419 1719 495 1801 quia
515 1719 618 1784 bonus
639 1737 702 1783 non
724 1726 781 1783 est.
930 1737 1000 1782 esse
1016 1717 1222 1781 vehementer
1236 1716 1394 1780 afflictum
1411 1724 1443 1779 et
1458 1724 1679 1798 moestum,pe-

161 1817 280 1891 Quinto
295 1818 387 1880 docet
400 1817 570 1900 Apostolus
586 1827 620 1881 ut
641 1820 696 1902 qui
713 1819 874 1883 instruun·
892 1817 915 1881 B
929 1817 1002 1880 tivit
1016 1817 1094 1903 quid
1109 1816 1251 1892 haberet,
1261 1822 1293 1878 et
1306 1835 1377 1899 quae
1391 1823 1476 1878 esset
1490 1815 1567 1876 tanti
1584 1833 1679 1878 causa

117 1925 173 1978 tur
196 1916 228 1978 in
254 1916 477 1999 spiritualibus
498 1917 605 1992 rebus,
627 1917 873 1980 instructoribus
931 1915 1086 1979 moeroris.
1112 1915 1220 1977 Frater
1241 1921 1348 1976 autem
1370 1913 1425 1976 ille
1447 1914 1551 1996 prima
1574 1911 1678 1975 fronte

118 2014 188 2076 suis
206 2013 269 2076 sint
284 2014 376 2096 grati,
394 2022 426 2076 et
445 2015 592 2078 debonis
612 2015 679 2078 suis
695 2015 873 2078 communi·
930 2011 1059 2074 crubuit
1078 2013 1263 2094 propalare3
1278 2012 1407 2074 tandem
1427 2018 1534 2074 tamen
1553 2010 1678 2093 aperuit

118 2119 195 2174 cent
211 2119 243 2174 et
257 2112 360 2175 vicem
376 2114 552 2195 rependant
573 2113 645 2176 illis.
664 2114 751 2176 Unde
767 2114 800 2176 in
816 2113 873 2175 Ec·
929 2110 1265 2184 veritatem,videlicet
1279 2109 1416 2194 qualiter
1430 2117 1515 2172 esset
1529 2115 1677 2183 tentatus

10 2229 102 2275 rm.
119 2208 303 2273 olesiastico
317 2209 559 2273 dieiturzllanti
576 2210 655 2272 mihi
671 2211 872 2294 sapientiam,
929 2217 962 2272 et
985 2210 1145 2291 quomodo
1169 2227 1265 2272 senex
1295 2208 1349 2271 ille
1376 2208 1438 2271 sibi
1467 2206 1675 2290 responderit.

10 2323 15 2333 ·
119 2308 205 2370 dabo
227 2307 370 2389 gloriam.
388 2308 467 2370 llinc
490 2308 632 2391 loquitur
649 2308 871 2391 Augustinus:
929 2308 1017 2370 'func
1045 2307 1144 2370 abbas
1171 2307 1286 2390 Apollo
1314 2307 1476 2389 sapienter
1504 2313 1537 2370 et
1565 2306 1679 2369 leniter

118 2404 154 2468 Si
186 2424 237 2468 me
267 2423 376 2488 posses
406 2407 520 2470 docere
549 2407 633 2488 quod
663 2407 782 2482 nescio,
809 2427 872 2472 non
930 2406 1070 2469 Fratrem
1095 2406 1186 2468 illum
1213 2405 1374 2480 instruxit,
1393 2405 1578 2488 rogavitque
1603 2423 1677 2467 eum

118 2502 226 2566 solum
249 2511 278 2566 te
298 2503 416 2578 verbis,
434 2505 488 2567 sed
509 2511 541 2566 et
560 2504 676 2586 pugnis
699 2506 873 2569 cedentem
930 2513 964 2567 ut
988 2506 1027 2567 ad
1052 2523 1143 2568 suam
1167 2504 1280 2567 cellam
1306 2505 1439 2584 rediret;
1454 2504 1678 2587 acquievitque

118 2600 272 2664 deberem
290 2601 521 2684 patientissime
538 2605 874 2668 sustinereliinecon·
929 2604 959 2667 ei
984 2604 1090 2666 Frater
1115 2603 1275 2686 praefatus.
1298 2603 1417 2666 Deinde
1442 2601 1540 2665 abbas
1564 2601 1677 2684 Apollo

117 2709 182 2762 stat
202 2701 286 2783 quod
308 2700 428 2763 subditi
450 2719 523 2764 suos
543 2703 690 2784 prelatos
705 2721 741 2765 ao
761 2703 873 2786 praedi·
929 2702 1069 2784 perrexit
1093 2702 1131 2764 ad
1157 2721 1267 2764 senem
1292 2702 1489 2783 predictum.
1508 2701 1676 2782 Quumque

117 2807 245 2862 catores
260 2807 410 2862 tenentur
424 2798 605 2862 cordialiter
621 2800 712 2864 valde
727 2801 870 2883 diligere,
928 2800 1217 2883 appropinquasset
1235 2799 1358 2863 cellule
1378 2799 1460 2880 ejus,
1476 2799 1576 2862 oravit
1593 2817 1600 2862 :
1618 2799 1675 2862 llo·

116 2905 226 2978 grates
241 2916 277 2959 ac
292 2897 446 2960 bonorem
463 2905 494 2959 et
509 2898 613 2960 vicem
630 2898 676 2960 eis
691 2900 870 2981 rependere,
928 2899 1015 2962 mine
1030 2899 1125 2973 Deus,
1143 2898 1286 2973 obsecro,
1298 2905 1448 2961 converte
1463 2916 1603 2980 pugnam
1619 2917 1675 2960 seu

118 3003 152 3058 et
169 2994 357 3076 temporalia
373 3002 520 3077 prompte
536 2995 873 3060 subministrareldeo
891 2999 912 3063 G
928 2999 1136 3060 tentationem
1152 2997 1268 3061 Fratris
1284 2998 1371 3060 illius
1387 2998 1420 3060 in
1436 3015 1544 3061 senem
1565 2997 1673 3072 istum,

10 3115 66 3162 rue
83 3117 101 3156 r.
116 3093 164 3154 ait
184 3093 354 3174 Apostolus
373 3111 380 3154 :
397 3093 455 3168 Qui
478 3093 559 3156 bene
582 3101 722 3176 praesunt
744 3095 873 3178 presby·
927 3103 962 3158 ut
976 3096 1077 3158 discat
1091 3097 1254 3178 propriam
1270 3096 1472 3178 fragilitatem
1487 3113 1675 3177 cognoscere

117 3191 193 3264 teri,
210 3190 332 3273 duplici
353 3191 472 3254 honore
493 3192 580 3273 digni
603 3192 789 3268 habeantur,
807 3212 871 3256 ma·
926 3214 962 3257 ac
978 3195 1050 3258 aliis
1065 3195 1244 3259 condolere.
1257 3195 1295 3256 Et
1309 3195 1454 3278 protinus
1469 3194 1566 3257 abbas
1582 3193 1675 3276 Apol-

118 3291 209 3353 xime
234 3289 290 3372 qui
315 3289 460 3354 laborant
484 3291 517 3352 in
543 3290 659 3370 verbo;
679 3299 711 3353 et
733 3310 869 3356 rursus:
928 3292 958 3357 lo
973 3293 1053 3356 vidit
1068 3294 1245 3357 daemonem
1262 3293 1294 3355 in
1309 3293 1578 3374 formalllthiopis
1594 3300 1675 3355 stau·

34 3421 101 3456 ms.
117 3389 207 3470 llogo
221 3405 288 3462 vos,
301 3387 422 3463 fratres,
435 3397 471 3451 ut
484 3389 638 3453 noveritis
654 3408 707 3452 cos
722 3391 778 3473 qui
795 3411 871 3473 prae·
928 3401 993 3454 tem
1016 3409 1115 3474 prope
1138 3391 1251 3454 cellam
1274 3391 1359 3454 senis
1382 3391 1480 3466 illius,
1502 3391 1674 3473 igneusque

42 3505 47 3515 ·
118 3496 197 3552 sunt
227 3487 329 3562 vobis,
354 3495 387 3550 et
414 3495 546 3551 monent
571 3507 639 3563 vos,
666 3497 701 3550 ut
729 3488 871 3552 babeatis
926 3489 1055 3570 sagittas
1069 3489 1242 3570 jacientem
1259 3489 1290 3552 in
1307 3508 1416 3552 senem
1433 3489 1583 3551 illumlit
1598 3507 1674 3552 ecce

119 3586 192 3650 illos
218 3585 434 3648 abundantius
462 3586 494 3648 in
520 3587 639 3650 honore
668 3595 701 3649 et
725 3587 869 3650 dilectio·
927 3607 1024 3650 senex
1047 3587 1101 3650 ille
1123 3588 1214 3670 quasi
1237 3587 1368 3650 insanus
1392 3595 1425 3651 et
1446 3586 1555 3649 furens
1578 3587 1675 3670 coepit

118 3703 181 3764 ne;
198 3691 231 3746 et
246 3691 376 3766 propter
395 3701 476 3767 opus
496 3701 607 3747 eorum
627 3704 739 3768 paoem
756 3686 870 3748 habete
927 3686 1039 3748 cellam
1057 3704 1146 3748 suam
1162 3686 1260 3760 exire,
1273 3693 1305 3747 et
1318 3685 1381 3748 huc
1397 3685 1539 3767 illucque
1554 3685 1676 3746 discur-

118 3803 194 3846 cum
220 3783 277 3846 eis.
923 3798 1007 3846 rere.
1029 3784 1096 3857 Quo
1120 3784 1200 3856 viso,
1221 3783 1318 3846 abbas
1343 3783 1456 3866 Apollo
1477 3782 1612 3846 accessit
1635 3782 1673 3845 ad

11 3907 101 3960 utne.
160 3883 334 3956 Postremo,
345 3881 436 3963 juxta
450 3881 627 3945 doctrinam
643 3881 871 3965 Apostoli,non
928 3882 1245 3956 eum‚etait:0uid
1266 3881 1676 3955 habeleuocurrisfSe·

118 3979 341 4042 existimemus
356 3997 414 4042 nos
435 3979 556 4062 aliquid
572 3998 652 4055 esse,
669 4000 769 4063 quum
790 3980 871 4044 nibil
927 4001 988 4044 nex
1008 3999 1084 4044 vero
1105 3981 1159 4043 ille
1179 3980 1309 4043 erubuit
1327 3981 1434 4043 dicere
1453 3981 1590 4063 qualiter
1608 3989 1675 4043 ten-

117 4079 232 4152 simus,
250 4097 309 4140 nec
325 4077 524 4161 decipiamus
540 4096 598 4142 uos
615 4079 712 4161 ipsos,
729 4081 784 4142 sed
800 4099 870 4143 exa·
926 4087 1054 4143 taretur.
1072 4080 1129 4143 (lui
1145 4079 1243 4141 abbas
1258 4078 1371 4161 Apollo
1389 4096 1395 4141 :
1412 4079 1501 4153 lledi,
1514 4079 1628 4162 inquit,
1640 4080 1673 4141 in

116 4177 281 4239 minemus
301 4176 400 4240 vitam
423 4182 455 4239 et
478 4178 706 4241 conscientiam
730 4187 870 4242 nostram
888 4179 1039 4244 boellam
1055 4186 1154 4252 tuam,
1172 4185 1204 4241 et
1218 4178 1299 4240 scito
1314 4184 1345 4240 te
1360 4178 1527 4260 hueusque
1547 4196 1610 4240 non
1626 4196 1673 4240 es·

115 4273 271 4356 quotidie.
290 4275 460 4338 Ferventes
480 4293 608 4359 quoque
628 4296 664 4339 ac
684 4277 813 4339 stabiles
829 4277 870 4340 si·
927 4296 961 4339 se
982 4278 1211 4357 exercitatum3
1227 4277 1295 4338 haec
1316 4284 1423 4338 arrtem
1446 4277 1578 4338 tentatio
1602 4276 1674 4338 ideo

116 4392 190 4435 mus
217 4372 250 4434 in
276 4372 368 4436 bonis
393 4374 556 4456 operibus,
582 4382 614 4438 et
638 4375 787 4438 omnibus
812 4393 870 4457 pro
926 4374 1042 4436 accidit
1056 4373 1285 4455 tibi,quoniam
1301 4373 1440 4435 Fratrem
1457 4371 1548 4434 illum
1564 4373 1673 4455 despe-

113 4490 210 4555 poase
231 4470 493 4552 benefaciamus3
510 4481 541 4535 et
560 4474 644 4556 quod
665 4473 784 4537 ellectu
805 4492 869 4537 non
926 4491 995 4535 rare
1025 4472 1138 4536 fecisti.
1165 4473 1253 4535 'func
1283 4471 1381 4534 abbas
1409 4459 1522 4553 Apollo
1552 4473 1672 4554 rogavit

114 4589 301 4654 possumus,
318 4570 438 4634 affectu
458 4588 600 4652 agamus,
617 4572 694 4635 certi
710 4573 795 4654 quod
811 4591 869 4655 pro
924 4572 1025 4634 Deum
1047 4589 1104 4654 pro
1124 4589 1201 4634 senc
1221 4570 1287 4645 illo,
1305 4578 1341 4632 ut
1359 4569 1548 4634 liberaretur
1563 4570 1604 4633 ab
1619 4571 1673 4634 illa

114 4669 168 4732 bis
184 4669 320 4733 modicis
341 4668 558 4751 brevibusque
577 4669 703 4732 actibus
718 4671 869 4734 virtuosis
924 4669 1107 4732 tentatione.

112 4777 267 4832 aeternam
283 4776 315 4831 et
336 4766 536 4831 ineffabilem
558 4768 787 4831 beatitudinem
802 4770 869 4832 adi·
965 4768 1010 4829 Ex
1025 4767 1144 4850 quibus
1159 4775 1257 4850 patet,
1274 4787 1370 4852 quam
1391 4768 1518 4832 salubre
1540 4769 1581 4832 sit
1595 4769 1673 4832 viris

113 4867 291 4948 pisccmur.
321 4867 453 4949 Propter
483 4867 568 4949 quod
599 4867 675 4930 alibi
711 4868 868 4950 scriptum
924 4865 1156 4949 spiritualibus
1174 4866 1322 4930 discretis
1345 4875 1377 4930 et
1400 4867 1583 4931 exercitatis
1607 4876 1674 4931 ten·

10 4965 274 5038 e.v111,est:Nou
296 4973 370 5028 sunt
396 4965 562 5047 condigne
583 4965 746 5049 passiones
771 4966 867 5048 hujus
923 4965 1058 5028 tationes
1092 4973 1124 5026 et
1160 4964 1265 5027 cordis
1298 4974 1420 5028 secreta
1455 4966 1670 5040 manifestare,

112 5063 270 5145 temporis
285 5064 323 5125 ad
340 5063 480 5126 futuram
495 5064 778 5146 gloriam.Sapiens
792 5083 868 5147 quo·
922 5083 1018 5146 quam
1049 5063 1267 5144 periculosum
1296 5064 1338 5126 sit
1365 5065 1461 5127 etiam
1490 5064 1671 5130 indiscretis

10 5189 96 5236 totis.
112 5180 181 5244 que
198 5179 205 5222 :
221 5161 379 5224 bonorum
393 5161 528 5245 (inquit)
543 5161 687 5226 laborum
709 5162 865 5244 gloriosus
922 5171 954 5226 et
969 5162 1184 5225 inexercitatis
1200 5162 1276 5224 talia
1291 5164 1439 5226 revelare.
1458 5162 1604 5226 Praefatus
1620 5163 1672 5226 de·

111 5268 165 5326 est
185 5259 318 5324 fructus.
923 5281 1012 5325 mum
1037 5263 1144 5326 Frater
1168 5268 1240 5343 post
1264 5262 1331 5325 baec
1356 5263 1446 5326 valde
1475 5260 1612 5345 profecit
1636 5261 1668 5325 in
