4288 6264
549 515 698 564 nonnum
719 517 739 562 v
759 515 834 565 rosr
854 515 983 566 rasum.
1003 535 1043 546 —
1065 517 1163 566 sunno
1185 517 1337 566 succubus
1676 501 1717 566 33

169 693 202 746 tu
220 684 303 748 nosti
322 683 537 749 dubitationes
555 695 650 769 atquc
669 687 831 780 proposita
850 705 917 750 cor·
932 688 957 749 A
972 707 1062 760 num,
1092 688 1235 770 Apostoli
1269 705 1333 750 non
1366 687 1592 750 intellexerunt
1619 686 1718 750 verba

168 782 281 845 dium:
300 782 371 846 ideo
390 801 453 846 nou
473 792 598 866 oportet
617 785 675 847 tibi
696 785 817 869 aliquid
837 786 917 848 noti·
971 785 1087 848 Christi
1108 784 1226 868 quibus
1245 805 1279 848 se
1298 786 1379 848 dixit
1397 785 1499 848 exisse
1513 803 1532 847 a
1546 784 1645 859 Patre,
1661 785 1716 848 sed

168 881 271 956 ficari,
284 901 384 964 quum
400 883 508 945 omniu
522 883 613 946 scias.
625 886 667 945 In
682 885 739 944 hoc
753 887 918 945 credimus
972 883 1126 965 putabant
1150 903 1183 946 se
1209 883 1403 946 intellexisse
1428 883 1511 964 quod
1537 899 1600 945 non
1625 883 1716 944 intel·

167 982 258 1058 quia,
275 980 307 1042 id
326 988 374 1042 est
394 981 490 1062 quod,
507 1003 527 1041 a
543 986 609 1044 Deo
627 985 729 1042 emisti
748 1002 804 1064 per
823 1001 916 1063 gene·
971 981 1125 1043 lexerunt.
1143 981 1290 1044 Attamen
1308 989 1430 1044 certum
1448 981 1595 1063 estquod
1611 981 1717 1042 crede-

168 1075 324 1138 rationem
348 1083 511 1151 arternum,
534 1077 577 1139 ita
597 1078 682 1159 quod
702 1079 811 1141 omnia
834 1079 916 1140 scias
969 1079 1140 1142 bauteum
1162 1077 1717 1160 exisseePatre,itaquoddivini·
1829 1131 1832 1138 .

167 1173 251 1236 sicut
265 1181 297 1235 et
311 1174 411 1248 Pater,
428 1175 536 1258 sisque
556 1176 639 1238 Deus
656 1193 663 1239 :
680 1177 831 1258 quoniam
850 1194 917 1238 om·
969 1185 1020 1240 tus
1036 1178 1175 1240 directus
1190 1196 1247 1241 seu
1264 1179 1380 1240 missus
1396 1185 1479 1240 esset
1493 1177 1527 1239 in
1543 1178 1715 1256 mundum;

168 1271 221 1334 nia
244 1290 375 1335 noscere
400 1274 494 1337 modo
518 1274 660 1356 praefato,
686 1275 750 1338 Deo
773 1283 822 1338 est
845 1293 916 1357 pro·
970 1276 1025 1339 sed
1040 1295 1080 1338 au
1095 1276 1193 1339 verba
1209 1277 1338 1338 inducta
1352 1276 1391 1338 de
1406 1275 1494 1338 exitu
1509 1275 1716 1357 generationis

168 1369 284 1453 prium.
307 1370 546 1448 Verumtamen,
569 1373 745 1436 secundum
770 1373 916 1454 Augusti·
969 1382 1094 1438 aeterne
1114 1374 1308 1457 acceperint,
1328 1391 1392 1438 non
1413 1382 1462 1437 est
1481 1375 1559 1437 adeo
1581 1382 1714 1438 eertum.

676 1805 870 1893 SERMO
909 1805 1208 1894 SECUNDUS

208 2073 358 2130 obstrusa
378 2071 571 2120 mvocArtuus
592 2073 639 2119 Sl'f
658 2072 747 2130 DRUS,
768 2071 805 2118 ΕΤ
825 2072 865 2118 ΒΕ
885 2072 1014 2119 PIETATE
1035 2072 1074 2119 Ao
1094 2072 1264 2119 recurrerit
1285 2073 1354 2121 utus
1375 2073 1418 2119 AD
1438 2073 1669 2122 memarmoli.

243 2357 317 2416 AEO
337 2363 383 2415 est
411 2356 537 2432 fiducia
565 2375 664 2434 quam
693 2355 846 2414 habemus
874 2351 1114 2414 adsumetur
1144 2361 1175 2416 ct
1206 2355 1378 2418 mentiatur
1409 2377 1415 2420 :
1447 2358 1717 2438 quemadmodum

259 2453 371 2528 Deum,
391 2455 470 2534 quia
489 2455 712 2532 quodnamque
723 2454 918 2529 petierimus
972 2450 1045 2512 Saul
1070 2451 1218 2533 promisit
1241 2452 1311 2515 filio
1334 2471 1392 2516 suo
1414 2455 1554 2518 Jouathae
1578 2474 1642 2519 non
1671 2457 1717 2519 in·
1744 2475 1862 2532 rarum,

169 2553 346 2612 secundum
378 2555 576 2611 voluntatem
607 2553 691 2627 ejus,
720 2551 817 2610 audit
849 2569 914 2610 nos.
971 2547 1055 2610 ferre
1085 2549 1203 2612 malurn
1234 2549 1295 2632 ipsi
1324 2551 1434 2626 David,
1465 2560 1497 2614 et
1524 2559 1631 2616 tamen
1661 2543 1753 2636 pro⁶·

169 2648 180 2710 l
199 2649 309 2711 loann.
326 2667 357 2723 v,
374 2647 422 2711 ld.
972 2663 1065 2728 posse
1082 2648 1264 2730 oppositum
1285 2648 1370 2710 fecit.
1388 2650 1507 2712 Rursus
1524 2652 1653 2714 evenire
1669 2671 1719 2734 po-

208 2747 339 2809 l'iducia
361 2765 425 2828 qua
447 2766 531 2810 unus
556 2747 691 2810 confidit
715 2747 753 2808 de
778 2745 851 2820 alic,
878 2765 917 2808 cx
972 2751 1032 2806 test
1057 2753 1092 2808 ut
1116 2745 1171 2828 qui
1195 2746 1286 2808 elteri
1312 2747 1428 2829 saepius
1452 2746 1624 2823 benefecit,
1650 2769 1719 2832 pro

171 2844 271 2908 tribus
292 2845 444 2926 procedit.
466 2845 582 2920 Primo,
604 2865 643 2908 ex
665 2844 843 2925 cognitione
862 2843 916 2906 bo·
972 2852 1067 2926 ponat
1086 2845 1147 2906 hoc
1167 2845 1249 2906 ultra
1269 2863 1332 2908 non
1353 2843 1469 2922 facere,
1486 2853 1517 2909 et
1536 2847 1718 2912 facultatem

169 2943 277 3006 nitatis
292 2951 324 3006 et
338 2943 519 3006 dilectionis
538 2944 608 3024 ejus
630 2944 663 3006 in
678 2960 741 3025 quo
756 2941 915 3004 confidit:
972 2942 1109 3005 faciendi
1132 2944 1192 3006 hoc
1217 2944 1328 3025 perdat
1345 2963 1351 3007 :
1369 2943 1452 3006 sieut
1473 2946 1578 3027 primo
1599 2947 1720 3012 blacha-
1734 2969 1865 3023 inuam,

169 3049 205 3104 ut
220 3043 246 3104 si
261 3042 377 3124 aliquis
392 3042 471 3104 sciet
486 3042 585 3105 alium
601 3061 671 3104 esse
687 3041 916 3124 pium,virtuo·
972 3040 1114 3104 baeorum
1130 3041 1245 3123 legitur
1260 3043 1299 3104 de
1313 3042 1469 3105 Antiocho
1485 3062 1569 3124 rege,
1581 3046 1666 3126 quod
1680 3047 1719 3109 ad
1734 3037 1804 3079 Μ’·

170 3131 241 3203 sum
256 3149 288 3204 et
303 3141 513 3204 caritativum.
532 3141 583 3204 Sic
598 3141 713 3203 Paulus
733 3141 766 3202 in
783 3140 917 3222 epistola
971 3145 1098 3222 tempus
1122 3140 1207 3222 larga
1231 3160 1327 3203 mauu
1350 3140 1437 3202 dedit
1458 3141 1617 3223 stipendia
1639 3144 1721 3206 mili-

169 3240 208 3301 ad
227 3239 445 3302 Philemonem
465 3239 578 3301 scribit
597 3257 630 3301 se
650 3237 813 3302 confidere
832 3237 917 3320 quod
971 3237 1058 3301 tibus
1073 3238 1151 3312 suis,
1168 3237 1223 3301 sed
1238 3238 1334 3321 paulo
1348 3245 1431 3321 post,
1443 3250 1595 3304 evacuato
1609 3243 1720 3306 aererio

169 3338 333 3400 Philemon
357 3337 477 3400 faceret
501 3337 584 3401 sicut
607 3337 730 3418 rogavit
752 3355 839 3399 eum.
864 3336 917 3398 Se·
972 3355 1029 3398 seu
1051 3337 1210 3412 thesauro,
1227 3337 1412 3400 continuare
1434 3355 1498 3400 non
1520 3341 1632 3422 potuit.

170 3437 275 3498 cundo
293 3437 395 3500 oritur
415 3435 474 3498 ists
493 3435 613 3499 fiducia
627 3455 666 3498 ex
683 3436 856 3498 assertione
876 3434 918 3496 al·
1012 3434 1178 3517 lleinceps,
1194 3435 1244 3497 bis
1259 3433 1361 3497 tribus
1377 3435 1479 3499 modis
1494 3436 1611 3500 habere
1626 3438 1721 3502 debe·

170 3535 293 3597 terius:
311 3542 347 3596 ut
365 3534 391 3596 si
412 3534 496 3596 dicut
515 3541 711 3616 separatum
731 3551 917 3596 succurrere
935 3534 956 3597 C
974 3552 1044 3595 mus
1060 3532 1200 3614 plenam,
1217 3551 1376 3595 summam
1392 3533 1667 3619 certissimamque
1682 3537 1720 3600 fi·

168 3640 201 3696 et
224 3632 333 3695 omnia
356 3631 418 3694 sibi
444 3631 610 3714 possibilie
635 3648 692 3714 pro
716 3631 780 3693 alio
803 3649 916 3712 agere3
972 3633 1099 3696 duciam
1126 3633 1158 3695 in
1182 3633 1317 3695 Domino
1343 3633 1417 3696 Deo.
1443 3634 1548 3698 Primo
1576 3636 1718 3718 quidem,
1819 3713 1820 3718 ἵ

170 3739 246 3793 tunc
267 3730 321 3792 ille
341 3730 393 3792 cui
412 3729 472 3792 hoc
492 3729 580 3804 dicit,
597 3729 733 3792 confidit
748 3731 781 3792 in
800 3747 847 3794 eo.
866 3729 917 3792 Sic
972 3730 1048 3812 quia
1061 3732 1282 3812 cognoscimus
1297 3730 1381 3814 quod
1397 3732 1525 3794 infinita
1539 3734 1580 3796 sit
1596 3734 1720 3798 bonitas

168 3829 258 3890 filius
273 3828 424 3891 berzellai
445 3827 625 3891 confidebat
641 3828 673 3890 in
688 3827 796 3902 David,
814 3836 849 3890 ut
864 3847 916 3910 pa·
972 3835 1004 3890 et
1027 3829 1127 3910 pietus
1152 3829 1219 3903 Dei,
1242 3837 1274 3891 et
1299 3849 1411 3911 magua
1436 3849 1566 3912 prorsus
1590 3833 1719 3897 dilectio

168 3935 216 3990 tet
238 3927 378 3989 secundo
400 3927 530 4008 Regum.
552 3926 667 4000 Tertio,
689 3945 727 3989 ex
750 3925 917 3989 beneficiis
972 3926 1041 4007 ejus
1063 3928 1102 3989 ad
1124 3926 1281 4002 homines,
1303 3947 1403 4010 quum
1424 3928 1539 3992 Paulus
1561 3937 1716 3995 testetur:

166 4026 235 4106 jam
257 4024 422 4106 impensis,
443 4025 503 4088 boc
528 4032 636 4087 estex
660 4023 796 4106 quadam
823 4042 917 4106 expe·
971 4026 1101 4108 Propter
1125 4025 1258 4089 nimiam
1283 4027 1446 4090 caritatem
1471 4047 1562 4092 suurn
1587 4049 1650 4112 qua
1674 4031 1718 4093 di·
1745 4061 1864 4119 ΜΗ,

167 4124 284 4187 rientia
308 4123 447 4186 caritatis
472 4129 504 4186 et
527 4123 654 4206 pictatis
678 4123 808 4186 alterius
833 4123 918 4185 circa
973 4124 1049 4186 laxit
1070 4141 1138 4198 nos,
1155 4124 1238 4188 Deus
1260 4125 1349 4187 Pater
1369 4125 1485 4188 Filium
1510 4147 1604 4191 suum
1630 4129 1718 4192 misit
1731 4125 1865 4179 “wll-'b

167 4240 212 4285 se.
230 4221 282 4284 Sic
301 4221 363 4283 filii
378 4222 474 4284 lsrael
495 4220 700 4284 confidebant
716 4221 748 4283 in
763 4221 842 4284 Juda
857 4221 917 4282 lla·
973 4220 1006 4284 in
1027 4223 1192 4284 mundum.
1210 4223 1362 4296 Secundo,
1380 4225 1531 4306 quoniam
1551 4227 1634 4290 Deus
1653 4235 1718 4291 tum
1732 4192 1752 4233 δ’

168 4319 308 4394 chabaeo,
326 4320 402 4402 quia
422 4327 487 4382 tam
508 4337 592 4401 sepe
613 4319 660 4381 eis
681 4319 840 4382 subvenit.
861 4320 919 4382 Vc
973 4321 1005 4382 in
1028 4320 1128 4384 veteri
1152 4339 1248 4403 quam
1274 4323 1307 4384 in
1331 4339 1413 4386 novo
1433 4323 1634 4389 Testamento
1657 4326 1718 4390 fre·

167 4426 349 4481 rumtamen
365 4417 486 4481 fiducia
501 4417 561 4480 ista
576 4417 608 4480 in
624 4417 919 4491 hominibusinter·
973 4428 1107 4502 quentcr
1122 4419 1213 4482 valde
1228 4421 1364 4483 asseruit
1377 4440 1411 4484 se
1429 4431 1574 4504 paratum
1590 4443 1719 4489 succur-

166 4519 246 4580 dum
269 4517 389 4599 decipit
411 4516 636 4579 confidentem.
659 4517 748 4592 Nam,
770 4519 917 4599 quamvis
973 4537 1053 4594 rere,
1070 4519 1230 4592 exaudire,
1248 4519 1421 4600 ignoscere,
1437 4529 1469 4584 et
1483 4531 1664 4604 sperantem
1685 4525 1718 4588 in

166 4618 195 4679 is
218 4616 252 4678 in
274 4633 338 4698 quo
360 4616 432 4698 quis
456 4615 600 4688 confidit,
621 4616 662 4678 sit
685 4616 718 4677 in
743 4635 777 4678 se
801 4616 915 4693 bonuS,
972 4636 1006 4680 se
1026 4634 1089 4680 non
1109 4617 1263 4679 deserere.
1281 4617 1332 4680 Ait
1352 4637 1490 4701 namque
1511 4639 1568 4703 per
1587 4623 1718 4686 ieremi-

166 4714 275 4778 fidelis
291 4722 323 4776 ct
338 4715 532 4788 caritativus,
549 4722 652 4796 potest
668 4723 774 4777 tamen
795 4715 916 4778 contin·
932 4721 956 4782 D
972 4736 1023 4780 um
1041 4737 1047 4781 :
1066 4717 1173 4779 Clama
1191 4717 1230 4778 ad
1251 4736 1312 4792 me,
1329 4724 1361 4780 et
1376 4719 1542 4782 exaudiam
1559 4729 1599 4784 te.
1614 4722 1717 4805 Atque
1737 4744 1864 4800 remim,

166 4833 242 4896 gere
257 4814 340 4896 quod
357 4812 438 4877 male
455 4812 642 4876 informetur
657 4821 776 4876 secrete
792 4821 823 4876 et
834 4833 920 4877 aver·
974 4816 1006 4878 in
1021 4814 1146 4878 Psalmo
1163 4832 1169 4876 :
1186 4814 1340 4888 Quoniam
1360 4815 1392 4877 in
1409 4835 1460 4878 me
1475 4819 1624 4899 speravit,
1642 4819 1718 4884 libe·
1732 4814 1776 4916 ᾖ,
1791 4886 1816 4914 m
1832 4875 1857 4915 ,ὁ

168 4920 254 4975 tatur
275 4911 315 4975 ab
337 4930 375 4975 eo
399 4913 454 4995 qui
481 4911 514 4973 iu
541 4911 609 4994 ipsc
632 4913 918 4995 contidit:quem-
973 4913 1049 4976 rabo
1073 4931 1165 4992 eum;
1191 4922 1353 4996 protegam
1384 4933 1469 4988 eum,
1494 4918 1644 4998 quoniam
1669 4906 1784 4983 cors'
1818 4903 1823 4922 '
1858 4902 1863 4923 '

168 5012 342 5074 admodum
377 5011 451 5074 Siba
484 5011 597 5074 avertit
630 5012 728 5074 David
762 5031 868 5093 regern
900 5033 918 5075 a
971 5011 1082 5094 guerit
1101 5030 1216 5074 nomen
1238 5012 1588 5092 meum3clamabitad
1608 5027 1718 5095 me‚et

62 5129 67 5140 ·
168 5110 381 5193 ltliphiboseth
401 5109 471 5172 filio
485 5111 634 5184 louathae,
653 5118 687 5172 ut
707 5113 846 5174 secundo
865 5114 919 5175 lle·
971 5111 1138 5173 exaudiam
1161 5129 1244 5172 eum.
1268 5110 1346 5173 llinc
1368 5111 1401 5172 in
1424 5111 1645 5179 Ecclesiastico
1664 5118 1718 5180 ha·

167 5228 244 5291 gum
259 5208 457 5272 describitur.
466 5209 542 5270 ltem
556 5208 700 5272 accidere
715 5216 818 5292 potest
832 5211 918 5292 quod
971 5211 1065 5273 betur
1082 5229 1088 5274 :
1105 5209 1274 5292 Respicite,
1291 5209 1363 5284 filii,
1380 5210 1523 5274 nationes
1538 5213 1718 5293 hominum,
1753 5237 1826 5282 sau
1842 5251 1863 5290 ιι,

167 5307 264 5372 homo
288 5307 343 5391 qui
372 5307 452 5372 dixit
476 5325 510 5372 se
538 5307 628 5370 alteri
659 5307 913 5384 benefacturum,
971 5318 1000 5372 et
1017 5310 1129 5373 scitote
1145 5309 1220 5392 quia
1239 5309 1347 5372 nullus
1367 5311 1508 5392 speravit
1522 5312 1555 5374 iu
1571 5314 1715 5394 Domino,
1733 5305 1766 5354 ¹¹¹
1778 5305 1810 5344 ¹²·

299 5442 331 5496 Τ.
349 5443 388 5494 30.
1580 5448 1593 5496 3
