4206 6258
479 479 627 528 nonnum
647 481 724 528 xxrrr
745 480 819 529 rosr
838 482 1031 530 mmrmrnu.
1051 501 1092 514 -
1112 484 1212 531 saeuo
1231 485 1356 534 ramma
1632 467 1693 532 tlh

142 646 265 712 aflectu
284 650 422 734 totisque
441 651 565 714 viribus
584 651 772 734 diligamus;
788 653 934 736 requi-ll
989 652 1128 717 Tertium
1150 664 1347 738 preceptum
1363 663 1422 731 est,
1438 656 1607 720 observare
1625 657 1693 720 dies

141 747 187 809 rit
216 767 343 832 quoque
372 769 391 812 a
419 750 512 814 nobis
542 759 577 813 ut
600 751 671 832 ejus
701 751 893 834 impleamus
949 751 1056 827 festos,
1083 762 1119 816 ut
1143 754 1266 816 scilicet
1295 756 1527 838 unusquisqne,
1552 756 1695 838 legitimo

141 855 315 931 precepta,
331 856 363 912 et
378 851 525 914 mandata
540 849 732 914 vicariorum
748 869 889 914 suorum.
949 851 1178 934 impedimento
1194 861 1433 928 cessante,tnnc
1447 855 1555 918 audiat
1568 855 1695 918 blissam

184 947 279 1010 Porro
298 947 439 1030 primum
459 956 491 1011 et
511 967 672 1012 summum
696 956 892 1032 preceptum
948 958 981 1012 et
1001 950 1270 1033 predicationem,
1287 952 1511 1034 examinetque
1532 952 1695 1016 conscien-

140 1053 203 1120 est,
220 1053 255 1107 ut
274 1046 381 1129 ipsum
396 1054 461 1110 teto
476 1048 571 1110 corde
586 1066 731 1111 amemus
746 1067 782 1110 ac
797 1067 892 1110 vene·
950 1049 1026 1111 tiam
1041 1068 1143 1124 suam,
1160 1057 1192 1112 et
1206 1051 1305 1116 vitam
1320 1069 1410 1114 suain
1427 1050 1586 1126 discutiat,
1600 1059 1695 1133 atque

140 1161 262 1206 remur.
287 1144 331 1207 De
351 1163 415 1227 quo
434 1154 593 1229 precepto
615 1147 691 1209 hine
714 1147 788 1210 inde
810 1147 893 1209 dicta
948 1147 987 1210 de
1017 1149 1186 1230 preteritis
1216 1149 1308 1212 malis
1333 1149 1473 1231 postulet
1499 1149 1638 1224 veniam,
1664 1157 1696 1212 et

141 1250 219 1305 sunt
248 1243 357 1306 multa.
384 1243 445 1308 Sed
470 1253 578 1308 contra
607 1253 802 1328 preceptum
831 1243 892 1309 hoc
948 1246 1084 1309 aliorum
1114 1246 1238 1310 dierum
1268 1246 1477 1327 negligentias
1499 1265 1536 1309 ac
1565 1255 1695 1329 peccata

140 1349 252 1422 agunt,
269 1343 325 1424 qui
340 1350 448 1406 contra
462 1342 519 1406 Dei
537 1343 659 1424 J'udioia
679 1351 890 1418 murmurant,
948 1352 1124 1426 recuperet.
1142 1345 1337 1408 Cessandum
1357 1351 1406 1407 est
1420 1361 1495 1425 ergo
1512 1344 1626 1407 diebus
1641 1345 1694 1407 do·

142 1447 175 1502 et
190 1448 300 1502 contra
314 1441 529 1505 ordinationes
544 1460 580 1504 ac
600 1441 743 1523 regimen
763 1441 844 1523 ejus,
861 1449 893 1504 et
949 1444 1077 1506 minicis
1092 1451 1125 1506 et
1143 1443 1267 1506 festivis
1286 1443 1326 1505 ab
1345 1442 1496 1526 operibus
1516 1442 1693 1518 laboriosis,

141 1545 254 1601 contra
275 1539 383 1622 plagas
404 1559 482 1622 quas
505 1540 591 1620 juste
613 1539 732 1622 infligit
754 1541 892 1603 homini·
948 1541 1154 1616 mechanicis,
1166 1547 1198 1604 et
1213 1540 1315 1604 multo
1330 1540 1403 1623 plus
1417 1540 1457 1602 ab
1472 1540 1597 1603 actibus
1613 1541 1645 1602 in
1662 1560 1695 1603 se

143 1636 205 1699 bus
229 1637 262 1700 in
287 1657 320 1700 se
344 1638 422 1720 ipsis
444 1638 553 1701 autin
578 1638 674 1701 rebus
695 1657 816 1701 eorum.
834 1639 892 1700 lte-
948 1639 1038 1702 vanis
1057 1647 1153 1723 atque
1176 1639 1308 1714 illicitis,
1326 1646 1362 1701 nt
1380 1645 1455 1701 sunt
1476 1639 1695 1722 loquacitates,

142 1755 229 1810 rum,
255 1744 364 1799 contra
392 1744 589 1819 preceptum
614 1737 674 1800 hoo
702 1744 810 1818 agunt,
836 1739 892 1820 qni
948 1738 1218 1812 cachinnationes,
1238 1737 1495 1810 comessationes,
1519 1737 1697 1819 potationes

143 1842 278 1916 urgente
312 1835 549 1898 necessitudine
577 1836 694 1918 aliqua,
726 1837 891 1918 sortilegos
908 1839 932 1902 B
948 1837 1174 1911 immoderate,
1191 1837 1314 1901 choree
1333 1845 1366 1899 et
1385 1836 1451 1898 ludi
1472 1836 1528 1918 qui
1547 1835 1633 1898 liunt
1647 1837 1696 1898 in-

142 1933 317 1997 consulnnt
345 1941 400 1996 aut
428 1934 632 2008 divinatores,
659 1942 691 1996 et
715 1935 770 2017 qui
801 1941 893 1996 utun·
948 1936 1089 1998 tentione
1119 1935 1275 2009 lucrandi,
1306 1942 1401 2017 atque
1431 1941 1611 1997 contractus
1641 1935 1696 2017 qui

137 2041 197 2094 tur
221 2032 324 2116 pomis
351 2033 526 2114 inscriptis,
549 2041 604 2096 aut
627 2033 780 2096 brevibus
804 2033 894 2097 char·
947 2041 1078 2116 possent
1100 2031 1243 2112 dillerri3
1259 2033 1314 2095 sed
1336 2040 1368 2094 et
1389 2030 1520 2094 barbam
1540 2040 1596 2094 aut
1614 2031 1696 2113 pilos

140 2131 220 2193 tulis
248 2148 304 2192 seu
333 2131 494 2193 schedulis
523 2131 605 2195 collo
634 2132 809 2213 suspensis,
839 2139 894 2194 aut
948 2141 1025 2194 tunc
1045 2132 1166 2206 radere,
1188 2138 1298 2195 contra
1322 2130 1468 2193 divinum
1492 2137 1594 2192 exstat
1617 2148 1696 2212 pre·

142 2228 393 2304 characteribus,
410 2229 461 2292 vel
485 2229 556 2292 aliis
581 2229 780 2312 quibuslibet
802 2229 893 2293 vanis
949 2238 1088 2312 ceptum.

141 2327 398 2401 credulitatibus,
410 2328 500 2410 quasi
517 2329 600 2390 Deus
615 2345 678 2390 non
694 2327 735 2390 sit
749 2329 825 2390 satis
841 2328 894 2390 bo
988 2329 1140 2402 Quartum
1166 2335 1362 2410 preceptum
1387 2333 1445 2400 est,
1465 2327 1621 2390 honorare
1645 2345 1698 2409 pa-

142 2446 217 2500 nus,
234 2433 348 2509 potens
368 2443 405 2488 ac
428 2426 555 2508 sapiens
577 2427 616 2488 ad
636 2425 892 2488 subveniendum
948 2433 1054 2489 rentes
1071 2443 1078 2487 ε
1095 2443 1159 2509 quo
1180 2425 1278 2488 verbo
1296 2425 1450 2506 jubentur
1469 2424 1583 2487 fideles
1600 2423 1699 2487 bono-

142 2526 191 2588 cis
208 2524 385 2586 secundum
401 2525 485 2606 quod
505 2525 594 2586 novit
612 2543 721 2588 eorum
743 2524 837 2588 saluti
856 2544 892 2586 ae
949 2543 1018 2588 rare
1040 2542 1104 2587 non
1124 2525 1230 2587 solnm
1251 2524 1393 2586 carnales
1416 2529 1574 2606 parentes,
1591 2523 1646 2585 sed
1667 2529 1698 2586 et

143 2623 328 2687 necessitati
343 2641 412 2686 esse
428 2623 792 2705 expedienslniirmitas
807 2643 894 2686 nam-
949 2624 1105 2706 prelatos,
1123 2623 1301 2704 magistros,
1323 2629 1354 2684 et
1376 2621 1537 2704 quoslibet
1555 2621 1697 2703 superio·

142 2741 221 2805 que,
237 2729 406 2804 paupertas
431 2729 463 2784 et
491 2721 553 2784 alia
573 2721 738 2784 tribulatio
762 2723 892 2804 queris,
948 2743 999 2786 res
1020 2742 1057 2785 ae
1080 2722 1231 2785 seniores.
1255 2721 1343 2783 Unde
1368 2727 1477 2782 contra
1501 2727 1696 2802 preceptum

144 2819 332 2884 hominibus
348 2838 432 2902 sepe
447 2819 594 2902 perutilis
610 2827 658 2882 est
674 2837 680 2880 :
699 2820 818 2882 ideirco
835 2838 894 2903 pro
948 2823 1008 2884 hoe
1033 2821 1172 2902 graviter
1193 2825 1337 2902 peceant,
1355 2819 1410 2900 qui
1435 2818 1621 2901 parentibus
1642 2825 1698 2881 aut

144 2919 334 2982 liberatione
348 2917 388 2980 ab
404 2919 450 2980 eis
465 2935 529 2980 non
545 2925 617 2980 sunt
632 2918 827 3000 preinducta
841 2927 894 2980 aut
948 2919 1168 3003 superioribus
1188 2917 1255 2980 suis
1278 2915 1538 2980 irrationabiliter
1556 2917 1696 2979 irascun-
1804 2984 1809 2993 ¹

141 3019 209 3080 alia
222 3035 432 3100 quecumque
452 3016 564 3078 illicita
583 3016 770 3099 peragenda.
787 3015 930 3098 AguntC
950 3027 1011 3093 tur,
1043 3017 1259 3099 indignantur,
1289 3015 1485 3078 maledicunt
1513 3023 1569 3078 aut
1596 3014 1696 3078 detra-

142 3117 276 3180 demum
297 3123 407 3178 contra
424 3121 619 3197 preceptum
636 3115 731 3188 istud,
748 3115 804 3196 qui
825 3115 892 3178 loca
947 3117 1037 3178 hunt.
1055 3116 1122 3178 lmo
1142 3123 1174 3177 et
1193 3132 1250 3197 pro
1271 3115 1405 3178 mortuis
1427 3113 1614 3196 parentibus
1634 3113 1696 3175 lilii

142 3234 234 3278 sacra
258 3222 290 3278 et
313 3215 501 3277 Sanctorum
524 3212 676 3294 reliquias
704 3231 768 3276 non
794 3213 892 3276 hono·
948 3233 1037 3278 orare
1060 3214 1172 3276 atalia
1193 3213 1276 3277 bona
1298 3231 1391 3294 agere
1412 3211 1602 3294 obligantur.

142 3321 227 3386 rant,
243 3321 276 3375 et
291 3313 346 3394 qui
367 3311 452 3373 cirea
471 3311 668 3392 propinquos
687 3329 760 3374 suos
776 3319 831 3373 aut
845 3329 892 3374 so·
987 3313 1138 3386 Quintum
1162 3319 1357 3395 preceptum
1379 3317 1437 3384 est,
1454 3309 1521 3373 Non
1541 3309 1692 3374 occides:

141 3412 253 3474 bolem
270 3410 367 3472 nimis
386 3409 556 3472 carnaliter
570 3408 769 3482 alliciuntur,
785 3415 816 3471 et
835 3410 890 3491 qui
947 3428 1011 3493 quo
1030 3411 1135 3474 omnis
1155 3410 1275 3491 injusta
1294 3409 1381 3472 lesio
1399 3427 1436 3470 ac
1456 3408 1609 3471 violentia
1625 3426 1695 3491 pro·

141 3509 346 3593 principibus
368 3515 423 3571 aut
444 3508 516 3570 aliis
535 3507 643 3570 viliter
662 3506 841 3570 adulantur.
946 3509 1085 3582 hibetur,
1111 3508 1177 3572 imo
1200 3514 1233 3570 et
1260 3507 1365 3571 omnis
1389 3506 1535 3568 voluntas
1558 3507 1694 3569 nocendi

184 3609 368 3671 Secundum
384 3615 580 3690 preceptum
595 3613 654 3679 est,
671 3624 734 3669 non
750 3625 830 3668 vane
844 3606 891 3687 ju·
946 3615 1001 3670 aut
1028 3606 1206 3681 occidendi,
1231 3625 1288 3669 seu
1315 3604 1423 3686 aliquo
1452 3605 1546 3666 modo
1576 3603 1695 3684 injuste

141 3726 214 3770 rare
234 3725 291 3788 per
311 3707 411 3769 Deum
429 3724 436 3769 :
454 3706 509 3768 ubi
529 3705 634 3767 omnis
655 3704 765 3766 illicita
783 3705 890 3786 probi·
945 3705 1097 3787 gravandi
1130 3704 1325 3786 proximum.
1361 3701 1553 3765 Gravissima
1586 3709 1692 3763 autem

141 3806 239 3868 betur
251 3805 369 3886 juratio
389 3823 446 3887 per
464 3805 576 3877 Deum,
593 3821 650 3885 per
670 3802 888 3883 Evangelium,
946 3802 1223 3883 transgrediuntur
1242 3799 1421 3874 homicide,
1442 3799 1618 3881 presertim
1639 3799 1694 3881 qui

142 3925 202 3989 per
221 3904 336 3968 Christi
357 3903 587 3966 humanitatem
611 3909 642 3963 et
662 3900 816 3976 membra,
833 3921 890 3984 per
946 3920 985 3963 ex
1014 3901 1177 3982 proposita
1206 3917 1401 3982 quemquam
1431 3897 1592 3970 occidunt,
1619 3897 1694 3978 quia

140 4005 286 4077 Sanctos,
303 4022 359 4066 seu
379 4021 437 4085 per
451 4000 528 4062 alias
548 4007 717 4062 creaturas.
734 4000 890 4082 Deinceps
946 4016 1009 4062 non
1025 3999 1127 4062 solum
1144 4016 1260 4081 corpus
1276 3997 1475 4070 interimunt,
1483 3997 1538 4060 sed
1552 3997 1693 4058 animam

141 4109 254 4164 contra
268 4100 480 4184 perjurantes,
496 4105 528 4160 et
543 4116 600 4179 per
615 4097 730 4160 Christi
747 4097 890 4159 membra
944 4116 1072 4180 quoque
1089 4097 1160 4179 ejus
1175 4116 1270 4179 quem
1288 4095 1461 4178 perimunt,
1471 4102 1596 4158 eterne
1613 4113 1695 4158 mor-

140 4203 355 4264 irreverentcr
382 4200 526 4281 jurantes
555 4216 591 4259 ac
620 4197 888 4278 blasphemante,
905 4201 929 4262 D
945 4198 986 4260 tis
1001 4204 1165 4279 exponunt
1180 4195 1323 4277 periculo
1340 4211 1347 4255 ε
1363 4213 1447 4275 sepe
1462 4193 1580 4255 etenim
1597 4193 1695 4274 impa-

140 4307 268 4363 statute
283 4306 357 4361 sunt
372 4297 457 4378 leges
478 4296 631 4378 punitive
650 4303 715 4357 tam
731 4314 749 4356 a
763 4295 890 4358 secula·
945 4296 1004 4358 rati
1021 4295 1148 4358 suntad
1168 4299 1314 4366 mortem,
1331 4293 1387 4373 qui
1407 4292 1606 4354 occiduntur.
1623 4291 1694 4365 Qui-

140 4401 233 4463 ribus
249 4396 452 4480 principibus
469 4414 562 4477 qnam
579 4414 597 4457 a
614 4394 890 4476 prelatis3estqne
946 4397 1018 4458 dam
1047 4411 1123 4456 vero
1152 4393 1195 4454 ita
1225 4392 1256 4453 in
1288 4392 1447 4454 demones
1477 4389 1694 4453 transformati

140 4498 236 4562 valde
250 4496 423 4560 dolendum
439 4495 524 4576 quod
539 4510 602 4555 non
618 4500 794 4555 servantur.
812 4493 889 4556 Con·
946 4499 1031 4566 sunt,
1054 4499 1089 4554 ut
1112 4508 1170 4573 pro
1194 4489 1341 4571 pecnnia,
1364 4505 1418 4550 eos
1442 4507 1461 4550 a
1484 4487 1603 4570 quibus
1628 4488 1694 4552 lesi

139 4607 192 4660 tra
213 4602 409 4679 preceptum
432 4592 514 4654 istud
537 4589 628 4652 multi
650 4599 839 4654 mercatores
859 4598 890 4653 et
947 4609 1011 4654 non
1033 4597 1107 4652 sunt
1125 4588 1271 4652 occidere
1290 4587 1427 4648 audeant
1444 4603 1450 4648 :
1469 4587 1521 4648 isti
1544 4585 1693 4649 demoni-

141 4699 278 4769 lusores,
288 4691 491 4777 potissimum
507 4689 698 4752 taxillatores
714 4697 746 4752 et
761 4690 889 4764 ebriosi,
947 4689 1147 4770 bus'pejores
1164 4693 1342 4749 censentur.
1361 4685 1475 4748 Contra
1490 4685 1549 4747 hoc
1565 4686 1695 4748 demum

140 4815 230 4878 sepe
245 4791 418 4857 enormiter
433 4795 577 4872 peccant,
590 4807 670 4851 vane
683 4788 838 4868 jurantes,
854 4807 890 4850 ac
947 4793 1082 4871 peccant
1106 4793 1313 4867 preceptum,
1334 4784 1389 4864 qui
1412 4783 1637 4867 quoquomodo
1656 4803 1695 4846 ex

139 4895 392 4979 perjuranteset
406 4888 669 4970 blasphemantes.
680 4887 739 4949 Sed
756 4893 788 4948 et
801 4887 892 4948 redu·
948 4884 1176 4949 commixtione
1206 4882 1266 4944 viri
1295 4889 1326 4944 et
1354 4881 1484 4944 lemine
1516 4881 1697 4962 impediunt

140 4995 230 5058 ctive
251 4998 361 5054 contra
380 4994 574 5071 preceptum
596 4987 655 5048 hoc
676 4993 820 5067 peccant,
836 4985 891 5067 qui
948 4983 1228 5068 prolilicationem,
1246 4989 1300 5044 aut
1314 4980 1494 5043 abortivum
1512 4985 1695 5061 procurant,

141 5099 254 5158 votum
273 5089 424 5170 frangunt
447 5095 479 5149 et
503 5092 661 5148 secretum
680 5085 832 5158 revelant,
859 5085 892 5145 hi
948 5091 980 5146 et
995 5083 1048 5165 qni
1065 5081 1252 5144 discordiam
1268 5080 1350 5141 inter
1365 5078 1441 5140 alios
1457 5077 1700 5151 seminantalio·

140 5209 275 5276 quoque
290 5187 345 5272 qui
362 5185 553 5269 promittunt
571 5191 625 5246 aut
642 5184 751 5264 jurant
769 5182 891 5256 illicita,
950 5200 1055 5243 rumve
1071 5180 1183 5242 lamam
1199 5177 1532 5258 denigrantPostremo
1546 5183 1697 5256 transgre-

141 5309 218 5374 qne
234 5295 265 5351 et
280 5287 305 5350 si
322 5282 622 5367 impleant,gravius
637 5281 890 5364 prevaricantur.
949 5281 1081 5342 diuntur
1100 5283 1296 5360 preceptum
1316 5276 1375 5338 hoc
1395 5273 1568 5337 enormiter
1586 5273 1694 5349 nimis,
