4192 6258
444 478 505 544 598
639 498 787 547 nummos
807 501 873 547 xxrr
893 501 968 548 rosr
986 502 1180 548 muniremur.
1201 521 1242 532 -
1261 503 1304 548 sn
1324 501 1519 566 uucrcrosos;
1541 501 1639 549 surim
1659 503 1793 560 oumrus

444 669 611 751 templatio
626 687 753 754 quoque
768 671 887 746 dilecti,
903 671 973 752 ejus
988 671 1192 735 dilectionem
1208 673 1234 736 A
1248 690 1311 753 que
1335 670 1481 734 fraternae
1505 671 1645 735 caritatis
1665 671 1806 754 quotidie
1819 672 1959 754 gratiosius

445 766 546 828 nutrit
567 775 599 830 et
617 776 719 850 auget.
737 769 859 833 Idcirco
878 769 911 833 in
934 769 990 833 Dei
1012 769 1193 850 cognitione
1247 767 1409 832 abundare
1429 787 1590 833 conemur.

445 871 477 927 ot
500 867 768 949 contemplatione
796 869 946 932 universa
973 868 1058 931 salus
1087 876 1194 931 nostra
1288 869 1442 931 Praeterea
1456 869 1641 931 studeamus
1657 874 1692 929 ut
1706 868 1819 930 caritas
1834 868 1960 932 nostruin

297 975 433 1028 renem,
446 965 601 1040 consistit,
623 967 800 1029 secundum
827 967 907 1029 illud
931 987 937 1030 :
960 967 1032 1031 Haec
1056 974 1105 1030 est
1128 967 1193 1029 vitu
1247 965 1381 1028 aliarum
1397 966 1494 1028 etiam
1509 967 1665 1030 virtutum
1685 966 1808 1028 actibus
1827 975 1909 1049 atque
1923 969 1963 1029 br·

300 1041 319 1081 ³¹
445 1069 573 1136 aeterna,
599 1071 635 1126 ut
663 1073 855 1145 cognoscant
884 1073 914 1128 te
939 1084 1051 1128 verum
1080 1065 1190 1126 Deum.
1248 1063 1369 1126 bilibus
1386 1065 1458 1146 plus
1472 1064 1695 1139 abundet,uon
1711 1065 1876 1128 solumuin
1887 1066 1963 1128 scien

444 1160 518 1223 ldeo
543 1161 575 1223 in
601 1161 651 1225 bis
675 1162 885 1225 divinissimis
909 1163 1045 1238 actibus,
1070 1163 1193 1225 scilicet
1247 1162 1291 1224 tia
1306 1170 1338 1224 et
1352 1162 1385 1225 in
1404 1163 1492 1225 omni
1512 1181 1607 1224 sensu
1622 1184 1652 1238 a,
1674 1164 1734 1225 hoc
1754 1171 1801 1226 est
1820 1163 1963 1244 Scriptura-

443 1258 560 1321 actuali
581 1260 849 1342 contemplatione
870 1261 1104 1343 dilectioneque
1124 1261 1190 1336 Dei,

444 1375 648 1420 exerceamus
673 1376 731 1422 nos
759 1359 845 1440 ipsos
873 1359 1000 1422 assidue
1024 1378 1099 1422 cum
1123 1377 1193 1441 pro·

443 1454 541 1530 fectu,
561 1463 658 1538 atque
680 1457 799 1520 adhoc
822 1457 945 1540 reliqua
964 1457 1115 1520 exercitia
1140 1476 1192 1521 no·

443 1561 508 1616 stra
529 1555 637 1617 omnia
656 1555 849 1618 ordinemus.

483 1653 617 1734 lusuper
638 1655 885 1734 agnoscendum,
908 1655 992 1737 quod
1017 1653 1104 1716 nulla
1128 1652 1191 1716 for·

1247 1279 1318 1322 rum
1333 1259 1496 1324 intellectu
1509 1279 1545 1323 ac
1557 1261 1801 1342 experimentali
1812 1261 1962 1324 diriuomm

1247 1375 1370 1440 sapore,
1380 1367 1412 1420 et
1426 1359 1647 1440 spiritualibus
1663 1359 1810 1422 sensibus
1826 1360 1963 1433 animant

1247 1457 1348 1520 oeulis
1368 1465 1400 1518 et
1418 1457 1551 1519 auribus
1569 1458 1674 1521 cordis
1693 1459 1795 1520 Deum
1813 1457 1963 1520 iutueamur

1247 1574 1282 1618 ac
1304 1555 1483 1630 audiamus,
1500 1556 1555 1618 sed
1578 1556 1655 1619 item
1681 1557 1714 1618 in
1738 1557 1960 1630 mansuetudine,

1246 1654 1410 1736 patientia,
1435 1654 1633 1727 fortitudine,
1659 1655 1874 1738 temperantia,
1894 1655 1962 1736 justi-

444 1770 506 1824 ma,
538 1751 626 1814 nulla
655 1753 757 1815 virtus
788 1761 852 1815 tam
885 1760 1032 1835 prompte
1064 1753 1128 1834 agit
1157 1760 1192 1814 ut
1245 1753 1300 1824 tia,
1318 1752 1443 1834 pietate.
1462 1751 1580 1815 Caritas
1600 1771 1741 1835 namque
1755 1753 1871 1835 patiens
1883 1762 1909 1815 rt
1922 1753 2036 1815 berec

444 1849 568 1923 caritas,
595 1850 687 1930 eujus
712 1857 760 1912 est
784 1859 904 1913 ceteras
928 1851 1062 1913 virtutes
1091 1851 1191 1932 impc-
1206 1850 1230 1913 B
1246 1850 1353 1932 uigna,
1375 1858 1550 1924 mansueta,
1566 1850 1668 1924 fortis,
1689 1851 1806 1924 sobria,
1823 1851 1906 1932 justa,
1924 1834 1985 1933 pia‘¹

443 1948 542 2010 raudo
567 1965 695 2010 movere
725 1955 757 2010 et
781 1949 919 2011 excitare
948 1949 980 2011 in
1010 1957 1126 2010 actum.
1154 1949 1193 2009 Et
1246 1955 1387 2012 vocatur.
1404 1948 1443 2010 Et
1457 1948 1645 2012 enitendum
1659 1957 1708 2012 est
1724 1949 1816 2013 nobis
1830 1958 1862 2012 ut
1874 1950 1962 2011 caritas

444 2046 650 2127 satagendum
678 2054 726 2108 est
755 2046 847 2108 nobis
878 2053 913 2108 ut
942 2047 1055 2108 caritas
1085 2054 1192 2108 nostra
1246 2054 1354 2108 nostra
1377 2046 1519 2129 quotidie
1543 2047 1727 2129 patientior,
1744 2048 1908 2128 benignior,
1921 2049 1964 2108 mi·

444 2144 587 2226 quotidie
611 2144 750 2226 amplius
774 2144 916 2207 abundet
938 2145 971 2207 in
996 2165 1029 2207 se
1057 2145 1136 2227 ipsa,
1157 2153 1192 2206 ut
1246 2146 1319 2220 tior,
1336 2144 1458 2220 fortior,
1474 2147 1714 2228 temperantior,
1735 2147 1848 2226 justior
1869 2146 1964 2207 miscri-

444 2241 567 2304 scilicet
581 2241 707 2304 babitus
723 2243 862 2306 caritatis
878 2251 1031 2324 peractus
1046 2242 1192 2325 proprios

445 2347 477 2402 et
490 2339 625 2402 aliarum
641 2347 730 2402 aetus
745 2341 900 2404 virtutum
919 2342 1019 2422 magis
1034 2341 1193 2404 radicetur

444 2437 637 2520 firmiusque
662 2438 842 2501 stabiliatur
865 2441 898 2502 in
918 2440 1019 2504 nobis.
1041 2439 1193 2514 Quemad-

445 2535 576 2600 modum
599 2537 686 2600 enim
712 2538 826 2600 caritas
845 2547 877 2600 et
898 2539 1031 2601 virtutes
1052 2537 1122 2601 aliae
1141 2537 1193 2600 de·

444 2633 611 2697 bilitantur
625 2643 658 2697 et
671 2637 799 2699 tandem
816 2637 1000 2718 perduntur,
1008 2638 1033 2698 si
1050 2644 1193 2718 tempore

444 2741 624 2815 opportuno
653 2752 716 2796 non
743 2736 915 2816 procedant
939 2736 971 2797 iu
997 2743 1121 2815 actum3
1147 2735 1193 2796 sic

445 2840 564 2913 quanto
582 2830 783 2914 frequentius
806 2833 837 2895 in
862 2852 935 2897 suos
955 2842 1072 2896 exeunt
1091 2841 1191 2906 actus,

444 2937 532 2993 tanto
553 2930 639 2993 inse
661 2931 739 3012 ipsis
762 2929 847 2993 fiunt
867 2933 1056 2995 intensiores
1077 2939 1108 2994 et
1126 2951 1193 2994 am-

1248 2244 1435 2327 cordiorque
1457 2245 1599 2319 exsistat,
1620 2245 1667 2308 sic
1687 2253 1724 2306 ut
1744 2245 1866 2308 caritate
1887 2246 1964 2326 impe·

1248 2350 1337 2405 rante
1359 2361 1396 2405 ac
1418 2351 1577 2415 movente,
1593 2342 1707 2405 barum
1731 2351 1820 2406 actus
1840 2344 1964 2404 vincum

1248 2440 1409 2523 copiosius
1434 2459 1657 2524 exsequamur,
1680 2442 1843 2524 passiones
1866 2441 1964 2523 plenius

1249 2538 1448 2614 refrenando,
1479 2547 1510 2601 et
1539 2548 1628 2602 actus
1657 2539 1797 2603 morales
1824 2539 1965 2622 perfectius

1248 2638 1435 2700 exercendo.
1452 2638 1540 2700 ‘lune
1561 2647 1668 2700 autem
1691 2638 1733 2699 fit
1755 2639 1863 2702 caritas
1883 2646 1966 2700 nostra

1249 2735 1431 2817 patientior,
1460 2735 1578 2810 mitior,
1603 2736 1729 2810 fortior,
1760 2737 1870 2817 justior
1893 2745 1965 2817 atquc

1249 2832 1427 2915 benignior,
1445 2833 1571 2916 quando
1593 2835 1723 2897 caritate
1751 2853 1808 2898 nos
1828 2836 1965 2902 excitante,

1250 2932 1282 2994 in
1299 2933 1368 3014 ipsa
1383 2932 1545 3014 patientia,
1557 2932 1967 3008 mititate,fortitudine,tcm·

446 3028 531 3110 plius
553 3028 762 3102 abundantes
782 3030 930 3111 perfecta
952 3049 988 3092 ac
1011 3031 1137 3104 divites,
1153 3031 1192 3093 ad
1213 3031 1404 3112 Cperantia,
1419 3031 1553 3110 justitia,
1570 3031 1687 3113 pietate
1706 3049 1768 3094 nos
1789 3033 1869 3114 ipsos
1885 3031 1967 3112 copie

445 3124 652 3207 perfectiores
677 3145 804 3210 quoque
826 3146 863 3190 ac
887 3128 1119 3210 frequentiores
1143 3147 1193 3191 ac-

445 3231 497 3286 tus
526 3224 748 3306 producendos
778 3226 877 3307 magis
908 3226 1028 3290 idoneae
1052 3244 1059 3288 :
1083 3227 1193 3308 sieque

445 3322 581 3386 virtutes
604 3331 635 3386 et
654 3332 742 3386 actus
767 3343 877 3386 earum
902 3344 935 3387 se
961 3319 1073 3389 mutuo
1093 3325 1194 3387 nutri·

448 3428 516 3496 unt,
525 3429 651 3503 augent,
662 3422 845 3504 perficiunt.
857 3423 935 3486 Hinc
952 3443 1116 3506 nunquam
1129 3424 1194 3487 otio

448 3527 502 3582 aut
517 3520 718 3601 negligentia
734 3521 839 3584 locum
855 3521 979 3594 demna,
996 3522 1121 3584 nullum
1140 3523 1194 3585 bo-

449 3637 491 3681 rae
506 3625 705 3681 momentum
721 3618 918 3683 infructuose
934 3628 1194 3701 pertranseamus,

451 3717 506 3778 sed
525 3735 745 3779 assuescamus
761 3717 856 3781 corda
875 3725 982 3781 nostra
1001 3737 1128 3800 semper
1142 3719 1194 3783 bo·

451 3813 501 3875 nis
515 3813 640 3876 actibus
655 3834 724 3877 esse
741 3815 1055 3898 iutenta,praesertim
1072 3817 1195 3880 actibus

451 3913 591 3975 caritatis
607 3921 638 3974 et
654 3913 752 3976 latriae
767 3932 803 3976 ac
819 3914 992 3996 sapientiae,
1006 3916 1106 3977 Deum
1122 3933 1196 3977 con-

450 4010 644 4092 templando,
662 4011 829 4086 laudando,
840 4013 959 4076 orando
973 4032 1009 4075 ac
1024 4013 1195 4095 diligendo,

449 4117 481 4172 et
501 4111 668 4191 gaudendo
688 4129 724 4172 ac
747 4111 939 4192 quiescendo
961 4113 994 4173 in
1016 4113 1094 4194 ipso.

1250 3129 1317 3191 sius
1337 3147 1535 3204 exercemus,
1553 3137 1584 3191 et
1603 3130 1716 3192 barum
1735 3131 1883 3193 virtutum
1900 3136 1968 3191 actus

1250 3226 1424 3308 perfectius
1444 3227 1587 3309 quotidie
1606 3227 1761 3291 exhibere
1782 3247 1919 3291 conamur
1930 3227 1969 3287 de

1251 3324 1368 3387 siderio
1390 3325 1530 3386 caritatis
1552 3324 1766 3406 perfectioris,
1782 3325 1840 3390 boc
1859 3333 1900 3388 est
1917 3341 1968 3406 pru

1252 3431 1322 3505 pter
1350 3423 1411 3486 boc
1440 3430 1475 3485 ut
1505 3424 1537 3485 in
1567 3424 1696 3486 caritate
1726 3432 1761 3487 et
1785 3425 1852 3505 ejus
1878 3422 1968 3486 elicitis

1251 3520 1375 3583 actibus
1400 3519 1606 3602 perfectiores
1631 3521 1806 3585 reddamur
1829 3539 1835 3584 :
1859 3521 1923 3604 quia
1940 3518 1968 3580 ad

1252 3617 1391 3680 caritatis
1417 3617 1556 3692 culmen,
1577 3617 1752 3700 puritatem
1778 3627 1810 3681 et
1832 3616 1969 3700 perfectio

1252 3734 1326 3778 nem
1346 3715 1527 3796 pertingere
1543 3733 1606 3778 non
1621 3717 1781 3792 valemus,
1798 3717 1856 3780 nisi
1873 3716 1902 3778 iu
1915 3731 1970 3776 sera

1251 3813 1416 3895 patientia,
1438 3813 1692 3888 mausuetudine,
1708 3816 1918 3898 temperantia,
1933 3813 1970 3892 ju-

1252 3910 1349 3984 stitia,
1370 3911 1497 3994 pietate,
1521 3909 1708 3974 fortitudine
1733 3914 1903 3978 eminenter
1921 3929 1970 3974 crc-

1252 4028 1390 4083 scamus,
1406 4017 1500 4092 atquc
1522 4028 1580 4091 per
1601 4027 1653 4072 eas
1675 4013 1862 4093 passionum
1881 4009 1970 4073 inordi-

1252 4109 1395 4172 nationes
1414 4107 1456 4171 ‘ac
1480 4107 1621 4191 impetus
1645 4108 1857 4184 refrenemus,
1877 4129 1911 4172 uc
1929 4127 1970 4190 per

489 4207 646 4290 Amplius,
658 4208 839 4273 laboremus
854 4218 889 4271 ut
903 4211 1016 4273 caritas
1031 4219 1138 4274 nostra
1152 4231 1197 4274 as·
1212 4215 1237 4276 D
1252 4227 1315 4282 eas,
1337 4208 1397 4270 boc
1419 4213 1467 4270 est
1490 4226 1548 4289 per
1572 4207 1663 4283 iram,
1685 4208 1919 4291 impatientiam,
1933 4206 1970 4266 tri-

449 4307 540 4370 sidue
556 4307 656 4388 magis
671 4306 812 4370 abundet
832 4308 864 4369 in
884 4308 1008 4370 actibus
1027 4310 1093 4372 suis
1108 4310 1197 4372 elici-

450 4406 502 4480 tis,
519 4405 574 4487 qui
590 4405 713 4467 scilicet
729 4404 848 4468 directe
868 4413 899 4468 et
914 4405 1054 4469 elicitive
1068 4425 1195 4489 progre-

450 4502 581 4566 diuntur
592 4523 630 4566 ex
643 4523 688 4578 ea,
696 4513 731 4566 ut
742 4512 817 4565 sunt
829 4505 929 4566 Deum
944 4503 1083 4586 diligere,
1092 4505 1195 4588 ipsum

450 4601 640 4676 desiderare,
662 4602 692 4664 ei
718 4602 883 4677 iubaerere,
910 4603 979 4685 ipso
1003 4603 1077 4679 frui,
1101 4605 1134 4666 in
1158 4623 1195 4668 eo

450 4699 615 4782 quiescere
630 4707 661 4762 et
675 4701 824 4781 gaudere,
835 4700 904 4781 ejus
920 4701 1108 4764 beatitudini
1124 4721 1196 4766 eon-

448 4797 609 4880 gratulari.
626 4797 747 4861 Idcirco
765 4799 798 4860 iu
818 4799 967 4861 omnibus
985 4799 1109 4862 actibus
1126 4799 1195 4864 istis

448 4905 626 4978 satagamus
647 4896 789 4978 quotidie
809 4897 935 4979 plenius
960 4897 1133 4972 abundare,
1155 4901 1194 4962 ad

449 4997 549 5059 Deum
566 4994 740 5058 ferventius
756 4995 929 5077 adspirare,
947 4995 1053 5077 ipsum
1073 5014 1194 5060 amoro·

448 5096 514 5158 sius
531 5094 563 5156 in
579 5094 674 5156 corde
695 5093 922 5174 constringere,
940 5094 971 5156 in
992 5113 1029 5158 eo
1048 5094 1195 5157 stabilius

448 5191 739 5276 tranquillari‚ejus
752 5192 916 5256 immensae
930 5193 1075 5256 felicitati
1091 5200 1123 5256 ct
1134 5194 1196 5274 glo·

449 5293 503 5356 riae
518 5291 688 5355 cordialius
703 5293 911 5370 congaudere,
929 5291 961 5354 in
978 5291 1102 5355 actibus
1118 5311 1194 5374 quo-

1251 4307 1382 4382 stitiam,
1406 4306 1527 4387 gulam,
1552 4307 1775 4389 cupiditatem,
1800 4305 1970 4388 injustitiam,

1252 4405 1483 4481 crudelitatem,
1495 4406 1656 4480 timorem,
1667 4405 1874 4489 voluptatem,
1883 4405 1971 4466 caritas

1251 4505 1471 4587 exstinguatur
1485 4513 1540 4567 aut
1555 4506 1718 4567 minuatur
1734 4506 1770 4567 in
1790 4505 1886 4568 nobis.
1900 4502 1971 4576 Ouid·

1251 4602 1329 4685 quid
1351 4604 1437 4665 euim
1459 4602 1599 4666 caritatis
1622 4603 1851 4666 minorativum
1872 4609 1919 4664 aut
1935 4617 1973 4660 ex·

1251 4701 1438 4763 stinctivum
1468 4708 1526 4775 cst,
1553 4709 1707 4782 tanquam
1736 4701 1875 4764 maxima
1900 4715 1973 4761 uocu-

1251 4805 1358 4861 menta
1374 4797 1604 4881 infernaliaque
1619 4817 1744 4862 venena
1759 4817 1818 4862 nos
1833 4799 1973 4861 abhorrere

1251 4908 1282 4962 et
1296 4899 1395 4962 vitare
1411 4906 1545 4981 oportet,
1557 4899 1709 4962 videlicet
1722 4917 1819 4962 omne
1834 4905 1974 4982 peccatum

1251 5015 1314 5060 uon
1340 4997 1444 5061 solum
1468 4997 1612 5072 mortale,
1629 5016 1693 5080 quo
1715 4998 1921 5080 exstinguitur
1940 5013 1975 5055 cu-

1251 5096 1338 5171 ritas,
1364 5097 1420 5158 scd
1449 5097 1546 5158 etiam
1571 5096 1707 5171 veniale,
1733 5115 1800 5180 quo
1826 5097 1976 5159 minoratur

1251 5201 1283 5257 et
1298 5194 1404 5257 fervor
1418 5195 1536 5256 amoris
1553 5195 1663 5257 deifici
1679 5195 1863 5278 impeditur.
1878 5193 1975 5257 ldcirro

1251 5301 1282 5356 et
1302 5293 1473 5357 exteriores
1496 5312 1608 5357 sensus
1627 5295 1790 5358 custodire
1809 5301 1933 5378 oportet,
1946 5309 1975 5352 m
