4192 6258
425 485 486 550 558
635 502 783 551 uoutulcn
803 503 845 550 XX
866 501 939 549 POST
959 499 1153 548 tumultuat.
1176 518 1216 529 -
1237 501 1278 546 AD
1299 500 1493 563 RELlGlOSOS;
1514 500 1613 548 Sfflo
1633 501 1772 558 QUARTUS

871 870 985 952 AD
1033 869 1533 953 RELIGIOSOS

979 1327 1153 1415 SERMO
1192 1327 1434 1429 QUARTUS

717 1579 756 1626 DF
778 1577 977 1626 DISGREFIONF
998 1577 1036 1623 ΕΤ
1056 1575 1234 1624 vtutunrvrta
1254 1575 1366 1622 MENTIS
1388 1575 1507 1623 SEHPFF
1527 1577 1685 1624 mennon.

495 1843 656 1906 IDFTF
684 1842 839 1920 quomodo
869 1847 963 1898 caute
992 1837 1174 1898 ambuletis.
1193 1834 1322 1899 Atellat
1340 1837 1519 1920 opinione
1537 1837 1678 1920 decipiat
1699 1855 1806 1900 sermo
1821 1847 1965 1915 versutus,

510 1940 624 2023 Ephes.
642 1959 673 2014 v,
691 1937 738 2000 lo.
1233 1954 1273 1998 ne
1288 1937 1372 2017 quod
1388 1936 1509 1999 bonum
1525 1944 1583 2010 est,
1601 1937 1722 1999 malum
1737 1956 1808 2000 esse
1823 1939 1966 2011 credatur,

469 2039 580 2102 Cautio
603 2039 643 2100 ad
667 2035 870 2119 prudentiam
901 2035 1049 2116 pertinet,
1074 2040 1107 2095 et
1130 2038 1178 2094 est
1232 2041 1287 2095 aut
1302 2051 1483 2098 econverso.
1500 2034 1657 2099 Discretio
1677 2036 1800 2119 quippe
1816 2037 1900 2099 omni
1914 2037 1967 2098 rir-

428 2138 534 2202 cautio
555 2135 738 2219 prospectio
756 2153 793 2197 ac
814 2133 980 2214 diligentia
1001 2131 1119 2194 mentis
1138 2131 1178 2193 ad
1232 2132 1292 2195 tuti
1315 2133 1459 2196 ordinem
1482 2135 1589 2208 tradit,
1605 2135 1738 2197 modum
1761 2135 1908 2216 preligit,
1921 2135 1968 2196 lir-

428 2235 595 2299 vitandum
620 2233 771 2316 pericula.
794 2232 897 2306 Quum
920 2247 994 2312 ergo
1016 2230 1049 2292 in
1072 2229 1178 2292 medio
1233 2231 1376 2294 mitatem
1397 2231 1737 2316 pulchritudinemque
1753 2233 1900 2314 largitur3
1917 2253 1969 2298 nec

427 2335 616 2416 laqueorum
641 2349 818 2404 versemur,
839 2337 934 2411 atque
960 2327 1177 2391 innumerabi-
1232 2328 1336 2391 solum
1355 2337 1404 2391 est
1417 2329 1530 2404 virtus,
1547 2331 1603 2392 sed
1622 2338 1655 2392 et
1671 2331 1866 2394 moderatrix
1880 2331 1969 2394 virtu-

428 2433 509 2497 lium
536 2429 748 2494 invisibilium
773 2429 925 2500 hostium,
946 2427 1034 2490 omni
1057 2425 1177 2489 callidi·
1232 2433 1311 2501 tum,
1341 2427 1516 2490 ordinatrix
1544 2426 1733 2503 affectuum,
1762 2429 1885 2492 doctrix
1912 2447 1969 2492 mo

427 2539 502 2605 tate,
520 2528 717 2602 crudelitate,
733 2526 941 2610 experientia,
952 2525 1064 2607 grandi
1080 2524 1177 2587 eliam
1232 2545 1304 2588 rum
1322 2544 1328 2588 :
1345 2546 1409 2609 qua
1430 2526 1564 2602 sublata,
1581 2528 1683 2590 virtus
1698 2528 1835 2591 vertitur
1855 2529 1889 2592 in
1907 2548 1968 2612 pec-

428 2628 618 2693 fortitudine
637 2627 881 2699 abundantium,
898 2623 1178 2687 multitudinecir·
1233 2631 1349 2686 catum.
1381 2625 1506 2688 Etenim
1537 2625 1565 2688 si
1594 2626 1678 2688 adsit
1708 2627 1805 2690 timor
1836 2635 1868 2690 et
1897 2629 1969 2690 desit

331 2784 336 2796 .
362 2765 412 2804 svn,
429 2727 673 2800 eumvallemur,
683 2725 738 2807 qui
754 2742 811 2787 nos
826 2723 1026 2785 circumdant
1040 2728 1075 2784 ut
1089 2739 1177 2804 apes,
1232 2723 1393 2800 discretio,
1418 2724 1553 2786 vertitur
1582 2725 1616 2787 in
1645 2725 1920 2808 desperationem3
1946 2727 1970 2788 si

309 2847 314 2859 ·
429 2835 461 2891 et
484 2833 594 2889 contra
617 2843 675 2888 uos
700 2824 911 2886 exardescunt
932 2821 1017 2884 sicut
1037 2819 1120 2901 ignis
1145 2819 1177 2880 in
1232 2823 1332 2896 dolor,
1352 2822 1466 2885 transit
1486 2823 1520 2885 in
1545 2823 1808 2904 amaritudinem3
1830 2825 1858 2887 si
1879 2843 1968 2900 amor,

429 2926 543 3009 spinis,
566 2931 689 2989 certum
715 2930 763 2985 est
787 2921 872 3004 quod
900 2919 1081 2982 incessabili
1106 2937 1179 2980 cau·
1233 2921 1266 2982 in
1288 2921 1533 3000 desolationem;
1554 2921 1580 2983 si
1603 2941 1687 3003 spes,
1705 2922 1738 2984 in
1762 2924 1969 3006 presumptio

428 3025 515 3088 tione
533 3024 734 3104 indigeamus
752 3018 953 3102 :presertim
973 3036 1074 3099 quum
1096 3012 1215 3098 peri-B
1233 3037 1323 3098 nem;
1344 3019 1371 3080 si
1393 3018 1510 3093 letitia,
1534 3018 1565 3080 in
1587 3019 1851 3101 dissolutionem;
1873 3022 1899 3084 si
1919 3022 1967 3094 ira,

428 3122 500 3185 cula
515 3121 607 3185 uobis
623 3119 836 3192 imminentia,
852 3117 916 3179 siut
935 3116 974 3178 de
995 3114 1177 3177 irremedia·
1233 3116 1266 3178 in
1287 3115 1437 3180 furorem.
1455 3117 1650 3200 Frequenter
1672 3136 1800 3202 quoque
1826 3120 1969 3201 contingit

428 3216 873 3301 bilibus,incomparabilibus
888 3222 919 3278 et
936 3211 1178 3276 interminabili·
1231 3215 1316 3298 quod
1337 3215 1414 3277 dum
1436 3215 1521 3278 actui
1541 3217 1685 3280 virtuoso
1707 3217 1913 3281 immoderate
1930 3219 1969 3279 in·

428 3319 488 3382 bus
503 3317 718 3399 malis,utpote
733 3317 772 3379 de
786 3313 957 3376 amissione
972 3311 1178 3376 beatitudinis
1232 3314 1364 3388 sistitur,
1381 3313 1419 3375 lit
1439 3314 1572 3377 vitiosus
1592 3333 1628 3378 ac
1648 3316 1814 3398 perditur3
1831 3317 1858 3380 si
1873 3325 1967 3379 aulem

429 3435 564 3480 summe
586 3435 622 3478 ac
644 3414 858 3496 sempiterne,
880 3419 912 3475 et
933 3413 972 3475 de
995 3411 1177 3474 incursione
1231 3413 1367 3474 discrete
1389 3411 1652 3494 interrumpatur,
1669 3413 1830 3477 salubrius
1855 3432 1968 3478 conser-

428 3513 642 3578 damnationis
666 3519 828 3595 perpetue
847 3519 879 3573 et
898 3517 1057 3573 extreme.
1075 3509 1099 3572 0
1119 3509 1178 3571 uti·
1230 3517 1332 3574 vatur.
1349 3510 1427 3584 Imo,
1439 3517 1474 3572 ut
1487 3510 1532 3572 ait
1547 3511 1686 3575 Isidorus
1703 3529 1711 3574 ι
1728 3513 1887 3595 Quidquid
1901 3512 1966 3575 boui

428 3631 503 3674 uam
516 3611 584 3674 hee
599 3617 746 3693 saperent
758 3609 850 3672 nobis
866 3609 972 3671 taliter
986 3615 1022 3670 ut
1035 3613 1174 3690 oportet:
1231 3609 1300 3672 sine
1315 3608 1508 3672 discretione
1527 3608 1655 3685 leceris,
1671 3611 1789 3674 vitium
1807 3619 1873 3692 est;
1888 3611 1967 3694 quid·

429 3718 506 3793 puto
524 3710 609 3792 quod
630 3726 795 3791 nunquam
814 3707 972 3782 dissoluti,
989 3704 1174 3780 intimorati‚
1231 3708 1308 3790 quid
1328 3725 1401 3770 cum
1424 3707 1628 3782 discretione,
1644 3709 1758 3772 virtus.

428 3807 521 3872 otiosi
543 3825 694 3870 essemus.
1271 3806 1497 3869 Verumtamen
1513 3805 1546 3868 iu
1561 3805 1612 3868 his
1633 3807 1728 3869 multi
1745 3808 1885 3889 religiosi
1903 3815 1967 3870 sunt

469 3907 563 3970 Porro
579 3906 638 3968 hoc
656 3905 736 3980 loeo,
753 3923 810 3987 per
825 3904 1006 3968 cautionem
1026 3902 1176 3966 discretio
1230 3904 1321 3968 valde
1351 3896 1539 3978 defectuosi,
1565 3905 1620 3986 qui
1649 3923 1735 3987 sepe
1763 3906 1862 3968 alicui
1889 3904 1965 3988 operi

431 4011 535 4088 potest
560 4001 707 4083 intelligi,
732 4021 803 4085 que
826 4002 914 4065 omni
939 3999 1096 4084 prolicere
1121 4019 1176 4062 cu·
1230 4001 1380 4065 exteriori
1401 4007 1489 4064 tanto
1512 4002 1664 4065 insistunt
1687 4001 1824 4078 fervore,
1847 4004 1965 4066 utboni

428 4103 530 4187 pienti
554 4101 758 4185 potissimum
783 4100 962 4164 necessaria
983 4107 1094 4174 exstat,
1111 4117 1174 4162 nou
1230 4100 1330 4163 divini
1353 4098 1462 4162 Ollicii
1488 4099 1679 4162 imminente
1699 4108 1755 4164 aut
1776 4102 1873 4164 etiam
1896 4100 1966 4165 desi·

429 4203 534 4266 solum
544 4210 580 4263 ut
595 4201 677 4263 mala
691 4199 831 4262 vitentur
852 4199 998 4281 bonaque
1012 4197 1103 4273 liant,
1120 4198 1175 4260 sed
1190 4199 1212 4264 C
1228 4206 1323 4280 gnata
1342 4197 1394 4261 vix
1414 4205 1534 4280 queant
1550 4198 1656 4274 avelli,
1673 4207 1804 4282 tamque
1824 4200 1965 4264 immede

429 4303 506 4366 item
522 4309 557 4363 ut
572 4300 687 4363 horum
706 4307 878 4381 utrumque
897 4297 955 4359 liat
973 4297 1176 4380 compendio
1229 4305 1296 4360 reto
1310 4296 1430 4360 aflectu
1445 4305 1683 4379 prosequuntur
1698 4316 1779 4381 opus
1800 4299 1962 4382 inceptum,

429 4420 473 4476 se,
490 4408 523 4463 et
536 4405 570 4462 ut
585 4399 732 4461 celeriter
752 4397 890 4459 multum
909 4395 1128 4478 proficiamus,
1145 4404 1177 4459 et
1230 4403 1265 4458 ut
1284 4414 1302 4458 a
1321 4394 1480 4478 spirituali
1505 4395 1657 4458 exercitio
1680 4414 1718 4458 ac
1742 4397 1887 4479 profectu
1909 4413 1962 4460 nou

429 4501 468 4562 ad
484 4498 714 4581 perlectionem
734 4496 952 4579 pertingamus
967 4495 1129 4558 velocius:
1142 4501 1177 4556 ut
1230 4493 1433 4558 mediocriter
1449 4493 1665 4575 impediantur
1681 4514 1689 4559 :
1706 4496 1963 4578 quemadmodum

429 4595 792 4661 scilieetiuomniactu
808 4593 1177 4668 virtutis,modum,tem·
1230 4593 1342 4656 recitat
1372 4592 1540 4655 Cassianus
1570 4593 1610 4654 de
1640 4594 1747 4657 Fratre
1778 4597 1834 4678 qui
1864 4613 1963 4660 saxum

430 4716 501 4779 pus,
529 4696 645 4768 locum,
671 4701 789 4756 rectam
819 4693 1040 4766 intentionem,
1064 4691 1177 4774 jugem
1230 4692 1390 4775 quoddam
1410 4691 1536 4755 volebat
1558 4690 1665 4756 lorsan
1686 4693 1829 4757 dividere
1850 4705 1902 4758 aut
1919 4693 1964 4756 ali·

430 4794 607 4858 custodiam
626 4791 845 4866 observemus,
862 4798 990 4873 totaque
1011 4790 1177 4873 diligentia
1230 4799 1278 4854 ter
1306 4790 1368 4852 sibi
1392 4797 1512 4872 aptare,
1538 4798 1633 4873 atque
1658 4799 1723 4855 tam
1748 4794 1864 4856 acriter
1892 4792 1964 4854 labo

429 4895 461 4957 id
482 4892 657 4975 adimplere
678 4908 831 4955 conemur
852 4891 1085 4972 propterquod
1105 4892 1177 4954 reli·
1230 4891 1321 4964 ravit,
1347 4889 1430 4972 quod
1455 4890 1552 4952 sudor
1575 4891 1646 4971 ejus
1672 4892 1788 4974 erupit.
1815 4892 1854 4954 Et
1876 4911 1964 4975 quum

427 4993 555 5075 gionem
580 5009 691 5054 sumus
716 4989 860 5071 ingressi.
877 4989 956 5050 Hinc
978 4991 1022 5051 ait
1045 4988 1176 5052 Bernar·
1230 4989 1397 5073 paululum
1422 4989 1619 5070 respirasset,
1646 5008 1720 5053 mex
1745 4991 1843 5073 coepit
1865 5009 1964 5053 rursus

428 5094 488 5156 dus
515 5109 522 5154 :
548 5092 582 5154 ln
608 5091 732 5154 cunctis
761 5089 853 5152 nobis
883 5107 1010 5171 semper
1039 5109 1175 5172 preesse
1230 5096 1406 5172 pereutere.
1439 5087 1675 5170 Superveniens
1705 5097 1813 5152 autem
1844 5091 1963 5172 quidam

429 5191 524 5255 debet
546 5189 707 5264 discretio,
733 5195 765 5250 et
788 5205 846 5250 suo
869 5188 1086 5252 moderamine
1112 5189 1175 5253 sin·
1229 5189 1367 5262 Petrum,
1383 5186 1464 5249 vidit
1479 5186 1642 5250 diabolum
1663 5187 1697 5250 iu
1715 5188 1824 5270 specie
1838 5188 1964 5271 quadam

429 5289 518 5373 gulas
533 5289 714 5352 discernere
728 5287 918 5362 voluntates,
935 5305 975 5350 ne
990 5287 1175 5352 verisimilis
1229 5288 1369 5350 humana
1392 5304 1430 5348 ex
1455 5284 1602 5367 opposito
1628 5286 1745 5349 Fratris
1768 5295 1915 5361 stantem,
1937 5293 1963 5348 et
