4288 6264
411 485 452 550 22

666 505 814 554 boutema
837 507 867 553 tv
889 507 961 554 eost
982 504 1112 553 PASCUA.
1133 524 1173 534 -
1194 506 1237 552 AD
1257 506 1452 570 uut1o10s083
1476 507 1575 554 sunno
1596 507 1708 554 SEXTUS

411 684 482 741 cato
497 679 582 761 quod
603 679 831 742 committendo
846 686 900 741 aut
920 677 1094 741 omittendo
1112 677 1158 738 in·
1173 676 1199 738 A
1217 677 1251 738 in
1266 677 1358 740 nobis
1373 677 1548 760 spiritualis
1564 678 1680 752 fervor,
1697 685 1806 740 sancta
1824 679 1960 753 devotio,

411 783 626 850 curreruntet
640 777 680 839 de
693 776 816 857 justitia
830 797 925 859 quam
941 777 1045 839 facere
1058 775 1161 856 negle-

411 883 537 950 xerunt,
554 876 585 937 id
605 884 654 937 est
672 876 712 938 de
731 883 915 958 contemptu
936 883 967 938 et
985 875 1158 938 omissione

409 981 506 1056 atque
529 975 567 1036 de
589 973 669 1036 falsa
692 974 821 1036 atficta
843 993 953 1036 eorum
977 974 1111 1055 justitia,
1128 981 1159 1034 et

410 1075 449 1137 de
463 1073 585 1154 judicio
600 1091 711 1136 eorum
730 1074 910 1147 temerario,
928 1081 1158 1155 presumptuo-

409 1190 455 1246 so,
472 1173 643 1251 mendoso;
659 1173 704 1234 sic
721 1172 858 1254 Spiritus
873 1172 1017 1245 Sanctus,
1035 1172 1089 1253 qui
1105 1191 1158 1233 ve·

408 1290 462 1333 rus
482 1278 532 1333 est
555 1271 649 1345 Deus,
668 1290 767 1352 quum
792 1269 1008 1353 spiritualium
1032 1278 1158 1352 patrum

408 1369 566 1450 religiosis
581 1369 946 1451 praesidentiumzelum
963 1368 1018 1430 Dei
1035 1368 1158 1430 sincere

408 1466 608 1538 habentium,
625 1465 807 1547 impleverit
822 1466 926 1540 corda,
946 1483 1017 1527 mox
1034 1484 1090 1547 per
1105 1482 1158 1528 eos

409 1564 554 1646 increpat
569 1563 691 1625 Fratres
708 1563 914 1644 negligentes
931 1563 1083 1637 carnales
1096 1563 1158 1625 dis-

410 1662 540 1736 solutos,
557 1661 596 1724 de
613 1678 722 1724 eorum
744 1661 892 1742 peccatis.
910 1661 967 1734 Qut
984 1679 1046 1722 non
1068 1679 1158 1742 regu·

352 1807 357 1819 .
390 1760 518 1828 ,laritcr
538 1767 777 1832 conversantur,
794 1778 853 1821 nec
874 1759 1083 1822 inveniuntur
1097 1759 1156 1820 sol·

410 1858 490 1922 liciti
506 1877 632 1921 servare
653 1858 807 1920 unitatem
828 1858 921 1939 spirit
924 1879 959 1919 us
975 1859 1008 1920 in
1027 1858 1157 1920 vinculo
1175 1855 1197 1916 B
1214 1874 1295 1930 mus,
1313 1863 1344 1916 et
1368 1855 1505 1938 quilibet
1493 1855 1704 1918 tefficaciter
1728 1877 1762 1919 se
1786 1858 1958 1920 emendet:

268 2754 313 2798 lar.
324 2768 393 2807 xtvur,

261 2820 294 2860 to.

361 1957 508 2039 ..pacis
532 1975 592 2019 nec
616 1963 763 2036 satagunt
787 1956 881 2036 digne
906 1957 969 2018 Deo
993 1956 1157 2018 ambulare

407 2055 497 2136 juxta
523 2074 588 2117 suaa
612 2053 803 2133 exigentiam
831 2055 1013 2116 vocationis.
1041 2055 1131 2127 Qui
1123 2075 1156 2116 1n

407 2153 526 2215 divinis
561 2159 635 2214 sunt
667 2151 869 2223 somnolenti,
901 2151 993 2232 pigri,
1025 2151 1156 2213 vocibus

408 2251 475 2312 suis
491 2257 714 2332 pertentasse
730 2249 814 2329 ipsos
831 2249 1006 2331 palpantes,
1020 2250 1052 2311 in
1067 2268 1158 2330 ange·

409 2349 513 2410 lorum
540 2346 719 2428 praesentia,
742 2346 774 2407 in
796 2354 971 2408 conventus
991 2348 1155 2429 adspectu,

409 2445 475 2507 imo
490 2444 522 2505 in
542 2443 660 2506 divinae
679 2451 710 2505 et
730 2462 863 2505 summae
882 2443 1055 2524 majestatis
1076 2444 1157 2506 intu-

408 2543 456 2605 itu
486 2561 519 2606 se
545 2542 767 2614 irreverenter,
793 2541 985 2617 intimorate,
1009 2544 1156 2605 indevote

408 2639 571 2702 habentes,
599 2640 657 2713 Qui
687 2640 808 2700 utinam
839 2639 898 2700 rite
923 2641 1157 2721 perpenderent

409 2738 489 2801 illud
514 2737 739 2820 propheticum
764 2755 770 2798 :
792 2736 976 2799 Maledictus
1001 2738 1056 2819 qui
1082 2739 1158 2800 facit

406 2854 488 2918 opus
509 2836 563 2898 Dei
587 2835 793 2917 negligenter.

451 2935 694 2998 Consideremus
716 2953 812 3015 quam
835 2933 960 2996 attoniti
982 2940 1014 2996 et
1033 2936 1156 3008 attenti,

1215 775 1379 856 vigilantia
1395 776 1712 851 cordis‚confidentia
1727 776 1826 838 divini
1839 776 1960 850 auxilii,

1215 873 1434 954 experiremur
1455 893 1551 956 quam
1573 873 1680 936 facilia
1700 880 1731 936 et
1749 873 1891 955 jucunda
1911 891 1962 936 no

1215 971 1264 1032 bis
1279 971 1468 1034 exsisterent
1484 991 1554 1054 quae
1566 971 1658 1034 nobis
1671 973 1737 1054 jam
1752 973 1963 1054 impossibilia

1214 1069 1415 1131 arbitramur.
1448 1071 1652 1132 Excutiamus
1681 1088 1756 1151 ergo
1789 1078 1959 1152 torporem,

1215 1168 1509 1249 pusillanimitatem
1541 1176 1573 1231 et
1599 1188 1713 1231 vanam
1743 1169 1960 1246 formidinem,

1215 1266 1465 1348 invocemusque
1478 1268 1665 1347 Dominum3
1677 1275 1709 1329 et
1723 1269 1808 1350 quod
1820 1268 1853 1329 in
1870 1268 1961 1332 nobis

1214 1371 1263 1426 est
1286 1364 1452 1437 faciamus
1477 1373 1572 1447 atque
1599 1365 1631 1426 in
1660 1365 1775 1428 ceteris
1805 1365 1961 1447 religiosis

1214 1463 1424 1525 observantiis
1440 1464 1540 1525 simus
1556 1462 1819 1546 ferventeslpsas
1835 1483 1961 1548 quoque

1215 1561 1448 1643 increpationes
1464 1581 1540 1643 quas
1556 1580 1612 1644 per
1627 1563 1732 1625 Patres
1748 1571 1871 1624 nostros
1886 1562 1962 1626 facit

1214 1659 1306 1721 nobis
1331 1659 1468 1741 Spiritus
1493 1661 1637 1735 SanctuS,
1655 1661 1821 1742 patienter,
1837 1669 1961 1742 gratan-

1213 1766 1261 1818 ter
1286 1764 1317 1818 et
1342 1777 1415 1819 cum
1442 1758 1561 1839 ingenti
1585 1759 1782 1821 advertentis
1807 1759 1961 1840 suscipia-

1212 1953 1362 2034 quoniam
1394 1960 1472 2014 teste
1443 1953 1672 2034 tSeriptura,
1699 1954 1757 2028 Qui
1786 1955 1985 2073 acquiescit
1989 1969 2106 2014 emas

1213 2051 1494 2133 increpationibus,
1512 2069 1675 2134 possessor
1696 2061 1744 2115 est
1766 2054 1888 2133 cordis;
1904 2035 1985 2162 qui³
1988 2063 2009 2073 ““

1212 2157 1319 2210 autem
1349 2149 1460 2228 abjicit
1489 2150 1704 2232 disciplinam,
1731 2151 1868 2233 despicit
1895 2152 1960 2213 ani-

1213 2265 1298 2307 mam
1314 2265 1413 2308 suam.
1424 2246 1461 2307 llt
1477 2266 1586 2308 rursus
1603 2247 1634 2308 in
1652 2248 1873 2311 Ecclesiastico
1888 2250 1961 2312 scri·

1213 2352 1303 2426 ptum
1319 2345 1496 2417 est10uam
1513 2345 1632 2407 bonum
1648 2355 1696 2408 est
1709 2366 1853 2428 arguere,
1865 2367 1959 2429 quam
1988 2365 2064 2407 ecca.
2075 2379 2107 2412 u,
2134 2401 2135 2416 ἶ

1213 2443 1323 2504 irascit
1341 2442 1440 2515 Quam
1457 2442 1575 2504 bonum
1593 2451 1641 2504 est
1655 2453 1837 2525 correptum
1860 2446 1959 2507 mani·
1976 2432 2027 2477 ¹³⁴·

1212 2540 1327 2601 festare
1358 2540 1601 2620 paenitentiam!
1629 2541 1681 2603 Sic
1710 2542 1796 2604 enim
1825 2543 1959 2624 effugiet

1213 2644 1390 2719 peccatum.
2134 2691 2135 2734 q

1252 2736 1414 2809 Praeterea,
1431 2737 1582 2817 quoniam
1603 2754 1666 2800 non
1685 2745 1733 2800 est
1752 2738 1848 2803 homo
1863 2759 1959 2822 super
1986 2767 2109 2812 pesas„
2134 2735 2135 2798 l

1212 2841 1329 2895 terram
1352 2834 1407 2915 qui
1431 2833 1527 2895 faciat
1548 2835 1667 2897 bonum
1692 2844 1724 2898 et
1747 2855 1810 2900 non
1837 2847 1957 2920 peccet,
1973 2833 2008 2874 ²¹·

1214 2932 1317 2993 sedin
1333 2932 1442 2993 multis
1458 2932 1653 2996 offendimus
1669 2953 1790 3010 omncs,
1807 2945 1839 2998 et
1853 2937 1958 3018 justus
1972 2963 2080 3006 ramat
2060 2967 2103 3004 ,με
2134 2945 2135 3022 ξ

407 3053 505 3116 quam
526 3033 656 3095 solertes
681 3050 718 3093 ac
741 3040 922 3095 reverentes
943 3039 1027 3094 stant
1051 3050 1158 3094 coram
1177 3030 1199 3093 C
1215 3030 1332 3139 septies
1353 3029 1463 3091 cadit'
1424 3037 1489 3090 trn
1509 3031 1596 3104 die‚'
1588 3049 1653 3093 rme
1672 3032 1828 3097 universae
1844 3044 1997 3130 nostre¹⁶
1973 3027 2045 3068 ΡΜ·
2055 3039 2110 3070 ‘¹¹¹
2134 3065 2135 3086 2

406 3133 535 3213 regibus
550 3129 816 3212 principibusque
830 3131 964 3193 terrenis
980 3148 1089 3192 eorum
1104 3132 1159 3194 mi·

407 3229 498 3293 nistri
515 3237 547 3292 et
562 3229 680 3291 milites
684 3247 797 3309 ,quam
815 3227 972 3310 profunde
988 3229 1155 3305 inclinant,

406 3347 502 3411 quam
528 3335 684 3408 prompte,
712 3326 824 3400 facete,
851 3327 994 3388 ordinate
1019 3327 1157 3390 deservi-

407 3432 475 3498 unt,
492 3443 588 3506 quam
603 3423 760 3484 custodite
774 3431 807 3485 et
821 3432 948 3504 compte
969 3423 1152 3504 loquuntur.

407 3523 561 3596 Quantam
590 3539 665 3601 ergo
696 3520 936 3582 irreverentiam
965 3521 1154 3584 exhibemus

407 3621 482 3693 Deo,
509 3619 644 3682 infinitae
667 3618 863 3680 excellentias
888 3619 965 3698 regi,
992 3637 1091 3699 quum
1122 3620 1153 3682 in

407 3720 477 3800 ejus
491 3719 639 3781 laudibus
654 3725 686 3780 et
700 3716 913 3798 obsequiis,in
927 3726 1021 3778 cantu
1035 3726 1066 3779 et
1078 3720 1155 3800 psal·

407 3818 514 3881 modia
528 3836 563 3879 ac
579 3817 682 3890 lloris,
700 3815 732 3877 in
749 3815 818 3878 loco
835 3823 899 3877 tam
916 3823 1035 3890 sancto,
1053 3817 1085 3879 in
1102 3818 1154 3880 Sa-

407 3915 562 3980 cramenti
583 3913 762 3996 praesentia,
785 3921 849 3975 tam
873 3915 1016 3988 remisse,
1039 3914 1153 3997 frigide

407 4022 439 4078 et
453 4013 700 4095 superficialiter
716 4029 773 4073 nos
788 4011 1072 4087 habemus‚oculos
1088 4033 1154 4076 cor-

406 4113 455 4175 dis
480 4113 519 4173 ad
541 4109 694 4174 Creatoris
714 4109 945 4172 sublimitatem
968 4110 1153 4174 intuendam

1212 3127 1305 3208 J‘ustit
1307 3129 1343 3191 iae
1365 3136 1439 3190 sunt
1464 3129 1554 3209 quasi
1576 3149 1701 3211 pannus
1726 3141 1955 3196 menstruate:
1974 3091 2012 3194 ii.
2022 3165 2081 3200 ue,
2091 3154 2110 3192 s.
2134 3159 2135 3204 ς

1213 3226 1285 3288 ideo
1309 3227 1484 3308 spiritualis
1509 3234 1597 3307 pater
1621 3228 1743 3290 nemini
1768 3239 1887 3312 parcat,
1903 3251 1956 3294 ne·

1214 3324 1334 3386 minem
1357 3325 1481 3406 palpet,
1498 3343 1557 3386 nec
1579 3326 1747 3407 quisquam
1770 3347 1804 3390 se
1823 3329 1956 3412 irrepre-

1212 3422 1402 3484 hensibilem
1418 3423 1599 3496 arbitretur,
1615 3431 1669 3486 aut
1688 3425 1727 3487 dc
1743 3425 1957 3508 increpatione

1212 3539 1269 3582 sua
1287 3520 1487 3601 aliquatenus
1508 3521 1700 3601 indignetur,
1717 3523 1792 3605 quia
1811 3524 1871 3587 hoc
1888 3544 1956 3607 pes-

1212 3619 1329 3680 simum
1346 3626 1438 3690 esset,
1456 3627 1487 3680 et
1507 3637 1627 3699 magnae
1644 3621 1894 3702 imperfectionis
1911 3624 1956 3686 in-

1212 3718 1342 3792 dicium,
1360 3736 1481 3798 magnae
1498 3718 1703 3800 impatientiae
1718 3729 1750 3782 et
1765 3721 1955 3804 insipientia

1211 3817 1349 3897 signum,
1372 3835 1471 3897 quum
1493 3817 1640 3879 Salomon
1663 3827 1882 3898 protestetur:
1904 3823 1955 3884 Ar·
1968 3851 2111 3894 emaus.

1210 3933 1271 3995 gue
1286 3914 1474 3996 sapientem,
1491 3922 1523 3975 et
1537 3913 1647 3994 diliget
1662 3923 1700 3978 te.
1716 3916 1955 3982 Ecclesiasticus

1211 4030 1338 4094 quoque
1363 4012 1479 4074 fatetur
1505 4029 1510 4073 :
1537 4012 1595 4084 Qui
1620 4014 1687 4075 odit
1710 4017 1953 4097 correptionem,
1978 4039 2109 4086 aceram

1211 4111 1380 4192 vestigium
1396 4118 1444 4172 est
1459 4111 1652 4192 peccatoris;
1668 4113 1723 4192 qui
1743 4122 1849 4176 autem
1866 4116 1956 4178 timet
1969 4105 1989 4146 ⁷'

406 4230 443 4272 ac
458 4209 564 4272 debite
580 4209 795 4271 honorandam
811 4225 873 4272 non
890 4209 1151 4286 elevantesfHeu,
1169 4214 1193 4275 D
1211 4210 1322 4282 Deum,
1340 4217 1543 4271 convertetur
1563 4210 1600 4270 ad
1623 4228 1676 4272 cor
1696 4231 1801 4286 suum,
1819 4213 1878 4276 hoc
1897 4223 1954 4288 est,

406 4315 524 4390 quanta
538 4315 587 4369 est
601 4307 660 4368 ista
676 4305 882 4387 perversitas!
894 4306 1004 4368 Nonne
1019 4308 1154 4370 carnalis

408 4407 508 4486 magis
529 4424 625 4487 quarn
651 4403 827 4485 spiritualis
851 4422 940 4465 arnor
961 4404 1101 4467 abundat
1122 4407 1153 4468 in

407 4505 457 4566 his
473 4503 527 4585 qui
545 4504 576 4564 in
594 4501 763 4583 colloquio,
782 4502 813 4562 in
835 4502 1012 4576 refectorio,
1031 4502 1063 4564 in
1083 4524 1154 4586 spa-

408 4604 560 4666 tiamento
575 4600 672 4662 fortes
688 4607 719 4661 et
734 4599 853 4661 alacres
868 4601 994 4662 suntad
1013 4600 1154 4664 fabulan-

407 4702 495 4774 dum,
512 4700 551 4762 ad
571 4698 814 4770 comedendum,
831 4698 870 4759 ad
886 4705 1015 4759 externa
1031 4699 1151 4773 solatia,

405 4799 437 4860 in
451 4797 569 4859 divinis
581 4813 656 4859 vero
668 4815 701 4857 se
714 4794 832 4857 habent
844 4795 934 4876 quasi
948 4804 1053 4857 essent
1067 4797 1156 4859 inun-

405 4897 447 4959 cti
464 4895 639 4967 inlirmi,et
653 4894 781 4976 penitus
796 4893 1005 4975 impotentesf
1021 4895 1154 4956 Videant

404 4995 466 5058 sibi
482 4994 618 5077 qualiter
632 5011 720 5056 suam
733 4999 911 5054 mereantur
925 4994 1154 5056 annonamve-

405 5102 581 5156 rumtamen
596 5092 679 5154 ultra
695 5109 787 5173 posse
803 5092 886 5152 Deus
901 5091 945 5152 nil
963 5091 1079 5171 exigit3
1097 5095 1152 5155 sed

405 5192 504 5253 multa
520 5209 690 5272 possumus
706 5189 738 5250 in
756 5188 952 5250 confortante
972 5206 1028 5250 nos
1048 5190 1151 5253 Domi-

404 5308 455 5364 no,
473 5309 544 5372 quae
558 5289 626 5352 sine
645 5287 746 5370 gratia
766 5306 829 5350 non
849 5287 1002 5349 valemus.
1020 5288 1052 5351 Si
1068 5298 1151 5353 esset

1210 4308 1372 4389 propriam
1394 4307 1609 4388 fragilitatem,
1627 4309 1899 4375 defectuositatem
1926 4321 1956 4376 et

1210 4406 1407 4467 vocationem
1428 4425 1518 4466 suam
1539 4407 1683 4480 attendit,
1700 4427 1759 4469 nec
1782 4409 1955 4491 indignabi-

1210 4511 1261 4564 tur
1285 4503 1480 4584 corripienti,
1508 4504 1561 4565 sed
1588 4505 1704 4584 gratias
1733 4514 1812 4586 aget.
1839 4509 1954 4570 Verum

1210 4610 1283 4663 sunt
1312 4602 1410 4682 aliqui
1440 4621 1502 4664 non
1536 4602 1718 4678 illuminati,
1749 4607 1803 4667 sed
1833 4609 1955 4688 privato

1209 4718 1316 4762 amore
1341 4699 1446 4781 potius
1470 4702 1629 4774 excaecati,
1648 4702 1845 4767 simulatorie
1865 4705 1953 4785 J'usti,

1209 4799 1332 4861 occulte
1361 4798 1502 4878 superbi,
1533 4799 1587 4880 qui
1618 4801 1694 4862 dum
1727 4803 1953 4884 corripiuntur,

1209 4896 1320 4960 volunt
1344 4897 1434 4978 quasi
1464 4898 1615 4960 honorem
1647 4919 1740 4961 suum
1771 4901 1953 4976 defendere,

1208 4994 1283 5076 quia
1315 4995 1346 5055 in
1379 4994 1515 5056 aliorum
1548 4997 1697 5059 cordibus
1727 5007 1878 5061 verentur
1908 5001 1954 5062 vi·

1209 5094 1337 5166 lescere,
1369 5100 1400 5154 et
1428 5092 1603 5156 defectuosi
1631 5114 1667 5157 ac
1697 5098 1955 5179 contemptibiles

1207 5199 1346 5254 renuunt
1369 5212 1522 5274 apparere
1540 5212 1546 5256 :
1564 5195 1674 5276 sicque
1699 5215 1732 5258 se
1755 5197 1840 5278 ipsos
1863 5217 1956 5260 excu-

1206 5297 1286 5364 sant,
1315 5290 1444 5371 jactant,
1468 5291 1658 5370 justificant,
1684 5293 1869 5368 clamorosa,
1896 5295 1954 5356 im-
