4192 6258
340 511 342 516 ·
420 485 481 550 560
636 504 784 552 nonrurca
805 505 846 550 xx
868 503 941 550 rosr
961 501 1154 550 rarurmrau.
1174 520 1215 530 —
1235 503 1277 547 an
1297 500 1491 564 nuururosos3
1513 500 1611 547 seruo
1631 499 1760 556 ournrus

421 673 608 737 affectiones
638 673 817 737 senioribus
847 680 879 734 et
907 671 1167 755 sapientioribus,
1182 672 1208 734 A
1224 672 1444 754 procedamus,
1461 689 1525 733 non
1545 669 1637 752 quasi
1657 667 1861 749 insipientes,
1877 665 1965 727 indis-

422 774 598 855 praesertim
627 771 883 856 praesidentibus,
909 779 1028 834 reserat
1052 770 1169 833 exami-
1223 770 1313 843 creti,
1329 768 1586 851 presumptuosi,
1603 765 1793 838 intimorati,
1811 763 1867 826 sed
1884 763 1966 844 quasi

421 873 535 945 nanda,
553 889 612 933 nec
627 887 685 933 suo
700 869 802 932 credit
819 868 952 949 judicio,
969 869 1024 932 sed
1041 868 1169 930 illorum
1223 867 1379 930 veraciter
1396 867 1568 949 sapientes,
1585 865 1639 928 Dei
1660 863 1785 927 auxilio
1799 863 1916 944 jugiter
1929 863 1966 924 in

422 969 624 1033 instructioni
654 970 813 1032 consentit
838 986 845 1030 :
873 987 931 1050 per
958 968 1045 1051 quod
1072 967 1168 1030 etiam
1223 966 1430 1040 haerentes,et
1445 984 1540 1029 omne
1555 972 1683 1046 tempus
1698 962 1965 1042 fructuosamque

420 1067 601 1131 demonum
618 1067 719 1131 vineit
735 1067 878 1140 insidias,
895 1074 927 1128 et
943 1066 1118 1128 illuminari
1133 1084 1169 1127 ac
1224 1072 1352 1128 strenue
1368 1065 1600 1147 expendentem
1611 1069 1706 1145 atque
1723 1059 1885 1144 preterita
1899 1067 1967 1122 tern-

420 1166 592 1229 eonfortari
618 1173 759 1229 meretur
780 1185 798 1227 a
820 1165 941 1246 Spiritu
965 1165 1088 1227 Sancto.
1110 1165 1170 1226 Ac·
1224 1181 1302 1246 pora
1322 1163 1521 1244 negligenter
1541 1169 1650 1225 exacta
1668 1161 1715 1222 sic
1735 1177 1964 1240 recuperemus,

419 1265 559 1348 quiritur
582 1283 711 1348 quoque
735 1263 885 1326 discretio
909 1282 966 1345 per
990 1263 1169 1324 indesinen-
1224 1280 1260 1323 ae
1278 1262 1381 1324 modis
1400 1260 1559 1343 praetactis
1575 1279 1682 1323 veram
1705 1277 1743 1320 ac
1764 1257 1892 1340 plenam
1912 1256 1965 1318 dis-

419 1372 485 1426 tem
505 1364 681 1426 orationem
697 1381 715 1425 a
730 1363 804 1437 Deo,
822 1363 877 1425 sed
898 1369 929 1424 et
948 1380 1005 1444 per
1026 1361 1169 1424 studium
1224 1360 1400 1423 cretionem
1414 1359 1549 1441 adipisci
1563 1377 1600 1420 ae
1616 1357 1782 1440 possidere
1798 1354 1965 1435 infatigabi-

420 1470 452 1524 et
475 1461 645 1524 lectionem
672 1463 704 1523 in
730 1461 820 1522 libris
844 1461 978 1534 devotis,
996 1461 1028 1522 in
1051 1459 1169 1542 quibus
1224 1458 1296 1520 liter
1311 1458 1504 1531 laboremus,
1519 1458 1684 1539 simusque
1700 1455 1853 1518 custoditi
1867 1455 1963 1526 corde,

420 1561 460 1623 de
481 1560 540 1622 hac
563 1579 597 1621 re
619 1567 801 1622 sanctorum
822 1567 853 1620 et
873 1558 1169 1640 expertissimorum
1223 1575 1278 1620 ore
1302 1566 1334 1620 et
1357 1575 1465 1639 opere,
1486 1575 1594 1630 sensu,
1619 1556 1777 1637 appetitu,
1799 1572 1837 1616 ae
1859 1554 1963 1615 ceteris

420 1660 547 1721 Patrum
562 1658 659 1722 verba
674 1658 795 1739 digesta
810 1665 885 1720 sunt
900 1665 931 1719 et
945 1656 1089 1738 exempla
1104 1657 1170 1738 plu·
1224 1656 1384 1718 omnibus.
1411 1656 1484 1718 Dies
1509 1655 1596 1717 enim
1620 1672 1707 1716 nunc
1731 1652 1872 1715 maxime
1895 1651 1963 1714 mali

420 1759 502 1820 rima
518 1757 656 1820 recitata.
674 1757 762 1820 Unde
778 1763 810 1818 et
824 1756 924 1838 aliqui
940 1757 995 1838 qui
1013 1757 1045 1817 in
1060 1754 1170 1818 solitu·
1224 1763 1315 1834 sunt3
1332 1762 1364 1817 et
1378 1761 1505 1836 tempus
1520 1761 1665 1816 nostrum
1681 1759 1730 1815 est
1745 1751 1839 1834 quasi
1859 1751 2059 1814 umbrarum

421 1856 495 1919 dine
510 1857 608 1918 vitam
629 1856 789 1917 duxerunt
807 1854 1031 1928 arctissimam,
1048 1852 1206 1936 perisseB
1225 1853 1257 1915 in
1282 1860 1376 1927 terra,
1400 1871 1459 1915 nee
1483 1852 1549 1914 ulla
1571 1860 1621 1914 est
1643 1869 1740 1913 mora.
1767 1851 1843 1924 Quae
1864 1837 1998 1912 autemst

422 1954 582 2036 leguntur,
600 1953 752 2035 quoniam
767 1970 825 2015 suo
841 1953 948 2016 sensui
965 1953 1170 2034 pertinaciter
1225 1958 1353 2026 restant,
1373 1950 1544 2013 imminent
1561 1957 1593 2011 et
1611 1950 1965 2032 propinquantesque

422 2053 623 2127 inherentes,
649 2053 776 2114 Petrum
804 2050 927 2132 judicio
951 2069 1015 2114 non
1043 2050 1169 2133 acquie·
1225 2058 1308 2112 sunt.
1325 2049 1447 2112 Idcirco
1468 2067 1532 2111 non
1553 2047 1737 2129 fatigemur,
1753 2064 1819 2110 non
1837 2046 1964 2127 negliga-

421 2159 546 2215 verunt.
1226 2165 1315 2228 mus;
1340 2148 1395 2210 sed
1424 2155 1513 2211 tauto
1542 2147 1574 2208 in
1604 2145 1757 2210 omnibus
1782 2145 1963 2216 devotiores,

291 2295 407 2354 ΜΗ,
463 2251 582 2332 ltaque,
593 2251 683 2331 juxta
698 2249 874 2311 doctrinam
889 2246 1043 2330 Apostoli,
1056 2247 1089 2308 iu
1103 2263 1170 2309 om·
1225 2247 1373 2328 agiliores
1403 2245 1679 2327 ferventioresque
1710 2244 1823 2319 simus,
1854 2250 1965 2326 quanto

276 2363 349 2413 tart·
423 2349 458 2411 ni
480 2349 719 2412 conversatione
741 2355 848 2411 nostra
869 2354 960 2409 caute
982 2364 1112 2427 agamus
1133 2364 1170 2408 ac
1224 2345 1362 2408 termino
1384 2345 1457 2408 vita
1477 2344 1617 2427 amplius
1639 2342 1903 2426 propinquamus.

949 2779 1141 2867 SERMO
1180 2778 1435 2880 QUINTUS

541 3046 683 3103 QUOUODO
705 3045 854 3092 uunrulosr
875 3043 1030 3091 PRAECIPUE
1051 3043 1134 3090 naun
1154 3043 1269 3100 ORARE,
1289 3044 1330 3089 AD
1352 3042 1443 3088 lrsul
1464 3040 1643 3098 susrmaus,
1664 3039 1855 3095 srmfrmoult

864 3142 980 3190 SANCTO
1001 3142 1218 3190 nantuacutun
1238 3141 1362 3188 raama
1383 3139 1534 3187 osanam.

422 3427 696 3590 IMPLEMINI
709 3426 843 3501 Spiritu
857 3426 990 3492 Seuero,
1007 3425 1170 3501 loquentes
1183 3428 1206 3491 c
1222 3419 1366 3494 formari,
1383 3427 1414 3481 et
1429 3419 1461 3480 in
1477 3436 1515 3482 eo
1531 3417 1702 3501 proficere,
1719 3416 1885 3479 sedetiam
1901 3415 1964 3497 ipso

476 3525 709 3600 uobismetipsis
724 3524 760 3582 iu
772 3523 917 3599 psalmis,
933 3530 963 3580 et
978 3521 1121 3597 hymnis,
1138 3528 1168 3578 ct
1222 3518 1349 3602 repleri.
1371 3518 1410 3580 Et
1430 3536 1504 3581 vere
1527 3518 1560 3579 in
1582 3524 1746 3599 promptu,
1768 3516 1794 3578 si
1818 3515 1901 3597 quod
1922 3521 1964 3575 est

421 3625 560 3684 canticis
579 3623 820 3699 spiritualibus.
838 3620 952 3702 pres.
970 3637 1001 3692 v,
1019 3616 1067 3693 l8,
1084 3616 1131 3680 l9.
1222 3619 1255 3680 in
1275 3616 1368 3680 nobis
1383 3614 1566 3689 fecerimus,
1583 3633 1641 3678 nos
1658 3615 1746 3697 ipsos
1766 3613 1964 3697 praeparando

462 3722 556 3792 Deus,
582 3720 675 3800 eujus
700 3726 812 3782 natura
836 3726 884 3781 est
913 3716 1049 3791 bonitas,
1074 3715 1167 3796 cujus
1220 3717 1259 3778 ad
1275 3715 1408 3796 gratiam
1425 3714 1666 3796 plenamtluod
1682 3712 1820 3776 facimus
1836 3712 1964 3794 implen-

421 3817 597 3900 proprietas
623 3817 733 3898 pietas,
755 3816 848 3897 cujus
873 3808 1096 3877 munificentia
1120 3819 1168 3875 est
1221 3815 1262 3877 do
1281 3814 1366 3896 quod
1386 3813 1541 3895 scriptum
1561 3819 1610 3875 est
1626 3829 1633 3874 :
1651 3812 1816 3874 Declinaa
1832 3809 1922 3884 malo,
1937 3815 1964 3870 et
1984 3829 2063 3870 aas

421 3917 589 3989 immensa,
601 3915 657 3996 qui
672 3914 866 3977 abundantia
881 3912 1007 3996 pietatis
1022 3931 1087 3975 suae
1104 3930 1167 3973 me·
1222 3911 1273 3974 fac
1293 3911 1423 3974 bonurn.
1441 3910 1571 3974 Duobus
1594 3911 1714 3974 etenim
1734 3910 1839 3972 modis
1858 3926 1914 3971 nos
1930 3896 2001 3968 adst

422 4016 483 4078 rita
512 4014 696 4096 supplicum
725 4013 850 4075 excedit
879 4019 910 4074 ct
938 4017 1021 4086 vota,
1051 4028 1168 4092 nequa·
1222 4011 1356 4092 gratiam
1380 4010 1515 4092 ejusque
1539 4008 1722 4093 profectum
1743 4027 1781 4071 ae
1803 4006 1965 4090 plenitudi-

421 4132 518 4197 quam
540 4120 604 4174 tarn
631 4112 792 4175 multoties
815 4129 852 4172 ac
876 4110 1019 4173 districte
1041 4109 1169 4190 juberet
1222 4127 1296 4171 nem
1317 4125 1542 4190 praeparamus,
1559 4106 1711 4169 videlicet
1730 4105 1813 4167 mala
1834 4104 1964 4175 vitando,

422 4213 455 4275 in
471 4231 505 4275 se
520 4231 659 4295 sperare,
676 4229 774 4293 seque
789 4209 828 4272 ab
844 4208 993 4272 omnibus
1015 4206 1166 4281 invocari,
1222 4208 1282 4269 boc
1306 4213 1354 4270 est
1377 4225 1506 4269 omnem
1532 4204 1763 4280 carnalitatem,
1787 4203 1967 4285 negligenti·

422 4312 484 4374 nisi
500 4330 575 4375 vere
594 4309 815 4393 paratissimus
835 4315 919 4370 esset
934 4307 967 4368 in
988 4325 1021 4370 se
1042 4324 1169 4386 speran·
1222 4325 1285 4380 am,
1298 4305 1553 4380 dissolutionem,
1570 4304 1809 4386 loquacitatem,
1822 4301 1966 4365 immede

422 4410 507 4472 tibus
527 4427 625 4492 seque
648 4406 870 4470 invocantibus
890 4405 1072 4479 subvenire,
1090 4423 1168 4486 prae·
1223 4405 1359 4468 rantiam
1380 4404 1545 4486 fugiendo,
1562 4403 1678 4466 deinde
1700 4423 1773 4485 quae
1794 4401 1879 4465 bona
1900 4407 1966 4463 sunt

423 4509 533 4570 sertim
554 4526 654 4589 quum
671 4514 703 4568 ct
718 4507 797 4588 ipse,
807 4505 870 4587 qui
890 4503 1101 4567 essentialiter
1115 4521 1168 4564 ve·
1223 4504 1436 4587 exsequendo,
1463 4511 1498 4565 ut
1522 4521 1561 4565 ca
1588 4521 1660 4584 quae
1684 4501 1811 4564 Ordinis
1838 4508 1913 4564 sunt
1934 4517 1966 4561 ac

424 4625 478 4668 rus
497 4624 534 4667 ac
553 4605 668 4667 veritas
691 4612 749 4678 est,
767 4603 1001 4666 exauditionem
1024 4609 1055 4664 et
1074 4619 1168 4683 opem
1184 4606 1209 4667 D
1223 4602 1302 4684 legis
1324 4603 1451 4676 divine,
1467 4621 1543 4664 cum
1565 4601 1653 4663 omni
1676 4600 1846 4682 diligentia
1867 4600 1965 4664 obser-

281 4724 410 4781 muavr,
424 4712 489 4767 tam
513 4703 641 4786 copiose
666 4702 729 4764 illis
755 4701 936 4784 promiserit
958 4719 964 4762 :
985 4701 1084 4764 Petite
1106 4700 1168 4780 (in-
1222 4721 1345 4766 vernus.
1358 4701 1409 4764 Sic
1424 4702 1512 4764 enim
1527 4699 1675 4763 habendo
1690 4700 1809 4774 nos,ad
1825 4697 1965 4762 mirabile

274 4789 409 4902 {gffffl
425 4802 564 4885 quiens),
577 4809 609 4863 et
627 4801 811 4884 accipietis;
828 4799 971 4882 querite,
983 4806 1014 4861 et
1030 4798 1170 4861 invenie·
1222 4800 1334 4881 gratiae
1352 4800 1586 4863 incrementum
1608 4816 1666 4862 nos
1688 4807 1885 4880 coaptamus.

424 4903 481 4980 tis;
512 4900 647 4983 pulsate,
678 4907 710 4962 et
740 4899 900 4981 aperietur
927 4897 1028 4960 vobis.
1059 4897 1169 4960 Omnis
1262 4899 1368 4972 Porro,
1385 4898 1536 4980 quoniam
1554 4897 1750 4960 desiderium
1770 4897 1874 4979 aperit
1889 4913 1967 4958 men·

423 5000 510 5064 enirn
525 4999 581 5081 qui
597 4999 687 5081 petit,
707 4997 833 5079 accipit,
850 5003 910 5058 ete.
933 4995 1012 5057 Hine
1028 4996 1060 5057 in
1079 4996 1169 5058 bodi·
1221 5006 1287 5060 tern
1306 4996 1514 5060 desiderantis
1534 4997 1573 5060 ad
1593 4995 1830 5078 susceptionem
1851 4993 1967 5057 deside-

423 5117 499 5161 erna
518 5096 653 5180 epistola
668 5096 810 5158 hortatur
824 5094 1005 5177 Apostolus,
1024 5115 1040 5154 r
1055 5094 1169 5176 lmple·
1223 5097 1294 5170 rati,
1311 5095 1432 5157 idcirco
1450 5096 1490 5157 ad
1509 5094 1760 5176 omnipotentem
1779 5111 1817 5156 ae
1840 5091 1968 5175 superli-

423 5196 503 5258 mini
519 5195 638 5277 Spiritu
655 5193 900 5274 Sancto»,quasi
914 5194 947 5254 in
963 5200 1112 5274 promptu
1128 5192 1170 5254 sit
1221 5193 1458 5257 beralissimum
1483 5193 1585 5255 Deum
1608 5190 1733 5255 fervide
1759 5191 1966 5274 adspiremus,

422 5292 515 5356 nobis
531 5292 652 5375 Spiritu
667 5291 782 5354 Sancto
800 5308 864 5354 non
883 5291 987 5355 solum
1006 5290 1104 5372 tangi,
1122 5291 1167 5353 in·
1223 5291 1293 5373 ejus
1317 5309 1406 5354 saera
1428 5291 1620 5354 charismata
1643 5291 1793 5354 ardenter
1812 5297 1966 5372 optemus,
