4140 6258
149 852 562 978 DOMINICA
609 853 765 977 VIII
813 853 1025 978 POST
1072 855 1595 984 TRINITATEM

734 1179 1013 1194 ψ

513 1525 818 1612 unianimo
851 1525 906 1612 IN
938 1526 1231 1615 Erlsroultu

194 1793 362 1839 annonas
384 1793 480 1839 suana
501 1791 563 1839 non
584 1791 687 1849 oram,
709 1793 746 1839 nr
767 1791 927 1840 seconnnrr
947 1793 1070 1840 cannae
1093 1795 1236 1842 vrvarrus.
1254 1779 1342 1843 Rom.
1359 1797 1425 1856 vm,
1443 1779 1545 1845 12-17.

165 2072 264 2136 OCll'l
288 2090 347 2137 nos
366 2080 495 2135 sanetus
514 2069 685 2154 Apostolus
707 2070 740 2133 in
765 2088 843 2154 pra·
858 2073 884 2138 Α
899 2073 1000 2156 prosit
1017 2075 1056 2136 ad
1080 2075 1141 2138 hoo
1165 2075 1249 2158 quod
1270 2075 1340 2157 ipsa
1358 2076 1465 2140 animo
1488 2078 1527 2140 ad
1552 2077 1648 2140 beati-

179 2171 261 2234 senti
277 2171 423 2254 epistola,
434 2188 498 2235 non
513 2169 690 2232 secundum
706 2168 845 2232 earnalia
898 2171 1042 2235 tudinem
1069 2173 1270 2255 perducatur.
1288 2173 1368 2237 ilinc
1389 2175 1445 2258 qui
1470 2176 1647 2238 secundum

102 2270 265 2345 desideria,
282 2271 337 2334 sed
353 2270 529 2333 seeundum
545 2277 639 2332 recte
655 2267 785 2331 rationis
800 2268 844 2330 di·
899 2285 1027 2332 carnem
1050 2278 1267 2345 conversatur,
1284 2273 1439 2354 pervertit
1459 2273 1545 2335 hunc
1566 2271 1649 2336 ordi-

103 2375 234 2443 ctamen‚
250 2375 283 2430 et
304 2367 442 2431 maxime
462 2367 555 2448 juxta
575 2366 713 2450 Spiritus
738 2366 843 2428 Sancti
899 2385 984 2441 nem,
1007 2367 1170 2430 dominam
1195 2368 1320 2432 ancille
1344 2369 1532 2452 subjiciens,
1558 2378 1650 2454 utpo-

102 2467 284 2530 instinotum
304 2485 374 2530 esse
395 2466 580 2529 vivendum.
597 2463 676 2530 Nam
698 2465 743 2528 ait
760 2483 766 2526 :
783 2469 844 2528 De·
898 2471 930 2526 te
949 2465 1103 2529 rationem
1123 2467 1334 2542 sensualitati,
1350 2468 1461 2551 sieque
1484 2487 1518 2532 se
1542 2469 1648 2551 ipsum

101 2565 215 2625 litorea
242 2585 356 2628 eumue
383 2584 450 2626 non
472 2565 581 2635 carni,
606 2573 643 2624 ut
666 2565 844 2624 secundum
898 2561 1001 2626 brutis
1022 2564 1316 2649 incomparabiliter
1337 2566 1529 2630 deteriorem
1549 2585 1586 2630 ac
1602 2567 1649 2631 vi·

99 2683 228 2725 carnem
242 2667 400 2727 vivamus.
413 2663 478 2727 Hoc
492 2670 552 2738 est,
568 2663 717 2746 quamvis
736 2662 844 2745 aliquo
900 2660 1012 2728 liorem
1034 2665 1242 2728 constituens.

99 2762 189 2825 modo
202 2761 386 2845 obligemur
399 2761 487 2824 carni
503 2769 655 2844 tauquam
669 2761 784 2826 anime
800 2760 845 2822 in·
939 2760 1083 2844 Insuper,
1107 2761 1184 2844 quia
1209 2763 1439 2827 mortificantes
1462 2781 1560 2848 opera
1585 2785 1650 2829 oar·

99 2869 285 2936 strumento,
299 2860 452 2926 videlieet
475 2867 509 2924 ut
530 2859 560 2922 ei
582 2861 762 2924 necessaria
787 2859 845 2922 mi·
899 2858 949 2920 nis
966 2859 1144 2924 inordinata
1160 2861 1270 2924 vivent
1284 2880 1342 2944 per
1355 2862 1650 2944 gratiam,declarat

99 2960 269 3023 uistremus
285 2959 318 3024 in
333 2959 433 3034 victu,
444 2958 573 3034 vestitu,
590 2976 714 3034 somno,
726 2957 845 3022 babita-
899 2955 1069 3038 Apostolus
1091 2958 1242 3040 quoniam
1263 2959 1342 3022 tales
1363 2967 1438 3021 sunt
1456 2961 1596 3043 adoptivi
1613 2961 1650 3024 fi·

100 3058 179 3134 cul0,
196 3076 261 3121 non
276 3066 384 3122 mmeu
405 3058 450 3120 sic
470 3057 500 3120 ei
515 3057 707 3139 obligamur,
724 3065 760 3119 ut
773 3055 844 3137 eJns
902 3053 936 3115 lii
971 3055 1036 3117 Dei.
1071 3057 1274 3136 Quicumque
1304 3059 1392 3118 enim
1421 3059 1557 3134 Spiritu
1588 3061 1651 3122 Dei

100 3155 368 3239 concupiscentiis
398 3155 652 3237 acquiescamus,
682 3173 782 3237 quum
814 3160 845 3216 et
901 3162 1061 3230 aguntor,
1077 3154 1137 3217 hoc
1156 3161 1215 3229 est,
1232 3173 1250 3216 a
1265 3154 1386 3238 Spiritu
1403 3155 1518 3219 Sancto
1538 3175 1651 3239 regun-

23 3296 59 3326 μ,
69 3297 87 3334 ,,,
101 3255 248 3338 princeps
272 3254 497 3338 Apostolorum
521 3251 666 3317 hortetur
683 3270 690 3316 :
707 3251 845 3316 Obsecro
863 3258 887 3322 B
902 3258 964 3326 tur,
976 3257 1008 3314 et
1023 3251 1094 3333 ejus
1110 3251 1262 3316 instinctu
1278 3255 1449 3330 ducuntur,
1462 3261 1558 3338 atque
1574 3255 1649 3340 ipsi-

103 3369 155 3417 vos
172 3353 368 3418 abstineres
383 3351 564 3417 carnalibus
580 3351 758 3426 desideriis,
774 3369 846 3433 quae
902 3369 939 3412 us
955 3349 1079 3413 fervore
1100 3351 1307 3434 impelluntur
1326 3353 1364 3414 ad
1384 3352 1468 3417 bona
1485 3371 1492 3416 :
1510 3355 1594 3416 unde
1609 3355 1648 3418 de

103 3451 240 3514 militant
268 3451 421 3514 adversus
450 3450 610 3529 animam;
633 3456 666 3512 et
690 3448 753 3512 olio
777 3448 846 3512 loco
902 3448 1026 3513 Christo
1041 3449 1261 3534 dieitur,quod
1276 3450 1430 3533 agebatur
1444 3471 1462 3516 a
1478 3453 1598 3535 Spiritu
1615 3453 1648 3516 in
1676 3481 1730 3527 m,
1739 3496 1768 3536 η,
1777 3487 1795 3528 1,

7 3585 41 3614 m.
103 3549 215 3613 Paulus
232 3567 239 3612 :
257 3549 367 3614 Carnis
390 3566 499 3612 curam
520 3567 559 3610 ne
577 3547 719 3610 feceritis
739 3547 772 3609 in
793 3546 847 3609 de-
901 3548 1081 3628 desertum3
1106 3551 1143 3610 fn·
1166 3559 1243 3611 sunt
1266 3552 1334 3629 filii
1358 3553 1433 3622 Dei,
1459 3550 1562 3614 idest
1586 3551 1647 3614 filii

102 3648 234 3712 sideriis.
260 3651 301 3712 St
324 3649 412 3708 enim
441 3649 619 3707 secundum
646 3665 790 3715 carnem,
814 3644 846 3707 id
901 3647 1042 3730 adoptivi
1058 3665 1115 3730 per
1128 3647 1263 3730 gratiam
1279 3648 1451 3732 specialem
1467 3655 1499 3713 et
1512 3649 1647 3714 filialem

100 3755 146 3810 est
160 3747 338 3810 secundum
352 3744 511 3808 desideria
524 3743 845 3818 earnaliaoicceritia,
900 3762 1054 3820 amorem,
1076 3745 1167 3826 juxta
1192 3745 1271 3809 illud
1295 3747 1407 3828 primae
1428 3747 1581 3812 loannis:
1599 3749 1796 3830 Vi·1r„„„,„.‚

100 3847 299 3915 naoriemtni,
324 3851 426 3907 morte
455 3842 558 3924 culpae
583 3841 615 3903 in
645 3840 762 3906 saeculo
786 3840 847 3905 istc
901 3841 972 3904 dete
996 3843 1124 3925 qualem
1149 3844 1313 3906 caritatem
1337 3845 1424 3908 dedit
1447 3846 1540 3909 nobis
1565 3847 1648 3910 Deus
1664 3843 1683 3882 ¹·

99 3943 196 4024 (unde
220 3944 260 4006 ad
283 3941 486 4005 Timotheum
510 3939 622 4003 scribit
646 3937 843 4022 Apostolus:
900 3938 1001 4014 Pater,
1027 3947 1063 4002 ut
1085 3940 1147 4003 filii
1172 3941 1227 4004 Dei
1252 3943 1457 4006 nominemur
1480 3951 1512 4008 et
1535 3945 1645 4009 simus.

8 4059 88 4113 aar.
100 4041 201 4105 llidua
213 4060 284 4124 qun
299 4041 331 4103 in
346 4039 471 4103 deliciis
487 4038 577 4113 vivit,
594 4038 706 4101 vivens
723 4045 846 4101 mortua
949 4037 1223 4112 Quemadmodum
1253 4048 1361 4103 autem
1391 4042 1474 4104 lleus
1503 4044 1647 4126 omnipo·

101 4141 170 4221 est),
187 4140 303 4203 deinde
323 4146 425 4202 morte
445 4136 658 4201 damnationis
683 4143 845 4219 perpetuae
899 4141 971 4196 tens
991 4143 1098 4198 movet
1113 4143 1233 4199 ceteras
1249 4145 1409 4200 creaturas
1428 4139 1467 4200 ad
1487 4140 1648 4204 naturales

101 4239 132 4301 in
149 4237 284 4302 inferno.
301 4239 343 4300 Si
358 4247 468 4298 autem
483 4237 619 4314 spiritu,
636 4235 668 4299 id
683 4242 732 4298 est
745 4236 845 4298 virtu-
900 4233 1101 4317 operetiones
1129 4242 1162 4296 et
1185 4233 1279 4310 fines,
1304 4255 1362 4319 per
1389 4237 1570 4318 generalem
1596 4239 1646 4302 in·

98 4345 128 4400 te
142 4346 173 4400 et
188 4337 290 4419 gratia
304 4335 443 4420 Spiritus
458 4335 581 4414 Sancti3
593 4334 842 4418 vel,«spiritun,
900 4332 1045 4414 fluxum3
1065 4333 1111 4396 sio
1134 4333 1321 4396 rationalem
1343 4342 1519 4399 creaturam
1540 4345 1647 4402 movet

99 4436 128 4499 id
148 4442 196 4499 est
214 4435 348 4500 rationis
368 4433 509 4516 judici03
528 4435 619 4510 sacta
633 4434 746 4494 carnis
760 4455 844 4495 mor·
860 4445 883 4510 c
900 4433 939 4495 ad
968 4439 1057 4496 aetus
1088 4432 1277 4508 meritorios,
1307 4435 1646 4520 supernaturalemque

99 4537 318 4614 tificaeerr'tia,
333 4533 365 4597 id
385 4540 444 4608 est,
460 4532 597 4596 affectus
616 4541 648 4595 et
662 4549 759 4616 opem
774 4533 844 4614 ejus
899 4531 1013 4608 finem,
1039 4549 1098 4614 per
1123 4531 1296 4615 specialem
1325 4532 1486 4598 influxum
1516 4553 1572 4598 seu
1595 4537 1645 4598 di·

98 4633 336 4716 superaveritis,
353 4633 469 4692 cioetis
483 4649 541 4714 per
558 4631 693 4714 gratiam
714 4631 746 4693 in
767 4651 844 4714 prae·
899 4631 1086 4706 rectionem,
1117 4648 1189 4713 quae
1222 4631 1423 4713 providentia
1454 4633 1643 4717 appellatur.

98 4733 191 4807 senti,
209 4733 338 4815 vitaque
359 4730 468 4813 glorie
490 4731 523 4792 in
547 4730 665 4794 futuro,
686 4729 766 4792 lluio
790 4731 844 4794 do·
899 4731 1051 4796 Praeterea
1070 4731 1187 4795 electos
1206 4731 1290 4795 Deus
1311 4731 1515 4814 singulariter
1539 4744 1646 4800 movet

98 4839 248 4895 numento
277 4829 431 4892 naturalis
455 4837 607 4894 consonat
629 4829 718 4893 ratio.
744 4829 845 4893 lledia
899 4839 931 4894 et
955 4831 1046 4912 regit,
1071 4829 1243 4913 providens
1268 4831 1316 4892 eis
1339 4849 1403 4894 non
1428 4831 1532 4896 solum
1555 4834 1646 4899 suffi-

98 4948 236 5012 namque
262 4937 337 4992 sunt
357 4929 557 5012 disponenda
578 4929 755 4992 seeundum
779 4930 844 4992 exi·
900 4931 1031 5004 cienter,
1064 4927 1119 4991 sed
1153 4929 1251 4992 etiam
1284 4929 1472 5006 efficaciter,
1502 4933 1541 4996 de
1575 4951 1644 4998 om·

97 5030 238 5110 gentiam
260 5027 347 5091 finis.
364 5027 468 5102 Ouum
488 5045 563 5110 ergo
578 5046 651 5092 caro
668 5028 710 5090 sit
729 5029 844 5094 animae
900 5029 995 5092 nibus
1025 5028 1214 5091 necessariis
1242 5029 1282 5091 ad
1311 5030 1458 5106 salutem,
1489 5033 1533 5095 ita
1560 5035 1646 5116 quod

98 5129 360 5203 instrumentum,
386 5135 419 5191 et
442 5127 608 5192 ordinetur
631 5127 669 5190 ad
694 5129 844 5210 spiritum
899 5128 1016 5193 divinae
1037 5128 1239 5211 inspirationi
1259 5129 1478 5211 acquiescunt,
1498 5135 1646 5214 gratiam-

96 5227 285 5292 rationalem
304 5229 387 5291 sicut
401 5228 441 5291 ad
459 5226 572 5304 finem,
589 5228 726 5311 regenda
739 5237 787 5292 est
800 5236 844 5292 ta·
899 5248 962 5312 que
977 5229 1166 5311 suscipiunt.
1180 5228 1301 5290 idcirco
1315 5228 1417 5309 magis
1430 5229 1580 5294 dicuntur
1593 5236 1645 5317 agi

97 5327 181 5404 liter,
204 5329 289 5413 quod
312 5329 428 5396 anime
451 5329 579 5406 serviat,
602 5337 790 5411 cooperetur
813 5337 844 5394 et
899 5349 919 5393 a
939 5328 1060 5413 Spiritu
1081 5328 1207 5402 Sancto,
1223 5345 1320 5410 quom
1342 5327 1464 5391 moveri
1487 5339 1542 5392 aut
1564 5335 1641 5415 regi.
