4288 6264
304 1149 403 1257 ¹glaub.

447 455 487 518 50
762 473 910 523 norrrmea
932 475 1005 520 rosr
1025 473 1236 522 asonnsrouarr
1258 474 1374 520 nonina
1396 492 1435 502 -
1456 475 1555 522 samm
1575 475 1685 522 raraus

493 643 533 704 Ut
548 643 749 704 inomachus
768 642 864 705 rebus
879 649 910 706 et
930 642 1022 705 factis
1041 643 1234 721 honorifi-rl
1251 642 1311 706 bus
1337 651 1450 726 praeest
1473 649 1514 706 et'
1529 644 1674 726 imperat.
1696 644 1733 706 Et
1758 643 1817 705 ista
1842 642 1995 706 debentur

448 750 553 812 cetur,
570 741 630 804 hoc
645 749 703 815 est,
720 741 827 805 verbis
847 749 878 804 et
897 741 989 803 factis
1007 741 1153 804 laudetur
1166 749 1198 804 et
1251 742 1318 805 sive
1334 743 1529 806 conveniunt
1544 742 1667 806 Christo
1686 742 1865 805 secundum
1882 750 1994 804 utram·

450 840 634 915 honoretur,
656 844 757 910 Deus,
782 841 859 902 dum
884 841 913 901 ei
939 841 977 901 de
1002 841 1088 903 omni
1114 839 1198 902 bono
1252 859 1313 922 que
1339 860 1429 903 suam
1454 848 1609 902 naturam.
1638 841 1802 923 Siquidem
1826 841 1922 902 etiam
1950 859 1994 902 se-

449 937 558 1019 gratiaa
583 937 775 1012 referuntur,
801 946 833 1000 et
858 939 926 1020 ipse
952 945 1134 1000 reverenter
1158 938 1197 1000 ab
1253 940 1393 1001 cundum
1418 958 1508 1002 suam
1533 938 1775 1013 humanitatem,
1801 940 1874 1001 data
1897 946 1945 1002 est
1966 939 1993 1000 ei
2027 959 2085 1002 ιιιιι

450 1037 600 1099 omnibns
625 1037 740 1099 colitur
761 1055 768 1099 ε
789 1037 864 1099 hinc
888 1045 921 1101 et
945 1037 1089 1100 Christus
1113 1037 1197 1118 apud
1252 1037 1357 1098 omnis
1377 1044 1515 1119 potestas
1537 1038 1568 1099 in
1589 1037 1670 1100 coelo
1690 1037 1770 1099 etin
1787 1044 1881 1110 terra,
1898 1030 2086 1100 sedet-¹¹⁸Pl·

414 1165 435 1206 ι,
450 1135 641 1209 llatthaaum,
660 1135 794 1198 Videant
816 1135 950 1217 (inquit)
974 1153 1071 1217 opera
1095 1144 1199 1198 vestra
1253 1154 1314 1216 que
1336 1135 1368 1196 in
1389 1136 1566 1217 potioribus
1586 1135 1678 1197 bonis
1699 1134 1810 1209 Patris,
1827 1143 1859 1197 et
1880 1153 1936 1216 per
1953 1143 1995 1198 to-

450 1232 543 1307 bona,
555 1241 586 1296 et
600 1233 782 1315 glorificent
797 1234 919 1296 Patrem
935 1241 1077 1296 vestrum
1093 1234 1148 1314 qui
1164 1234 1198 1295 in
1253 1241 1321 1295 tum
1338 1235 1489 1296 mundum
1505 1234 1715 1296 clarificatum
1732 1241 1780 1296 est
1794 1251 1907 1296 nomen
1923 1233 1995 1314 ejus.

449 1331 538 1394 coelis
562 1340 628 1410 est;
641 1349 704 1408 per
723 1334 834 1393 lesum
856 1334 1023 1394 Christum
1049 1339 1198 1412 tanquam
1253 1331 1456 1394 Potissimum
1471 1339 1577 1394 autem
1595 1332 1790 1395 conveniunt
1805 1332 1865 1394 ista
1880 1333 1999 1396 Christo

307 1453 433 1505 ιτιηιιι,
449 1448 506 1512 per
521 1430 728 1493 mediatorem
744 1429 800 1492 Dei
815 1436 847 1491 et
862 1429 1040 1502 hominnm,
1052 1429 1128 1510 quia
1142 1448 1199 1512 per
1253 1429 1429 1491 seeundum
1450 1448 1539 1492 suam
1559 1429 1769 1492 divinitatem.
1786 1431 1855 1493 lmo
1874 1430 1929 1493 toti
1949 1451 1997 1492 sn·

314 1542 434 1598 aptatu,
450 1525 556 1608 ipsum
586 1527 742 1590 habemus
771 1545 936 1590 accessum
965 1527 1005 1588 ad
1029 1528 1141 1599 Deum,
1168 1534 1199 1590 et
1253 1526 1549 1609 pergloriosissimae
1564 1527 1708 1590 Trinitati
1730 1529 1880 1591 convenit
1898 1537 1930 1591 et
1948 1529 1997 1590 de-

302 1609 335 1651 18.

301 1921 562 1992 rca.1,u.Paulus
586 1921 730 1984 hortatur
756 1939 764 1983 :
790 1921 903 1984 Omnia
927 1922 959 1982 in
983 1921 1115 2002 gloriam
1141 1921 1196 1983 Dei
1252 1919 1378 1982 dicente
1399 1920 1549 2002 Apostolo
1566 1937 1573 1982 :
1591 1920 1655 1982 Soli
1676 1921 1740 1983 Deo
1761 1919 1863 1984 bonor
1881 1930 1913 1982 et
1935 1922 2096 2002 glomum

448 2017 552 2082 facite.
570 2022 643 2090 Cui,
659 2019 810 2082 videlicet
829 2019 963 2092 Christo,
980 2029 1026 2080 est
1046 2020 1147 2082 honor
1166 2026 1197 2081 et
1254 2017 1309 2079 ria.
1327 2018 1414 2080 Unde
1434 2037 1491 2100 per
1505 2019 1617 2080 lsaiam
1637 2026 1771 2081 testatur
1788 2037 1794 2081 :
1811 2019 1876 2100 Ego
1896 2019 1996 2082 Domi·
2018 2039 2093 2080 ιιηι

309 5205 398 5251 aratra.
374 5206 430 5256 Μ

297 5272 331 5314 lt.

449 1642 507 1706 per
529 1625 599 1706 ejus
621 1625 773 1689 doctrinm
793 1644 830 1687 ae
854 1625 931 1706 legis
950 1625 1196 1699 observantiam,
1253 1624 1347 1686 betur
1376 1645 1458 1688 unns
1483 1633 1515 1688 et
1538 1644 1685 1688 summus
1712 1626 1825 1700 honor,
1849 1633 1996 1708 tanquam

450 1724 513 1785 Deo
539 1723 632 1798 Patri,
650 1725 715 1786 imo
740 1722 1028 1804 superbeatissimaa
1052 1722 1197 1785 Trinitati
1254 1723 1309 1785 nni
1325 1723 1470 1785 omnium
1486 1724 1552 1805 regi
1568 1742 1604 1785 ac
1622 1724 1752 1787 domino
1772 1742 1902 1806 prorsus
1917 1725 1998 1786 altis·
2108 1721 2109 1736 ¹

448 1820 727 1884 honorificentiam
748 1821 888 1884 debitam
908 1820 1108 1883 exhibemus.
1125 1821 1198 1883 ldeo
1216 1819 1238 1880 ll
1253 1821 1346 1894 simo,
1362 1841 1489 1903 unaque
1510 1822 1611 1902 gloria
1635 1830 1667 1884 et
1689 1841 1790 1884 unum
1814 1823 1995 1904 imperium,

444 2119 657 2199 pluria,quia
678 2137 696 2179 a
719 2117 813 2179 bonis
838 2117 988 2179 omnibns
1013 2117 1195 2189 honoratur,
1252 2117 1880 2197 nus,hoeestnomenmeum3gloriam
1897 2137 1995 2180 meam
2108 2131 2109 2150 ξ

447 2221 600 2295 tanquam
632 2234 757 2278 summe
786 2215 947 2278 virtuosus
979 2233 1015 2276 ac
1047 2214 1197 2276 omnihus
1250 2214 1341 2276 alteri
1363 2232 1427 2276 non
1451 2214 1542 2276 dabo.
1560 2214 1633 2277 ldeo
1657 2213 1701 2276 ait
1723 2214 2097 2341 PsalmistazNonraqp.

2008 2313 2043 2343 Μ,
2073 2314 2091 2340 dl.

447 2311 622 2393 praesidens
641 2313 757 2393 (honor
776 2332 915 2395 namque
935 2312 1069 2375 debetur
1084 2313 1195 2375 virtuti
1251 2312 1354 2386 nabla,
1372 2313 1515 2386 Domine,
1534 2331 1596 2375 non
1613 2313 1717 2388 nobis,
1733 2313 1788 2376 sed
1803 2313 1926 2376 numini
1944 2323 1996 2377 tuo

447 2428 483 2471 ac
510 2411 654 2492 potestati
680 2410 926 2492 praesidentiali3
943 2412 971 2473 ei
996 2429 1124 2493 quoque
1148 2418 1196 2473 est
1250 2411 1290 2472 da
1303 2411 1447 2491 gloriam.
1465 2412 1508 2472 lle
1523 2412 1611 2474 omni
1626 2412 1744 2474 etenim
1761 2411 1846 2474 bono
1865 2412 1997 2475 debetur
2108 2431 2109 2492 ι

445 2505 558 2588 gloria,
572 2507 632 2570 hoc
652 2515 700 2570 est
719 2507 893 2582 beatitudo,
910 2508 1020 2571 laetitia
1039 2526 1076 2571 ac
1092 2509 1196 2571 forma
1251 2509 1438 2591 principalis
1460 2517 1492 2572 et
1510 2509 1623 2572 ultima
1642 2509 1710 2572 laus
1733 2510 1806 2574 Deo.
1822 2513 1866 2572 Iu
1881 2515 1996 2572 saeculo
2108 2549 2109 2606 ξ

445 2605 646 2688 clarissima),
663 2615 693 2667 et
715 2608 905 2683 imparium,
920 2607 1072 2690 quoniam
1096 2608 1196 2670 omni·
1251 2612 1455 2678 soculorum,
1473 2608 1503 2670 id
1525 2616 1572 2670 est
1593 2608 1792 2672 eternaliter.

996 3030 1189 3119 SERMO
1228 3031 1448 3119 PRIMUS

641 3295 682 3343 DE
703 3296 888 3354 enehorum,
908 3297 1118 3354 DlSGRll'PIONE,
1140 3296 1303 3354 onarrortlt,
1323 3297 1472 3344 enarrare
1494 3297 1531 3343 ll'l'
1551 3297 1800 3357 nosrrratrrara,

1015 3395 1199 3443 ctssrlsrlarto
1220 3394 1426 3444 Ntcusstltlla

514 3676 562 3736 IC
583 3675 765 3750 sapientiae,
785 3676 889 3734 Soror
913 3693 984 3734 mea
1008 3693 1051 3742 es,
1067 3682 1097 3733 et
1117 3690 1198 3750 pru·
1211 3673 1360 3736 Cdentes
1380 3673 1463 3735 sient
1485 3681 1665 3756 serpentes3
1682 3681 1713 3737 et
1734 3676 1862 3750 iterum,
1878 3678 1996 3742 Habete
2020 3695 2109 3790 ἱιιηιξ

530 3773 677 3832 dentiam
708 3791 784 3830 cocu
813 3772 951 3832 amicum
980 3781 1079 3832 tuam.
1105 3771 1194 3834 Prov.
1250 3770 1282 3833 in
1298 3770 1389 3834 vobis
1405 3761 2037 3845 sal,1destd1sereuonemPrudentia‘b

445 3889 498 3945 v,rr
516 3870 548 3932 l
1249 3867 1368 3930 etenim
1384 3868 1476 3931 docet
1491 3886 1553 3930 non
1569 3868 1672 3931 solum
1688 3871 1764 3952 quid
1778 3890 1872 3952 agere
1888 3875 1998 3937 debea-

484 3969 570 4031 lnter
589 3966 780 4049 sapientiam
799 3974 895 4048 atque
915 3968 1118 4049 prudentiam
1137 3968 1197 4031 boc
1250 3984 1332 4040 mus,
1349 3966 1514 4029 sedetiam
1531 3966 1587 4029 ubi
1601 3975 1634 4028 et
1649 3970 1786 4049 quando,
1803 3979 1835 4032 et
1850 3973 1995 4053 qualiter,

447 4069 590 4141 interest,
607 4066 693 4148 quod
715 4065 871 4149 sapientia
891 4068 1020 4149 proprie
1042 4076 1090 4129 est
1113 4085 1198 4130 amo·
1250 4072 1359 4146 utpote
1380 4073 1454 4148 apto
1476 4066 1545 4129 loco
1566 4074 1597 4129 et
1619 4084 1759 4149 congruo
1782 4077 1939 4152 tempore,
1956 4081 1998 4134 at

446 4184 517 4228 rosa
532 4184 588 4228 seu
603 4163 755 4227 affectiva
770 4164 908 4244 cognitio
923 4165 1116 4240 divinorum,
1126 4185 1199 4248 pru·
1250 4182 1313 4245 que
1338 4182 1410 4225 cnm
1437 4165 1663 4228 moderamine.
1687 4167 1724 4228 Et
1749 4167 1833 4230 istud
1858 4187 1996 4244 servare,

445 4263 553 4326 dentia
568 4279 643 4324 vero
659 4268 707 4323 est
722 4259 838 4323 efficax
855 4261 990 4341 cognitio
1006 4263 1198 4342 agendorum
1251 4268 1282 4322 et
1301 4260 1334 4322 in
1350 4262 1479 4342 agendis
1499 4263 1643 4326 ordinate
1658 4265 1840 4345 procedere,
1859 4269 1997 4331 maxime

445 4368 477 4422 et
491 4359 708 4432 vitandorum,
726 4359 785 4420 hoc
800 4365 858 4432 est,
875 4358 953 4440 quid
968 4361 1127 4441 agendum
1144 4361 1195 4433 sit,
1250 4358 1373 4420 confert
1387 4367 1419 4420 et
1433 4359 1562 4439 adjuvat
1581 4362 1619 4423 ad
1635 4361 1871 4444 proficiendum
1887 4366 1997 4428 celeri·

446 4457 523 4539 qnid
538 4456 714 4520 vitandum.
734 4455 896 4538 Sapientia
910 4474 985 4538 ergo
1005 4456 1131 4537 dignior
1150 4466 1198 4519 est
1249 4464 1299 4518 ter
1313 4457 1345 4518 in
1362 4458 1449 4518 omni
1469 4458 1595 4521 virtute.
1615 4459 1743 4541 Propter
1759 4463 1842 4542 quod
1859 4464 1903 4525 ait
1917 4465 1996 4546 Apo

444 4574 540 4638 quam
557 4555 750 4637 prudentia:
768 4554 888 4616 idcirco
903 4555 1058 4616 debemus
1073 4556 1198 4637 sapien·
1250 4555 1349 4616 stolus
1368 4572 1374 4616 :
1392 4555 1505 4618 Omnia
1522 4556 1654 4619 honeste
1670 4566 1701 4619 et
1720 4560 1898 4623 secundum
1913 4564 1996 4625 ordi·
2021 4587 2109 4630 ιιιιη

445 4654 522 4715 tiam
543 4653 737 4733 singularius
757 4652 916 4726 adamare,
933 4661 965 4713 et
984 4670 1125 4714 sororem
1142 4671 1196 4714 vo·
1249 4671 1323 4714 nem
1343 4652 1424 4715 fiant
1446 4653 1477 4715 in
1498 4654 1598 4717 vobis.
1618 4657 1714 4730 Unde,
1731 4665 1875 4740 tempore
1895 4661 1996 4724 llissae
2008 4654 2038 4694 ⁴⁰·

445 4769 526 4813 care.
544 4749 714 4813 Prudentia
737 4767 864 4831 quoqne
887 4750 1065 4810 necessaria
1090 4757 1147 4823 est,
1165 4759 1197 4811 et
1250 4769 1286 4812 ac
1306 4751 1407 4812 divini
1428 4750 1546 4826 Officii,
1563 4753 1717 4816 debemus
1737 4757 1801 4819 lteo
1817 4776 1892 4820 cum
1908 4760 1994 4821 omni

444 4849 548 4912 amiea
569 4848 721 4911 vocanda.
1211 4849 1354 4913 Deordis
1377 4850 1520 4912 custodia
1541 4869 1609 4912 esse
1635 4851 1760 4926 intenti,
1776 4862 1809 4916 et
1832 4855 1871 4918 de
1895 4857 1997 4919 salute

484 4946 739 5029 lnprimisergo
758 4945 850 5007 docet
869 4961 926 5006 nos
945 4943 1194 5054 gloriosissimus
1250 4947 1429 5009 animarum
1463 4956 1642 5011 nostrarum
1677 4950 1812 5014 sollicite
1846 4955 1995 5036 cogitare,

444 5045 610 5128 apostolici
639 5043 760 5106 ordinis
790 5043 951 5124 princeps,
983 5043 1015 5105 in
1045 5044 1193 5124 praesenti
1248 5054 1377 5128 peccata
1404 5046 1534 5121 deflere,
1556 5065 1614 5130 pro
1637 5050 1737 5128 gratia
1765 5069 1907 5128 exorare,
1929 5072 1996 5117 om·

444 5143 589 5254 epistola,
602 5149 637 5203 ut
651 5142 753 5203 simus
767 5141 951 5222 prudentes,
963 5141 1047 5203 sicut
1061 5149 1092 5203 et
1106 5141 1194 5205 Chri·
1248 5163 1304 5206 nes
1320 5145 1525 5255 cogitationes
1541 5147 1693 5220 carnales,
1701 5167 1792 5212 curas
1808 5154 1995 5226 mundanas,

446 5251 514 5307 stus
539 5241 572 5304 in
598 5239 768 5320 Evangelio
793 5239 964 5321 loquitur:
989 5241 1094 5304 Estote
1120 5260 1194 5322 pru·
1248 5243 1347 5305 animi
1377 5243 1613 5320 dissolutiones
1645 5247 1748 5310 cordis
1776 5269 1813 5312 ac
1842 5269 1995 5318 sensuum
