4140 6258
430 455 490 522 296
679 477 827 526 conlatus
847 478 902 526 vlu
922 481 996 527 POST
1015 480 1209 528 nmmum.
1230 501 1270 512 -
1290 481 1466 530 anthemo
1486 483 1517 528 lli
1537 481 1733 530 nvtnsnunu

428 654 478 712 ter
493 649 622 712 erimus.
639 650 703 714 Neo
724 668 852 716 movere
872 653 1056 736 quempiam
1072 653 1178 730 dehet,
1193 653 1218 717 Α
1235 654 1351 719 cecidit
1370 656 1404 719 in
1423 655 1538 720 faciem
1562 674 1652 720 suam
1675 655 1709 718 in
1729 661 1891 737 conspectu
1909 653 1954 718 llo

431 749 517 831 quod
537 750 637 812 sancti
653 759 685 813 et
699 750 793 814 electi
814 752 847 814 in
867 753 927 815 hoc
942 753 1064 816 mundo
1079 754 1179 816 multa
1234 754 1325 828 mini,
1342 754 1452 818 dicens
1473 774 1481 818 :
1501 753 1570 817 Non
1595 772 1723 836 surgam
1745 753 1821 815 hinc
1840 752 1895 814 nisi
1913 754 1953 815 de·

431 846 596 928 patiuntur
611 847 743 912 adversa
760 866 767 911 :
784 869 859 912 nam
874 851 1020 932 quamvis
1036 851 1100 914 sint
1115 852 1177 914 vir·
1234 861 1428 917 monstretur
1443 853 1522 917 mihi
1537 872 1556 916 a
1570 854 1633 916 Deo
1646 872 1718 936 quae
1733 857 1809 915 sunt
1821 851 1954 934 haecquia

429 945 639 1020 tuosi,tamen
655 937 822 1011 venialiter
837 957 970 1031 peceant
984 948 1176 1033 frequenter,
1233 953 1352 1034 impius
1370 951 1424 1015 ille
1439 951 1535 1014 talem
1556 951 1668 1014 hahuit
1681 957 1865 1034 apparatum
1879 951 1906 1012 in
1918 971 1953 1014 se-

428 1052 461 1107 et
484 1063 542 1126 pro
567 1045 626 1109 hoc
650 1045 755 1109 solent
776 1065 795 1109 a
819 1047 883 1110 Deo
908 1049 1036 1130 purgari
1061 1049 1093 1110 in
1112 1049 1178 1112 vita
1232 1050 1372 1134 pnltura,
1389 1058 1421 1112 et
1436 1050 1495 1113 iste
1513 1051 1570 1133 qui
1587 1050 1639 1113 die
1660 1057 1821 1131 noctuque
1835 1049 1954 1112 Deoser-

428 1143 589 1225 presenti,
607 1163 646 1207 ne
666 1144 700 1206 in
720 1146 904 1227 purgatorio
924 1147 1036 1209 durius
1054 1166 1092 1210 ac
1110 1148 1178 1210 diu·
1231 1149 1322 1222 vivit,
1349 1149 1395 1211 sic
1425 1156 1569 1213 mortuus
1598 1155 1655 1212 est.
1683 1149 1722 1210 Et
1744 1166 1819 1211 ecce
1846 1148 1953 1229 angelus

428 1241 555 1304 turnius
580 1249 798 1325 torqueantur.
815 1244 903 1307 Unde
926 1244 1042 1325 legitur
1065 1253 1177 1327 quarto
1231 1247 1375 1322 veniens
1392 1247 1473 1309 dixit
1486 1246 1515 1309 ei
1534 1263 1542 1308 ε
1558 1246 1615 1310 llle
1633 1247 1753 1328 impius
1774 1264 1881 1328 parum
1894 1245 1953 1309 honi

431 1337 513 1402 libro
532 1339 759 1423 Vitaspatrum,
776 1342 860 1423 quod
883 1348 951 1404 erat
974 1342 1104 1424 quidam
1129 1362 1177 1407 so·
1231 1343 1308 1406 lecit
1323 1343 1356 1405 in
1371 1342 1488 1407 seculo
1505 1344 1575 1419 isto,
1587 1349 1620 1405 et
1634 1343 1757 1426 recepit
1772 1342 1850 1405 illud
1864 1342 1954 1414 hic,ut

429 1437 553 1499 literius
578 1438 611 1500 in
635 1457 754 1513 eremo,
776 1447 808 1502 et
828 1440 1031 1503 ministrabat
1054 1442 1083 1504 ei
1108 1442 1177 1524 qui·
1231 1442 1354 1504 nullam
1373 1441 1515 1505 inveniat
1529 1442 1673 1524 requiem
1693 1442 1726 1503 in
1742 1440 1807 1504 elia
1820 1441 1896 1520 vita3
1909 1441 1954 1504 iste

430 1535 503 1596 dam
529 1536 689 1599 secularis
719 1537 862 1601 devotus.
889 1539 963 1600 Erat
986 1558 1114 1621 quoque
1144 1540 1176 1602 in
1230 1547 1336 1603 summ
1359 1539 1530 1614 solitarius,
1546 1539 1622 1620 quia
1643 1539 1741 1602 homo
1761 1547 1829 1602 erat
1848 1548 1955 1602 omatus

429 1629 558 1695 civitate
576 1650 684 1696 eremo
701 1633 749 1694 illi
765 1634 956 1717 propinqua,
972 1636 1070 1698 horno
1088 1636 1176 1698 dives
1230 1638 1317 1701 omni
1333 1638 1461 1710 virtute,
1479 1636 1615 1700 hahebat
1630 1646 1736 1700 tamen
1756 1637 1891 1719 aliquam
1904 1637 1955 1700 cul-

428 1738 461 1793 et
486 1730 614 1812 impius.
641 1731 780 1813 Contigit
808 1740 914 1795 autem
944 1740 980 1794 ut
1004 1734 1092 1797 dives
1123 1734 1176 1796 ille
1231 1755 1304 1818 pam
1327 1737 1360 1798 in
1383 1755 1427 1809 se,
1449 1735 1570 1817 recepit
1592 1736 1675 1798 hanc
1695 1735 1760 1808 hic,
1782 1735 1842 1798 hoc
1863 1736 1955 1808 estin

429 1836 616 1904 moreretur,
633 1829 828 1912 deduxitque
846 1850 920 1894 eum
935 1839 1000 1895 tote
1019 1832 1130 1896 civitas
1145 1839 1176 1896 et
1193 1833 1216 1896 B
1231 1834 1347 1897 saecnlo
1370 1834 1430 1896 isto
1450 1851 1508 1916 pro
1527 1851 1565 1895 ea
1587 1833 1718 1915 punitus
1740 1842 1800 1908 cst,
1818 1840 1852 1895 nt
1869 1851 1955 1896 coram

428 1927 599 2008 episcopus
615 1946 688 1990 curn
709 1926 910 2010 lampadibus
925 1931 964 1992 ad
979 1931 1173 2012 sepulcrum.
1231 1933 1295 1994 Deo
1315 1950 1415 2013 purus
1440 1931 1631 1994 inveniatur.
1648 1931 1704 1993 llis
1725 1931 1853 2005 auditis,
1868 1949 1956 1994 conso

373 2041 375 2046 ·
429 2024 601 2106 Egrediens
617 2043 692 2088 vero
707 2026 867 2088 saecularis
888 2027 1037 2109 praefatus
1055 2036 1090 2090 ut
1104 2047 1174 2110 por·
1231 2029 1312 2092 latus
1337 2037 1385 2092 est
1407 2029 1461 2092 ille
1486 2029 1646 2093 saecularis
1670 2031 1816 2102 devotus,
1836 2030 1957 2112 abiitque

429 2129 511 2183 taret
535 2141 649 2203 panem
681 2123 822 2187 solitario
845 2125 985 2188 eremitae
1009 2126 1171 2207 predicto,
1229 2128 1412 2209 glorificans
1432 2128 1534 2190 Deum
1554 2146 1649 2209 super
1667 2127 1790 2208 judicia
1810 2127 1887 2209 ejus,
1900 2147 1957 2210 que

430 2218 553 2281 invenit
575 2238 648 2282 eum
671 2239 689 2282 a
711 2220 778 2284 fera
799 2229 986 2285 comestum.
1003 2225 1070 2298 Quo
1092 2225 1171 2300 viso,
1228 2244 1304 2289 vere
1325 2233 1400 2288 sunt
1418 2225 1514 2307 justa,
1532 2226 1679 2307 quamvis
1699 2226 1836 2289 occulta

826 2663 1129 2752 ENARRATIO
1163 2665 1218 2751 IN
1251 2663 1622 2752 EVANGELIUM¹

511 2927 682 2974 srrnnnrrn
704 2929 724 2973 a
746 2928 850 2990 sensis
872 2929 1049 2986 raornnrrs,
1069 2930 1119 2984 our
1141 2930 1274 2976 vaurum
1293 2931 1336 2976 an
1357 2931 1413 2977 vos
1434 2931 1467 2977 m
1488 2930 1686 2976 vnsrmnnrrs
1706 2931 1813 2989 ovrurr,
1834 2932 1893 2978 rra.

1057 3011 1163 3073 Matth.
1180 3029 1234 3086 vu,
1252 3010 1352 3074 toti.

492 3303 669 3369 ALVATOR
696 3305 728 3368 in
759 3307 925 3387 evangelio
948 3307 1102 3371 hodierno
1126 3306 1215 3370 dot}
1235 3307 1363 3388 quidam
1385 3307 1499 3390 iniqui,
1518 3316 1554 3370 ut
1571 3307 1648 3371 honi
1670 3309 1854 3384 credantur,
1869 3310 1960 3390 sicque

507 3411 567 3477 cet,
585 3421 648 3466 non
665 3403 768 3467 solum
784 3423 802 3466 a
817 3404 986 3468 manifeste
1004 3405 1107 3480 malis,
1124 3406 1180 3468 scd
1233 3403 1359 3466 facilius
1388 3406 1466 3468 alios
1496 3405 1616 3468 fallant.
1643 3407 1840 3488 Frequenter
1860 3406 1959 3470 etenim

433 3501 530 3565 etiam
550 3521 568 3564 a
590 3501 675 3564 lictis
695 3501 788 3566 bonis
808 3521 931 3578 cavere,
948 3523 988 3566 ne
1008 3504 1080 3585 quis
1101 3523 1120 3565 a
1141 3503 1181 3564 si·
1233 3501 1311 3564 vitia
1326 3501 1385 3564 suh
1401 3503 1556 3565 virtutum
1572 3504 1786 3568 similitudine
1801 3505 1960 3587 palliantur,

435 3599 645 3662 mulatoribus
665 3607 697 3663 et
715 3620 734 3662 a
753 3602 888 3676 callidis,
904 3620 922 3663 a
941 3601 1030 3664 falsis
1045 3602 1180 3664 doctori·
1233 3600 1309 3682 quia
1332 3600 1392 3662 suh
1416 3601 1523 3683 specie
1547 3601 1623 3665 honi
1645 3603 1746 3666 multa
1765 3604 1849 3666 mala
1865 3623 1960 3686 gerun-

433 3697 553 3770 bus,ab
565 3697 722 3760 hereticis
737 3708 792 3762 aut
803 3700 978 3783 hypocritis
993 3700 1177 3782 decipiatur.
1233 3706 1294 3760 tur.
1311 3699 1441 3782 Propter
1460 3701 1545 3782 quod
1564 3701 1608 3763 ait
1628 3701 1798 3784 Apostolus
1816 3721 1823 3764 :
1840 3704 1904 3785 lpse
1920 3702 1961 3764 Sa·
1979 3711 2042 3758 tros

434 3797 544 3877 ltaque
566 3796 611 3856 ait
633 3813 640 3857 :
660 3799 830 3858 Attendite
849 3819 869 3858 α
887 3799 984 3875 falsie
999 3801 1179 3875 prophetis,
1232 3804 1322 3858 tanes
1347 3798 1554 3880 transfigurat
1581 3817 1615 3860 se
1646 3800 1678 3861 in
1702 3800 1851 3881 angelum
1875 3779 2020 3874 lucis;¹⁸*¹²

436 3893 467 3954 id
490 3899 539 3954 est
558 3911 576 3954 a
598 3894 756 3974 perversis
778 3895 973 3970 doctoribus,
993 3896 1178 3978 hypocritis,
1234 3911 1297 3956 non
1328 3902 1377 3956 est
1405 3913 1480 3976 ergo
1505 3914 1668 3978 magnum,
1693 3898 1720 3960 si
1746 3899 1881 3961 ministri
1903 3896 1960 3976 ejus

435 3991 586 4073 fictisque
614 3992 731 4055 sanctis
761 4010 816 4055 vos
846 3995 1002 4056 custodite
1032 4013 1039 4057 :
1068 3996 1180 4077 quoni·
1233 3993 1501 4056 transformentur
1515 3995 1604 4058 velut
1618 3995 1759 4058 ministri
1772 3996 1908 4078 justitia
1926 3996 1960 4057 lle

288 4105 420 4159 rannac.
434 4109 487 4153 arn
507 4090 736 4172 scriptumest,
754 4090 999 4172 Gumpcrverso
1020 4101 1180 4174 perverte-
1232 4090 1351 4154 talibus
1371 4092 1535 4175 prophetis
1556 4093 1699 4176 loquitur
1718 4095 1801 4157 Deus
1824 4114 1879 4178 per
1894 4095 1961 4158 lerc-

436 4189 489 4252 ris.
516 4189 555 4250 Et
579 4188 662 4251 mala
685 4206 721 4250 ac
745 4187 825 4251 falsa
853 4195 941 4252 tento
968 4190 1179 4273 periculosius
1233 4189 1331 4252 miam
1349 4207 1356 4252 :
1372 4190 1536 4255 Visionem
1552 4191 1750 4267 mendacem,
1766 4201 1798 4257 et
1812 4193 2046 4257 divinationem-

434 4296 561 4362 nocent,
586 4304 651 4369 quo
674 4285 781 4348 minus
807 4287 890 4349 mala
912 4295 944 4349 et
968 4287 1046 4350 lalsa
1070 4289 1179 4352 viden·
1232 4308 1307 4352 nem
1324 4288 1571 4364 fraudulentam,
1588 4298 1620 4352 et
1639 4292 1858 4356 seductionem
1874 4291 1961 4355 cordis

432 4395 494 4448 tur.
522 4388 587 4456 Qui
615 4387 751 4444 veniunt
774 4388 819 4444 ad
843 4405 896 4444 vos
920 4387 956 4445 in
981 4389 1180 4447 vestimentis·
1232 4389 1282 4451 sui
1316 4388 1508 4471 prophetent
1541 4388 1642 4452 vobio.
1672 4390 1808 4454 Possunt
1838 4409 1960 4474 quoque,

431 4487 554 4554 ovium,
571 4482 602 4545 id
618 4482 713 4544 estin
733 4482 885 4564 operibus
904 4482 1102 4548 simulatorie
1116 4485 1178 4546 vir·
1193 4489 1217 4550 1)
1233 4487 1379 4568 quamvis
1395 4486 1502 4549 minus
1517 4487 1654 4570 proprie,
1666 4489 1856 4553 vestimenta
1869 4490 1960 4552 ovium

431 4580 543 4654 tuosis,
560 4581 594 4641 in
609 4580 774 4662 apparenti
791 4579 959 4643 devotione
979 4589 1011 4643 et
1030 4581 1106 4664 licta
1121 4582 1179 4644 hu·
1232 4585 1438 4666 corporaliter
1458 4584 1605 4665 intelligi,
1626 4587 1769 4668 corporis
1793 4588 1961 4650 indumenta

433 4678 578 4751 militate,
610 4677 642 4738 in
672 4677 875 4740 abstinentiis
906 4678 1176 4762 continentiisque
1231 4682 1372 4762 speciem
1388 4683 1578 4745 humilitatis
1599 4693 1629 4746 et
1649 4685 1828 4749 devotionis
1848 4693 1962 4769 praten-

431 4795 529 4861 prava
549 4775 725 4839 intentione
742 4777 925 4858 assumptis.
943 4776 1106 4859 Siquidem
1124 4797 1176 4840 ve·
1231 4780 1355 4843 dentia:
1368 4780 1486 4863 quihus
1501 4782 1624 4864 praelati
1642 4783 1744 4865 iniqui
1760 4799 1961 4868 sepenumero

431 4874 582 4937 stimanta
596 4874 716 4948 ovium,
734 4875 766 4936 id
786 4883 834 4937 est
853 4875 1009 4937 honorum
1029 4875 1176 4940 lidclium
1231 4897 1265 4940 se
1291 4878 1438 4954 induunt,
1464 4887 1622 4961 quatenus
1650 4882 1784 4946 virtuosi
1815 4891 1960 4966 putentur.

431 4971 487 5053 qui
509 4988 585 5036 oves
606 4977 681 5032 sunt
701 4970 828 5046 Christi,
845 4980 1024 5036 suntuerae
1042 4973 1176 5036 virtutes
1230 4979 1435 5038 Iotrinsecus
1456 4988 1567 5040 aetem
1590 4989 1667 5040 sunt
1688 4983 1762 5058 lupi
1782 4979 1960 5059 reposcam

430 5078 462 5132 et
476 5051 566 5131 actfis
582 5087 703 5143 earum,
719 5069 837 5152 quihus
855 5088 966 5132 eorum
986 5071 1103 5133 anime
1123 5072 1176 5134 de·
1230 5083 1290 5149 est,
1316 5076 1349 5137 in
1373 5076 1479 5139 anima
1502 5076 1625 5140 similes
1650 5086 1725 5140 sunt
1748 5079 1834 5162 lupis
1858 5078 1961 5142 voraci·

430 5173 589 5233 corantur.
619 5166 736 5230 Harum
765 5168 902 5231 vestium
932 5187 989 5232 seu
1018 5169 1173 5232 virtutum
1231 5172 1291 5234 hus
1309 5190 1316 5234 :
1332 5172 1409 5255 quie
1425 5173 1485 5236 suh
1501 5184 1589 5239 veste
1609 5175 1705 5239 ovina
1723 5186 1838 5258 gerunt
1856 5194 1907 5240 cor
1924 5175 1961 5236 lu·

427 5267 582 5350 quasdam
616 5265 842 5329 similitudines
878 5266 970 5329 lictas
1005 5275 1174 5330 assumunt
1231 5270 1355 5352 pinum,
1381 5271 1457 5353 quia
1480 5273 1625 5338 crudeles
1649 5284 1734 5350 sunt,
1761 5276 1961 5340 desiderantes
