4192 6258
480 529 628 576 bonnuel
649 529 691 574 XX
712 529 785 576 POST
805 527 1000 574 rutulum.
1021 545 1061 557 ·-
1083 528 1182 575 conlo
1201 527 1326 575 rannus

1616 509 1676 573 557

126 700 274 782 proiectu
305 701 471 777 virtutum,
500 702 541 764 ab
569 701 738 785 adeptione
767 700 917 765 salutisrl
973 701 1116 783 Insuper,
1133 701 1285 782 quoniam
1305 699 1418 762 caritas
1434 699 1531 762 vestis
1551 705 1599 760 est
1618 717 1676 758 nu-

126 806 254 862 aetemaa
289 800 470 882 impediunt
503 801 702 883 semetipsos.
737 798 877 862 Avaritia

125 897 256 979 quippe,
272 906 421 981 tanquam
438 898 663 981 gravissimum
680 898 811 980 pondus,
828 897 879 958 de-

125 995 239 1076 primit
253 997 392 1060 animam
408 1000 448 1061 ad
462 1006 598 1072 terrena,
606 997 648 1059 ita
663 997 747 1079 quod
764 997 796 1058 in
813 995 876 1057 illis

124 1093 337 1174 spiritualiter
366 1096 554 1170 suilocatur,
581 1115 640 1158 nec
669 1095 709 1157 ad
735 1102 876 1156 contem-

124 1191 243 1272 planda
258 1193 367 1256 divina
383 1194 514 1257 levatur.
524 1195 642 1257 Verum
656 1201 691 1255 ut
705 1193 749 1255 ait
764 1192 877 1273 Grego-

124 1289 203 1364 rius,
219 1291 245 1352 si
263 1292 501 1354 consideremus
517 1313 587 1375 quaa
603 1301 635 1354 et
650 1300 768 1374 quanta
783 1291 876 1356 nohis

123 1389 356 1469 promittuntur
385 1391 418 1452 in
448 1391 549 1464 omlis,
580 1391 739 1455 vilescunt
769 1390 876 1453 animo

123 1489 325 1570 omniaque
347 1489 506 1552 hahentur
528 1491 561 1552 in
586 1491 688 1554 terris.
707 1489 809 1570 Dilige
832 1496 873 1564 te,

122 1603 142 1648 o
159 1586 348 1662 Christiane,
365 1588 525 1671 spirituali
546 1595 577 1650 et
592 1607 667 1652 vero
686 1606 804 1662 amore,
821 1589 875 1650 do-

122 1702 166 1745 na
187 1684 297 1764 gratiae
326 1704 363 1747 ac
390 1686 546 1748 virtutum
572 1687 721 1769 optando,
745 1703 874 1748 servan·

122 1783 445 1866 do,augendo,atque
459 1785 499 1846 ad
513 1783 647 1866 gloriam
663 1791 788 1848 aeternae
803 1783 874 1846 bea·

933 798 1049 881 ptialis,
1072 799 1104 860 in
1126 817 1201 862 vera
1225 817 1261 862 ac
1285 798 1408 861 fervida
1431 797 1486 860 Dei
1513 814 1550 858 ac
1574 795 1678 878 proxi-

932 916 1057 961 morum
1081 897 1210 960 caritate
1232 897 1351 979 jugiter
1374 914 1561 979 permanere
1583 902 1678 976 atque

931 995 1089 1078 prolicere
1108 996 1277 1070 enitamur,
1298 1013 1427 1058 ornnem
1446 1012 1576 1077 prorsus
1595 993 1680 1055 dete·

931 1102 1049 1157 stantes
1066 1094 1229 1156 invidiam.
1242 1094 1414 1157 Pensemus
1429 1111 1557 1176 quoque
1572 1091 1679 1154 distri·

931 1195 1070 1256 ctionem
1095 1193 1196 1255 divini
1219 1192 1333 1273 judicii
1363 1193 1395 1254 in
1426 1192 1487 1255 isto
1509 1191 1565 1274 qui
1590 1198 1678 1254 veste

931 1293 1032 1355 caruit
1047 1291 1196 1374 nuptiali,
1208 1310 1265 1374 per
1281 1310 1375 1374 quern
1390 1291 1597 1372 designantur
1610 1307 1678 1353 orn-

931 1410 987 1454 nes
1010 1392 1066 1474 qui
1092 1392 1125 1453 in
1154 1399 1285 1474 peccato
1309 1397 1434 1453 exstant
1459 1388 1593 1452 mortali.
1620 1387 1677 1461 Qui

931 1489 1078 1552 manibus
1111 1489 1311 1571 pedibusque
1345 1487 1459 1569 ligatis,
1491 1487 1600 1568 jussus
1631 1493 1679 1546 est

929 1587 1043 1670 projici
1065 1588 1098 1650 in
1119 1588 1266 1650 tenebras
1291 1585 1474 1660 infernales,
1494 1592 1528 1647 ut
1550 1584 1605 1667 qui
1626 1583 1679 1645 hic

930 1686 1073 1748 membra
1097 1705 1153 1748 sua
1177 1693 1286 1748 contra
1306 1684 1362 1747 llei
1386 1691 1545 1766 praecepta
1573 1691 1680 1744 exten-

929 1785 986 1859 dit,
1004 1785 1070 1846 illic
1090 1803 1127 1846 ea
1149 1783 1263 1847 habeat
1284 1783 1423 1847 vinculis
1444 1789 1569 1846 aeternae
1591 1783 1678 1844 dam-

122 1881 272 1944 titudinis
300 1883 483 1946 cordialiter
511 1883 703 1966 adspirando
730 1900 736 1944 :
763 1882 873 1964 sicque
892 1881 1066 1946 Bnationis
1093 1882 1273 1944 constricta.
1299 1883 1408 1964 ltaque
1435 1881 1583 1943 tenebras
1608 1881 1677 1943 illas

122 1979 284 2042 carnalem
299 1989 332 2043 et
346 1980 463 2044 lalsum
479 1982 526 2044 tui
547 1981 648 2063 ipsius
662 1999 804 2044 amorem
820 1980 873 2043 ab·

120 2076 275 2157 jioias‚ea
287 2097 490 2162 nequaquam
506 2080 715 2142 desiderando
730 2099 800 2162 quae
815 2079 875 2140 im-

121 2176 258 2258 pediunt
277 2196 296 2238 a
316 2177 518 2261 saluteque
537 2177 696 2241 cilensiva
714 2185 788 2241 sunt
807 2177 871 2252 Dei,

121 2281 155 2336 et
178 2275 339 2358 spirituali
362 2276 526 2339 dilectioni
555 2283 680 2340 exstant
703 2275 871 2350 contraria,

121 2381 159 2435 ut
188 2383 263 2437 sunt
291 2374 470 2457 voluptates
500 2375 653 2450 carnales,
679 2384 813 2440 terrene
841 2381 873 2438 et

120 2472 297 2554 superfluae
317 2473 546 2554 possessiones,
568 2482 628 2536 etc.

162 2570 327 2646 Quintum,
344 2579 393 2634 est
407 2570 575 2634 manifesta
590 2571 712 2635 malitia
726 2589 733 2634 :
745 2591 816 2655 quae
831 2572 872 2636 si·

118 2678 238 2750 gnatur
260 2689 318 2754 per
340 2688 394 2733 eos
419 2670 475 2752 qui
498 2687 606 2734 servos
628 2669 712 2752 regis
734 2671 872 2734 coelestis

120 2768 318 2832 contumelia
346 2768 481 2832 allectos
510 2769 720 2851 injustissime
750 2769 872 2833 occide·

121 2875 208 2930 runt.
224 2867 282 2930 Per
303 2884 383 2950 quos
403 2867 626 2950 intelliguntur
644 2886 756 2932 omnes
775 2867 872 2931 obsti·

120 2967 189 3028 nati
204 2984 241 3028 ac
261 2966 405 3049 pessimi,
422 2966 478 3048 qui
498 2984 551 3029 eos
570 2967 720 3049 aquibus
740 2967 873 3029 audiunt

928 1981 1025 2043 nimis
1051 1979 1220 2043 horribiles
1250 1979 1531 2061 intolerabilesque
1559 1977 1677 2041 inferni

927 2078 1068 2155 ioetores,
1084 2079 1266 2142 daemonum
1289 2078 1475 2140 metuendos
1495 2078 1675 2160 adspectus,

927 2178 1104 2259 gehennale
1128 2177 1229 2259 irigus
1248 2184 1280 2239 et
1301 2177 1408 2258 iguem
1428 2185 1594 2250 aeternum,
1610 2193 1677 2238 om·

927 2295 1002 2345 uem
1018 2277 1148 2339 demum
1168 2276 1407 2350 desolationem,
1423 2274 1677 2358 desperationem

927 2382 959 2436 ct
977 2373 1250 2458 perturbationem
1272 2375 1493 2438 damnatorum
1509 2372 1679 2455 sapientia·

927 2473 1000 2536 liter
1028 2474 1124 2537 modo
1153 2473 1296 2556 quotidie
1324 2472 1543 2555 inspiciamus,
1569 2489 1677 2534 verea-

927 2591 999 2635 mur
1023 2578 1054 2634 et
1073 2571 1217 2654 elingere
1241 2589 1369 2654 semper
1392 2588 1556 2645 conemur,
1580 2577 1676 2653 atque

927 2671 1078 2753 praedicta
1104 2671 1215 2733 salutis
1244 2689 1281 2733 ac
1309 2670 1417 2752 gratia
1443 2669 1674 2752 impedimenta

925 2770 1074 2834 vitemus.

975 2869 1103 2951 Legitur
1137 2869 1171 2930 in
1203 2867 1285 2932 libro
1317 2867 1462 2932 Jeremiae
1496 2867 1670 2950 propheta,

926 2968 1193 3052 quamadmodum
1210 2968 1278 3050 ipse
1291 2966 1442 3031 ieremias
1458 2965 1491 3028 in
1508 2972 1597 3030 utero
1613 2987 1676 3030 ma·
1688 2987 1819 3042 rens-ro.

119 3064 259 3127 verbum
284 3065 340 3127 Dei
364 3071 397 3127 et
419 3063 521 3146 justas
546 3065 790 3148 increpationes,
816 3085 873 3128 seu
891 3073 912 3136 C
927 3068 985 3131 tris
1009 3087 1074 3131 suae
1098 3065 1328 3141 sanctificatus,
1354 3073 1385 3128 et
1408 3084 1427 3127 a
1451 3066 1590 3148 pueritia
1617 3087 1674 3130 sua

120 3163 304 3227 caritativae
328 3182 366 3226 ac
387 3163 456 3246 pias
482 3164 726 3240 exhortationes,
749 3165 871 3240 odiunt,

119 3269 361 3346 persequuntur
384 3263 558 3325 autetiam
583 3264 758 3346 perimunt,
783 3263 874 3344 juata

14 3389 102 3438 omn.
119 3361 205 3424 illud
219 3363 315 3424 Amos
327 3377 334 3422 :
347 3359 424 3424 Odio
440 3361 620 3424 hahuerunt
635 3363 870 3445 corripientem,

120 3460 355 3542 alloquentem
371 3459 512 3542 perfecte
526 3460 701 3524 abominati
717 3470 800 3524 sunt.
818 3462 871 3524 lsti

13 3598 102 3636 aua,
118 3560 290 3623 advertant
305 3560 390 3641 quod
405 3559 554 3622 Salomon
571 3567 767 3623 contestatur
779 3579 786 3623 :
798 3561 872 3625 Viro

118 3659 178 3742 qui
196 3657 423 3741 corripientem
444 3658 521 3720 dura
542 3660 666 3722 cervice
683 3661 870 3734 contemnit,

117 3755 311 3840 repentinus
326 3756 531 3839 superveniet
550 3757 709 3819 interitus.
726 3759 779 3821 lsti
796 3767 870 3821 sunt

116 3855 245 3918 similes
260 3855 454 3938 phreneticis
470 3863 501 3916 et
514 3855 698 3918 furibundis
719 3855 868 3932 inlirmis,

117 3955 176 4037 qni
202 3953 357 4016 violentas
386 3953 535 4034 injiciunt
565 3973 678 4016 manus
704 3955 736 4016 in
765 3964 869 4038 patres

116 4071 195 4116 suos
211 4071 247 4115 ac
264 4052 404 4115 medicos
420 4053 466 4114 eis
481 4071 667 4116 succurrere
682 4055 868 4137 cupientes:

116 4151 186 4214 imo
203 4150 324 4212 similes
344 4159 419 4212 sunt
434 4150 553 4212 Scribis
572 4170 608 4213 ac
627 4151 802 4226 Pharisaeis,
819 4171 868 4214 ce-

928 3169 1042 3251 spiritu
1065 3166 1239 3250 prophetiae
1261 3166 1412 3248 repletus,
1433 3184 1451 3227 a
1474 3167 1674 3248 perversissi-

927 3267 989 3330 mis
1004 3265 1241 3346 incredulisque
1254 3264 1370 3328 ludaeis
1385 3264 1502 3328 multas
1517 3273 1674 3348 etgraves

927 3364 1148 3427 tribulationes
1177 3381 1346 3445 perpessus
1377 3369 1433 3425 est.
1465 3363 1545 3426 Nam
1574 3365 1673 3426 semel

927 3464 1083 3525 miserunt
1097 3480 1171 3524 eum
1192 3460 1225 3522 in
1245 3478 1392 3535 nervum,
1409 3468 1442 3521 et
1456 3478 1540 3541 saepe
1557 3460 1672 3532 incar·
1707 3480 1766 3526 reia.
1783 3495 1818 3534 n,

927 3579 1044 3634 cerem,
1066 3561 1131 3622 imo
1149 3558 1249 3621 semel
1270 3558 1302 3620 in
1323 3557 1611 3640 profundissimum
1632 3559 1673 3621 la·
1685 3545 1817 3658 {ffi'f

926 3679 1012 3734 cum,
1039 3659 1072 3721 in
1096 3674 1159 3740 quo
1184 3675 1247 3720 non
1272 3655 1334 3718 fuit
1357 3675 1449 3738 aqua,
1470 3657 1525 3718 sed
1547 3657 1671 3736 lutum;

925 3758 1150 3839 descenditque
1166 3756 1371 3819 beatissimus
1388 3755 1441 3817 ille
1455 3756 1610 3837 Propheta
1624 3777 1674 3819 us-

925 3875 987 3940 que
1002 3857 1041 3918 ad
1057 3873 1149 3917 renes
1165 3872 1239 3917 suos
1256 3854 1288 3916 in
1305 3871 1443 3917 coenum.
1461 3853 1530 3915 Alia
1545 3872 1671 3937 quoque

924 3956 995 4018 vice
1019 3953 1200 4017 diutissime
1224 3952 1305 4014 sedit
1328 3953 1361 4014 in
1387 3971 1524 4027 carcere,
1550 3961 1818 4028 susten-rotamur

925 4061 1007 4116 tatus
1036 4053 1156 4116 ibidem
1186 4069 1268 4134 pane
1292 4050 1506 4113 tribulationis
1535 4059 1566 4113 et
1589 4071 1671 4134 aqua
1686 4041 1816 4094 “wli

923 4152 1192 4233 angustiae,atque
1207 4149 1295 4212 omni
1311 4149 1451 4211 humano
1466 4149 1608 4230 privatus
1624 4099 1818 4213 ssp¹²¹71tteca=n

115 4249 263 4331 terisque
285 4248 413 4322 Judaeis,
432 4249 487 4330 qui
507 4249 665 4331 persecuti
687 4257 762 4311 sunt
781 4250 868 4312 Chri·
882 4246 906 4309 D
925 4251 1008 4315 latio.
1022 4251 1061 4311 Et
1075 4247 1329 4311 subsannabatur
1343 4247 1382 4309 ab
1397 4247 1558 4321 omnibus,
1570 4266 1607 4310 ac
1622 4268 1669 4310 ar·
1697 4269 1744 4313 rer.
1759 4283 1816 4324 svin,

115 4357 218 4422 stum,
235 4364 273 4409 eo
292 4347 378 4429 quod
400 4353 509 4409 eontra
528 4365 639 4410 eorum
660 4347 737 4410 vitia
757 4349 869 4430 praedi·

116 4447 216 4520 cavit,
243 4453 274 4507 et
303 4462 356 4507 cos
385 4445 541 4526 condigne
571 4445 734 4528 corripuit.
759 4448 867 4530 ltaque

116 4543 356 4626 increpationes
378 4543 480 4624 justas
504 4552 536 4606 et
559 4545 749 4620 caritativas,
772 4546 868 4608 inlor-

114 4643 273 4706 mationes
289 4641 439 4716 salubres,
448 4661 519 4705 cum
534 4643 618 4705 omni
634 4644 745 4724 gaudio
760 4653 791 4706 et
805 4663 870 4726 gra-

115 4743 234 4804 tiarum
249 4740 370 4802 actione
386 4741 671 4822 suscipiamus,nec
688 4743 789 4804 minus
804 4762 870 4824 gra·

114 4847 224 4902 tenter
252 4838 448 4920 accipiamus
477 4841 673 4902 curationem
698 4841 868 4904 vulnerum

114 4938 235 5000 animae
251 4944 367 5000 nostrae
383 4956 478 5018 quarn
495 4939 637 5020 corporis
653 4940 869 5022 nostri,quum

14 5061 98 5114 impr,
115 5037 150 5098 in
177 5035 358 5098 Proverbiis
387 5037 543 5118 scriptum
570 5037 611 5098 sit
637 5053 644 5098 :
670 5037 728 5111 Qui
758 5039 869 5120 abjicit

114 5132 338 5214 disciplinam,
360 5134 496 5215 despicit
519 5135 658 5196 animam
682 5154 790 5216 suam;
815 5138 869 5220 qui

114 5239 227 5295 autem
250 5232 424 5313 acquiescit
446 5233 729 5317 increpationibus,
745 5253 868 5319 posses-

115 5349 172 5394 sor
193 5335 243 5392 est
263 5330 376 5392 cordis.

1685 4336 1816 4388 ta;xx,7;

924 4348 1077 4432 septicius
1099 4366 1154 4409 seu
1175 4346 1323 4407 obsessus
1342 4363 1360 4406 a
1378 4344 1524 4426 pluribus
1543 4346 1670 4409 diceba·
1683 4399 1784 4448 mm,

923 4457 984 4510 tur.
1002 4446 1142 4509 'landem
1165 4463 1264 4526 quum
1287 4443 1353 4524 jarn
1376 4451 1484 4506 sancta
1505 4453 1669 4508 senectute

921 4542 1242 4628 grandevus,acriter
1258 4541 1437 4623 increparet
1451 4542 1605 4624 populum
1621 4564 1671 4606 su·

923 4664 978 4707 um
1009 4641 1247 4725 pravissimum,
1272 4639 1312 4702 ab
1341 4640 1452 4704 eodem
1482 4639 1599 4703 ictibus
1628 4642 1670 4705 la·
1705 4655 1813 4712 caan.

923 4744 1035 4828 pidum
1060 4748 1108 4803 est
1127 4739 1261 4803 occisus.
1279 4739 1316 4800 Et
1335 4739 1443 4802 omnia
1464 4739 1524 4801 ista
1546 4759 1603 4822 pro
1622 4742 1670 4822 ju·

924 4841 1009 4905 stitia
1033 4839 1175 4922 pertulit,
1198 4845 1229 4901 et
1253 4837 1404 4920 quoniam
1429 4837 1557 4919 plebem
1581 4839 1669 4902 illam

924 4939 1164 5004 vitiosissimam
1184 4937 1416 5019 reprehendere
1438 4955 1500 5000 non
1524 4940 1667 5001 cessavit.

925 5041 1006 5102 Ecce
1031 5036 1189 5120 preelecti
1214 5036 1308 5099 amici
1334 5054 1369 5099 ac
1392 5035 1454 5098 lilii
1475 5037 1531 5098 llei
1553 5045 1671 5119 quanta

925 5139 958 5201 in
974 5139 1034 5200 isto
1049 5137 1194 5219 perpessi
1210 5142 1284 5198 sunt
1298 5133 1425 5197 saeculo.
1438 5135 1581 5216 Ipsorum
1596 5154 1671 5216 ergo

925 5235 1082 5318 exemplo,
1099 5234 1285 5317 patientiam
1303 5241 1443 5296 sanctam
1460 5232 1618 5296 discamus
1634 5253 1671 5298 ac

924 5334 1044 5418 jugiter
1063 5333 1280 5396 observemus.

1683 4721 1725 4768 hh.
1738 4721 1814 4765 aott’.
1913 4767 1915 4772 ,
