<?xml version="1.0" encoding="UTF-8"?>
<!DOCTYPE html PUBLIC "-//W3C//DTD XHTML 1.0 Transitional//EN"
    "http://www.w3.org/TR/xhtml1/DTD/xhtml1-transitional.dtd">
<html xmlns="http://www.w3.org/1999/xhtml" xml:lang="en" lang="en">
 <head>
  <title>
</title>
<meta http-equiv="Content-Type" content="text/html;charset=utf-8" />
  <meta name='ocr-system' content='tesseract 3.04.00' />
  <meta name='ocr-capabilities' content='ocr_page ocr_carea ocr_par ocr_line ocrx_word'/>
</head>
<body>
  <div class='ocr_page' id='page_1' title='image "./doctorisecstati01unkngoog/doctorisecstati01unkngoog_0015.png"; bbox 0 0 4288 6264; ppageno 0'>
   <div class='ocr_carea' id='block_1_1' title="bbox 407 451 1651 519">
    <p class='ocr_par' dir='ltr' id='par_1_1' title="bbox 407 451 1651 519">
     <span class='ocr_line' id='line_1_1' title="bbox 407 451 1651 519; baseline -0.002 -3"><span class='ocrx_word' id='word_1_1' title='bbox 407 451 427 516; x_wconf 75' lang='lat'>2</span> <span class='ocrx_word' id='word_1_2' title='bbox 706 470 855 519; x_wconf 73' lang='lat' dir='ltr'>coturnica</span> <span class='ocrx_word' id='word_1_3' title='bbox 877 471 907 518; x_wconf 84' lang='lat' dir='ltr'>lv</span> <span class='ocrx_word' id='word_1_4' title='bbox 928 471 1000 516; x_wconf 81' lang='lat' dir='ltr'>POST</span> <span class='ocrx_word' id='word_1_5' title='bbox 1022 467 1151 516; x_wconf 71' lang='lat' dir='ltr'><strong>PASCUA·</strong></span> <span class='ocrx_word' id='word_1_6' title='bbox 1173 485 1215 499; x_wconf 91' lang='lat'><em>····</em></span> <span class='ocrx_word' id='word_1_7' title='bbox 1235 466 1409 516; x_wconf 70' lang='lat' dir='ltr'>thanniim</span> <span class='ocrx_word' id='word_1_8' title='bbox 1431 466 1463 514; x_wconf 83' lang='grc' dir='ltr'>ΙΝ</span> <span class='ocrx_word' id='word_1_9' title='bbox 1484 467 1651 516; x_wconf 75' lang='lat' dir='ltr'>urlsrotau</span> 
     </span>
    </p>
   </div>
   <div class='ocr_carea' id='block_1_2' title="bbox 255 635 2100 5245">
    <p class='ocr_par' dir='ltr' id='par_1_2' title="bbox 404 635 1950 722">
     <span class='ocr_line' id='line_1_2' title="bbox 404 635 1950 722; baseline -0.003 -20"><span class='ocrx_word' id='word_1_10' title='bbox 404 643 553 704; x_wconf 85' lang='lat' dir='ltr'>mutatio.</span> <span class='ocrx_word' id='word_1_11' title='bbox 570 641 654 704; x_wconf 87' lang='lat' dir='ltr'>Deus</span> <span class='ocrx_word' id='word_1_12' title='bbox 668 641 754 704; x_wconf 90' lang='lat' dir='ltr'>enim</span> <span class='ocrx_word' id='word_1_13' title='bbox 770 648 818 705; x_wconf 90' lang='lat' dir='ltr'>est</span> <span class='ocrx_word' id='word_1_14' title='bbox 831 647 920 704; x_wconf 90' lang='lat' dir='ltr'>actus</span> <span class='ocrx_word' id='word_1_15' title='bbox 936 657 1035 722; x_wconf 91' lang='lat' dir='ltr'>purus</span> <span class='ocrx_word' id='word_1_16' title='bbox 1051 645 1082 701; x_wconf 90' lang='lat' dir='ltr'>et</span> <span class='ocrx_word' id='word_1_17' title='bbox 1096 657 1153 701; x_wconf 92' lang='lat' dir='ltr'>ens</span> <span class='ocrx_word' id='word_1_18' title='bbox 1167 636 1193 700; x_wconf 80' lang='lat' dir='ltr'>A</span> <span class='ocrx_word' id='word_1_19' title='bbox 1208 645 1240 699; x_wconf 89' lang='lat' dir='ltr'>et</span> <span class='ocrx_word' id='word_1_20' title='bbox 1255 636 1417 699; x_wconf 80' lang='lat' dir='ltr'><strong>liberrime</strong></span> <span class='ocrx_word' id='word_1_21' title='bbox 1437 646 1551 700; x_wconf 90' lang='lat' dir='ltr'>cuncta</span> <span class='ocrx_word' id='word_1_22' title='bbox 1572 636 1691 698; x_wconf 87' lang='lat' dir='ltr'>creavit</span> <span class='ocrx_word' id='word_1_23' title='bbox 1705 635 1803 699; x_wconf 89' lang='lat' dir='ltr'>verbo</span> <span class='ocrx_word' id='word_1_24' title='bbox 1822 643 1950 707; x_wconf 77' lang='lat' dir='ltr'>eterno,</span> 
     </span>
    </p>

    <p class='ocr_par' dir='ltr' id='par_1_3' title="bbox 304 734 2097 1606">
     <span class='ocr_line' id='line_1_3' title="bbox 304 734 2097 822; baseline -0.002 -22"><span class='ocrx_word' id='word_1_25' title='bbox 304 774 308 781; x_wconf 88' lang='lat'><em>·</em></span> <span class='ocrx_word' id='word_1_26' title='bbox 404 739 549 803; x_wconf 90' lang='lat' dir='ltr'>absolute</span> <span class='ocrx_word' id='word_1_27' title='bbox 568 739 758 822; x_wconf 88' lang='lat' dir='ltr'>perlectum,</span> <span class='ocrx_word' id='word_1_28' title='bbox 775 739 807 800; x_wconf 93' lang='lat' dir='ltr'>in</span> <span class='ocrx_word' id='word_1_29' title='bbox 828 757 892 822; x_wconf 89' lang='lat' dir='ltr'>qno</span> <span class='ocrx_word' id='word_1_30' title='bbox 911 757 970 800; x_wconf 91' lang='lat' dir='ltr'>nec</span> <span class='ocrx_word' id='word_1_31' title='bbox 989 747 1037 800; x_wconf 89' lang='lat' dir='ltr'>cst</span> <span class='ocrx_word' id='word_1_32' title='bbox 1056 743 1153 800; x_wconf 88' lang='lat' dir='ltr'>mate·</span> <span class='ocrx_word' id='word_1_33' title='bbox 1206 737 1297 818; x_wconf 84' lang='lat' dir='ltr'>juxta</span> <span class='ocrx_word' id='word_1_34' title='bbox 1315 735 1394 798; x_wconf 93' lang='lat' dir='ltr'>illud</span> <span class='ocrx_word' id='word_1_35' title='bbox 1415 736 1447 798; x_wconf 90' lang='lat' dir='ltr'>in</span> <span class='ocrx_word' id='word_1_36' title='bbox 1465 736 1589 798; x_wconf 82' lang='lat' dir='ltr'>Psalmo</span> <span class='ocrx_word' id='word_1_37' title='bbox 1606 753 1613 797; x_wconf 93' lang='lat'>:</span> <span class='ocrx_word' id='word_1_38' title='bbox 1630 736 1700 816; x_wconf 93' lang='lat' dir='ltr'>lpse</span> <span class='ocrx_word' id='word_1_39' title='bbox 1717 735 1807 809; x_wconf 85' lang='lat' dir='ltr'>dixit,</span> <span class='ocrx_word' id='word_1_40' title='bbox 1824 743 1856 798; x_wconf 92' lang='lat' dir='ltr'>et</span> <span class='ocrx_word' id='word_1_41' title='bbox 1871 734 1952 797; x_wconf 88' lang='lat' dir='ltr'>lacta</span> <span class='ocrx_word' id='word_1_42' title='bbox 1967 745 2097 795; x_wconf 70' lang='lat' dir='ltr'>Pcmua·</span> 
     </span>
     <span class='ocr_line' id='line_1_4' title="bbox 405 833 2072 920; baseline -0.004 -21"><span class='ocrx_word' id='word_1_43' title='bbox 405 837 452 901; x_wconf 92' lang='lat' dir='ltr'>ria</span> <span class='ocrx_word' id='word_1_44' title='bbox 466 845 602 914; x_wconf 88' lang='lat' dir='ltr'>arctans,</span> <span class='ocrx_word' id='word_1_45' title='bbox 619 857 678 900; x_wconf 90' lang='lat' dir='ltr'>nec</span> <span class='ocrx_word' id='word_1_46' title='bbox 694 839 835 920; x_wconf 89' lang='lat' dir='ltr'>potentia</span> <span class='ocrx_word' id='word_1_47' title='bbox 852 837 1003 912; x_wconf 88' lang='lat' dir='ltr'>limitans,</span> <span class='ocrx_word' id='word_1_48' title='bbox 1020 855 1079 898; x_wconf 89' lang='lat' dir='ltr'>nec</span> <span class='ocrx_word' id='word_1_49' title='bbox 1095 835 1153 897; x_wconf 89' lang='lat' dir='ltr'>dii·</span> <span class='ocrx_word' id='word_1_50' title='bbox 1208 843 1299 915; x_wconf 92' lang='lat' dir='ltr'>sunt;</span> <span class='ocrx_word' id='word_1_51' title='bbox 1317 835 1467 917; x_wconf 90' lang='lat' dir='ltr'>itemque,</span> <span class='ocrx_word' id='word_1_52' title='bbox 1484 834 1587 897; x_wconf 90' lang='lat' dir='ltr'>Verbo</span> <span class='ocrx_word' id='word_1_53' title='bbox 1603 833 1729 897; x_wconf 82' lang='lat' dir='ltr'>Domini</span> <span class='ocrx_word' id='word_1_54' title='bbox 1745 833 1817 897; x_wconf 90' lang='lat' dir='ltr'>coeli</span> <span class='ocrx_word' id='word_1_55' title='bbox 1832 833 1951 896; x_wconf 84' lang='lat' dir='ltr'>firmati</span> <span class='ocrx_word' id='word_1_56' title='bbox 1980 843 2037 887; x_wconf 72' lang='lat' dir='ltr'>loia.</span> <span class='ocrx_word' id='word_1_57' title='bbox 2052 847 2072 886; x_wconf 76' lang='grc'>3.</span> 
     </span>
     <span class='ocr_line' id='line_1_5' title="bbox 403 931 1953 1014; baseline -0.002 -17"><span class='ocrx_word' id='word_1_58' title='bbox 403 935 539 999; x_wconf 86' lang='lat' dir='ltr'>larentia</span> <span class='ocrx_word' id='word_1_59' title='bbox 554 937 752 1000; x_wconf 90' lang='lat' dir='ltr'>contrahens.</span> <span class='ocrx_word' id='word_1_60' title='bbox 771 936 820 1000; x_wconf 90' lang='lat' dir='ltr'>Nil</span> <span class='ocrx_word' id='word_1_61' title='bbox 836 936 922 999; x_wconf 89' lang='lat' dir='ltr'>enim</span> <span class='ocrx_word' id='word_1_62' title='bbox 939 943 1084 999; x_wconf 88' lang='lat' dir='ltr'>movetur</span> <span class='ocrx_word' id='word_1_63' title='bbox 1099 941 1153 996; x_wconf 90' lang='lat' dir='ltr'>aut</span> <span class='ocrx_word' id='word_1_64' title='bbox 1207 941 1291 996; x_wconf 89' lang='lat' dir='ltr'>sunt.</span> <span class='ocrx_word' id='word_1_65' title='bbox 1310 933 1520 996; x_wconf 83' lang='lat' dir='ltr'>«Voluntaria</span> <span class='ocrx_word' id='word_1_66' title='bbox 1531 955 1548 992; x_wconf 88' lang='grc'>»</span> <span class='ocrx_word' id='word_1_67' title='bbox 1565 950 1640 1014; x_wconf 87' lang='lat' dir='ltr'>crgo</span> <span class='ocrx_word' id='word_1_68' title='bbox 1656 955 1672 992; x_wconf 81' lang='lat' dir='ltr'>u</span> <span class='ocrx_word' id='word_1_69' title='bbox 1687 932 1827 1014; x_wconf 84' lang='lat' dir='ltr'>genuit»</span> <span class='ocrx_word' id='word_1_70' title='bbox 1842 931 1890 1013; x_wconf 94' lang='lat' dir='ltr'>(id</span> <span class='ocrx_word' id='word_1_71' title='bbox 1905 939 1953 994; x_wconf 91' lang='lat' dir='ltr'>est</span> 
     </span>
     <span class='ocr_line' id='line_1_6' title="bbox 404 1029 1952 1118; baseline -0.003 -22"><span class='ocrx_word' id='word_1_72' title='bbox 404 1042 553 1110; x_wconf 88' lang='lat' dir='ltr'>mutatur,</span> <span class='ocrx_word' id='word_1_73' title='bbox 571 1035 632 1098; x_wconf 91' lang='lat' dir='ltr'>nisi</span> <span class='ocrx_word' id='word_1_74' title='bbox 653 1055 709 1098; x_wconf 93' lang='lat' dir='ltr'>ens</span> <span class='ocrx_word' id='word_1_75' title='bbox 729 1034 963 1118; x_wconf 82' lang='lat' dir='ltr'>imperfectum.</span> <span class='ocrx_word' id='word_1_76' title='bbox 981 1034 1084 1108; x_wconf 82' lang='lat' dir='ltr'>Quum</span> <span class='ocrx_word' id='word_1_77' title='bbox 1104 1051 1152 1095; x_wconf 90' lang='lat' dir='ltr'>er·</span> <span class='ocrx_word' id='word_1_78' title='bbox 1207 1031 1544 1113; x_wconf 77' lang='lat' dir='ltr'>creavil)«noS‚verho</span> <span class='ocrx_word' id='word_1_79' title='bbox 1558 1030 1776 1105; x_wconf 81' lang='lat' dir='ltr'>veritatis›&gt;,id</span> <span class='ocrx_word' id='word_1_80' title='bbox 1792 1038 1840 1092; x_wconf 89' lang='lat' dir='ltr'>est</span> <span class='ocrx_word' id='word_1_81' title='bbox 1855 1029 1952 1092; x_wconf 88' lang='lat' dir='ltr'>verbo</span> 
     </span>
     <span class='ocr_line' id='line_1_7' title="bbox 402 1129 2095 1214; baseline -0.001 -20"><span class='ocrx_word' id='word_1_82' title='bbox 402 1149 443 1212; x_wconf 93' lang='lat' dir='ltr'>go</span> <span class='ocrx_word' id='word_1_83' title='bbox 465 1133 548 1195; x_wconf 84' lang='lat' dir='ltr'>lleus</span> <span class='ocrx_word' id='word_1_84' title='bbox 575 1133 731 1214; x_wconf 85' lang='lat' dir='ltr'>gloriosus</span> <span class='ocrx_word' id='word_1_85' title='bbox 755 1141 786 1195; x_wconf 88' lang='lat' dir='ltr'>et</span> <span class='ocrx_word' id='word_1_86' title='bbox 811 1133 1000 1206; x_wconf 91' lang='lat' dir='ltr'>adorandus,</span> <span class='ocrx_word' id='word_1_87' title='bbox 1028 1132 1069 1194; x_wconf 89' lang='lat' dir='ltr'>sit</span> <span class='ocrx_word' id='word_1_88' title='bbox 1095 1149 1151 1193; x_wconf 93' lang='lat' dir='ltr'>ens</span> <span class='ocrx_word' id='word_1_89' title='bbox 1207 1131 1292 1212; x_wconf 90' lang='lat' dir='ltr'>quod</span> <span class='ocrx_word' id='word_1_90' title='bbox 1321 1138 1369 1192; x_wconf 89' lang='lat' dir='ltr'>est</span> <span class='ocrx_word' id='word_1_91' title='bbox 1392 1131 1508 1193; x_wconf 88' lang='lat' dir='ltr'>veritas</span> <span class='ocrx_word' id='word_1_92' title='bbox 1534 1129 1611 1211; x_wconf 90' lang='lat' dir='ltr'>ipsa.</span> <span class='ocrx_word' id='word_1_93' title='bbox 1639 1130 1750 1193; x_wconf 91' lang='lat' dir='ltr'>Omnia</span> <span class='ocrx_word' id='word_1_94' title='bbox 1779 1129 1866 1191; x_wconf 91' lang='lat' dir='ltr'>enim</span> <span class='ocrx_word' id='word_1_95' title='bbox 1895 1148 2095 1210; x_wconf 62' lang='lat' dir='ltr'>personare.</span> 
     </span>
     <span class='ocr_line' id='line_1_8' title="bbox 402 1226 1951 1310; baseline -0.002 -20"><span class='ocrx_word' id='word_1_96' title='bbox 402 1229 553 1310; x_wconf 90' lang='lat' dir='ltr'>primum,</span> <span class='ocrx_word' id='word_1_97' title='bbox 571 1249 746 1306; x_wconf 91' lang='lat' dir='ltr'>summum,</span> <span class='ocrx_word' id='word_1_98' title='bbox 762 1231 801 1293; x_wconf 87' lang='lat' dir='ltr'>ad</span> <span class='ocrx_word' id='word_1_99' title='bbox 821 1231 866 1293; x_wconf 94' lang='lat' dir='ltr'>nil</span> <span class='ocrx_word' id='word_1_100' title='bbox 887 1230 973 1292; x_wconf 92' lang='lat' dir='ltr'>aliud</span> <span class='ocrx_word' id='word_1_101' title='bbox 989 1229 1040 1291; x_wconf 91' lang='lat' dir='ltr'>vel</span> <span class='ocrx_word' id='word_1_102' title='bbox 1057 1227 1151 1290; x_wconf 91' lang='lat' dir='ltr'>altius</span> <span class='ocrx_word' id='word_1_103' title='bbox 1208 1228 1313 1310; x_wconf 92' lang='lat' dir='ltr'>ipsum</span> <span class='ocrx_word' id='word_1_104' title='bbox 1334 1227 1518 1302; x_wconf 85' lang='lat' dir='ltr'>factasunt,</span> <span class='ocrx_word' id='word_1_105' title='bbox 1535 1236 1567 1290; x_wconf 89' lang='lat' dir='ltr'>et</span> <span class='ocrx_word' id='word_1_106' title='bbox 1586 1228 1655 1290; x_wconf 92' lang='lat' dir='ltr'>sine</span> <span class='ocrx_word' id='word_1_107' title='bbox 1672 1227 1744 1309; x_wconf 74' lang='lat' dir='ltr'>&#39;ipso</span> <span class='ocrx_word' id='word_1_108' title='bbox 1765 1226 1883 1290; x_wconf 88' lang='lat' dir='ltr'>lactum</span> <span class='ocrx_word' id='word_1_109' title='bbox 1904 1234 1951 1290; x_wconf 92' lang='lat' dir='ltr'>est</span> 
     </span>
     <span class='ocr_line' id='line_1_9' title="bbox 402 1325 1948 1403; baseline -0.002 -15"><span class='ocrx_word' id='word_1_110' title='bbox 402 1326 590 1403; x_wconf 91' lang='lat' dir='ltr'>ordinabile,</span> <span class='ocrx_word' id='word_1_111' title='bbox 607 1329 662 1390; x_wconf 90' lang='lat' dir='ltr'>sed</span> <span class='ocrx_word' id='word_1_112' title='bbox 678 1329 824 1391; x_wconf 91' lang='lat' dir='ltr'>omnium</span> <span class='ocrx_word' id='word_1_113' title='bbox 845 1328 977 1390; x_wconf 90' lang='lat' dir='ltr'>ultimus</span> <span class='ocrx_word' id='word_1_114' title='bbox 993 1327 1080 1400; x_wconf 93' lang='lat' dir='ltr'>linis,</span> <span class='ocrx_word' id='word_1_115' title='bbox 1098 1345 1151 1388; x_wconf 91' lang='lat' dir='ltr'>nc·</span> <span class='ocrx_word' id='word_1_116' title='bbox 1207 1326 1294 1387; x_wconf 94' lang='lat' dir='ltr'>nihil.</span> <span class='ocrx_word' id='word_1_117' title='bbox 1304 1325 1425 1399; x_wconf 84' lang='lat' dir='ltr'>Quibus</span> <span class='ocrx_word' id='word_1_118' title='bbox 1441 1334 1592 1388; x_wconf 82' lang='lat' dir='ltr'><strong>consonat</strong></span> <span class='ocrx_word' id='word_1_119' title='bbox 1606 1325 1683 1387; x_wconf 92' lang='lat' dir='ltr'>illud</span> <span class='ocrx_word' id='word_1_120' title='bbox 1697 1325 1948 1388; x_wconf 88' lang='lat' dir='ltr'>Deuteronomii:</span> 
     </span>
     <span class='ocr_line' id='line_1_10' title="bbox 402 1420 2096 1507; baseline -0.002 -22"><span class='ocrx_word' id='word_1_121' title='bbox 402 1441 561 1506; x_wconf 89' lang='lat' dir='ltr'>quaquam</span> <span class='ocrx_word' id='word_1_122' title='bbox 587 1426 708 1488; x_wconf 92' lang='lat' dir='ltr'>moveri</span> <span class='ocrx_word' id='word_1_123' title='bbox 734 1432 839 1507; x_wconf 88' lang='lat' dir='ltr'>potest</span> <span class='ocrx_word' id='word_1_124' title='bbox 858 1433 913 1487; x_wconf 93' lang='lat' dir='ltr'>aut</span> <span class='ocrx_word' id='word_1_125' title='bbox 933 1422 1149 1494; x_wconf 88' lang='lat' dir='ltr'>transmutari,</span> <span class='ocrx_word' id='word_1_126' title='bbox 1205 1421 1316 1482; x_wconf 87' lang='lat' dir='ltr'><strong>Nonne</strong></span> <span class='ocrx_word' id='word_1_127' title='bbox 1332 1421 1400 1502; x_wconf 87' lang='lat' dir='ltr'>ipse</span> <span class='ocrx_word' id='word_1_128' title='bbox 1414 1429 1462 1482; x_wconf 90' lang='lat' dir='ltr'>cst</span> <span class='ocrx_word' id='word_1_129' title='bbox 1477 1427 1566 1502; x_wconf 90' lang='lat' dir='ltr'>pater</span> <span class='ocrx_word' id='word_1_130' title='bbox 1581 1427 1665 1494; x_wconf 92' lang='lat' dir='ltr'>tous,</span> <span class='ocrx_word' id='word_1_131' title='bbox 1682 1421 1737 1502; x_wconf 89' lang='lat' dir='ltr'>qui</span> <span class='ocrx_word' id='word_1_132' title='bbox 1752 1420 1893 1502; x_wconf 79' lang='lat' dir='ltr'>possedit</span> <span class='ocrx_word' id='word_1_133' title='bbox 1907 1427 1949 1494; x_wconf 91' lang='lat' dir='ltr'>te,</span> <span class='ocrx_word' id='word_1_134' title='bbox 1965 1446 2096 1497; x_wconf 62' lang='lat' dir='ltr'>heremi,</span> 
     </span>
     <span class='ocr_line' id='line_1_11' title="bbox 402 1513 1987 1606; baseline -0.003 -22"><span class='ocrx_word' id='word_1_135' title='bbox 402 1522 458 1585; x_wconf 90' lang='lat' dir='ltr'>sed</span> <span class='ocrx_word' id='word_1_136' title='bbox 480 1523 550 1606; x_wconf 92' lang='lat' dir='ltr'>ipse</span> <span class='ocrx_word' id='word_1_137' title='bbox 571 1524 695 1588; x_wconf 87' lang='lat' dir='ltr'>stabilis</span> <span class='ocrx_word' id='word_1_138' title='bbox 718 1543 862 1600; x_wconf 90' lang='lat' dir='ltr'>manens,</span> <span class='ocrx_word' id='word_1_139' title='bbox 879 1524 932 1586; x_wconf 93' lang='lat' dir='ltr'>dat</span> <span class='ocrx_word' id='word_1_140' title='bbox 951 1531 1065 1586; x_wconf 90' lang='lat' dir='ltr'>cuncta</span> <span class='ocrx_word' id='word_1_141' title='bbox 1087 1541 1152 1585; x_wconf 90' lang='lat' dir='ltr'>mo·</span> <span class='ocrx_word' id='word_1_142' title='bbox 1206 1527 1238 1581; x_wconf 91' lang='lat' dir='ltr'>ct</span> <span class='ocrx_word' id='word_1_143' title='bbox 1253 1518 1329 1581; x_wconf 89' lang='lat' dir='ltr'>lecit</span> <span class='ocrx_word' id='word_1_144' title='bbox 1348 1526 1380 1581; x_wconf 90' lang='lat' dir='ltr'>et</span> <span class='ocrx_word' id='word_1_145' title='bbox 1395 1519 1514 1581; x_wconf 89' lang='lat' dir='ltr'>creavit</span> <span class='ocrx_word' id='word_1_146' title='bbox 1528 1521 1582 1580; x_wconf 82' lang='lat' dir='ltr'>tel</span> <span class='ocrx_word' id='word_1_147' title='bbox 1602 1518 1735 1593; x_wconf 85' lang='lat' dir='ltr'>Quidam</span> <span class='ocrx_word' id='word_1_148' title='bbox 1753 1526 1861 1581; x_wconf 89' lang='lat' dir='ltr'>autem</span> <span class='ocrx_word' id='word_1_149' title='bbox 1883 1518 1952 1600; x_wconf 93' lang='lat' dir='ltr'>phi·</span> <span class='ocrx_word' id='word_1_150' title='bbox 1965 1513 1987 1553; x_wconf 77' lang='lat'>⁰·</span> 
     </span>
    </p>

    <p class='ocr_par' dir='ltr' id='par_1_4' title="bbox 255 1616 2100 5245">
     <span class='ocr_line' id='line_1_12' title="bbox 255 1616 1951 1705; baseline 0 -26"><span class='ocrx_word' id='word_1_151' title='bbox 255 1621 479 1686; x_wconf 70' lang='lat' dir='ltr'>naucarcveri.</span> <span class='ocrx_word' id='word_1_152' title='bbox 503 1623 582 1685; x_wconf 87' lang='lat' dir='ltr'>llinc</span> <span class='ocrx_word' id='word_1_153' title='bbox 606 1641 664 1704; x_wconf 91' lang='lat' dir='ltr'>per</span> <span class='ocrx_word' id='word_1_154' title='bbox 686 1623 872 1685; x_wconf 83' lang='lat' dir='ltr'>Malachiam</span> <span class='ocrx_word' id='word_1_155' title='bbox 897 1622 1037 1705; x_wconf 91' lang='lat' dir='ltr'>loquitur</span> <span class='ocrx_word' id='word_1_156' title='bbox 1059 1641 1065 1685; x_wconf 95' lang='lat'><strong>:</strong></span> <span class='ocrx_word' id='word_1_157' title='bbox 1087 1621 1152 1702; x_wconf 82' lang='lat' dir='ltr'>Ego</span> <span class='ocrx_word' id='word_1_158' title='bbox 1208 1616 1330 1698; x_wconf 93' lang='lat' dir='ltr'>losophi</span> <span class='ocrx_word' id='word_1_159' title='bbox 1359 1623 1551 1698; x_wconf 90' lang='lat' dir='ltr'>putaverunt</span> <span class='ocrx_word' id='word_1_160' title='bbox 1579 1616 1687 1679; x_wconf 91' lang='lat' dir='ltr'>omnia</span> <span class='ocrx_word' id='word_1_161' title='bbox 1716 1616 1951 1699; x_wconf 81' lang='lat' dir='ltr'>profluxissea</span> 
     </span>
     <span class='ocr_line' id='line_1_13' title="bbox 255 1701 1952 1802; baseline -0.003 -19"><span class='ocrx_word' id='word_1_162' title='bbox 255 1701 275 1743; x_wconf 81' lang='lat'>⁰·</span> <span class='ocrx_word' id='word_1_163' title='bbox 403 1719 568 1796; x_wconf 84' lang='lat' dir='ltr'>Dominus,</span> <span class='ocrx_word' id='word_1_164' title='bbox 584 1729 616 1784; x_wconf 94' lang='lat' dir='ltr'>et</span> <span class='ocrx_word' id='word_1_165' title='bbox 635 1739 698 1784; x_wconf 94' lang='lat' dir='ltr'>non</span> <span class='ocrx_word' id='word_1_166' title='bbox 721 1728 834 1784; x_wconf 90' lang='lat' dir='ltr'>mutor.</span> <span class='ocrx_word' id='word_1_167' title='bbox 853 1723 887 1783; x_wconf 95' lang='lat' dir='ltr'>ln</span> <span class='ocrx_word' id='word_1_168' title='bbox 906 1721 1054 1784; x_wconf 92' lang='lat' dir='ltr'>Numeris</span> <span class='ocrx_word' id='word_1_169' title='bbox 1073 1737 1150 1802; x_wconf 89' lang='lat' dir='ltr'>quo·</span> <span class='ocrx_word' id='word_1_170' title='bbox 1207 1715 1349 1778; x_wconf 88' lang='lat' dir='ltr'>Deonon</span> <span class='ocrx_word' id='word_1_171' title='bbox 1369 1715 1663 1798; x_wconf 86' lang='lat' dir='ltr'>quasivoluntarie,</span> <span class='ocrx_word' id='word_1_172' title='bbox 1680 1716 1734 1778; x_wconf 92' lang='lat' dir='ltr'>sed</span> <span class='ocrx_word' id='word_1_173' title='bbox 1750 1716 1952 1798; x_wconf 89' lang='lat' dir='ltr'>permodum</span> 
     </span>
     <span class='ocr_line' id='line_1_14' title="bbox 260 1814 1953 1902; baseline -0.002 -22"><span class='ocrx_word' id='word_1_174' title='bbox 260 1831 390 1884; x_wconf 72' lang='grc' dir='ltr'>Νιωυιιιι,</span> <span class='ocrx_word' id='word_1_175' title='bbox 402 1837 465 1902; x_wconf 91' lang='lat' dir='ltr'>que</span> <span class='ocrx_word' id='word_1_176' title='bbox 484 1819 585 1882; x_wconf 82' lang='lat' dir='ltr'>fertur</span> <span class='ocrx_word' id='word_1_177' title='bbox 602 1839 609 1886; x_wconf 74' lang='grc' dir='ltr'><strong>ε</strong></span> <span class='ocrx_word' id='word_1_178' title='bbox 625 1820 694 1883; x_wconf 92' lang='lat' dir='ltr'>Non</span> <span class='ocrx_word' id='word_1_179' title='bbox 715 1827 763 1882; x_wconf 90' lang='lat' dir='ltr'>est</span> <span class='ocrx_word' id='word_1_180' title='bbox 782 1820 865 1882; x_wconf 82' lang='lat' dir='ltr'>lleus</span> <span class='ocrx_word' id='word_1_181' title='bbox 884 1819 974 1902; x_wconf 85' lang='lat' dir='ltr'>quasi</span> <span class='ocrx_word' id='word_1_182' title='bbox 994 1819 1098 1892; x_wconf 91' lang='lat' dir='ltr'>homo,</span> <span class='ocrx_word' id='word_1_183' title='bbox 1116 1826 1151 1879; x_wconf 87' lang='lat' dir='ltr'>ut</span> <span class='ocrx_word' id='word_1_184' title='bbox 1168 1816 1192 1877; x_wconf 91' lang='lat' dir='ltr'>B</span> <span class='ocrx_word' id='word_1_185' title='bbox 1207 1814 1359 1876; x_wconf 88' lang='lat' dir='ltr'>naturalis</span> <span class='ocrx_word' id='word_1_186' title='bbox 1379 1815 1613 1876; x_wconf 81' lang='lat' dir='ltr'>emanationis:</span> <span class='ocrx_word' id='word_1_187' title='bbox 1636 1831 1772 1896; x_wconf 91' lang='lat' dir='ltr'>quorum</span> <span class='ocrx_word' id='word_1_188' title='bbox 1791 1832 1879 1878; x_wconf 90' lang='lat' dir='ltr'>error</span> <span class='ocrx_word' id='word_1_189' title='bbox 1896 1833 1953 1896; x_wconf 89' lang='lat' dir='ltr'>per</span> 
     </span>
     <span class='ocr_line' id='line_1_15' title="bbox 256 1898 1953 1999; baseline -0.004 -19"><span class='ocrx_word' id='word_1_190' title='bbox 256 1898 289 1941; x_wconf 52' lang='grc' dir='ltr'>ω·</span> <span class='ocrx_word' id='word_1_191' title='bbox 403 1917 592 1999; x_wconf 89' lang='lat' dir='ltr'>mentiatur;</span> <span class='ocrx_word' id='word_1_192' title='bbox 613 1926 727 1981; x_wconf 85' lang='lat' dir='ltr'>nec&#39;ut</span> <span class='ocrx_word' id='word_1_193' title='bbox 748 1917 837 1981; x_wconf 86' lang='lat' dir='ltr'>lilius</span> <span class='ocrx_word' id='word_1_194' title='bbox 859 1917 1009 1992; x_wconf 90' lang='lat' dir='ltr'>hominis,</span> <span class='ocrx_word' id='word_1_195' title='bbox 1026 1923 1061 1979; x_wconf 93' lang='lat' dir='ltr'>ut</span> <span class='ocrx_word' id='word_1_196' title='bbox 1083 1936 1151 1978; x_wconf 93' lang='lat' dir='ltr'>mu·</span> <span class='ocrx_word' id='word_1_197' title='bbox 1206 1911 1357 1992; x_wconf 73' lang='lat' dir='ltr'>praedicta</span> <span class='ocrx_word' id='word_1_198' title='bbox 1372 1913 1555 1974; x_wconf 81' lang='lat' dir='ltr'>destruitur.</span> <span class='ocrx_word' id='word_1_199' title='bbox 1569 1912 1713 1995; x_wconf 89' lang='lat' dir='ltr'>Secundo</span> <span class='ocrx_word' id='word_1_200' title='bbox 1728 1913 1899 1994; x_wconf 80' lang='lat' dir='ltr'>exponitur</span> <span class='ocrx_word' id='word_1_201' title='bbox 1913 1913 1953 1975; x_wconf 91' lang='lat' dir='ltr'>is·</span> 
     </span>
     <span class='ocr_line' id='line_1_16' title="bbox 267 2011 1952 2098; baseline -0.005 -16"><span class='ocrx_word' id='word_1_202' title='bbox 267 2037 386 2093; x_wconf 66' lang='lat' dir='ltr'>trimo,</span> <span class='ocrx_word' id='word_1_203' title='bbox 400 2023 494 2078; x_wconf 89' lang='lat' dir='ltr'>tetur.</span> <span class='ocrx_word' id='word_1_204' title='bbox 511 2017 595 2090; x_wconf 90' lang='lat' dir='ltr'>ldeo,</span> <span class='ocrx_word' id='word_1_205' title='bbox 610 2017 701 2098; x_wconf 85' lang='lat' dir='ltr'>juxta</span> <span class='ocrx_word' id='word_1_206' title='bbox 722 2017 866 2092; x_wconf 89' lang='lat' dir='ltr'>Paulum,</span> <span class='ocrx_word' id='word_1_207' title='bbox 884 2016 969 2079; x_wconf 91' lang='lat' dir='ltr'>solus</span> <span class='ocrx_word' id='word_1_208' title='bbox 992 2017 1074 2078; x_wconf 84' lang='lat' dir='ltr'>Deus</span> <span class='ocrx_word' id='word_1_209' title='bbox 1097 2016 1150 2078; x_wconf 93' lang='lat' dir='ltr'>ha·</span> <span class='ocrx_word' id='word_1_210' title='bbox 1205 2011 1261 2072; x_wconf 91' lang='lat' dir='ltr'>tud</span> <span class='ocrx_word' id='word_1_211' title='bbox 1281 2011 1320 2072; x_wconf 92' lang='lat' dir='ltr'>de</span> <span class='ocrx_word' id='word_1_212' title='bbox 1340 2011 1577 2092; x_wconf 87' lang='lat' dir='ltr'>regeneratione</span> <span class='ocrx_word' id='word_1_213' title='bbox 1597 2011 1630 2073; x_wconf 90' lang='lat' dir='ltr'>in</span> <span class='ocrx_word' id='word_1_214' title='bbox 1651 2030 1732 2093; x_wconf 88' lang='lat' dir='ltr'>aqua</span> <span class='ocrx_word' id='word_1_215' title='bbox 1751 2011 1952 2094; x_wconf 88' lang='lat' dir='ltr'>Baptismatis</span> 
     </span>
     <span class='ocr_line' id='line_1_17' title="bbox 255 2106 1950 2190; baseline -0.002 -14"><span class='ocrx_word' id='word_1_216' title='bbox 255 2106 288 2148; x_wconf 79' lang='lat'>¹⁰·</span> <span class='ocrx_word' id='word_1_217' title='bbox 400 2113 455 2176; x_wconf 92' lang='lat' dir='ltr'>bet</span> <span class='ocrx_word' id='word_1_218' title='bbox 484 2115 767 2190; x_wconf 88' lang='lat' dir='ltr'>immortalitatem,</span> <span class='ocrx_word' id='word_1_219' title='bbox 794 2115 826 2177; x_wconf 92' lang='lat' dir='ltr'>id</span> <span class='ocrx_word' id='word_1_220' title='bbox 856 2122 903 2176; x_wconf 90' lang='lat' dir='ltr'>est</span> <span class='ocrx_word' id='word_1_221' title='bbox 931 2114 1148 2177; x_wconf 91' lang='lat' dir='ltr'>omnimodam</span> <span class='ocrx_word' id='word_1_222' title='bbox 1205 2108 1950 2189; x_wconf 80' lang='lat' dir='ltr'>subformaverhorumaChristotraditorum,</span> 
     </span>
     <span class='ocr_line' id='line_1_18' title="bbox 401 2207 1951 2289; baseline -0.003 -15"><span class='ocrx_word' id='word_1_223' title='bbox 401 2212 690 2276; x_wconf 89' lang='lat' dir='ltr'>invariabilitatem.</span> <span class='ocrx_word' id='word_1_224' title='bbox 718 2213 828 2275; x_wconf 88' lang='lat' dir='ltr'>Omnis</span> <span class='ocrx_word' id='word_1_225' title='bbox 857 2220 963 2275; x_wconf 87' lang='lat' dir='ltr'>autern</span> <span class='ocrx_word' id='word_1_226' title='bbox 993 2219 1147 2287; x_wconf 90' lang='lat' dir='ltr'>creatura,</span> <span class='ocrx_word' id='word_1_227' title='bbox 1204 2227 1275 2289; x_wconf 78' lang='lat' dir='ltr'>quaa</span> <span class='ocrx_word' id='word_1_228' title='bbox 1291 2215 1365 2269; x_wconf 91' lang='lat' dir='ltr'>sunt</span> <span class='ocrx_word' id='word_1_229' title='bbox 1379 2207 1476 2271; x_wconf 88' lang='lat' dir='ltr'>verba</span> <span class='ocrx_word' id='word_1_230' title='bbox 1491 2208 1633 2270; x_wconf 87' lang='lat' dir='ltr'>veritatis</span> <span class='ocrx_word' id='word_1_231' title='bbox 1649 2214 1784 2283; x_wconf 76' lang='lat' dir='ltr'>aeternae,</span> <span class='ocrx_word' id='word_1_232' title='bbox 1795 2216 1827 2270; x_wconf 87' lang='lat' dir='ltr'>et</span> <span class='ocrx_word' id='word_1_233' title='bbox 1842 2209 1951 2271; x_wconf 91' lang='lat' dir='ltr'>dicun-</span> 
     </span>
     <span class='ocr_line' id='line_1_19' title="bbox 400 2304 1952 2393; baseline -0.003 -21"><span class='ocrx_word' id='word_1_234' title='bbox 400 2328 438 2372; x_wconf 89' lang='lat' dir='ltr'>eo</span> <span class='ocrx_word' id='word_1_235' title='bbox 454 2309 523 2393; x_wconf 93' lang='lat' dir='ltr'>ipso</span> <span class='ocrx_word' id='word_1_236' title='bbox 543 2327 606 2392; x_wconf 89' lang='lat' dir='ltr'>quo</span> <span class='ocrx_word' id='word_1_237' title='bbox 624 2329 663 2372; x_wconf 89' lang='lat' dir='ltr'>ex</span> <span class='ocrx_word' id='word_1_238' title='bbox 683 2310 783 2372; x_wconf 88' lang='lat' dir='ltr'>nihilo</span> <span class='ocrx_word' id='word_1_239' title='bbox 799 2316 857 2384; x_wconf 87' lang='lat' dir='ltr'>est,</span> <span class='ocrx_word' id='word_1_240' title='bbox 875 2310 908 2372; x_wconf 93' lang='lat' dir='ltr'>in</span> <span class='ocrx_word' id='word_1_241' title='bbox 928 2309 1066 2372; x_wconf 93' lang='lat' dir='ltr'>nihilum</span> <span class='ocrx_word' id='word_1_242' title='bbox 1081 2329 1149 2372; x_wconf 91' lang='lat' dir='ltr'>ver·</span> <span class='ocrx_word' id='word_1_243' title='bbox 1205 2311 1257 2366; x_wconf 92' lang='lat' dir='ltr'>tur</span> <span class='ocrx_word' id='word_1_244' title='bbox 1276 2305 1373 2366; x_wconf 89' lang='lat' dir='ltr'>etiam</span> <span class='ocrx_word' id='word_1_245' title='bbox 1393 2323 1498 2367; x_wconf 90' lang='lat' dir='ltr'>sermo</span> <span class='ocrx_word' id='word_1_246' title='bbox 1517 2324 1573 2367; x_wconf 91' lang='lat' dir='ltr'>scu</span> <span class='ocrx_word' id='word_1_247' title='bbox 1591 2304 1725 2367; x_wconf 89' lang='lat' dir='ltr'>verbum</span> <span class='ocrx_word' id='word_1_248' title='bbox 1744 2305 1886 2368; x_wconf 92' lang='lat' dir='ltr'>veritatis</span> <span class='ocrx_word' id='word_1_249' title='bbox 1906 2307 1952 2368; x_wconf 93' lang='lat' dir='ltr'>in·</span> 
     </span>
     <span class='ocr_line' id='line_1_20' title="bbox 399 2403 1951 2490; baseline -0.001 -21"><span class='ocrx_word' id='word_1_250' title='bbox 399 2407 500 2470; x_wconf 91' lang='lat' dir='ltr'>tibilis</span> <span class='ocrx_word' id='word_1_251' title='bbox 520 2416 568 2471; x_wconf 86' lang='lat' dir='ltr'>est</span> <span class='ocrx_word' id='word_1_252' title='bbox 587 2428 627 2471; x_wconf 81' lang='lat' dir='ltr'>cx</span> <span class='ocrx_word' id='word_1_253' title='bbox 646 2428 679 2471; x_wconf 91' lang='lat' dir='ltr'>se</span> <span class='ocrx_word' id='word_1_254' title='bbox 697 2409 775 2490; x_wconf 91' lang='lat' dir='ltr'>ipsa,</span> <span class='ocrx_word' id='word_1_255' title='bbox 790 2408 830 2471; x_wconf 90' lang='lat' dir='ltr'>ad</span> <span class='ocrx_word' id='word_1_256' title='bbox 850 2427 941 2470; x_wconf 91' lang='lat' dir='ltr'>suam</span> <span class='ocrx_word' id='word_1_257' title='bbox 961 2407 1148 2470; x_wconf 90' lang='lat' dir='ltr'>nihileitatis</span> <span class='ocrx_word' id='word_1_258' title='bbox 1204 2411 1325 2467; x_wconf 76' lang='lat' dir='ltr'>creata.</span> <span class='ocrx_word' id='word_1_259' title='bbox 1336 2404 1529 2486; x_wconf 83' lang='lat' dir='ltr'>Frequenter</span> <span class='ocrx_word' id='word_1_260' title='bbox 1544 2403 1631 2465; x_wconf 90' lang='lat' dir='ltr'>enim</span> <span class='ocrx_word' id='word_1_261' title='bbox 1646 2403 1802 2486; x_wconf 86' lang='lat' dir='ltr'>accipitur</span> <span class='ocrx_word' id='word_1_262' title='bbox 1816 2404 1951 2468; x_wconf 91' lang='lat' dir='ltr'>verbum</span> 
     </span>
     <span class='ocr_line' id='line_1_21' title="bbox 399 2502 1950 2588; baseline -0.001 -21"><span class='ocrx_word' id='word_1_263' title='bbox 399 2505 555 2587; x_wconf 88' lang='lat' dir='ltr'>originem</span> <span class='ocrx_word' id='word_1_264' title='bbox 578 2514 769 2588; x_wconf 88' lang='lat' dir='ltr'>comparata,</span> <span class='ocrx_word' id='word_1_265' title='bbox 792 2513 827 2568; x_wconf 92' lang='lat' dir='ltr'>ut</span> <span class='ocrx_word' id='word_1_266' title='bbox 848 2506 961 2569; x_wconf 91' lang='lat' dir='ltr'>asserit</span> <span class='ocrx_word' id='word_1_267' title='bbox 984 2505 1148 2568; x_wconf 87' lang='lat' dir='ltr'>Damasce-</span> <span class='ocrx_word' id='word_1_268' title='bbox 1204 2520 1262 2584; x_wconf 95' lang='lat' dir='ltr'>pro</span> <span class='ocrx_word' id='word_1_269' title='bbox 1277 2502 1455 2584; x_wconf 80' lang='lat' dir='ltr'>comploro</span> <span class='ocrx_word' id='word_1_270' title='bbox 1481 2503 1663 2576; x_wconf 88' lang='lat' dir='ltr'>verborum,</span> <span class='ocrx_word' id='word_1_271' title='bbox 1689 2503 1773 2565; x_wconf 90' lang='lat' dir='ltr'>sicut</span> <span class='ocrx_word' id='word_1_272' title='bbox 1797 2503 1830 2565; x_wconf 92' lang='lat' dir='ltr'>iu</span> <span class='ocrx_word' id='word_1_273' title='bbox 1860 2503 1950 2566; x_wconf 87' lang='lat' dir='ltr'>libris</span> 
     </span>
     <span class='ocr_line' id='line_1_22' title="bbox 398 2599 1949 2685; baseline -0.002 -20"><span class='ocrx_word' id='word_1_274' title='bbox 398 2623 459 2666; x_wconf 91' lang='lat' dir='ltr'>nus</span> <span class='ocrx_word' id='word_1_275' title='bbox 466 2621 475 2685; x_wconf 90' lang='lat'>;</span> <span class='ocrx_word' id='word_1_276' title='bbox 491 2612 522 2667; x_wconf 86' lang='lat' dir='ltr'>et</span> <span class='ocrx_word' id='word_1_277' title='bbox 543 2612 719 2668; x_wconf 90' lang='lat' dir='ltr'>verteretur</span> <span class='ocrx_word' id='word_1_278' title='bbox 744 2605 776 2667; x_wconf 95' lang='lat' dir='ltr'>iu</span> <span class='ocrx_word' id='word_1_279' title='bbox 801 2603 883 2667; x_wconf 92' lang='lat' dir='ltr'>nihil</span> <span class='ocrx_word' id='word_1_280' title='bbox 906 2604 967 2667; x_wconf 91' lang='lat' dir='ltr'>nisi</span> <span class='ocrx_word' id='word_1_281' title='bbox 992 2604 1147 2667; x_wconf 77' lang='lat' dir='ltr'>Crantoris</span> <span class='ocrx_word' id='word_1_282' title='bbox 1203 2601 1430 2682; x_wconf 84' lang='lat' dir='ltr'>Prophetarum</span> <span class='ocrx_word' id='word_1_283' title='bbox 1448 2601 1601 2662; x_wconf 84' lang='lat' dir='ltr'>:Factum</span> <span class='ocrx_word' id='word_1_284' title='bbox 1620 2609 1668 2663; x_wconf 90' lang='lat' dir='ltr'>est</span> <span class='ocrx_word' id='word_1_285' title='bbox 1687 2601 1726 2664; x_wconf 92' lang='lat' dir='ltr'>ad</span> <span class='ocrx_word' id='word_1_286' title='bbox 1745 2620 1796 2663; x_wconf 92' lang='lat' dir='ltr'>me</span> <span class='ocrx_word' id='word_1_287' title='bbox 1816 2599 1949 2663; x_wconf 89' lang='lat' dir='ltr'>verbum</span> 
     </span>
     <span class='ocr_line' id='line_1_23' title="bbox 398 2697 1949 2786; baseline -0.003 -20"><span class='ocrx_word' id='word_1_288' title='bbox 398 2702 628 2786; x_wconf 88' lang='lat' dir='ltr'>omnipotentia</span> <span class='ocrx_word' id='word_1_289' title='bbox 647 2711 898 2778; x_wconf 85' lang='lat' dir='ltr'>conservaretur,</span> <span class='ocrx_word' id='word_1_290' title='bbox 911 2711 947 2765; x_wconf 97' lang='lat' dir='ltr'>ut</span> <span class='ocrx_word' id='word_1_291' title='bbox 965 2703 1061 2766; x_wconf 89' lang='lat' dir='ltr'>etiam</span> <span class='ocrx_word' id='word_1_292' title='bbox 1080 2703 1146 2765; x_wconf 92' lang='lat' dir='ltr'>Pla·</span> <span class='ocrx_word' id='word_1_293' title='bbox 1203 2697 1339 2761; x_wconf 87' lang='lat' dir='ltr'>Domini.</span> <span class='ocrx_word' id='word_1_294' title='bbox 1360 2698 1398 2759; x_wconf 83' lang='lat' dir='ltr'>Et</span> <span class='ocrx_word' id='word_1_295' title='bbox 1421 2699 1454 2760; x_wconf 96' lang='lat' dir='ltr'>in</span> <span class='ocrx_word' id='word_1_296' title='bbox 1480 2697 1562 2760; x_wconf 92' lang='lat' dir='ltr'>libro</span> <span class='ocrx_word' id='word_1_297' title='bbox 1584 2699 1732 2760; x_wconf 86' lang='lat' dir='ltr'>lodicum</span> <span class='ocrx_word' id='word_1_298' title='bbox 1755 2699 1821 2762; x_wconf 86' lang='lat' dir='ltr'>Aod</span> <span class='ocrx_word' id='word_1_299' title='bbox 1844 2699 1889 2760; x_wconf 92' lang='lat' dir='ltr'>ait</span> <span class='ocrx_word' id='word_1_300' title='bbox 1910 2699 1949 2762; x_wconf 90' lang='lat' dir='ltr'>ad</span> 
     </span>
     <span class='ocr_line' id='line_1_24' title="bbox 397 2796 2094 2887; baseline -0.001 -23"><span class='ocrx_word' id='word_1_301' title='bbox 397 2809 430 2864; x_wconf 89' lang='lat' dir='ltr'>to</span> <span class='ocrx_word' id='word_1_302' title='bbox 452 2801 485 2863; x_wconf 92' lang='lat' dir='ltr'>in</span> <span class='ocrx_word' id='word_1_303' title='bbox 507 2801 612 2884; x_wconf 94' lang='lat' dir='ltr'>primo</span> <span class='ocrx_word' id='word_1_304' title='bbox 631 2801 741 2865; x_wconf 75' lang='lat' dir='ltr'>Timaei</span> <span class='ocrx_word' id='word_1_305' title='bbox 764 2802 890 2876; x_wconf 86' lang='lat' dir='ltr'>latetur,</span> <span class='ocrx_word' id='word_1_306' title='bbox 908 2802 963 2865; x_wconf 93' lang='lat' dir='ltr'>ubi</span> <span class='ocrx_word' id='word_1_307' title='bbox 983 2820 1145 2865; x_wconf 91' lang='lat' dir='ltr'>summum</span> <span class='ocrx_word' id='word_1_308' title='bbox 1202 2815 1310 2878; x_wconf 87' lang='lat' dir='ltr'>regem</span> <span class='ocrx_word' id='word_1_309' title='bbox 1325 2796 1424 2876; x_wconf 85' lang='lat' dir='ltr'>Eglon</span> <span class='ocrx_word' id='word_1_310' title='bbox 1442 2813 1449 2856; x_wconf 79' lang='lat' dir='ltr'>t</span> <span class='ocrx_word' id='word_1_311' title='bbox 1466 2797 1606 2887; x_wconf 88' lang='lat' dir='ltr'>Verbum</span> <span class='ocrx_word' id='word_1_312' title='bbox 1622 2805 1779 2859; x_wconf 88' lang='lat' dir='ltr'>secretum</span> <span class='ocrx_word' id='word_1_313' title='bbox 1794 2796 1896 2860; x_wconf 92' lang='lat' dir='ltr'>habeo</span> <span class='ocrx_word' id='word_1_314' title='bbox 1909 2798 1949 2860; x_wconf 92' lang='lat' dir='ltr'>ad</span> <span class='ocrx_word' id='word_1_315' title='bbox 1976 2819 2050 2864; x_wconf 67' lang='lat' dir='ltr'>aare.</span> <span class='ocrx_word' id='word_1_316' title='bbox 2066 2835 2094 2872; x_wconf 76' lang='lat' dir='ltr'>n.</span> 
     </span>
     <span class='ocr_line' id='line_1_25' title="bbox 398 2885 1997 2983; baseline -0.004 -21"><span class='ocrx_word' id='word_1_317' title='bbox 398 2900 499 2962; x_wconf 77' lang='lat' dir='ltr'>licum</span> <span class='ocrx_word' id='word_1_318' title='bbox 522 2900 647 2962; x_wconf 88' lang='lat' dir='ltr'>inducit</span> <span class='ocrx_word' id='word_1_319' title='bbox 670 2901 713 2962; x_wconf 90' lang='lat' dir='ltr'>ita</span> <span class='ocrx_word' id='word_1_320' title='bbox 734 2901 917 2983; x_wconf 84' lang='lat' dir='ltr'>loquentem</span> <span class='ocrx_word' id='word_1_321' title='bbox 935 2901 983 2964; x_wconf 92' lang='lat'>:0</span> <span class='ocrx_word' id='word_1_322' title='bbox 1005 2901 1049 2963; x_wconf 92' lang='lat' dir='ltr'>dii</span> <span class='ocrx_word' id='word_1_323' title='bbox 1076 2902 1147 2963; x_wconf 89' lang='lat' dir='ltr'>deo·</span> <span class='ocrx_word' id='word_1_324' title='bbox 1201 2900 1243 2968; x_wconf 76' lang='lat' dir='ltr'>te,</span> <span class='ocrx_word' id='word_1_325' title='bbox 1260 2911 1279 2956; x_wconf 94' lang='lat'>0</span> <span class='ocrx_word' id='word_1_326' title='bbox 1299 2895 1415 2956; x_wconf 62' lang='grc'><strong>363131</strong></span> <span class='ocrx_word' id='word_1_327' title='bbox 1435 2894 1596 2976; x_wconf 74' lang='lat' dir='ltr'>Baptismo</span> <span class='ocrx_word' id='word_1_328' title='bbox 1615 2896 1702 2957; x_wconf 85' lang='lat' dir='ltr'>enim</span> <span class='ocrx_word' id='word_1_329' title='bbox 1724 2904 1950 2977; x_wconf 77' lang='lat' dir='ltr'>regenerantur</span> <span class='ocrx_word' id='word_1_330' title='bbox 1965 2885 1997 2927; x_wconf 77' lang='lat'>¹⁹·</span> 
     </span>
     <span class='ocr_line' id='line_1_26' title="bbox 397 2991 2051 3081; baseline 0 -25"><span class='ocrx_word' id='word_1_331' title='bbox 397 3004 489 3061; x_wconf 83' lang='lat' dir='ltr'>rnmt</span> <span class='ocrx_word' id='word_1_332' title='bbox 508 3016 643 3081; x_wconf 79' lang='lat' dir='ltr'>quorum</span> <span class='ocrx_word' id='word_1_333' title='bbox 662 3007 750 3081; x_wconf 77' lang='lat' dir='ltr'>pater</span> <span class='ocrx_word' id='word_1_334' title='bbox 767 3006 798 3061; x_wconf 77' lang='lat' dir='ltr'>et</span> <span class='ocrx_word' id='word_1_335' title='bbox 812 2999 919 3081; x_wconf 71' lang='lat' dir='ltr'>opifex</span> <span class='ocrx_word' id='word_1_336' title='bbox 940 3018 997 3080; x_wconf 80' lang='lat' dir='ltr'>ego</span> <span class='ocrx_word' id='word_1_337' title='bbox 1010 3017 1017 3078; x_wconf 81' lang='lat'><em>3</em></span> <span class='ocrx_word' id='word_1_338' title='bbox 1034 3007 1146 3062; x_wconf 77' lang='lat' dir='ltr'>natura</span> <span class='ocrx_word' id='word_1_339' title='bbox 1161 3000 1183 3063; x_wconf 87' lang='lat' dir='ltr'>c</span> <span class='ocrx_word' id='word_1_340' title='bbox 1201 2991 1314 3055; x_wconf 85' lang='lat' dir='ltr'>fideles</span> <span class='ocrx_word' id='word_1_341' title='bbox 1329 3012 1367 3055; x_wconf 88' lang='lat' dir='ltr'>cx</span> <span class='ocrx_word' id='word_1_342' title='bbox 1382 2994 1446 3056; x_wconf 81' lang='lat' dir='ltr'>lleo</span> <span class='ocrx_word' id='word_1_343' title='bbox 1461 2999 1494 3056; x_wconf 88' lang='lat' dir='ltr'>ct</span> <span class='ocrx_word' id='word_1_344' title='bbox 1509 2994 1656 3068; x_wconf 82' lang='lat' dir='ltr'>Ecclesia,</span> <span class='ocrx_word' id='word_1_345' title='bbox 1662 2994 1752 3075; x_wconf 82' lang='lat' dir='ltr'>juxta</span> <span class='ocrx_word' id='word_1_346' title='bbox 1768 2994 1847 3057; x_wconf 92' lang='lat' dir='ltr'>illud</span> <span class='ocrx_word' id='word_1_347' title='bbox 1860 2996 1950 3058; x_wconf 88' lang='lat' dir='ltr'>Joon·</span> <span class='ocrx_word' id='word_1_348' title='bbox 2040 2991 2051 3004; x_wconf 68' lang='lat'>⁸</span> 
     </span>
     <span class='ocr_line' id='line_1_27' title="bbox 397 3091 2096 3179; baseline 0.002 -21"><span class='ocrx_word' id='word_1_349' title='bbox 397 3097 528 3179; x_wconf 87' lang='lat' dir='ltr'>quidem</span> <span class='ocrx_word' id='word_1_350' title='bbox 553 3097 788 3179; x_wconf 88' lang='lat' dir='ltr'>corruptibiles,</span> <span class='ocrx_word' id='word_1_351' title='bbox 810 3116 881 3160; x_wconf 90' lang='lat' dir='ltr'>mea</span> <span class='ocrx_word' id='word_1_352' title='bbox 904 3105 1011 3160; x_wconf 90' lang='lat' dir='ltr'>autem</span> <span class='ocrx_word' id='word_1_353' title='bbox 1034 3098 1144 3160; x_wconf 92' lang='lat' dir='ltr'>volun·</span> <span class='ocrx_word' id='word_1_354' title='bbox 1202 3091 1252 3152; x_wconf 88' lang='lat' dir='ltr'>uis</span> <span class='ocrx_word' id='word_1_355' title='bbox 1270 3091 1360 3153; x_wconf 90' lang='lat' dir='ltr'>:Nisi</span> <span class='ocrx_word' id='word_1_356' title='bbox 1383 3091 1455 3174; x_wconf 90' lang='lat' dir='ltr'>quis</span> <span class='ocrx_word' id='word_1_357' title='bbox 1481 3099 1608 3154; x_wconf 89' lang='lat' dir='ltr'>renatus</span> <span class='ocrx_word' id='word_1_358' title='bbox 1632 3092 1730 3155; x_wconf 86' lang='lat' dir='ltr'>luerit</span> <span class='ocrx_word' id='word_1_359' title='bbox 1752 3112 1790 3154; x_wconf 83' lang='lat' dir='ltr'>ex</span> <span class='ocrx_word' id='word_1_360' title='bbox 1814 3111 1896 3175; x_wconf 87' lang='lat' dir='ltr'>aqua</span> <span class='ocrx_word' id='word_1_361' title='bbox 1917 3100 1949 3156; x_wconf 94' lang='lat' dir='ltr'>et</span> <span class='ocrx_word' id='word_1_362' title='bbox 1974 3115 2096 3169; x_wconf 63' lang='lat' dir='ltr'>raanan.</span> 
     </span>
     <span class='ocr_line' id='line_1_28' title="bbox 397 3182 2014 3279; baseline 0 -22"><span class='ocrx_word' id='word_1_363' title='bbox 397 3203 460 3259; x_wconf 84' lang='lat' dir='ltr'>tata</span> <span class='ocrx_word' id='word_1_364' title='bbox 478 3195 739 3279; x_wconf 86' lang='lat' dir='ltr'>incorruptibiles</span> <span class='ocrx_word' id='word_1_365' title='bbox 756 3196 842 3259; x_wconf 88' lang='lat' dir='ltr'>estis.</span> <span class='ocrx_word' id='word_1_366' title='bbox 860 3197 928 3260; x_wconf 82' lang='lat' dir='ltr'>Neo</span> <span class='ocrx_word' id='word_1_367' title='bbox 947 3197 1146 3257; x_wconf 75' lang='lat' dir='ltr'>vicissitudt-</span> <span class='ocrx_word' id='word_1_368' title='bbox 1202 3188 1321 3271; x_wconf 89' lang='lat' dir='ltr'>Spiritu</span> <span class='ocrx_word' id='word_1_369' title='bbox 1342 3189 1466 3264; x_wconf 88' lang='lat' dir='ltr'>Sancto,</span> <span class='ocrx_word' id='word_1_370' title='bbox 1483 3207 1546 3252; x_wconf 88' lang='lat' dir='ltr'>non</span> <span class='ocrx_word' id='word_1_371' title='bbox 1565 3197 1669 3272; x_wconf 85' lang='lat' dir='ltr'>polest</span> <span class='ocrx_word' id='word_1_372' title='bbox 1685 3191 1793 3253; x_wconf 86' lang='lat' dir='ltr'>videro</span> <span class='ocrx_word' id='word_1_373' title='bbox 1813 3210 1947 3272; x_wconf 86' lang='lat' dir='ltr'>regnum</span> <span class='ocrx_word' id='word_1_374' title='bbox 1963 3183 1982 3230; x_wconf 81' lang='lat'>³·</span> <span class='ocrx_word' id='word_1_375' title='bbox 1994 3182 2014 3223; x_wconf 84' lang='lat'>⁵·</span> 
     </span>
     <span class='ocr_line' id='line_1_29' title="bbox 397 3287 2097 3378; baseline 0.002 -23"><span class='ocrx_word' id='word_1_376' title='bbox 397 3297 450 3356; x_wconf 79' lang='lat' dir='ltr'>nis</span> <span class='ocrx_word' id='word_1_377' title='bbox 473 3298 688 3366; x_wconf 79' lang='lat' dir='ltr'>obunrbratio,</span> <span class='ocrx_word' id='word_1_378' title='bbox 714 3295 747 3357; x_wconf 92' lang='lat' dir='ltr'>id</span> <span class='ocrx_word' id='word_1_379' title='bbox 771 3304 819 3358; x_wconf 88' lang='lat' dir='ltr'>est</span> <span class='ocrx_word' id='word_1_380' title='bbox 842 3295 931 3358; x_wconf 93' lang='lat' dir='ltr'>nulla</span> <span class='ocrx_word' id='word_1_381' title='bbox 961 3295 1143 3378; x_wconf 77' lang='lat' dir='ltr'>preteritio,</span> <span class='ocrx_word' id='word_1_382' title='bbox 1202 3287 1267 3350; x_wconf 85' lang='lat' dir='ltr'>Ilei.</span> <span class='ocrx_word' id='word_1_383' title='bbox 1284 3288 1372 3350; x_wconf 89' lang='lat' dir='ltr'>Unde</span> <span class='ocrx_word' id='word_1_384' title='bbox 1393 3289 1433 3351; x_wconf 95' lang='lat' dir='ltr'>ad</span> <span class='ocrx_word' id='word_1_385' title='bbox 1455 3289 1607 3370; x_wconf 87' lang='lat' dir='ltr'>Ephesios</span> <span class='ocrx_word' id='word_1_386' title='bbox 1630 3289 1764 3351; x_wconf 90' lang='lat' dir='ltr'>habetur</span> <span class='ocrx_word' id='word_1_387' title='bbox 1780 3307 1786 3352; x_wconf 94' lang='lat'><strong>:</strong></span> <span class='ocrx_word' id='word_1_388' title='bbox 1804 3290 1946 3353; x_wconf 90' lang='lat' dir='ltr'>Christus</span> <span class='ocrx_word' id='word_1_389' title='bbox 1972 3311 2062 3368; x_wconf 68' lang='lat' dir='ltr'>apres.</span> <span class='ocrx_word' id='word_1_390' title='bbox 2077 3329 2097 3368; x_wconf 67' lang='lat' dir='ltr'>r,</span> 
     </span>
     <span class='ocr_line' id='line_1_30' title="bbox 397 3379 2038 3468; baseline 0.004 -14"><span class='ocrx_word' id='word_1_391' title='bbox 397 3393 485 3455; x_wconf 93' lang='lat' dir='ltr'>nulla</span> <span class='ocrx_word' id='word_1_392' title='bbox 499 3394 760 3468; x_wconf 90' lang='lat' dir='ltr'>successi0,nulla</span> <span class='ocrx_word' id='word_1_393' title='bbox 774 3393 940 3457; x_wconf 87' lang='lat' dir='ltr'>alternatio</span> <span class='ocrx_word' id='word_1_394' title='bbox 954 3393 1146 3456; x_wconf 91' lang='lat' dir='ltr'>obnubilans</span> <span class='ocrx_word' id='word_1_395' title='bbox 1202 3385 1314 3448; x_wconf 71' lang='lat' dir='ltr'>dilexit</span> <span class='ocrx_word' id='word_1_396' title='bbox 1335 3386 1520 3462; x_wconf 70' lang='lat' dir='ltr'>Ecclesiam,</span> <span class='ocrx_word' id='word_1_397' title='bbox 1538 3388 1693 3450; x_wconf 63' lang='lat' dir='ltr'>mundans</span> <span class='ocrx_word' id='word_1_398' title='bbox 1715 3387 1802 3450; x_wconf 68' lang='lat' dir='ltr'>illam</span> <span class='ocrx_word' id='word_1_399' title='bbox 1824 3389 1948 3452; x_wconf 72' lang='grc'><strong>1636636</strong></span> <span class='ocrx_word' id='word_1_400' title='bbox 1961 3379 2038 3428; x_wconf 74' lang='lat'>²⁵¹²⁰&#39;</span> 
     </span>
     <span class='ocr_line' id='line_1_31' title="bbox 396 3484 1949 3574; baseline 0 -25"><span class='ocrx_word' id='word_1_401' title='bbox 396 3500 452 3554; x_wconf 84' lang='lat' dir='ltr'>aut</span> <span class='ocrx_word' id='word_1_402' title='bbox 473 3491 667 3555; x_wconf 86' lang='lat' dir='ltr'>obumbrans</span> <span class='ocrx_word' id='word_1_403' title='bbox 691 3492 863 3574; x_wconf 80' lang='lat' dir='ltr'>puritatem</span> <span class='ocrx_word' id='word_1_404' title='bbox 885 3500 917 3554; x_wconf 83' lang='lat' dir='ltr'>et</span> <span class='ocrx_word' id='word_1_405' title='bbox 938 3492 1146 3554; x_wconf 81' lang='lat' dir='ltr'>immutabili·</span> <span class='ocrx_word' id='word_1_406' title='bbox 1202 3504 1291 3566; x_wconf 79' lang='lat' dir='ltr'>aquae</span> <span class='ocrx_word' id='word_1_407' title='bbox 1314 3485 1346 3547; x_wconf 94' lang='lat' dir='ltr'>in</span> <span class='ocrx_word' id='word_1_408' title='bbox 1369 3484 1467 3547; x_wconf 90' lang='lat' dir='ltr'>verbo</span> <span class='ocrx_word' id='word_1_409' title='bbox 1487 3485 1569 3548; x_wconf 75' lang='lat' dir='ltr'>vitae.</span> <span class='ocrx_word' id='word_1_410' title='bbox 1588 3486 1626 3547; x_wconf 85' lang='lat' dir='ltr'>Et</span> <span class='ocrx_word' id='word_1_411' title='bbox 1646 3494 1731 3549; x_wconf 88' lang='lat' dir='ltr'>recte</span> <span class='ocrx_word' id='word_1_412' title='bbox 1754 3486 1892 3549; x_wconf 92' lang='lat' dir='ltr'>dicimur</span> <span class='ocrx_word' id='word_1_413' title='bbox 1915 3487 1949 3549; x_wconf 93' lang='lat' dir='ltr'>in</span> 
     </span>
     <span class='ocr_line' id='line_1_32' title="bbox 396 3582 1949 3666; baseline 0.002 -14"><span class='ocrx_word' id='word_1_414' title='bbox 396 3597 494 3653; x_wconf 83' lang='lat' dir='ltr'>tatem</span> <span class='ocrx_word' id='word_1_415' title='bbox 519 3590 601 3652; x_wconf 88' lang='lat' dir='ltr'>lucis</span> <span class='ocrx_word' id='word_1_416' title='bbox 622 3589 739 3653; x_wconf 72' lang='lat' dir='ltr'>divinae</span> <span class='ocrx_word' id='word_1_417' title='bbox 760 3609 797 3651; x_wconf 92' lang='lat' dir='ltr'>ac</span> <span class='ocrx_word' id='word_1_418' title='bbox 819 3590 967 3654; x_wconf 79' lang='lat' dir='ltr'>increatae</span> <span class='ocrx_word' id='word_1_419' title='bbox 989 3591 1143 3654; x_wconf 76' lang='lat' dir='ltr'>essentiae.</span> <span class='ocrx_word' id='word_1_420' title='bbox 1202 3582 1364 3665; x_wconf 70' lang='lat' dir='ltr'>Baptismo</span> <span class='ocrx_word' id='word_1_421' title='bbox 1385 3583 1576 3664; x_wconf 63' lang='lat' dir='ltr'>regenerari,</span> <span class='ocrx_word' id='word_1_422' title='bbox 1597 3585 1749 3666; x_wconf 67' lang='lat' dir='ltr'>quonlam</span> <span class='ocrx_word' id='word_1_423' title='bbox 1773 3584 1816 3646; x_wconf 79' lang='lat' dir='ltr'>lbi</span> <span class='ocrx_word' id='word_1_424' title='bbox 1838 3604 1949 3648; x_wconf 74' lang='lat' dir='ltr'>sumus</span> 
     </span>
     <span class='ocr_line' id='line_1_33' title="bbox 396 3681 1951 3770; baseline 0.001 -17"><span class='ocrx_word' id='word_1_425' title='bbox 396 3689 466 3753; x_wconf 87' lang='lat' dir='ltr'>Nou</span> <span class='ocrx_word' id='word_1_426' title='bbox 487 3688 574 3750; x_wconf 90' lang='lat' dir='ltr'>enim</span> <span class='ocrx_word' id='word_1_427' title='bbox 597 3688 723 3751; x_wconf 93' lang='lat' dir='ltr'>suntin</span> <span class='ocrx_word' id='word_1_428' title='bbox 746 3688 810 3750; x_wconf 81' lang='lat' dir='ltr'>lleo</span> <span class='ocrx_word' id='word_1_429' title='bbox 835 3688 942 3770; x_wconf 91' lang='lat' dir='ltr'>plures</span> <span class='ocrx_word' id='word_1_430' title='bbox 963 3696 1019 3751; x_wconf 91' lang='lat' dir='ltr'>aut</span> <span class='ocrx_word' id='word_1_431' title='bbox 1038 3707 1146 3751; x_wconf 90' lang='lat' dir='ltr'>succe·</span> <span class='ocrx_word' id='word_1_432' title='bbox 1203 3699 1272 3743; x_wconf 86' lang='grc'><strong>6336</strong></span> <span class='ocrx_word' id='word_1_433' title='bbox 1301 3681 1477 3763; x_wconf 65' lang='lat' dir='ltr'>spirituale,</span> <span class='ocrx_word' id='word_1_434' title='bbox 1503 3682 1588 3764; x_wconf 73' lang='lat' dir='ltr'>(1¹10d</span> <span class='ocrx_word' id='word_1_435' title='bbox 1617 3688 1665 3744; x_wconf 73' lang='grc' dir='ltr'>63ῒ</span> <span class='ocrx_word' id='word_1_436' title='bbox 1689 3701 1758 3745; x_wconf 87' lang='grc'><strong>6336</strong></span> <span class='ocrx_word' id='word_1_437' title='bbox 1782 3683 1890 3765; x_wconf 61' lang='lat' dir='ltr'>grati&amp;</span> <span class='ocrx_word' id='word_1_438' title='bbox 1913 3700 1951 3745; x_wconf 84' lang='grc'>66</span> 
     </span>
     <span class='ocr_line' id='line_1_34' title="bbox 397 3780 1948 3868; baseline -0.005 -19"><span class='ocrx_word' id='word_1_439' title='bbox 397 3787 508 3849; x_wconf 86' lang='lat' dir='ltr'>dentes</span> <span class='ocrx_word' id='word_1_440' title='bbox 528 3794 617 3849; x_wconf 90' lang='lat' dir='ltr'>actus</span> <span class='ocrx_word' id='word_1_441' title='bbox 637 3785 835 3868; x_wconf 84' lang='lat' dir='ltr'>intelligendi</span> <span class='ocrx_word' id='word_1_442' title='bbox 853 3787 920 3850; x_wconf 90' lang='lat' dir='ltr'>sive</span> <span class='ocrx_word' id='word_1_443' title='bbox 936 3787 1073 3863; x_wconf 92' lang='lat' dir='ltr'>volendi,</span> <span class='ocrx_word' id='word_1_444' title='bbox 1091 3788 1146 3850; x_wconf 92' lang='lat' dir='ltr'>sed</span> <span class='ocrx_word' id='word_1_445' title='bbox 1203 3780 1369 3855; x_wconf 89' lang='lat' dir='ltr'>virtutum,</span> <span class='ocrx_word' id='word_1_446' title='bbox 1394 3780 1509 3862; x_wconf 89' lang='lat' dir='ltr'>adepti.</span> <span class='ocrx_word' id='word_1_447' title='bbox 1536 3780 1641 3844; x_wconf 85' lang='lat' dir='ltr'>Tertio</span> <span class='ocrx_word' id='word_1_448' title='bbox 1670 3782 1840 3864; x_wconf 85' lang='lat' dir='ltr'>exponitur</span> <span class='ocrx_word' id='word_1_449' title='bbox 1869 3782 1915 3845; x_wconf 89' lang='lat' dir='ltr'>sic</span> <span class='ocrx_word' id='word_1_450' title='bbox 1941 3801 1948 3846; x_wconf 72' lang='grc' dir='ltr'><strong>ε</strong></span> 
     </span>
     <span class='ocr_line' id='line_1_35' title="bbox 398 3877 1948 3966; baseline 0.005 -20"><span class='ocrx_word' id='word_1_451' title='bbox 398 3903 462 3948; x_wconf 92' lang='lat' dir='ltr'>uno</span> <span class='ocrx_word' id='word_1_452' title='bbox 483 3884 725 3966; x_wconf 90' lang='lat' dir='ltr'>simplicissimo</span> <span class='ocrx_word' id='word_1_453' title='bbox 745 3891 777 3948; x_wconf 94' lang='lat' dir='ltr'>et</span> <span class='ocrx_word' id='word_1_454' title='bbox 796 3893 914 3948; x_wconf 78' lang='lat' dir='ltr'>eterno</span> <span class='ocrx_word' id='word_1_455' title='bbox 935 3893 1007 3948; x_wconf 92' lang='lat' dir='ltr'>actu</span> <span class='ocrx_word' id='word_1_456' title='bbox 1030 3885 1146 3948; x_wconf 92' lang='lat' dir='ltr'>intelli·</span> <span class='ocrx_word' id='word_1_457' title='bbox 1204 3901 1221 3938; x_wconf 85' lang='lat'>&lt;‹</span> <span class='ocrx_word' id='word_1_458' title='bbox 1236 3877 1419 3941; x_wconf 72' lang='lat' dir='ltr'>V⁰l¹111larie</span> <span class='ocrx_word' id='word_1_459' title='bbox 1438 3877 1548 3959; x_wconf 70' lang='lat' dir='ltr'>genuit</span> <span class='ocrx_word' id='word_1_460' title='bbox 1567 3897 1624 3941; x_wconf 93' lang='lat' dir='ltr'>nos</span> <span class='ocrx_word' id='word_1_461' title='bbox 1644 3879 1743 3942; x_wconf 71' lang='lat' dir='ltr'>Verbo</span> <span class='ocrx_word' id='word_1_462' title='bbox 1762 3881 1948 3954; x_wconf 56' lang='grc'><strong>36613633»,</strong></span> 
     </span>
     <span class='ocr_line' id='line_1_36' title="bbox 398 3976 1951 4064; baseline -0.003 -20"><span class='ocrx_word' id='word_1_463' title='bbox 398 3982 492 4063; x_wconf 89' lang='lat' dir='ltr'>gendi</span> <span class='ocrx_word' id='word_1_464' title='bbox 516 3989 612 4064; x_wconf 87' lang='lat' dir='ltr'>atque</span> <span class='ocrx_word' id='word_1_465' title='bbox 634 3982 761 4045; x_wconf 91' lang='lat' dir='ltr'>volendi</span> <span class='ocrx_word' id='word_1_466' title='bbox 787 3983 949 4064; x_wconf 78' lang='lat' dir='ltr'>cognoscit</span> <span class='ocrx_word' id='word_1_467' title='bbox 971 3991 1002 4046; x_wconf 88' lang='lat' dir='ltr'>et</span> <span class='ocrx_word' id='word_1_468' title='bbox 1023 3984 1092 4047; x_wconf 88' lang='lat' dir='ltr'>vult</span> <span class='ocrx_word' id='word_1_469' title='bbox 1112 4003 1146 4046; x_wconf 80' lang='lat' dir='ltr'>se</span> <span class='ocrx_word' id='word_1_470' title='bbox 1204 3977 1235 4039; x_wconf 95' lang='lat' dir='ltr'>id</span> <span class='ocrx_word' id='word_1_471' title='bbox 1251 3977 1402 4051; x_wconf 87' lang='lat' dir='ltr'>est,Pater</span> <span class='ocrx_word' id='word_1_472' title='bbox 1417 3995 1475 4059; x_wconf 93' lang='lat' dir='ltr'>per</span> <span class='ocrx_word' id='word_1_473' title='bbox 1488 3976 1628 4039; x_wconf 87' lang='lat' dir='ltr'>Verbum</span> <span class='ocrx_word' id='word_1_474' title='bbox 1644 3997 1738 4040; x_wconf 90' lang='lat' dir='ltr'>suurn</span> <span class='ocrx_word' id='word_1_475' title='bbox 1754 3978 1951 4042; x_wconf 87' lang='lat' dir='ltr'>incarnatum</span> 
     </span>
     <span class='ocr_line' id='line_1_37' title="bbox 399 4076 1951 4164; baseline 0.001 -25"><span class='ocrx_word' id='word_1_476' title='bbox 399 4082 506 4164; x_wconf 87' lang='lat' dir='ltr'>ipsum</span> <span class='ocrx_word' id='word_1_477' title='bbox 531 4088 564 4144; x_wconf 84' lang='lat' dir='ltr'>et</span> <span class='ocrx_word' id='word_1_478' title='bbox 586 4081 695 4144; x_wconf 85' lang='lat' dir='ltr'>omnia</span> <span class='ocrx_word' id='word_1_479' title='bbox 724 4081 794 4143; x_wconf 83' lang='lat' dir='ltr'>alia,</span> <span class='ocrx_word' id='word_1_480' title='bbox 819 4082 884 4144; x_wconf 78' lang='lat' dir='ltr'>Nec</span> <span class='ocrx_word' id='word_1_481' title='bbox 908 4090 997 4144; x_wconf 80' lang='lat' dir='ltr'>actus</span> <span class='ocrx_word' id='word_1_482' title='bbox 1023 4083 1082 4146; x_wconf 74' lang='lat' dir='ltr'>iste·</span> <span class='ocrx_word' id='word_1_483' title='bbox 1106 4081 1146 4145; x_wconf 77' lang='lat' dir='ltr'>ab</span> <span class='ocrx_word' id='word_1_484' title='bbox 1203 4076 1401 4158; x_wconf 84' lang='lat' dir='ltr'>regeneravit</span> <span class='ocrx_word' id='word_1_485' title='bbox 1421 4093 1478 4137; x_wconf 89' lang='lat' dir='ltr'>nos</span> <span class='ocrx_word' id='word_1_486' title='bbox 1498 4083 1530 4137; x_wconf 89' lang='lat' dir='ltr'>et</span> <span class='ocrx_word' id='word_1_487' title='bbox 1549 4076 1693 4150; x_wconf 88' lang='lat' dir='ltr'>redemit,</span> <span class='ocrx_word' id='word_1_488' title='bbox 1711 4077 1786 4159; x_wconf 89' lang='lat' dir='ltr'>quia</span> <span class='ocrx_word' id='word_1_489' title='bbox 1804 4096 1822 4139; x_wconf 90' lang='lat' dir='ltr'>a</span> <span class='ocrx_word' id='word_1_490' title='bbox 1842 4096 1951 4159; x_wconf 87' lang='lat' dir='ltr'>pecca-</span> 
     </span>
     <span class='ocr_line' id='line_1_38' title="bbox 399 4173 1949 4261; baseline -0.002 -19"><span class='ocrx_word' id='word_1_491' title='bbox 399 4179 470 4260; x_wconf 89' lang='lat' dir='ltr'>ejus</span> <span class='ocrx_word' id='word_1_492' title='bbox 492 4177 602 4241; x_wconf 90' lang='lat' dir='ltr'>dillert</span> <span class='ocrx_word' id='word_1_493' title='bbox 625 4179 772 4253; x_wconf 88' lang='lat' dir='ltr'>essentia,</span> <span class='ocrx_word' id='word_1_494' title='bbox 794 4180 869 4261; x_wconf 89' lang='lat' dir='ltr'>quia</span> <span class='ocrx_word' id='word_1_495' title='bbox 894 4178 926 4242; x_wconf 91' lang='lat' dir='ltr'>in</span> <span class='ocrx_word' id='word_1_496' title='bbox 948 4198 986 4242; x_wconf 92' lang='lat' dir='ltr'>eo</span> <span class='ocrx_word' id='word_1_497' title='bbox 1007 4181 1147 4243; x_wconf 91' lang='lat' dir='ltr'>identili·</span> <span class='ocrx_word' id='word_1_498' title='bbox 1162 4181 1187 4243; x_wconf 83' lang='lat' dir='ltr'>b</span> <span class='ocrx_word' id='word_1_499' title='bbox 1203 4176 1244 4236; x_wconf 91' lang='lat' dir='ltr'>tis</span> <span class='ocrx_word' id='word_1_500' title='bbox 1260 4173 1413 4257; x_wconf 87' lang='lat' dir='ltr'>purgavit,</span> <span class='ocrx_word' id='word_1_501' title='bbox 1422 4173 1621 4255; x_wconf 85' lang='lat' dir='ltr'>gratiamque</span> <span class='ocrx_word' id='word_1_502' title='bbox 1636 4173 1763 4250; x_wconf 90' lang='lat' dir='ltr'>inludit,</span> <span class='ocrx_word' id='word_1_503' title='bbox 1773 4177 1949 4239; x_wconf 92' lang='lat' dir='ltr'>secundum</span> 
     </span>
     <span class='ocr_line' id='line_1_39' title="bbox 400 4272 2100 4359; baseline 0.007 -21"><span class='ocrx_word' id='word_1_504' title='bbox 400 4284 513 4339; x_wconf 86' lang='lat' dir='ltr'>cantur</span> <span class='ocrx_word' id='word_1_505' title='bbox 533 4295 613 4352; x_wconf 90' lang='lat' dir='ltr'>esse,</span> <span class='ocrx_word' id='word_1_506' title='bbox 630 4295 724 4359; x_wconf 87' lang='lat' dir='ltr'>posse</span> <span class='ocrx_word' id='word_1_507' title='bbox 746 4284 778 4340; x_wconf 92' lang='lat' dir='ltr'>et</span> <span class='ocrx_word' id='word_1_508' title='bbox 798 4295 902 4358; x_wconf 90' lang='lat' dir='ltr'>agere,</span> <span class='ocrx_word' id='word_1_509' title='bbox 919 4297 975 4340; x_wconf 89' lang='lat' dir='ltr'>seu</span> <span class='ocrx_word' id='word_1_510' title='bbox 998 4279 1145 4352; x_wconf 89' lang='lat' dir='ltr'>essentia,</span> <span class='ocrx_word' id='word_1_511' title='bbox 1203 4273 1283 4336; x_wconf 93' lang='lat' dir='ltr'>illud</span> <span class='ocrx_word' id='word_1_512' title='bbox 1297 4272 1425 4335; x_wconf 82' lang='lat' dir='ltr'>loannis</span> <span class='ocrx_word' id='word_1_513' title='bbox 1443 4290 1449 4333; x_wconf 94' lang='lat'><strong>:</strong></span> <span class='ocrx_word' id='word_1_514' title='bbox 1467 4273 1510 4334; x_wconf 83' lang='lat' dir='ltr'>lle</span> <span class='ocrx_word' id='word_1_515' title='bbox 1531 4272 1730 4354; x_wconf 87' lang='lat' dir='ltr'>plenitudine</span> <span class='ocrx_word' id='word_1_516' title='bbox 1749 4273 1819 4354; x_wconf 81' lang='lat' dir='ltr'>ejus</span> <span class='ocrx_word' id='word_1_517' title='bbox 1838 4291 1949 4337; x_wconf 75' lang='lat' dir='ltr'>omnes</span> <span class='ocrx_word' id='word_1_518' title='bbox 1962 4304 2100 4359; x_wconf 61' lang='lat' dir='ltr'>rainario.</span> 
     </span>
     <span class='ocr_line' id='line_1_40' title="bbox 400 4371 1949 4458; baseline 0 -21"><span class='ocrx_word' id='word_1_519' title='bbox 400 4374 541 4458; x_wconf 91' lang='lat' dir='ltr'>potentia</span> <span class='ocrx_word' id='word_1_520' title='bbox 563 4383 595 4437; x_wconf 90' lang='lat' dir='ltr'>et</span> <span class='ocrx_word' id='word_1_521' title='bbox 616 4375 708 4438; x_wconf 91' lang='lat' dir='ltr'>actio.</span> <span class='ocrx_word' id='word_1_522' title='bbox 730 4376 824 4438; x_wconf 90' lang='lat' dir='ltr'>Porro</span> <span class='ocrx_word' id='word_1_523' title='bbox 847 4376 878 4438; x_wconf 92' lang='lat' dir='ltr'>in</span> <span class='ocrx_word' id='word_1_524' title='bbox 903 4375 1005 4438; x_wconf 89' lang='lat' dir='ltr'>Beatis</span> <span class='ocrx_word' id='word_1_525' title='bbox 1030 4384 1079 4438; x_wconf 91' lang='lat' dir='ltr'>cst</span> <span class='ocrx_word' id='word_1_526' title='bbox 1099 4395 1148 4439; x_wconf 90' lang='lat' dir='ltr'>ac·</span> <span class='ocrx_word' id='word_1_527' title='bbox 1202 4372 1385 4454; x_wconf 87' lang='lat' dir='ltr'>accepimus</span> <span class='ocrx_word' id='word_1_528' title='bbox 1404 4371 1538 4452; x_wconf 89' lang='lat' dir='ltr'>gratiam</span> <span class='ocrx_word' id='word_1_529' title='bbox 1558 4388 1615 4453; x_wconf 92' lang='lat' dir='ltr'>pro</span> <span class='ocrx_word' id='word_1_530' title='bbox 1634 4371 1742 4452; x_wconf 87' lang='lat' dir='ltr'>gratia.</span> <span class='ocrx_word' id='word_1_531' title='bbox 1765 4372 1807 4434; x_wconf 85' lang='lat' dir='ltr'>lle</span> <span class='ocrx_word' id='word_1_532' title='bbox 1824 4373 1949 4437; x_wconf 82' lang='lat' dir='ltr'>Christo</span> 
     </span>
     <span class='ocr_line' id='line_1_41' title="bbox 399 4469 2100 4556; baseline 0 -22"><span class='ocrx_word' id='word_1_533' title='bbox 399 4473 524 4535; x_wconf 90' lang='lat' dir='ltr'>tionum</span> <span class='ocrx_word' id='word_1_534' title='bbox 554 4474 687 4536; x_wconf 87' lang='lat' dir='ltr'>istarum</span> <span class='ocrx_word' id='word_1_535' title='bbox 719 4473 917 4546; x_wconf 90' lang='lat' dir='ltr'>vicissitudo,</span> <span class='ocrx_word' id='word_1_536' title='bbox 948 4492 1012 4536; x_wconf 93' lang='lat' dir='ltr'>non</span> <span class='ocrx_word' id='word_1_537' title='bbox 1042 4475 1147 4556; x_wconf 87' lang='lat' dir='ltr'>quoad</span> <span class='ocrx_word' id='word_1_538' title='bbox 1203 4488 1330 4553; x_wconf 89' lang='lat' dir='ltr'>quoque</span> <span class='ocrx_word' id='word_1_539' title='bbox 1354 4469 1479 4532; x_wconf 86' lang='lat' dir='ltr'>Gabriel</span> <span class='ocrx_word' id='word_1_540' title='bbox 1507 4469 1764 4550; x_wconf 77' lang='lat' dir='ltr'>praenuntiavit:</span> <span class='ocrx_word' id='word_1_541' title='bbox 1790 4472 1860 4553; x_wconf 90' lang='lat' dir='ltr'>lpse</span> <span class='ocrx_word' id='word_1_542' title='bbox 1888 4473 1948 4535; x_wconf 87' lang='lat' dir='ltr'>sal·</span> <span class='ocrx_word' id='word_1_543' title='bbox 1962 4501 2100 4556; x_wconf 46' lang='lat' dir='ltr'>paurum,</span> 
     </span>
     <span class='ocr_line' id='line_1_42' title="bbox 399 4568 1949 4652; baseline 0.002 -20"><span class='ocrx_word' id='word_1_544' title='bbox 399 4570 581 4633; x_wconf 84' lang='lat' dir='ltr'>beatificam</span> <span class='ocrx_word' id='word_1_545' title='bbox 611 4571 727 4634; x_wconf 78' lang='lat' dir='ltr'>divine</span> <span class='ocrx_word' id='word_1_546' title='bbox 756 4572 901 4634; x_wconf 74' lang='lat' dir='ltr'>essentia</span> <span class='ocrx_word' id='word_1_547' title='bbox 925 4572 1081 4634; x_wconf 92' lang='lat' dir='ltr'>visionem</span> <span class='ocrx_word' id='word_1_548' title='bbox 1110 4593 1147 4635; x_wconf 92' lang='lat' dir='ltr'>ac</span> <span class='ocrx_word' id='word_1_549' title='bbox 1203 4589 1280 4632; x_wconf 93' lang='lat' dir='ltr'>vum</span> <span class='ocrx_word' id='word_1_550' title='bbox 1299 4569 1394 4632; x_wconf 86' lang='lat' dir='ltr'>faciet</span> <span class='ocrx_word' id='word_1_551' title='bbox 1414 4568 1569 4650; x_wconf 91' lang='lat' dir='ltr'>populum</span> <span class='ocrx_word' id='word_1_552' title='bbox 1590 4587 1684 4631; x_wconf 92' lang='lat' dir='ltr'>suum</span> <span class='ocrx_word' id='word_1_553' title='bbox 1703 4588 1721 4631; x_wconf 90' lang='lat' dir='ltr'>a</span> <span class='ocrx_word' id='word_1_554' title='bbox 1740 4572 1879 4652; x_wconf 90' lang='lat' dir='ltr'>peccatis</span> <span class='ocrx_word' id='word_1_555' title='bbox 1897 4591 1949 4635; x_wconf 77' lang='lat' dir='ltr'>eo</span> 
     </span>
     <span class='ocr_line' id='line_1_43' title="bbox 399 4667 1949 4752; baseline 0.003 -22"><span class='ocrx_word' id='word_1_556' title='bbox 399 4668 603 4732; x_wconf 86' lang='lat' dir='ltr'>dilectionem</span> <span class='ocrx_word' id='word_1_557' title='bbox 633 4669 735 4751; x_wconf 91' lang='lat' dir='ltr'>ipsius</span> <span class='ocrx_word' id='word_1_558' title='bbox 762 4668 938 4744; x_wconf 85' lang='lat' dir='ltr'>lruitivam,</span> <span class='ocrx_word' id='word_1_559' title='bbox 964 4670 1018 4732; x_wconf 92' lang='lat' dir='ltr'>scd</span> <span class='ocrx_word' id='word_1_560' title='bbox 1043 4671 1147 4752; x_wconf 91' lang='lat' dir='ltr'>quoad</span> <span class='ocrx_word' id='word_1_561' title='bbox 1203 4687 1284 4729; x_wconf 91' lang='lat' dir='ltr'>rum.</span> <span class='ocrx_word' id='word_1_562' title='bbox 1302 4668 1418 4742; x_wconf 86' lang='lat' dir='ltr'>Quarto</span> <span class='ocrx_word' id='word_1_563' title='bbox 1439 4668 1485 4728; x_wconf 92' lang='lat' dir='ltr'>sic</span> <span class='ocrx_word' id='word_1_564' title='bbox 1502 4684 1508 4728; x_wconf 93' lang='lat'><strong>:</strong></span> <span class='ocrx_word' id='word_1_565' title='bbox 1527 4689 1544 4726; x_wconf 78' lang='lat' dir='ltr'>&lt;r</span> <span class='ocrx_word' id='word_1_566' title='bbox 1558 4667 1742 4732; x_wconf 77' lang='lat' dir='ltr'>voluntarie</span> <span class='ocrx_word' id='word_1_567' title='bbox 1762 4670 1873 4750; x_wconf 86' lang='lat' dir='ltr'>genuit</span> <span class='ocrx_word' id='word_1_568' title='bbox 1892 4689 1949 4735; x_wconf 93' lang='lat' dir='ltr'>nos</span> 
     </span>
     <span class='ocr_line' id='line_1_44' title="bbox 400 4766 1950 4850; baseline 0.003 -22"><span class='ocrx_word' id='word_1_569' title='bbox 400 4767 570 4849; x_wconf 89' lang='lat' dir='ltr'>quomdam</span> <span class='ocrx_word' id='word_1_570' title='bbox 598 4767 734 4831; x_wconf 90' lang='lat' dir='ltr'>aliorum</span> <span class='ocrx_word' id='word_1_571' title='bbox 760 4768 972 4850; x_wconf 87' lang='lat' dir='ltr'>quorumdam</span> <span class='ocrx_word' id='word_1_572' title='bbox 1001 4769 1145 4832; x_wconf 88' lang='lat' dir='ltr'>notitiam</span> <span class='ocrx_word' id='word_1_573' title='bbox 1203 4767 1300 4830; x_wconf 89' lang='lat' dir='ltr'>verbo</span> <span class='ocrx_word' id='word_1_574' title='bbox 1324 4766 1515 4841; x_wconf 83' lang='lat' dir='ltr'>veritatis»,</span> <span class='ocrx_word' id='word_1_575' title='bbox 1540 4766 1572 4827; x_wconf 92' lang='lat' dir='ltr'>id</span> <span class='ocrx_word' id='word_1_576' title='bbox 1597 4774 1655 4840; x_wconf 90' lang='lat' dir='ltr'>est,</span> <span class='ocrx_word' id='word_1_577' title='bbox 1682 4786 1738 4849; x_wconf 92' lang='lat' dir='ltr'>per</span> <span class='ocrx_word' id='word_1_578' title='bbox 1759 4769 1950 4850; x_wconf 77' lang='lat' dir='ltr'>evangelice</span> 
     </span>
     <span class='ocr_line' id='line_1_45' title="bbox 399 4865 1947 4947; baseline 0.001 -19"><span class='ocrx_word' id='word_1_579' title='bbox 399 4885 437 4928; x_wconf 92' lang='lat' dir='ltr'>ac</span> <span class='ocrx_word' id='word_1_580' title='bbox 457 4884 609 4929; x_wconf 90' lang='lat' dir='ltr'>amorem.</span> <span class='ocrx_word' id='word_1_581' title='bbox 1203 4865 1282 4947; x_wconf 87' lang='lat' dir='ltr'>legis</span> <span class='ocrx_word' id='word_1_582' title='bbox 1311 4865 1488 4939; x_wconf 89' lang='lat' dir='ltr'>veritatem,</span> <span class='ocrx_word' id='word_1_583' title='bbox 1515 4865 1691 4928; x_wconf 84' lang='lat' dir='ltr'>doctrinam</span> <span class='ocrx_word' id='word_1_584' title='bbox 1721 4885 1778 4928; x_wconf 89' lang='lat' dir='ltr'>seu</span> <span class='ocrx_word' id='word_1_585' title='bbox 1802 4867 1947 4943; x_wconf 89' lang='lat' dir='ltr'>verbum,</span> 
     </span>
     <span class='ocr_line' id='line_1_46' title="bbox 440 4965 1949 5047; baseline 0 -19"><span class='ocrx_word' id='word_1_586' title='bbox 440 4965 560 5028; x_wconf 84' lang='lat' dir='ltr'>Deinde</span> <span class='ocrx_word' id='word_1_587' title='bbox 575 4965 704 5047; x_wconf 91' lang='lat' dir='ltr'>ponitur</span> <span class='ocrx_word' id='word_1_588' title='bbox 719 4965 915 5028; x_wconf 85' lang='lat' dir='ltr'>beneficium</span> <span class='ocrx_word' id='word_1_589' title='bbox 931 4984 1082 5047; x_wconf 90' lang='lat' dir='ltr'>magnum</span> <span class='ocrx_word' id='word_1_590' title='bbox 1097 4968 1147 5031; x_wconf 93' lang='lat' dir='ltr'>Pa·</span> <span class='ocrx_word' id='word_1_591' title='bbox 1202 4966 1291 5027; x_wconf 90' lang='lat' dir='ltr'>Pater</span> <span class='ocrx_word' id='word_1_592' title='bbox 1313 4965 1468 5026; x_wconf 89' lang='lat' dir='ltr'>convertit</span> <span class='ocrx_word' id='word_1_593' title='bbox 1489 4981 1546 5027; x_wconf 90' lang='lat' dir='ltr'>nos</span> <span class='ocrx_word' id='word_1_594' title='bbox 1568 4971 1599 5025; x_wconf 91' lang='lat' dir='ltr'>ot</span> <span class='ocrx_word' id='word_1_595' title='bbox 1620 4982 1689 5026; x_wconf 92' lang='lat' dir='ltr'>esse</span> <span class='ocrx_word' id='word_1_596' title='bbox 1710 4965 1818 5046; x_wconf 77' lang='lat' dir='ltr'>gratie</span> <span class='ocrx_word' id='word_1_597' title='bbox 1840 4974 1949 5030; x_wconf 90' lang='lat' dir='ltr'>contu-</span> 
     </span>
     <span class='ocr_line' id='line_1_47' title="bbox 399 5062 2099 5142; baseline 0.004 -16"><span class='ocrx_word' id='word_1_598' title='bbox 399 5065 458 5126; x_wconf 91' lang='lat' dir='ltr'>tris</span> <span class='ocrx_word' id='word_1_599' title='bbox 479 5064 625 5128; x_wconf 89' lang='lat' dir='ltr'>coelestis.</span> <span class='ocrx_word' id='word_1_600' title='bbox 639 5067 828 5127; x_wconf 79' lang='lat' dir='ltr'>Voluntaric</span> <span class='ocrx_word' id='word_1_601' title='bbox 847 5066 934 5124; x_wconf 82' lang='lat' dir='ltr'>enim</span> <span class='ocrx_word' id='word_1_602' title='bbox 952 5067 1068 5142; x_wconf 72' lang='lat' dir='ltr'>penult</span> <span class='ocrx_word' id='word_1_603' title='bbox 1090 5086 1146 5126; x_wconf 80' lang='lat' dir='ltr'>nos</span> <span class='ocrx_word' id='word_1_604' title='bbox 1203 5062 1247 5125; x_wconf 93' lang='lat' dir='ltr'>lit.</span> <span class='ocrx_word' id='word_1_605' title='bbox 1265 5062 1345 5124; x_wconf 88' lang='lat' dir='ltr'>Hinc</span> <span class='ocrx_word' id='word_1_606' title='bbox 1361 5062 1475 5124; x_wconf 89' lang='lat' dir='ltr'>Paulus</span> <span class='ocrx_word' id='word_1_607' title='bbox 1490 5063 1652 5126; x_wconf 89' lang='lat' dir='ltr'>conversis</span> <span class='ocrx_word' id='word_1_608' title='bbox 1667 5083 1686 5126; x_wconf 89' lang='lat' dir='ltr'>a</span> <span class='ocrx_word' id='word_1_609' title='bbox 1700 5083 1734 5125; x_wconf 90' lang='lat' dir='ltr'>se</span> <span class='ocrx_word' id='word_1_610' title='bbox 1752 5082 1758 5127; x_wconf 94' lang='lat'><strong>:</strong></span> <span class='ocrx_word' id='word_1_611' title='bbox 1776 5066 1833 5128; x_wconf 89' lang='lat' dir='ltr'>Per</span> <span class='ocrx_word' id='word_1_612' title='bbox 1849 5065 1949 5128; x_wconf 87' lang='lat' dir='ltr'>Evan·</span> <span class='ocrx_word' id='word_1_613' title='bbox 1976 5088 2053 5135; x_wconf 74' lang='lat' dir='ltr'>icor.</span> <span class='ocrx_word' id='word_1_614' title='bbox 2070 5104 2099 5142; x_wconf 67' lang='grc' dir='ltr'>ιι,</span> 
     </span>
     <span class='ocr_line' id='line_1_48' title="bbox 400 5155 1996 5245; baseline 0.003 -21"><span class='ocrx_word' id='word_1_615' title='bbox 400 5165 495 5224; x_wconf 83' lang='lat' dir='ltr'>verbo</span> <span class='ocrx_word' id='word_1_616' title='bbox 517 5165 678 5223; x_wconf 81' lang='lat' dir='ltr'>veritatis.</span> <span class='ocrx_word' id='word_1_617' title='bbox 699 5161 803 5225; x_wconf 90' lang='lat' dir='ltr'>Potest</span> <span class='ocrx_word' id='word_1_618' title='bbox 823 5162 883 5226; x_wconf 92' lang='lat' dir='ltr'>hoc</span> <span class='ocrx_word' id='word_1_619' title='bbox 904 5162 1009 5244; x_wconf 91' lang='lat' dir='ltr'>primo</span> <span class='ocrx_word' id='word_1_620' title='bbox 1030 5164 1146 5245; x_wconf 83' lang='lat' dir='ltr'>exponi</span> <span class='ocrx_word' id='word_1_621' title='bbox 1201 5162 1321 5243; x_wconf 89' lang='lat' dir='ltr'>gelium</span> <span class='ocrx_word' id='word_1_622' title='bbox 1336 5161 1469 5244; x_wconf 87' lang='lat' dir='ltr'>(inquit)</span> <span class='ocrx_word' id='word_1_623' title='bbox 1484 5179 1541 5242; x_wconf 89' lang='lat' dir='ltr'>ego</span> <span class='ocrx_word' id='word_1_624' title='bbox 1564 5180 1619 5225; x_wconf 90' lang='lat' dir='ltr'>vos</span> <span class='ocrx_word' id='word_1_625' title='bbox 1642 5163 1757 5244; x_wconf 92' lang='lat' dir='ltr'>genui;</span> <span class='ocrx_word' id='word_1_626' title='bbox 1778 5171 1810 5226; x_wconf 92' lang='lat' dir='ltr'>et</span> <span class='ocrx_word' id='word_1_627' title='bbox 1831 5165 1936 5228; x_wconf 90' lang='lat' dir='ltr'>denuo</span> <span class='ocrx_word' id='word_1_628' title='bbox 1963 5155 1996 5196; x_wconf 82' lang='lat'>¹⁵·</span> 
     </span>
    </p>
   </div>
   <div class='ocr_carea' id='block_1_3' title="bbox 400 5215 2099 5345">
    <p class='ocr_par' dir='ltr' id='par_1_5' title="bbox 400 5215 2099 5345">
     <span class='ocr_line' id='line_1_49' title="bbox 400 5215 2099 5345; baseline -0.008 -19"><span class='ocrx_word' id='word_1_629' title='bbox 400 5259 440 5326; x_wconf 92' lang='lat' dir='ltr'>de</span> <span class='ocrx_word' id='word_1_630' title='bbox 461 5260 632 5335; x_wconf 87' lang='lat' dir='ltr'>creatione,</span> <span class='ocrx_word' id='word_1_631' title='bbox 647 5260 723 5343; x_wconf 86' lang='lat' dir='ltr'>quia</span> <span class='ocrx_word' id='word_1_632' title='bbox 743 5267 867 5342; x_wconf 90' lang='lat' dir='ltr'>sponte,</span> <span class='ocrx_word' id='word_1_633' title='bbox 889 5261 1146 5325; x_wconf 87' lang='lat' dir='ltr'>intellectualiter</span> <span class='ocrx_word' id='word_1_634' title='bbox 1201 5260 1305 5324; x_wconf 85' lang='lat' dir='ltr'>Filioli</span> <span class='ocrx_word' id='word_1_635' title='bbox 1326 5261 1400 5338; x_wconf 91' lang='lat' dir='ltr'>mci,</span> <span class='ocrx_word' id='word_1_636' title='bbox 1417 5279 1496 5344; x_wconf 88' lang='lat' dir='ltr'>quos</span> <span class='ocrx_word' id='word_1_637' title='bbox 1518 5263 1633 5325; x_wconf 89' lang='lat' dir='ltr'>iterum</span> <span class='ocrx_word' id='word_1_638' title='bbox 1655 5263 1806 5345; x_wconf 88' lang='lat' dir='ltr'>parturio.</span> <span class='ocrx_word' id='word_1_639' title='bbox 1939 5215 2056 5324; x_wconf 45' lang='lat' dir='ltr'>’iilam&#39;</span> <span class='ocrx_word' id='word_1_640' title='bbox 2071 5231 2099 5270; x_wconf 44' lang='lat' dir='ltr'>&#39;l&#39;</span> 
     </span>
    </p>
   </div>
   <div class='ocr_carea' id='block_1_4' title="bbox 0 0 2148 6260">
    <p class='ocr_par' dir='ltr' id='par_1_6' title="bbox 0 0 2148 6260">
     <span class='ocr_line' id='line_1_50' title="bbox 0 0 2148 6260; baseline 0 0"><span class='ocrx_word' id='word_1_641' title='bbox 0 0 2148 6260; x_wconf 95' lang='lat' dir='ltr'> </span> 
     </span>
    </p>
   </div>
  </div>
 </body>
</html>
