4154 6258
294 4521 301 4564 l
310 4520 387 4564 Thera.
396 4535 416 4571 v,

284 4587 317 4627 Ξῖ.

284 4717 417 4768 Mottiavur,

284 4783 326 4832 20;
344 4780 417 4826 Zaclt.

284 4857 313 4896 rx,
324 4846 343 4888 ⁰.

429 467 490 534 too

648 489 797 538 uoluunt
817 489 858 538 XV
879 489 952 538 rost
972 489 1166 537 Tntnlrarhtt.
1188 507 1227 520 ···
1247 490 1289 538 AD
1309 489 1504 555 uectotosos3
1526 490 1625 540 santio
1646 490 1757 538 suros

429 658 556 724 tardum
580 659 613 723 in
639 659 823 743 particulari
852 658 944 724 aliter
966 667 1116 742 operetur
1139 678 1176 722 ac
1190 659 1217 723 Α
1232 665 1318 744 gant,
1334 680 1371 726 ac
1393 661 1532 745 plurima
1555 659 1639 724 mala
1661 666 1838 743 sequuntur
1856 677 1893 722 cx
1911 660 1956 724 cis.

430 757 565 821 ordinet.

469 857 632 932 Praeterea,
663 875 721 920 nos
755 856 907 938 religiosi,
938 873 1002 920 non
1031 856 1177 920 obstante

431 952 515 1035 quod
542 972 579 1016 ex
610 954 792 1036 provisione
821 954 1024 1036 superiorum
1053 959 1176 1016 nostro·

429 1069 503 1114 rum
526 1051 602 1114 satis
626 1051 719 1114 nobis
741 1053 781 1114 de
803 1052 991 1116 necessariis
1012 1052 1085 1116 vita
1110 1069 1176 1114 cor-

429 1167 534 1233 poreae
553 1150 763 1226 ministretur,
778 1149 821 1213 ita
836 1151 921 1232 quod
940 1150 1061 1215 nullam
1081 1149 1176 1212 habe-

429 1267 520 1311 amus
545 1248 767 1312 rationabilem
793 1267 921 1311 causam
950 1247 1176 1311 sollicitudinis

430 1346 515 1410 circa
534 1347 730 1427 hujusmodi,
748 1353 854 1409 tamma
874 1347 990 1428 sapius
1010 1365 1049 1408 ex
1068 1365 1175 1409 carna·

431 1443 528 1520 litata,
545 1443 739 1527 negligentia
757 1452 789 1507 ct
807 1444 907 1507 animi
926 1444 1075 1519 vanitate,
1092 1445 1176 1526 cogi-

430 1550 535 1606 tamus
559 1551 592 1606 et
615 1543 826 1607 sollicitamur
849 1544 887 1606 de
910 1543 961 1607 his
985 1563 1055 1626 quae
1083 1543 1176 1607 nubis

430 1659 489 1724 pro
513 1641 686 1705 refectione
717 1641 994 1716 ministrabuntur,
1019 1661 1060 1705 an
1084 1641 1176 1704 sulfi-

430 1741 557 1814 cicntia,
575 1740 714 1824 satisque
729 1741 824 1817 lauta,
837 1748 868 1805 et
883 1741 1080 1804 sensualitati
1095 1758 1178 1805 com·

1271 760 1444 835 Postremo,
1460 760 1495 823 in
1509 759 1674 842 evangelio
1694 759 1755 822 isto
1773 757 1918 822 docemur
1931 769 1957 822 ut

1231 859 1319 922 omni
1343 859 1517 941 cupiditate
1539 867 1571 922 ct
1594 857 1802 920 immoderata
1824 856 1959 920 sollicitu-

1231 957 1305 1020 dine
1319 957 1597 1041 abdicatis‚primo
1611 975 1648 1020 ac
1663 954 1879 1039 principalitar
1892 975 1959 1038 quae
1971 980 2048 1028 ratur.

1232 1075 1339 1119 ramus
1364 1074 1498 1137 reguum
1523 1055 1590 1130 Dei,
1608 1073 1717 1117 veram
1743 1053 1885 1127 salutem,
1903 1072 1958 1134 gra-
1968 1046 1991 1084 ³³·

1230 1155 1347 1217 tiarum
1364 1152 1772 1236 charismata,spiritualem
1786 1151 1957 1235 profectum

1231 1259 1264 1316 ct
1284 1253 1469 1335 temporalia
1491 1253 1567 1315 huic
1588 1252 1662 1314 vitra
1683 1251 1861 1314 necessaria
1881 1250 1958 1314 nobis

1232 1351 1434 1432 adjicientur.
1452 1350 1499 1414 Sit
1513 1367 1588 1431 argo
1604 1350 1638 1412 in
1657 1349 1752 1412 nobis
1771 1348 1852 1413 hona
1863 1349 1957 1430 ctspi·

1232 1448 1356 1510 ritualis
1385 1447 1566 1511 sollicitudo
1594 1445 1819 1510 accumulandi
1845 1446 1956 1529 spiritu·

1231 1546 1296 1609 ales
1322 1554 1354 1609 ct
1377 1545 1543 1609 interiores
1572 1545 1712 1619 divitias,
1738 1543 1956 1608 exuberantiam

1232 1646 1431 1720 meritorum,
1448 1645 1645 1708 incrementa
1658 1643 1826 1715 virtutum,
1841 1641 1956 1708 affluan-

1231 1744 1308 1806 tiam
1328 1761 1499 1806 munerum
1518 1757 1748 1824 supcmorum3
1764 1748 1798 1804 et
1814 1760 1854 1804 ne
1872 1742 1956 1806 ileum

430 1838 548 1921 placita
578 1846 672 1901 crunt
702 1858 709 1903 :
740 1840 826 1922 quod
856 1857 986 1922 prorsus
1020 1839 1113 1904 inane
1145 1847 1176 1902 et
1194 1840 1217 1902 B
1233 1842 1266 1905 in
1285 1842 1393 1924 aliquo
1412 1840 1626 1915 offendamus,
1642 1859 1682 1903 ne
1701 1847 1830 1922 tempus
1846 1839 1956 1922 aliquod

431 1938 565 2000 stultum
590 1945 648 2012 est,
672 1956 709 2000 ac
734 1956 841 2001 vaeuae
865 1937 982 2000 mentis
1008 1937 1173 2001 indicium.

429 2036 560 2110 Rursus,
591 2035 738 2118 quamvis
767 2043 986 2118 paupertatem
1015 2037 1078 2099 Deo
1107 2054 1177 2118 pro

431 2134 589 2209 misimus,
616 2133 717 2197 nihilo
737 2135 844 2197 minus
869 2152 927 2217 pro
950 2135 1177 2217 temporalium

429 2232 621 2296 abundantia
635 2233 823 2314 quandoque
839 2233 954 2316 cupide
971 2251 1175 2315 occupamur,

430 2351 489 2394 uec
505 2332 545 2394 ab
561 2332 694 2394 avaritia
709 2332 892 2395 invenimur
908 2333 1076 2395 immunes.
1089 2333 1177 2396 Unde

430 2436 462 2492 et
473 2429 637 2493 saeculares
652 2429 835 2510 frequenter
849 2430 1102 2492 scandalizantur
1115 2449 1178 2493 non

431 2547 545 2612 parum
574 2528 608 2589 in
638 2528 806 2609 religiosis,
832 2528 866 2590 in
891 2528 1008 2610 quibus
1032 2529 1177 2592 omniurn

430 2628 665 2690 mundanorum
685 2634 886 2709 contemptus
906 2635 937 2689 et
954 2628 1178 2709 exemplaritas

431 2726 569 2789 maxime
593 2725 797 2807 resplendere
825 2724 994 2804 deberent;
1019 2733 1114 2807 atquc
1143 2726 1176 2787 in

428 2825 487 2887 hac
512 2823 686 2906 cupiditate
713 2842 750 2885 ac
773 2823 905 2885 avaritia
928 2823 1108 2905 superiores
1133 2843 1179 2887 re-

430 2922 615 3004 ligiosorum
635 2920 784 2984 videntur
805 2939 888 3003 saepe
913 2921 1013 3002 magis
1035 2921 1178 3004 culpabi·

1232 1941 1430 2003 infructuose
1450 1947 1719 2022 pertranseamus,
1740 1956 1781 2001 ne
1803 1939 1957 2002 circumve
1966 1958 2046 2000 amn

1231 2039 1358 2102 niamur
1382 2057 1401 2100 a
1425 2039 1548 2112 Sataua,
1574 2055 1615 2100 ne
1643 2035 1794 2118 frigescat
1823 2037 1854 2099 in
1879 2037 1955 2100 nobis
1985 2055 2030 2098 nc

1231 2137 1345 2200 caritas
1370 2136 1425 2199 Dei
1450 2135 1618 2198 dilectiove
1639 2133 1791 2209 fraterna,
1811 2153 1849 2196 ne
1871 2124 2029 2216 pmii-”¹¹³²

1232 2255 1322 2298 mum
1347 2233 1608 2308 scandalizemus,
1628 2252 1669 2296 ne
1691 2233 1757 2296 Deo
1778 2233 1957 2295 inveniamur

1233 2334 1358 2416 ingrati.
1370 2334 1450 2397 Ecce
1463 2351 1559 2415 quarn
1576 2332 1705 2395 solliciti
1718 2339 1794 2394 sunt
1805 2331 1864 2396 filii
1877 2331 1957 2412 hujus

1233 2433 1345 2496 mundi
1365 2450 1423 2515 pro
1442 2431 1606 2515 opulentia
1623 2429 1805 2512 temporali,
1823 2448 1878 2512 pro
1894 2429 1957 2493 obti-

1233 2532 1346 2596 nendis
1376 2529 1468 2594 bonis
1497 2528 1741 2592 delectabilibus
1770 2536 1824 2592 aut
1845 2527 1958 2590 utilibus

1232 2632 1283 2696 vcl
1306 2629 1448 2693 honestis
1469 2627 1543 2692 vitas
1565 2627 1742 2711 praesentis,
1763 2646 1834 2709 quae
1854 2626 1958 2690 exsistit

1232 2736 1297 2792 tam
1320 2728 1441 2790 incerta
1462 2733 1494 2788 et
1515 2724 1620 2789 brevis
1637 2742 1645 2786 :
1662 2731 1781 2806 quanto
1802 2723 1897 2806 magis
1912 2741 1957 2785 nos

1233 2825 1381 2908 religiosi,
1389 2842 1447 2907 pro
1461 2823 1626 2905 opulentia
1639 2822 1807 2904 spirituali,
1816 2841 1870 2905 pro
1883 2821 1958 2884 bonis

1233 2927 1306 2989 vitta
1320 2923 1436 2987 futura
1451 2921 1642 2985 aeternaliter
1657 2919 1958 3003 permansurae,dcbc

430 3022 486 3083 les.
510 3019 590 3082 Hinc
614 3019 721 3092 ctiam,
746 3018 833 3099 justo
856 3019 911 3081 llei
924 3031 926 3038 “
939 3020 1121 3082 moderante
1141 3039 1177 3082 ac
1193 3023 1215 3087 c
1234 3041 1341 3085 remus
1354 3039 1479 3084 summe
1490 3027 1522 3081 et
1535 3018 1829 3101 incomparabiliter
1839 3037 1902 3081 esse
1912 3018 1959 3080 scl-

430 3118 635 3201 permittente
649 3117 902 3200 judicio,magna
916 3118 1078 3181 multoties
1093 3120 1179 3181 darn-
1234 3121 1325 3195 liciti,
1340 3119 1423 3182 sicut
1437 3125 1469 3180 et
1483 3116 1583 3180 sancti
1600 3125 1710 3198 patres·
1720 3117 1821 3179 nostri
1838 3116 1957 3187 fuerunt,

431 3237 471 3280 na
495 3215 652 3297 religiosis
678 3216 876 3296 contingunt,
897 3235 915 3278 a
936 3215 1065 3299 quibus,
1087 3217 1114 3278 si
1137 3217 1177 3279 ab
1234 3220 1288 3302 qni
1310 3220 1341 3281 in
1358 3217 1446 3280 omni
1461 3215 1627 3296 diligentia
1642 3221 1675 3277 et
1688 3214 1826 3289 fervore,
1842 3215 1873 3276 in
1885 3212 1958 3276 omni

430 3315 519 3380 omni
533 3314 666 3377 avaritia
680 3332 713 3376 se
728 3320 883 3387 arcerent,
900 3315 983 3376 Deus
999 3313 1112 3389 bonus,
1127 3315 1178 3396 ju·
1233 3317 1337 3380 cordis
1353 3313 1506 3388 custodia,
1524 3312 1706 3388 sobrietate,
1723 3321 1756 3375 et
1773 3313 1906 3395 corporis
1919 3329 1958 3373 ca·

430 3421 498 3476 stus
514 3419 545 3475 et
560 3412 697 3493 sapiens,
709 3429 762 3474 cos
778 3412 888 3493 utique
904 3420 1129 3494 praeservarct:
1146 3421 1178 3476 et
1234 3415 1401 3496 stigationc
1415 3432 1453 3476 ac
1468 3411 1686 3475 moderamine
1701 3413 1818 3487 somni,
1827 3413 1859 3474 in
1873 3409 1958 3493 prole-

429 3521 506 3575 hinc
521 3517 627 3573 essent
642 3509 826 3572 homiuibus
842 3511 966 3573 cunctis
982 3511 1081 3592 magis
1097 3531 1179 3575 ama·
1233 3522 1285 3576 ctu
1302 3511 1507 3585 continuam
1522 3508 1774 3592 profundissima
1788 3509 1957 3577 humilitate,

430 3609 742 3690 biles,cxamplareS,
759 3609 960 3672 honorabiles
976 3619 1007 3674 at
1023 3612 1175 3692 praeclari,
1234 3610 1442 3693 insuperabili
1472 3607 1636 3691 patientia,
1667 3607 1827 3671 indelessa
1857 3606 1956 3677 labore,

430 3728 490 3771 nec
505 3696 640 3770 dubium
661 3706 738 3787 quin
755 3714 785 3769 ct
801 3708 893 3788 plura
912 3708 944 3770 in
960 3709 1177 3791 eleemosynas
1233 3709 1422 3773 fidelissime
1441 3707 1621 3770 servierunt
1639 3705 1776 3769 Domino
1793 3706 1856 3769 Deo
1873 3722 1930 3767 sun

432 3807 478 3870 cis
491 3808 657 3882 darantnr3
669 3821 754 3865 nunc
767 3812 873 3867 autern
887 3813 1134 3869 contemnuntur
1146 3815 1178 3872 et
1272 3810 1417 3890 Ipsorum
1440 3823 1515 3886 crgo
1534 3804 1667 3886 vestigia
1689 3822 1843 3867 conemur
1863 3803 1956 3865 saltem

432 3903 694 3985 blasphemantur
708 3921 727 3964 a
742 3902 859 3964 multis.
871 3902 908 3964 Et
924 3921 1033 3967 revera
1046 3906 1085 3967 ad
1102 3924 1178 3987 prm·
1232 3906 1413 3989 aliqualiter
1435 3903 1562 3967 imitari.
1580 3903 1618 3965 Et
1637 3921 1701 3984 quo
1719 3903 1827 3966 anima
1847 3917 1957 3983 corpore

432 4001 611 4068 cavendum
630 4007 676 4062 tot
692 3999 784 4075 mala,
800 4002 838 4063 ad
859 4004 1111 4082 promovendum
1133 4012 1178 4068 tot
1233 4013 1334 4070 exstat
1349 4003 1497 4077 nobilior,
1505 4010 1537 4065 et
1550 4003 1615 4064 vita
1630 4001 1738 4064 lutura
1753 4001 1817 4065 vita
1831 3997 1957 4084 prasenti

431 4103 525 4176 bona,
551 4099 665 4163 merito
688 4098 884 4162 abstinerent
901 4117 1012 4163 omnes
1037 4102 1177 4184 religiosi
1233 4103 1424 4177 diuturnior,
1441 4120 1479 4166 co
1496 4102 1569 4184 plus
1588 4101 1718 4163 solliciti
1735 4119 1773 4163 ac
1788 4099 1910 4163 studiosi
1928 4097 1958 4159 si-

432 4203 472 4266 ah
488 4199 576 4265 omni
591 4199 732 4262 avaritiae
747 4197 851 4280 culpa,
868 4197 1040 4280 frugalitati
1056 4219 1092 4263 ac
1108 4203 1217 4283 par-ll
1234 4223 1306 4267 rnus
1326 4219 1384 4284 pro
1402 4200 1582 4264 animarum
1601 4207 1782 4262 nostrarum
1796 4199 1877 4262 veris
1893 4196 1960 4260 divi·

432 4301 518 4365 citati
539 4299 714 4372 studentes
731 4297 907 4380 pracsertim
924 4317 1025 4379 quum
1040 4299 1177 4362 tenuitas

431 4402 535 4465 victus
557 4406 589 4462 ct
608 4398 740 4461 vestitus
762 4396 803 4458 sit
824 4396 1118 4477 indispensabiliter
1139 4400 1177 4462 da

431 4497 568 4562 essentia
587 4494 761 4576 religionis,
778 4501 810 4556 et
828 4494 997 4575 Apostolus
1019 4495 1114 4570 dicat,
1130 4496 1177 4559 Ab

433 4597 522 4660 omni
546 4594 653 4676 specie
678 4592 760 4655 mala
783 4591 941 4655 abstinete
965 4611 1032 4667 vos,
1053 4601 1084 4656 et
1109 4595 1177 4678 ipsc

1233 4303 1297 4375 tiis,
1328 4299 1462 4363 internis
1492 4285 1733 4373 refectionibus,
1760 4295 1958 4380 spiritualibus

1233 4396 1701 4472 consolationibus,coelcstibus
1716 4396 1959 4480 sempitcmisqua

1231 4499 1367 4582 gaudiis,
1389 4516 1484 4579 quarn
1509 4515 1566 4579 pro
1594 4496 1782 4559 necessariis
1806 4495 1874 4559 vita
1896 4511 1959 4575 pra·

1233 4598 1349 4676 sentis;
1370 4604 1402 4658 ct
1424 4596 1524 4658 simus
1546 4595 1696 4658 custoditi
1718 4596 1752 4657 in
1768 4593 1918 4664 omnibus,
1931 4590 1956 4651 ir

433 4692 620 4774 Unigenitus
635 4690 692 4752 llei
706 4689 739 4751 in
755 4696 821 4751 tam
836 4696 977 4753 extrema
992 4700 1177 4773 paupertate
1232 4696 1320 4760 omni
1340 4713 1436 4758 sensu
1456 4701 1488 4756 et
1501 4692 1600 4756 verbo
1618 4711 1656 4755 ac
1675 4711 1783 4776 opere,
1802 4689 1956 4774 prasertim

433 4791 548 4857 vixerit
562 4791 595 4852 in
609 4789 669 4852 hoc
684 4787 815 4850 mundo.
833 4788 1036 4870 Expericutia
1050 4809 1177 4873 quoque
1232 4795 1266 4857 in
1281 4794 1391 4856 divino
1405 4791 1531 4866 Officio,
1548 4799 1703 4855 eteorum
1719 4791 1865 4854 intraneis
1879 4797 1958 4869 atquc

432 4893 617 4972 frequenter
631 4887 831 4968 edocuitper
846 4888 1069 4968 temporalium
1083 4889 1179 4952 abun·
1232 4892 1401 4964 extraneis,
1419 4898 1454 4953 ut
1474 4909 1586 4954 omncs
1600 4889 1802 4954 aedificentur
1821 4889 1851 4951 in
1870 4887 1957 4954 nobis,

432 4988 573 5052 dantium
598 4987 731 5069 periisse
754 4985 956 5049 devotionem
984 4986 1179 5052 observanti·
1233 4998 1264 5055 at
1288 5007 1345 5053 nos
1371 4989 1433 5072 ipsi
1455 5007 1529 5051 cum
1555 4987 1618 5050 illis
1642 4989 1682 5052 dc
1707 5007 1817 5052 eorum
1840 4984 1958 5051 adifica-

431 5105 548 5170 amquc
570 5084 790 5163 claustralcm3
811 5086 865 5147 sed
888 5093 920 5147 et
942 5085 1123 5150 sollicitudo
1147 5095 1178 5150 et
1231 5090 1318 5153 tione
1334 5089 1475 5151 ditemur
1489 5087 1581 5150 donis
1596 5087 1706 5168 gratim
1721 5088 1754 5150 in
1773 5084 1958 5170 prasentiat

433 5185 591 5270 cupiditas
613 5184 683 5257 ista,
700 5182 889 5265 perfectioni
913 5184 981 5266 spei
1007 5184 1039 5246 in
1061 5186 1125 5248 Deo
1147 5194 1178 5248 et
1231 5187 1401 5270 gloriosius
1414 5184 1826 5267 coronemurdonisgloriae
1839 5186 1960 5260 inraguu

434 5284 574 5352 caritatis
593 5281 768 5348 sinceritati
788 5299 852 5345 nou
872 5282 1074 5346 mediocriter
1090 5283 1179 5348 dero
1234 5285 1364 5350 coelesti.
1381 5285 1429 5350 Ad
1444 5284 1570 5348 laudem
1585 5291 1618 5348 ct
1631 5283 1767 5365 gloriam
1782 5281 1845 5346 Dei.
1861 5279 1958 5344 Amen.
