4288 6264
421 477 460 542 24
674 493 824 545 neumas
845 496 876 543 1v
896 495 969 542 rosr
990 491 1120 542 ruscea.
1142 511 1182 522 -
1201 493 1244 540 an
1264 492 1460 560 nmrerosos;
1482 495 1582 544 sunno
1602 495 1714 544 serres

422 668 460 730 ad
476 666 681 749 Unigenitum
696 668 764 742 Dei,
776 668 813 731 ad
829 685 942 730 verum
958 666 1059 728 Deum
1075 683 1169 727 carne
1183 662 1208 727 Α
1222 664 1296 727 vide
1318 663 1537 746 deprecemur,
1554 674 1588 728 ut
1607 686 1664 730 sua
1683 685 1740 730 nos
1763 667 1913 731 unctione
1935 667 1967 729 in

422 767 583 841 indutum,
599 765 638 829 ad
657 767 781 849 rignum
800 767 869 829 sine
892 765 1026 836 macula,
1042 762 1081 826 ad
1103 782 1169 826 car·
1223 762 1373 826 omnibus
1393 764 1535 840 edocere,
1552 764 1699 847 dirigere,
1716 783 1903 830 conservare
1923 767 1968 829 di·

423 883 497 928 nem
520 865 764 928 mundissimam
788 884 827 929 ex
850 864 1032 947 purissimis
1053 870 1169 926 sancte
1222 869 1348 943 gnetur,
1365 882 1464 945 quum
1486 871 1533 924 tot
1556 882 1658 938 casus,
1675 871 1720 926 tot
1743 864 1967 940 involutiones,

422 963 561 1045 Virginis
583 964 792 1046 sanguinibus
814 971 973 1045 sumptam
996 970 1028 1024 et
1049 961 1168 1044 Spiritu
1223 968 1269 1024 tot
1283 961 1517 1043 ambiguitates,
1529 961 1736 1026 difficultates
1751 971 1784 1026 et
1798 971 1970 1028 tentamen-

423 1062 537 1125 Sancto
552 1061 732 1136 formatem,
744 1061 932 1144 impeditiva
946 1060 1009 1122 fuit
1023 1059 1170 1143 spiritua·
1223 1068 1255 1122 ta
1271 1060 1487 1123 indesinenter
1501 1061 1593 1124 nobis
1609 1069 1787 1138 occurrant,
1800 1069 1835 1124 ut
1849 1062 1969 1146 absque

423 1159 461 1222 lis
477 1159 683 1241 perfectionis
703 1167 735 1222 et
751 1160 853 1242 plena)
872 1158 1085 1240 susceptionis
1100 1157 1169 1240 Spi-
1225 1158 1325 1241 ipsius
1341 1159 1472 1241 speciali
1487 1158 1676 1234 eruditione,
1692 1161 1878 1235 directione,
1894 1160 1968 1223 sub·

384 1293 390 1302 ·
422 1258 502 1321 ritus
518 1258 636 1334 Sancti,
652 1278 749 1341 quam
765 1257 974 1321 ineffabiliter
988 1257 1123 1319 carnalis
1138 1264 1170 1319 et
1223 1257 1384 1332 ventione,
1400 1259 1543 1332 evadere,
1558 1257 1729 1340 prevalere
1744 1266 1839 1341 atque
1854 1259 1967 1324 salvari

422 1357 578 1420 sensualis
598 1357 728 1420 affectio
747 1358 786 1420 ad
806 1356 935 1437 fragiles
955 1354 1169 1418 defectuosos-
1224 1355 1406 1418 nullatenus
1422 1356 1593 1419 valeamus.
1611 1357 1685 1420 ldeo
1698 1357 1743 1420 ait
1757 1357 1807 1420 vir
1821 1358 1965 1440 sapiens:

421 1473 484 1536 que
498 1455 656 1530 homines,
672 1455 710 1518 ad
726 1455 889 1518 sordidum
910 1473 1026 1535 corpus
1045 1454 1078 1516 in
1098 1473 1170 1535 pec·
1223 1453 1299 1526 Quis
1315 1454 1475 1517 hominum
1492 1455 1605 1538 poterit
1619 1455 1701 1518 scire
1716 1455 1884 1519 consilium
1898 1456 1968 1518 [leit
1985 1472 2103 1528 sapae.
2125 1491 2126 1502 ,

421 1553 500 1616 catis
524 1561 726 1637 conceptum,
747 1561 868 1626 natum,
889 1553 1057 1626 nutritum,
1078 1553 1170 1635 spiri·
1223 1559 1278 1613 aut
1293 1552 1365 1634 quis
1385 1553 1501 1634 pot-erit
1520 1555 1657 1634 cogitare
1676 1554 1753 1636 quid
1769 1553 1846 1617 velit
1864 1554 1968 1617 Deusf

420 1651 537 1714 tualem
553 1653 637 1715 tollit
651 1651 877 1734 profectumet
892 1669 1020 1714 omnem
1037 1651 1171 1732 impedit
1225 1649 1435 1730 Cogitationes
1464 1650 1551 1713 enim
1576 1651 1757 1714 mortalium
1782 1651 1915 1726 timidae,
1939 1660 1970 1714 et
1985 1669 2104 1716 reuma

422 1748 674 1830 perfectionemf
690 1749 875 1812 llirabiliter
894 1750 1015 1832 quippe
1034 1749 1169 1810 carnalis
1225 1747 1353 1810 incertae
1373 1755 1447 1809 sunt
1466 1748 1674 1829 providentias
1694 1757 1817 1812 nostrae.
1835 1750 1969 1812 Sensum

421 1847 550 1911 affectio
573 1848 669 1910 trahit
697 1855 793 1931 atque
820 1847 987 1910 obnubilat
1015 1854 1165 1910 mentem.
1187 1848 1330 1912 Bautem
1356 1853 1457 1918 tuum,
1479 1846 1624 1921 Domine,
1644 1847 1717 1929 quis
1741 1848 1830 1921 sciet,
1848 1847 1912 1909 nisi
1935 1855 1970 1910 tu

421 1947 590 2028 Propterea
611 1965 680 2008 esse
702 1946 829 2010 solliciti
853 1963 1033 2019 caveamus
1049 1952 1081 2007 et
1102 1963 1167 2007 om·
1224 1943 1350 2006 dederis
1379 1943 1578 2026 sapientiam,
1604 1953 1636 2007 et
1660 1945 1785 2008 miseris
1814 1945 1969 2029 Spiritum

422 2062 497 2106 nem
527 2043 628 2126 ipsius
658 2044 858 2107 occasionem
883 2052 914 2105 et
938 2062 1065 2105 causam
1091 2043 1168 2105 vite·
1222 2049 1314 2104 tuum
1342 2042 1381 2104 de
1411 2041 1527 2105 coelist
1557 2044 1710 2126 Denique,
1736 2044 1813 2127 quid
1841 2062 1970 2107 oremus
1998 2060 2106 2103 naam

422 2161 506 2216 mus,
536 2142 699 2204 incautum
733 2140 885 2226 fugiendo
918 2142 1103 2223 adspectum
1137 2149 1170 2203 et
1223 2140 1306 2202 sicut
1325 2147 1459 2222 oportet,
1476 2141 1725 2220 nescimus3sed
1747 2142 1815 2224 ipse
1832 2142 1970 2224 Spiritus
1985 2125 2021 2165 ²⁶·
2125 2129 2126 2206 l

421 2246 553 2314 tactum,
569 2240 735 2320 amplexus
757 2247 789 2301 et
808 2239 927 2312 oscula,
945 2239 1104 2301 lateralem
1121 2259 1168 2302 as·
1223 2238 1419 2320 postulantes
1442 2257 1499 2300 nos
1518 2239 1595 2301 facit
1614 2240 1752 2303 idoneos.
1770 2240 1834 2304 Nec
1854 2239 1971 2322 aliquis
1986 2255 2107 2301 lemna.

421 2337 608 2411 sessionem,
627 2345 659 2399 et
682 2336 864 2399 universam
889 2337 1073 2418 hujusmodi
1098 2357 1169 2419 pro·
1223 2344 1327 2418 potest
1347 2336 1463 2410 dicere,
1481 2337 1632 2399 Dominus
1649 2339 1751 2412 Jesus,
1768 2339 1830 2400 nisi
1851 2338 1882 2401 in
1903 2339 1972 2419 Spi·

421 2436 675 2508 vocationemex
691 2435 808 2517 quibus
824 2436 918 2497 etiam
936 2437 974 2498 de
990 2435 1076 2497 facili
1092 2455 1169 2498 mor·
1223 2436 1286 2497 ritu
1309 2435 1432 2498 Sancto.
1449 2436 1513 2498 Neo
1536 2436 1735 2500 sufficientes
1758 2457 1870 2500 sumus
1889 2437 1970 2518 cogi·
1986 2455 2108 2501 risurus
2125 2431 2126 2514 l

422 2534 494 2596 talis
510 2534 611 2596 oritur
626 2534 730 2616 culpa,
747 2533 923 2616 praesertim
945 2532 1021 2595 dum
1038 2553 1168 2617 serpens
1224 2540 1288 2595 tare
1309 2533 1431 2614 aliquid
1453 2553 1492 2595 ex
1513 2534 1605 2597 nobis
1625 2535 1716 2616 quasi
1739 2555 1777 2598 ex
1797 2535 1900 2610 nobis,
1915 2537 1972 2598 sed

421 2641 548 2695 tenetur
563 2640 595 2695 et
614 2632 740 2695 fovetur
756 2633 788 2694 in
809 2633 941 2713 gremio.
958 2633 1046 2694 Unde
1061 2633 1169 2695 omnia
1223 2631 1419 2694 sufficieutia
1439 2641 1545 2695 nostra
1561 2653 1599 2695 ex
1619 2634 1684 2696 Deo
1703 2642 1760 2696 est.
1778 2633 1858 2696 Ecce
1874 2653 1971 2717 quam

421 2731 497 2793 talia
521 2730 678 2812 religiosis
703 2737 778 2792 sunt
801 2749 926 2792 summe
947 2730 1087 2805 vitanda,
1113 2733 1167 2813 qui
1223 2729 1351 2791 infinita
1378 2737 1426 2792 est
1450 2730 1636 2812 indigentia,
1664 2732 1861 2814 impotentia,
1887 2731 1971 2794 defe-

422 2847 485 2891 non
510 2829 613 2890 solum
637 2829 676 2891 ad
702 2828 878 2904 meliorem,
895 2830 950 2891 sed
975 2830 1104 2892 demum
1129 2831 1168 2891 ad
1223 2831 1372 2904 ctuositas
1401 2837 1516 2892 nostra.
1543 2831 1757 2893 lfumiliemur
1786 2830 1884 2911 igitur
1909 2829 1969 2892 sub
1985 2850 2109 2898 {reesa

422 2927 615 2990 securiorem
631 2927 762 3008 obligati
777 2934 852 2989 sunt
866 2926 1099 2991 viamtidcirco
1114 2947 1167 2990 ne·
1223 2927 1343 3009 potenti
1375 2946 1470 2990 mauu
1496 2928 1562 3002 uei,
1588 2936 1620 2990 et
1643 2928 1713 3010 ejus
1738 2928 1969 3009 benignissimo

422 3043 582 3107 quaquam
603 3024 782 3087 discrimini
806 3043 839 3087 se
862 3026 1070 3087 committant.
1182 3025 1580 3108 Cindesinentissimoque
1609 3026 1752 3089 subsidio
1773 3027 1969 3089 incessabili-

461 3123 633 3198 Postremo,
649 3121 841 3185 immensam
866 3123 1015 3206 pietatem
1038 3131 1070 3186 et
1091 3124 1170 3186 libe·
1222 3131 1271 3186 ter
1286 3124 1470 3186 innitamur.
1487 3126 1534 3186 Ad
1551 3124 1676 3188 laudem
1694 3133 1725 3187 et
1739 3125 1873 3206 gloriam
1891 3125 1966 3206 ejus

422 3221 580 3283 ralitetem
600 3221 737 3303 Spiritus
757 3222 863 3284 Sancti
886 3222 1041 3285 instanter
1055 3241 1091 3284 ac
1108 3222 1169 3284 fer·
1223 3222 1334 3284 Amen.
