4140 6258
417 473 478 538 340
684 484 832 534 noltnttch
852 485 873 531 X
894 484 968 531 POST
987 479 1181 529 tntrtt'threlt.
1203 496 1243 508 ··
1262 477 1436 526 enuntiatio
1457 477 1489 524 tlt
1508 474 1703 523 nvlnontrntt

421 661 463 723 sit
476 659 626 723 discretio
641 657 824 742 spirituum,
836 673 997 738 quamque
1012 652 1166 735 periculo
1179 649 1204 714 Α
1219 657 1251 713 et
1265 647 1485 712 minorabitur
1501 645 1628 730 Atque
1620 665 1653 708 ru
1673 643 1779 728 prima
1798 661 1846 705 sua
1855 643 1919 708 dano

422 778 493 822 sum
513 758 645 821 exsistat
665 757 792 820 incaute
814 755 942 817 credere
964 751 1091 835 spiritui
1113 770 1167 861 ap-
1220 749 1291 812 nica
1314 750 1407 812 docet
1425 748 1586 810 loannes:
1602 744 1706 808 Nolite
1727 741 1816 806 omui
1833 743 1994 860 spiritalitas

284 908 399 954 nocam
402 857 556 962 parenti.
563 857 694 938 Propter
707 853 816 938 quod
809 872 841 915 ru
858 849 1080 914 Ecclesiastico
1094 849 1169 911 scri·
1220 847 1360 921 credere,
1386 847 1442 908 sed
1466 844 1598 928 probate
1623 841 1757 926 spiritns
1783 841 1809 904 si
1832 859 1861 903 ex
1880 823 1940 904 Μ’

276 977 297 1018 l.

424 964 515 1040 ptum
531 963 603 1018 est:
619 953 678 1030 Qui
693 953 757 1016 cito
776 951 887 1026 credit,
904 949 984 1013 levis
999 957 1047 1012 est
1062 950 1167 1022 corde,
1224 947 1296 1009 sint

815 1376 1120 1467 ENhRRhTIO
1152 1373 1207 1462 IN
1241 1369 1581 1459 EVANGELIUM

503 1651 586 1709 ouon
607 1645 879 1703 arraormounanr
899 1645 987 1692 rusus
1007 1641 1193 1700 senuerant,
1214 1640 1325 1688 vroaus
1347 1638 1520 1696 emanarant,
1540 1637 1647 1685 maru
1667 1636 1764 1684 sunna
1786 1635 1868 1684 rutx.

1058 1725 1131 1787 Luc.
1147 1741 1214 1799 xrx,
1230 1721 1335 1786 41-47.

501 2035 667 2100 ontnnno
683 2035 714 2096 in
731 2032 896 2114 evangelio
911 2031 1039 2094 docetur
1053 2036 1171 2111 quanta
1186 2030 1210 2092 B
1224 2045 1314 2108 rum3
1330 2034 1363 2090 θῖ
1377 2025 1404 2088 si
1423 2026 1483 2089 boo
1499 2026 1542 2088 ita
1561 2033 1620 2101 θεῖ,
1638 2027 1739 2090 multo
1761 2027 1828 2109 plus
1843 2024 1930 2088 dellen-

514 2134 611 2197 iuerit
640 2133 769 2196 dilectio
797 2130 914 2195 Christi
943 2129 983 2190 ad
1012 2127 1169 2200 homiues,
1224 2126 1283 2188 dus
1308 2124 1370 2187 luit
1393 2124 1531 2207 populus
1555 2125 1609 2187 ille
1635 2124 1817 2188 incredulus
1837 2133 1931 2207 propter

426 2240 545 2315 quanta
572 2232 668 2294 etiam
698 2230 796 2293 luerit
826 2228 896 2309 ejus
924 2225 1103 2307 compassio
1133 2224 1172 2286 ad
1225 2223 1461 2286 damnationem
1497 2222 1598 2305 ipsius
1631 2231 1795 2286 aeternam.
1825 2223 1931 2286 Christus

427 2337 609 2412 peccatores
630 2347 667 2390 ae
687 2328 837 2404 miser0s3
860 2326 947 2398 item,
969 2331 1106 2406 quantus
1126 2321 1174 2384 lu·
1225 2339 1352 2403 quoque
1373 2321 1445 2403 plus
1464 2321 1565 2383 doluit
1584 2321 1623 2384 de
1644 2322 1728 2385 malo
1745 2322 1849 2403 culpa,
1862 2339 1931 2403 quan

426 2428 488 2490 erit
517 2426 550 2488 in
575 2443 613 2489 eo
636 2427 722 2489 zelus
744 2424 875 2506 justitian
903 2441 962 2506 pro
989 2421 1046 2483 Dei
1074 2420 1173 2483 Patris
1226 2421 1265 2482 de
1287 2420 1370 2483 malo
1392 2439 1494 2502 poenae
1516 2421 1685 2484 hominum
1708 2422 1875 2505 impiorum.

426 2526 547 2589 honore
572 2532 681 2588 contra
705 2523 841 2605 iniquos
866 2523 918 2585 Ait
942 2521 1049 2603 itaque
1074 2519 1173 2580 Lucas
1265 2522 1309 2581 Et
1333 2520 1465 2598 quidem
1489 2521 1526 2580 in
1548 2521 1608 2580 hoc
1631 2523 1686 2580 dt'c
1710 2530 1783 2592 tua,
1806 2520 1833 2582 id
1857 2527 1893 2581 est
1911 2518 1934 2579 iu

426 2622 644 2705 evangelista:
1225 2623 1369 2699 tempore
1385 2616 1445 2681 isto
1465 2617 1556 2681 brevi
1575 2627 1670 2701 atque
1691 2619 1850 2682 celerrime
1863 2625 1936 2680 trans·

467 2725 574 2790 Quum
589 2721 868 2799 appropinquaret
881 2722 975 2779 lesus
989 2715 1111 2778 civitati
1124 2717 1175 2776 Je-
1226 2715 1326 2788 eunti,
1343 2716 1377 2777 in
1392 2733 1456 2798 quo
1472 2733 1535 2779 non
1551 2716 1608 2779 Dei
1622 2717 1748 2792 honori,
1766 2717 1817 2780 sed
1833 2715 1935 2799 propriis

427 2825 582 2890 rusolem,
611 2821 725 2879 videns
753 2819 931 2887 civitatem,
954 2817 1046 2892 flevit
1076 2831 1175 2890 super
1225 2814 1420 2877 vanitatibus
1444 2833 1548 2890 vacaS,
1566 2835 1639 2895 quta
1657 2819 1702 2876 ad
1717 2835 1827 2894 pacem
1847 2812 1937 2883 ataid

427 2921 532 2989 ittam,
548 2919 669 2978 dicens.
686 2916 773 2979 lstud
788 2915 850 2977 luit
866 2916 899 2977 in
915 2915 967 2977 die
982 2914 1172 2988 Palmarum,
1226 2920 1284 2986 est,
1302 2932 1339 2975 ea
1354 2933 1425 2995 quae
1445 2912 1554 2988 habes,
1569 2914 1609 2976 ad
1629 2914 1802 2990 camalam,
1816 2922 1937 2994 tempora·

426 3017 554 3099 quando
573 3015 716 3078 Salvator
734 3034 753 3077 a
774 3013 925 3076 Bethania
947 3013 1036 3075 veuit
1055 3013 1175 3075 Jeroso-
1227 3009 1290 3072 lem
1316 3018 1348 3074 ct
1370 3011 1516 3074 fallacem
1545 3020 1633 3074 tuam
1660 3014 1819 3095 pertinent
1845 3029 1938 3095 paren,

427 3115 555 3200 lymam.
573 3115 676 3188 Quum
702 3113 826 3176 anima
848 3111 941 3174 turba
964 3111 1078 3173 inisset
1099 3130 1173 3173 cum
1229 3109 1305 3191 quia
1332 3109 1464 3184 divitiis,
1494 3111 1619 3173 deliciis
1648 3118 1680 3173 et
1707 3111 1872 3175 honoribus
1891 3109 1939 3189 jan

428 3214 549 3295 ingenti
565 3220 733 3295 susceptus
749 3212 879 3284 honore,
895 3218 927 3272 et
946 3229 1019 3272 cum
1036 3203 1210 3272 maximati
1229 3206 1383 3282 abundas,
1400 3228 1459 3271 nec
1471 3209 1512 3271 ab
1527 3209 1674 3272 hostibus
1689 3209 1863 3288 infestaris3
1877 3225 1942 3268 nanc

429 3311 631 3394 processione
646 3311 817 3373 duceretur
831 3307 871 3370 ab
886 3327 934 3382 ea,
951 3309 1064 3370 sedens
1079 3326 1175 3389 super
1229 3316 1337 3366 actem
1359 3309 1546 3368 abscondito
1568 3317 1644 3369 suot
1666 3311 1706 3368 ab
1728 3311 1827 3370 ocutis
1844 3309 1906 3376 tar's,
1919 3303 1941 3365 id

428 3407 562 3481 asinam,
577 3407 705 3470 tandem
721 3407 893 3467 intantum
908 3403 1177 3486 appropinquavit
1229 3411 1287 3479 est,
1303 3406 1435 3468 adversa
1460 3405 1519 3468 tibi
1543 3406 1748 3470 imminentia
1771 3425 1850 3470 nunc
1870 3413 1895 3468 ta
1914 3403 1943 3464 la-

429 3505 549 3569 civitati
567 3505 754 3578 ierusalem,
771 3503 854 3586 quod
874 3523 944 3565 eam
965 3501 1177 3565 exterioribus
1228 3505 1432 3566 tentflorum
1447 3503 1662 3568 damnabilem
1678 3507 1872 3568 securitatem
1885 3500 1943 3566 mul·
2040 3573 2041 3576 Ἴ

430 3603 531 3667 oculis
556 3603 637 3666 vidit
663 3620 670 3666 :
697 3602 752 3685 qui
777 3603 952 3664 secundum
979 3601 1064 3682 quod
1094 3601 1176 3663 Deus
1230 3603 1253 3664 ti
1273 3610 1461 3684 sequuntur,
1478 3603 1533 3685 qui
1554 3622 1592 3665 ex
1614 3603 1848 3685 longanimitate
1862 3611 1889 3666 et
1904 3620 1943 3682 pa·

342 3756 347 3768 .
387 3708 607 3776 =1=,esttotum
629 3701 785 3763 muudum
806 3699 918 3781 implet
938 3707 969 3761 et
988 3699 1123 3772 excedit,
1139 3717 1176 3760 ao
1229 3700 1340 3762 treutra
1355 3701 1410 3762 Der
1427 3717 1553 3782 perores
1568 3700 1747 3764 redduntur
1761 3712 1792 3765 et
1805 3699 1943 3765 audentius

282 3793 317 3834 ⁶·
431 3800 541 3863 omnia
559 3798 750 3861 aeteruahter
765 3799 924 3877 intuetur
941 3814 1005 3859 rmo
1020 3797 1116 3858 ettam
1136 3795 1176 3858 ab
1230 3806 1373 3880 peccaut,
1388 3798 1478 3878 Juxta
1493 3799 1571 3861 rllud
1588 3797 1806 3864 Ecclesiaste
1817 3799 1885 3875 Oura
1896 3810 2010 3859 noun
2040 3865 2041 3870 γ

431 3897 658 3960 incarnationis
674 3897 813 3970 exordio,
829 3896 936 3959 anima
955 3895 1025 3977 ejus
1043 3915 1100 3977 per
1119 3895 1177 3958 sci·
1230 3897 1293 3959 cito
1308 3897 1468 3979 protertur
1483 3906 1593 3960 contra
1607 3899 1708 3962 malos
1721 3899 1881 3982 Judiciom,
1892 3877 1975 3958 abs-st

430 3997 549 4060 entiam
569 4003 707 4058 creatam
721 4013 757 4056 ac
778 3994 922 4068 inditam,
940 4002 1054 4056 cuneta
1074 4002 1177 4056 creata
1230 4014 1292 4077 que
1308 3995 1374 4058 ullo
1389 3997 1503 4059 timore
1521 3996 1584 4059 titii
1604 3997 1773 4060 hominum
1791 4001 1945 4080 perpetrant

430 4095 599 4177 praeterita,
627 4094 794 4176 praesentia
821 4101 853 4155 et
840 4093 988 4154 tintura
1017 4093 1174 4173 cognovit.
1230 4093 1321 4156 mala.
1348 4094 1468 4168 Quibus
1492 4096 1647 4178 competit
1670 4096 1749 4159 illud
1774 4093 1945 4179 Sapientia:

429 4194 549 4276 ltaque,
565 4212 665 4275 quum
686 4190 893 4274 corporaliter
908 4190 980 4252 urbi
1000 4190 1046 4252 illi
1062 4191 1108 4252 sic
1122 4210 1176 4272 ap·
1230 4193 1383 4254 Dixerunt
1398 4193 1783 4275 impii,Vcnite,iruamur
1797 4195 1881 4258 bouis
1892 4207 2002 4272 queam
2021 4206 2028 4240 ‘-

429 4292 684 4375 propinquasset,
702 4308 837 4371 eamque
857 4288 1040 4370 inspiceret,
1057 4289 1176 4350 scelera
1230 4299 1314 4365 sunt,
1332 4300 1363 4354 et
1383 4299 1511 4355 utamur
1532 4301 1678 4356 creatura
1698 4301 1847 4378 tauquam
1865 4292 1893 4354 in
1909 4289 1948 4370 jo·

429 4390 500 4471 ejus
525 4399 620 4473 atque
644 4389 785 4451 luturam
810 4387 912 4469 ipsius
936 4387 1115 4449 vastitatem
1139 4406 1176 4448 ac
1191 4386 1215 4447 D
1230 4397 1360 4452 veututc
1382 4390 1537 4454 celeriter.

429 4489 677 4551 destructionem
702 4487 876 4568 deplanxit,
893 4485 1002 4548 dicens
1019 4504 1025 4548 :
1044 4487 1128 4554 Quia
1147 4487 1177 4544 si
1271 4490 1355 4557 Quia
1377 4492 1505 4550 venient
1527 4493 1597 4550 dies
1617 4493 1655 4552 in
1680 4501 1729 4560 te,·
1742 4501 1774 4553 ot
1794 4489 1949 4552 circumdo-

428 4587 636 4663 coyoovisses,
648 4585 680 4647 id
693 4594 750 4658 est,
761 4584 787 4646 si
803 4583 886 4646 mala
901 4583 1101 4646 imminentia
1117 4583 1175 4646 tibi
1231 4589 1310 4647 bunt
1327 4597 1357 4646 te
1372 4590 1502 4648 inimici
1517 4591 1578 4660 tui,
1586 4598 1663 4671 puta
1678 4586 1950 4663 nonantulana

429 4685 539 4758 scires,
564 4693 595 4742 et
625 4693 661 4744 tc
689 4681 796 4756 fleres,
822 4701 860 4746 eo
889 4682 973 4763 quod
1001 4689 1089 4744 tauta
1116 4681 1176 4744 tibi
1231 4685 1319 4748 Titus
1334 4692 1367 4746 θῖ
1381 4685 1602 4767 Vespasianus.
1619 4687 1762 4770 Denique
1781 4686 1911 4752 Christus
1926 4683 1951 4744 io

428 4782 561 4845 adversa
586 4782 852 4863 appropinquent.
876 4779 1020 4862 Denique
1047 4781 1176 4843 nomine
1232 4783 1387 4865 evangelii
1403 4783 1499 4864 hujus
1514 4785 1675 4867 principio
1690 4787 1789 4849 utitur
1802 4784 1900 4849 verbis
1911 4781 1952 4844 ob

428 4879 565 4945 civitatis
581 4879 802 4960 intelliguntur
817 4877 1009 4940 habitatores
1024 4878 1104 4959 ejus.
1118 4880 1176 4942 De·
1231 4882 1332 4944 scuris
1349 4901 1404 4944 seu
1420 4882 1624 4965 incompletis
1638 4902 1675 4946 ac
1690 4884 1953 4965 defectivisquero

426 4977 519 5044 licvit
533 4984 640 5039 autem
655 4977 798 5040 Christus
817 4995 974 5040 aerumuas
994 4985 1027 5039 et
1043 4976 1175 5039 tribula·
1229 4980 1399 5044 admodum
1416 4981 1514 5044 moris
1529 4989 1577 5044 cst
1590 4984 1796 5047 vehementer
1808 4981 1952 5044 amantium

426 5077 530 5140 tiones
550 5094 629 5157 quas
648 5075 787 5157 populus
808 5075 946 5137 civitatis
966 5075 1063 5156 hujus
1084 5077 1176 5138 susti·
1229 5087 1324 5161 atque
1355 5079 1542 5156 dolentium,
1574 5081 1607 5144 in
1641 5083 1759 5164 quibus
1793 5079 1952 5163 magnitudo

426 5176 508 5249 nuit,
539 5173 781 5258 quadragesimo
813 5175 953 5236 secundo
986 5192 1069 5237 anno
1103 5183 1176 5257 post
1229 5179 1346 5242 amoris
1362 5179 1474 5261 visque
1494 5179 1612 5244 doloris
1628 5181 1722 5245 verba
1739 5180 1904 5264 abrumpit,
1917 5177 1952 5238 in-

427 5273 542 5342 Christi
572 5272 764 5359 passionem,
790 5272 830 5334 ab
854 5272 996 5335 exercitu
1021 5273 1175 5338 Romano·
1229 5277 1366 5352 tercidit,
1397 5277 1570 5342 abbreviat.
1597 5280 1690 5343 Juxta
1717 5299 1815 5361 quem
1844 5279 1953 5343 modun
