4164 6258
452 477 514 542 272
721 493 870 543 nolanum
891 495 934 542 vn
954 493 1028 541 rosr
1047 493 1241 540 ramnarnra
1263 510 1302 520 —
1323 491 1498 540 anamma
1519 491 1550 538 nv
1570 491 1738 538 nrrsroaarr

452 665 623 729 damnatio.
640 665 708 741 Vel,
732 683 818 729 mors
843 665 910 729 baeo
934 663 1131 747 temporalis,
1155 665 1242 729 estll
1257 663 1430 739 damnatio,
1456 669 1564 746 utpote
1590 679 1686 745 poena
1712 659 1836 734 damni,
1859 679 1910 742 qna
1925 671 1957 725 cst

452 764 542 841 finis,
573 764 633 828 boc
662 772 711 827 est
739 763 906 839 terminus,
934 763 1098 838 vitiorum,
1128 760 1204 844 quia
1257 761 1374 826 divine
1392 761 1525 824 visionis
1545 759 1696 834 carentia,
1712 767 1745 822 et
1764 776 1955 843 poenasenscs,

453 870 525 947 post
547 871 682 927 mortem
707 863 789 926 hanc
811 880 875 926 non
900 869 1034 944 possunt
1055 859 1146 944 impii
1168 859 1202 921 in
1256 859 1406 923 videlicet
1428 859 1553 942 punitio
1575 858 1658 938 ignis
1678 856 1870 939 gehennalis.

452 962 602 1046 turpibus
628 960 753 1025 actibus
782 960 945 1034 delectari,
967 978 1026 1022 nec
1049 958 1127 1022 vitia
1150 976 1202 1019 ex·
1299 960 1416 1020 Gratia
1435 967 1545 1018 autem
1559 960 1634 1030 Dei,
1650 957 1682 1018 id
1701 963 1751 1019 est
1769 975 1810 1018 ex
1829 955 1908 1037 gralia
1921 975 1956 1018 sen

452 1078 560 1125 arcere
580 1059 730 1124 carnalia.
747 1061 847 1123 Nurac
861 1079 937 1119 nero
952 1059 1086 1118 literati
1100 1078 1119 1117 a
1130 1075 1203 1132 pec-
1257 1073 1314 1137 per
1332 1055 1467 1136 gratiam
1487 1055 1555 1131 Dei,
1570 1055 1664 1117 datur
1681 1053 1778 1135 justis
1798 1071 1856 1136 pro
1867 1053 1957 1136 pranio

451 1169 534 1231 coto,
550 1178 607 1242 per
621 1158 737 1222 Christi
753 1157 946 1240 passionem,
958 1175 1016 1239 per
1030 1154 1203 1237 Baptisma-
1257 1155 1326 1214 cita
1340 1163 1476 1225 caterno,
1492 1172 1563 1236 quae
1578 1161 1627 1216 est
1640 1153 1780 1216 caelestis
1794 1170 1833 1216 ac
1850 1152 1957 1234 plenalu-

451 1258 493 1321 tis
508 1264 737 1321 sacramentum
753 1264 785 1320 et
799 1256 1018 1339 poenitentiam
1033 1253 1200 1336 propriam,
1256 1251 1369 1314 licitas.
1387 1252 1455 1315 Non
1475 1252 1594 1314 dicitur
1613 1251 1684 1328 hoo,
1702 1249 1817 1314 merita
1838 1250 1958 1313 excluden-

452 1374 510 1440 por
531 1355 638 1437 gratias
660 1355 868 1430 infusionem,
885 1356 973 1415 cerna·
990 1361 1098 1412 actem
1119 1352 1203 1429 sacti
1256 1349 1370 1424 do,sed
1385 1350 1424 1412 ad
1439 1349 1668 1413 insinuandum
1683 1349 1768 1432 quod
1784 1348 1958 1432 principaliter

450 1459 529 1526 Deo,
541 1455 600 1518 boo
615 1462 673 1530 est,
683 1453 801 1517 divinis
815 1453 1001 1516 obedientes
1021 1450 1200 1533 praeceptis,
1255 1447 1501 1511 adscribendum
1516 1449 1558 1512 sit
1570 1455 1692 1512 tantum
1709 1447 1871 1530 praemium
1882 1447 1958 1531 pietati

452 1572 509 1616 seu
528 1552 978 1635 evangelicisacquiescentes
999 1549 1142 1612 consiliis
1161 1549 1200 1611 ad
1255 1565 1291 1608 ao
1306 1547 1415 1628 gratiae
1434 1547 1502 1622 Dei,
1518 1549 1574 1631 qui
1594 1548 1691 1611 etiam
1708 1547 1791 1610 ultra
1810 1547 1957 1627 condignam

451 1651 586 1733 gloriam
605 1651 672 1725 Dei,
690 1652 814 1711 habetis
827 1653 977 1728 fructum
996 1657 1152 1718 oestrum,
1169 1646 1200 1708 id
1257 1655 1447 1709 remunerat.
1464 1646 1565 1709 illecti
1579 1646 1700 1729 quippe
1716 1646 1904 1730 pergratiam
1917 1664 1959 1708 ne-

452 1758 501 1814 est
519 1751 676 1813 bonorum
694 1767 829 1832 operum
850 1749 1012 1820 meritum,
1030 1748 1067 1806 ia
1081 1747 1200 1805 sancti·
1256 1751 1366 1806 rentur
1384 1745 1483 1808 vitam
1503 1753 1664 1809 aeternam.
1682 1745 1806 1809 ldcirco
1824 1753 1878 1808 tam
1894 1745 1958 1806 neri·

450 1847 711 1928 ficatiorcem,boc
726 1854 774 1910 est
788 1846 961 1930 proficiens
974 1845 1063 1907 vobis
1079 1844 1118 1906 ad
1133 1863 1201 1906 san·
1218 1847 1241 1909 B
1256 1852 1324 1907 tum
1350 1863 1446 1926 quam
1472 1845 1640 1927 praemium
1664 1853 1822 1918 nostrum,
1843 1845 1923 1927 princ
1938 1852 1959 1906 el

452 1948 681 2011 ctificationem
706 1947 885 2009 animarum
910 1951 1098 2017 vestrarum,
1124 1942 1200 2025 quia
1256 1943 1395 2006 maxime
1415 1943 1574 2025 dependet
1594 1952 1690 2026 atque
1712 1943 1854 2026 procedit
1870 1943 1958 2024 exple

451 2065 510 2130 per
529 2065 664 2129 opernm
683 2045 841 2110 bonorum
861 2043 974 2107 merita
993 2042 1107 2105 animae
1128 2041 1198 2104 effi·
1255 2049 1318 2104 tate
1333 2042 1401 2117 Dei,
1416 2050 1448 2105 et
1461 2042 1563 2124 gratia
1577 2041 1647 2124 ejus
1661 2060 1759 2124 quam
1776 2049 1876 2105 causat
1887 2042 1912 2103 in
1923 2059 1959 2104 no

452 2145 581 2208 ciuntur
605 2143 784 2207 formaliter
807 2151 932 2217 sancte,
950 2143 993 2203 ita
1017 2149 1052 2202 ut
1075 2140 1198 2204 fructus
1255 2139 1314 2202 bis.
1341 2141 1379 2203 Et
1403 2140 1555 2223 quoniam
1580 2140 1743 2228 beatitudo
1773 2140 1833 2203 ista
1853 2158 1897 2202 sen
1914 2140 1959 2201 vita

453 2245 513 2306 iste
528 2252 632 2327 potest
645 2243 709 2306 dici
724 2241 935 2305 sanctificatio
950 2241 1199 2303 alimaniam
1254 2248 1372 2304 aeterna
1392 2248 1441 2302 est
1462 2239 1724 2322 supernaturalis,
1739 2256 1805 2304 nou
1828 2247 1911 2322 potest
1924 2238 1960 2300 bo

452 2363 539 2414 cero,
555 2343 587 2404 id
602 2348 652 2404 est
665 2340 763 2403 finale
782 2346 1105 2419 consummatumque
1120 2355 1199 2419 prae·
1255 2356 1308 2402 mo
1322 2357 1392 2402 cam
1407 2339 1582 2422 promereri
1598 2357 1656 2421 per
1669 2357 1750 2421 pura
1764 2337 1911 2410 naturalia,
1922 2337 1958 2399 sed

453 2441 555 2503 mium
579 2439 736 2503 bonorum
760 2456 905 2522 operum,
928 2437 1052 2499 babetis
1072 2435 1139 2517 jam
1166 2435 1198 2497 in
1255 2457 1312 2521 pcr
1329 2439 1412 2500 dona
1431 2437 1696 2522 supernaturalia,
1711 2439 1846 2520 gratuita
1862 2436 1959 2500 etinlu-

452 2558 509 2622 spe
524 2541 627 2600 citam
644 2547 813 2609 aeternam,
829 2557 900 2619 quae
919 2544 968 2600 est
986 2534 1149 2598 beatitudo
1168 2541 1200 2596 et
1255 2557 1299 2612 sa,
1316 2539 1399 2600 inter
1420 2557 1491 2620 quae
1511 2537 1654 2621 primurn
1679 2545 1727 2600 est
1749 2538 1848 2620 gratia
1866 2541 1957 2618 gratum

453 2657 575 2702 merces
590 2639 786 2702 Sanctorum.
804 2637 848 2699 lle
867 2656 930 2719 qua
948 2636 1033 2718 apud
1046 2636 1199 2698 loannem
1254 2636 1375 2699 faciens
1393 2653 1400 2698 :
1418 2635 1537 2699 idcirco
1551 2655 1590 2699 ex
1607 2654 1643 2700 ea
1658 2644 1691 2698 et
1705 2655 1763 2718 per
1777 2655 1845 2699 eam
1860 2633 1961 2716 acquiri·

319 2775 362 2804 aaa
382 2774 439 2812 ,aa
452 2739 497 2800 ait
511 2737 653 2801 Salvator
666 2737 704 2799 ad
719 2736 843 2799 Patrem
861 2752 868 2797 :
885 2735 956 2798 llaec
972 2741 1020 2796 est
1033 2733 1098 2796 vita
1112 2739 1200 2795 aster·
1254 2743 1307 2796 tur
1330 2741 1362 2797 et
1386 2733 1550 2796 confertur
1572 2733 1632 2796 ista
1652 2733 1800 2797 felicitae.
1818 2734 1850 2796 lta
1868 2733 1923 2805 hoc,
1936 2733 1958 2788 la

402 2849 405 2856 ·
453 2856 504 2912 na,
522 2844 557 2899 ut
572 2842 763 2917 cognoscant
778 2843 809 2904 te
829 2852 940 2898 verum
961 2833 1071 2895 Deum.
1090 2833 1198 2912 ltaque
1255 2835 1383 2896 Christo
1401 2836 1478 2894 lesa
1492 2834 1630 2895 Domino
1649 2843 1772 2903 nostro,
1787 2833 1845 2896 boc
1861 2840 1908 2905 est,
1921 2848 1961 2912 per

452 2935 609 3019 quidquid
624 2935 657 2996 in
673 2934 738 2997 vita
752 2933 812 2996 bac
832 2933 967 3014 agimus,
984 2931 1131 2995 ordinare
1145 2930 1198 2992 de·
1255 2931 1405 2994 meritum
1430 2951 1494 2994 suae
1511 2929 1676 3013 passionis
1701 2930 1796 2994 datur
1816 2930 1902 3014 gratia
1920 2930 1961 2991 ista

451 3033 565 3096 bemm
580 3033 619 3096 ad
639 3033 709 3108 boc,
726 3040 761 3095 ut
779 3049 886 3096 coram
902 3032 966 3095 Deo
986 3037 1125 3093 mentem
1142 3048 1198 3112 pu·
1217 3024 1450 3103 Ghominibus,
1463 3036 1558 3111 atque
1573 3047 1631 3111 per
1644 3028 1729 3091 idem
1746 3031 1886 3093 meritona
1898 3044 1962 3109 aper-

452 3151 519 3194 ram
535 3139 567 3194 et
585 3138 727 3194 sanctam
748 3129 943 3209 babeamus3
960 3128 1093 3211 ipsaque
1112 3126 1198 3210 puri·
1253 3136 1285 3191 ta
1299 3136 1347 3192 est
1359 3128 1457 3210 janna
1472 3127 1561 3208 regni
1576 3127 1726 3202 coelestis,
1743 3127 1885 3210 quonian
1896 3123 1961 3189 libri·

451 3237 499 3293 tas
514 3231 587 3293 vitae
603 3229 778 3313 praesentis,
795 3229 834 3291 ad
853 3229 995 3290 futuram
1013 3226 1197 3289 felicitatem
1253 3236 1321 3290 stus
1351 3245 1408 3310 pro
1431 3224 1578 3308 originali
1608 3225 1763 3290 satisfecit
1791 3233 1914 3309 peccato,
1933 3222 1961 3284 ob

451 3337 603 3412 tanquam
618 3329 657 3391 ad
673 3329 841 3411 praemium
857 3335 905 3390 cst
919 3326 1102 3389 ordinanda.
1254 3326 1347 3407 eujus
1362 3333 1485 3388 reatum
1505 3325 1612 3389 Sancti
1632 3326 1664 3388 in
1679 3325 1781 3388 limbo
1798 3322 1961 3388 retardaban-

490 3427 610 3490 Deinde
625 3427 765 3490 ostendit
778 3425 1048 3510 Apostolus,quod
1062 3424 1139 3487 finis
1154 3423 1197 3486 vi·
1253 3433 1305 3486 tur
1329 3444 1347 3486 a
1370 3424 1479 3506 gloria.
1507 3424 1594 3487 Unde
1618 3432 1650 3487 et
1673 3423 1823 3487 infantuli
1845 3417 1961 3504 baptizati

449 3525 567 3588 tiorum
588 3534 636 3588 est
656 3543 741 3588 mors
762 3533 857 3606 atquc
879 3524 1049 3586 damuatio.
1066 3525 1197 3599 Stipen—
1251 3530 1324 3586 ante
1339 3540 1438 3585 annos
1453 3522 1653 3586 discretionis
1668 3522 1862 3598 decedentes,
1877 3517 1963 3583 nerito

448 3625 505 3684 dia
521 3625 608 3684 enim
620 3625 757 3700 peccati,
769 3623 829 3685 boc
844 3631 893 3685 est
908 3621 1075 3685 retributio
1090 3620 1198 3683 debita
1252 3621 1367 3685 Christi
1388 3621 1434 3684 eis
1450 3621 1482 3683 in
1502 3622 1695 3703 Baptismate
1715 3621 1876 3705 applicato,
1890 3615 1962 3680 beati·

448 3741 519 3804 quae
539 3739 598 3805 pro
615 3729 745 3804 peccato
767 3721 937 3803 infligitur,
954 3728 1003 3784 est
1016 3741 1103 3782 mors
1118 3728 1196 3782 tcm—
1251 3721 1396 3782 tudinem
1412 3720 1597 3783 sortiuntur.
1615 3721 1758 3802 Denique
1774 3721 1836 3783 vita
1850 3736 1898 3782 seu
1909 3715 1962 3778 bea·

446 3819 565 3903 poralis
593 3827 625 3882 et
655 3818 819 3883 infernalis
846 3837 853 3882 :
881 3819 957 3902 quia
980 3836 1037 3901 pro
1054 3807 1196 3900 'peccato
1250 3819 1354 3881 titudo
1378 3826 1495 3881 aterna
1523 3818 1670 3882 consistit
1698 3818 1731 3880 in
1761 3818 1877 3882 Christo
1897 3815 1961 3884 lesu,

446 3918 596 3999 originali
620 3918 744 3980 inflicta
768 3926 817 3981 est
841 3936 927 3981 mors
952 3917 1136 4000 corporalis,
1152 3924 1196 3979 at·
1251 3925 1402 3999 tanquam
1434 3917 1467 3978 in
1498 3916 1626 3997 objecto
1656 3924 1688 3979 et
1724 3935 1816 3980 causa
1845 3910 1963 3978 effectiva

447 4004 510 4098 ‘que
535 4016 675 4078 carentia
696 4016 854 4081 beatificae
876 4016 1021 4090 visionis,
1038 4016 1121 4078 sicut
1144 4015 1196 4077 ad·
1250 4015 1433 4099 principali,
1449 4015 1627 4078 secundum
1648 4015 1788 4078 divinam
1811 4014 1876 4096 ejus
1895 4019 1962 4073 natu·

446 4114 510 4177 buo
531 4113 689 4196 infligitur
704 4115 738 4178 in
758 4123 913 4179 aeternum
935 4113 1111 4180 infantibus
1131 4131 1196 4176 mo
1250 4132 1328 4176 ram.
1349 4114 1426 4176 Tota
1449 4114 1536 4176 enim
1560 4113 1696 4177 Trinitas
1720 4109 1962 4198 superbenedicta,

446 4213 603 4277 rientibus
626 4213 747 4296 absque
771 4214 957 4297 Baptism03
983 4231 1040 4295 pro
1063 4219 1194 4296 peccato
1210 4207 1235 4270 l)
1250 4220 1298 4276 est
1312 4231 1407 4276 causa
1426 4211 1574 4275 efficiens
1594 4220 1627 4275 ot
1645 4212 1805 4294 obiectum
1824 4205 1962 4274 beatitudi-

446 4321 553 4382 autem
583 4313 700 4377 actuali
732 4315 858 4378 mortali
890 4313 1048 4394 infligitur
1077 4319 1195 4376 aeterna
1249 4311 1300 4375 nis
1321 4310 1466 4375 omniurn
1488 4310 1673 4374 electorum.
