4192 6258
789 499 938 548 somnies
958 485 1012 547 xxr
1032 501 1105 547 rear
1125 497 1379 547 summosam-
1400 497 1499 546 sesua
1519 496 1672 547 sroennos

957 915 1151 1002 SERMO
1190 913 1487 1002 SECUNDUS

498 1180 538 1227 DE
558 1181 656 1228 mill!
677 1180 859 1239 allambunt,
880 1179 980 1237 bsoult
1001 1177 1114 1226 rltloltll
1135 1176 1299 1224 muctam
1319 1175 1641 1233 moderatumque
1661 1176 1755 1223 Amin
1775 1175 1942 1224 SERVANDA.

519 1459 702 1520 LLEVAT
721 1459 882 1520 Dominus
910 1477 1018 1518 omncs
1046 1457 1106 1537 qai
1133 1475 1198 1516 cor·
1213 1456 1238 1521 Α
1254 1475 1320 1522 sue
1350 1457 1468 1522 acedia
1496 1476 1559 1540 quo
1591 1457 1776 1540 congelatus
1809 1465 1868 1533 est,
1897 1458 1988 1520 taliter

535 1565 652 1625 ruunt,
681 1565 712 1616 et
741 1557 842 1634 eripit
872 1575 980 1616 manea
1013 1556 1116 1617 elisos.
1148 1555 1196 1617 Ps.
1254 1575 1366 1638 agrum
1386 1557 1508 1639 proprii
1531 1557 1636 1620 cordis
1657 1573 1722 1620 non
1741 1556 1814 1619 vult
1832 1575 1928 1630 arare,
1942 1559 1987 1620 sed

450 1671 550 1728 oxarv,
568 1653 616 1716 lt.
1253 1661 1363 1717 manet
1377 1655 1410 1716 in
1425 1655 1492 1717 suis
1507 1653 1870 1736 pigritiis,negligantiis
1885 1661 1916 1718 et
1928 1673 1989 1736 pee-

490 1753 650 1836 Qoidquid
681 1752 824 1816 Christus
854 1753 1061 1835 corporaliter
1087 1753 1196 1833 gessit,
1253 1753 1348 1830 catis3
1364 1758 1460 1834 atque
1482 1759 1517 1813 ut
1540 1769 1651 1814 rursus
1676 1750 1826 1814 Salomon
1852 1759 1987 1834 protesta-

449 1851 649 1935 spiritualem
673 1850 941 1931 significationem
964 1869 1001 1913 ae
1020 1851 1198 1932 intelligen-
1252 1857 1315 1924 tur,
1332 1850 1420 1913 Sicut
1434 1850 1551 1912 ostium
1571 1849 1708 1913 vertitur
1728 1851 1761 1912 in
1782 1851 1910 1913 cardine
1929 1867 2080 1922 suomet

448 1951 526 2012 tiam
551 1949 656 2012 habet.
683 1949 825 2031 Denique
850 1968 908 2031 per
932 1949 1017 2010 hunc
1045 1948 1197 2029 juvenem
1252 1948 1298 2012 sic
1318 1949 1409 2031 piger
1428 1949 1461 2010 in
1481 1948 1599 2011 lectulo
1617 1965 1685 2011 suo.
1702 1948 1779 2022 Quis
1799 1955 1848 2011 est
1866 1943 2022 2011 lectulus¹‘·

448 2048 550 2128 reguli
576 2047 683 2110 filium
708 2046 956 2120 febricitantem,
984 2047 1118 2127 intelligi
1143 2064 1198 2128 po
1253 2045 1346 2129 pigri,
1363 2047 1427 2109 nisi
1446 2065 1503 2109 sua
1518 2065 1616 2129 prava
1635 2047 1834 2110 consuetudo
1850 2055 1883 2110 et
1896 2066 1989 2109 cama·

448 2153 509 2209 test
529 2147 633 2209 omnis
654 2146 750 2209 bomo
770 2146 801 2208 in
823 2145 948 2209 mortali
969 2153 1098 2228 peccato
1117 2144 1197 2207 exsi—
1252 2143 1292 2205 fis
1311 2144 1502 2226 repausatio,
1519 2163 1583 2226 qua
1603 2143 1727 2206 labores
1749 2143 1869 2226 refugit
1886 2144 1989 2206 virtue

449 2252 546 2308 stens.
563 2245 598 2306 ln
614 2243 872 2307 febricitantibus
892 2262 1031 2325 namque
1046 2244 1109 2306 duo
1124 2260 1198 2306 con·
1252 2245 1325 2304 sosl
1340 2243 1374 2304 ln
1395 2241 1455 2304 hoo
1477 2243 1596 2305 lectulo
1616 2241 1763 2314 vertitur,
1781 2241 1859 2323 quia
1879 2243 1917 2304 de
1937 2262 1989 2304 una

449 2343 639 2404 siderentur.
670 2342 811 2404 Primum
843 2349 891 2405 est
919 2341 1033 2422 frigus,
1064 2361 1102 2404 ex
1132 2359 1197 2424 quo
1251 2341 1456 2422 negligentia,
1472 2341 1656 2404 carnalitate
1676 2360 1713 2404 ac
1729 2341 1869 2403 vanitate
1886 2341 1945 2402 ruit
1962 2342 1988 2402 in

448 2449 568 2504 tremor
591 2439 733 2522 corporis
753 2441 894 2503 nascitur
911 2459 918 2502 :
935 2448 967 2502 et
988 2439 1088 2521 frigus
1112 2440 1196 2502 istud
1251 2437 1357 2512 aliam,
1375 2446 1406 2501 et
1427 2439 1515 2501 addit
1533 2439 1677 2520 quotidie
1698 2446 1829 2520 peccata
1850 2439 1987 2520 peccatis.

448 2546 598 2602 causatur
620 2557 658 2600 ex
680 2538 740 2600 boc
762 2538 846 2620 quod
870 2539 998 2620 sanguis
1018 2538 1138 2600 recedit
1157 2538 1196 2600 de
1252 2535 1367 2598 similis
1392 2536 1497 2618 porcis
1522 2536 1578 2618 qui
1600 2545 1769 2598 versantur
1793 2537 1827 2598 in
1852 2543 1989 2610 coeno,ct
2085 2583 2086 2608 ,

449 2636 614 2699 membris.
642 2636 824 2699 Secundum
849 2644 897 2700 est
921 2637 1017 2712 calor,
1043 2654 1106 2718 quo
1130 2653 1196 2698 cor·
1211 2631 1234 2694 Β
1251 2634 1284 2696 in
1300 2634 1367 2695 suis
1382 2634 1637 2717 turpitudinibus
1651 2635 1949 2696 delectantur.llinc
1962 2635 1988 2694 in
2085 2611 2086 2678 l

448 2755 509 2818 pus
530 2735 692 2797 excessivo
712 2736 898 2798 accenditur
912 2737 989 2798 dum
1010 2735 1137 2816 sanguis
1156 2735 1194 2796 ad
1251 2733 1333 2795 libro
1357 2733 1600 2796 Proverbiorum
1625 2734 1764 2816 Spiritus
1788 2733 1922 2796 Sanctam
1942 2752 1989 2815 per

448 2834 555 2916 priora
571 2833 639 2896 loca
654 2834 833 2896 revertitur.
852 2834 965 2897 Omnia
981 2835 1041 2896 ista
1059 2833 1091 2895 in
1107 2833 1195 2896 omni
1251 2832 1451 2895 Salomonem
1474 2832 1592 2895 effatur
1615 2849 1622 2894 :
1645 2832 1705 2895 Per
1723 2851 1835 2913 agrum
1861 2832 1988 2896 hominis
2008 2859 2022 2897 r
2037 2857 2070 2894 ‘a-

449 2932 624 2996 mortaliter
657 2949 710 2994 reo
739 2931 947 3013 spiritualiter
976 2933 1192 2994 inveniuntur.
1250 2930 1333 3012 pigri
1357 2929 1502 3005 transivi,
1524 2938 1555 2992 et
1578 2948 1652 2993 ecce
1677 2936 1780 2992 totum
1805 2925 2036 3012 operuerunt¹⁵³

446 3030 552 3093 Primo
567 3030 653 3092 enim
671 3030 703 3093 in
724 3047 761 3092 eo
777 3038 824 3093 est
844 3030 957 3110 frigus,
975 3030 1070 3092 idest
1087 3036 1196 3112 torpor
1250 3029 1360 3092 urticas
1382 3035 1414 3090 et
1434 3029 1543 3111 spinas.
1562 3029 1728 3110 Siquidem
1750 3029 1833 3092 Deus
1855 3030 1989 3111 omnipo

446 3128 574 3202 acediae,
592 3128 708 3210 quoad
729 3145 825 3209 opera
844 3128 985 3191 virtuosa
1004 3134 1068 3190 tam
1086 3128 1195 3189 tardus
1250 3135 1331 3202 tens,
1357 3126 1556 3189 invariabilis
1583 3134 1615 3189 et
1644 3127 1834 3200 immensus,
1862 3128 1917 3210 qui
1940 3146 1989 3188 nec

446 3233 505 3300 est,
530 3225 620 3308 quasi
645 3244 704 3308 per
724 3228 854 3288 modum
879 3225 991 3306 glaciei
1016 3233 1100 3288 esset
1124 3243 1196 3288 con·
1251 3224 1356 3287 focum
1373 3231 1474 3286 mutat
1489 3243 1594 3306 neque
1614 3231 1770 3298 movetur,
1787 3227 1925 3288 transire
1943 3244 1990 3306 per
2084 3243 2085 3268 ³

446 3324 575 3387 strictus
591 3344 646 3387 seu
662 3323 767 3387 animo
783 3325 1095 3406 congelatus.lcedia
1110 3325 1196 3406 quip
1250 3342 1301 3385 res
1323 3329 1442 3385 creatas
1464 3331 1496 3384 et
1515 3330 1639 3385 mentes
1658 3323 1815 3386 humanas
1835 3324 1988 3387 asseritur.

445 3441 486 3505 pe
502 3423 625 3485 caritati
648 3423 867 3486 contrariatur.
886 3423 973 3485 Unde
990 3422 1195 3504 quemadmo-
1251 3439 1303 3484 eas
1328 3420 1570 3495 considerando,
1594 3421 1769 3502 judicando
1792 3440 1829 3484 ae
1854 3441 1991 3484 remnnc

445 3521 522 3582 dum
553 3521 666 3584 caritas
692 3520 795 3583 elficit
819 3520 982 3583 hominem
1010 3527 1194 3602 promptum
1251 3519 1360 3594 raudo,
1385 3526 1437 3581 aut
1465 3519 1631 3582 influendo
1659 3519 1793 3582 eisdem.
1819 3520 1904 3582 Dum
1926 3537 1990 3600 crgo

446 3627 478 3681 et
494 3619 610 3700 agilem
630 3621 668 3683 ad
691 3627 781 3682 actus
801 3620 957 3681 virtutum
977 3620 1067 3681 etad
1087 3619 1196 3682 omnia
1250 3618 1333 3680 Deus
1350 3617 1395 3678 sic
1411 3616 1525 3681 transit
1544 3635 1728 3699 peregrum
1748 3617 1892 3680 bominis
1906 3618 1988 3701 pigri,

445 3736 517 3798 quaa
531 3718 596 3779 Deo
617 3725 692 3780 sunt
711 3717 838 3799 placita,
856 3718 899 3778 ita
918 3718 1027 3780 acedia
1046 3717 1121 3778 facit
1137 3717 1199 3778 mi-.
1250 3717 1310 3780 boc
1330 3725 1388 3791 est,
1405 3717 1481 3779 dum
1503 3735 1557 3780 cor
1577 3717 1648 3799 ejus
1667 3717 1860 3791 considerat,
1880 3717 1989 3780 incenit

446 3833 553 3877 serum
576 3815 740 3877 hominem
763 3815 801 3876 ad
823 3832 919 3897 opere
940 3815 1042 3878 divini
1064 3813 1194 3877 honoris
1211 3812 1232 3876 G
1250 3815 1330 3877 illud
1346 3815 1457 3878 urticis
1472 3833 1509 3878 ac
1524 3815 1626 3897 spinis
1642 3815 1782 3878 totaliter
1800 3825 1987 3899 coopertum,

446 3931 483 3975 ao
499 3913 635 3995 propriae
655 3913 766 3975 salutis
786 3914 910 3976 tardum
927 3921 959 3976 et
973 3913 1063 3996 quasi
1084 3914 1195 3975 immo·
1250 3913 1309 3976 hoc
1324 3921 1373 3976 est
1392 3913 1488 3975 variis
1504 3913 1591 3976 vitiis
1611 3914 1882 3996 passionibusque
1901 3914 1989 3996 repte-

446 4011 557 4087 bilem,
575 4012 750 4074 secundum
767 4013 851 4094 quod
868 4012 1015 4075 Salomon
1033 4011 1192 4094 loquitur:
1250 4019 1329 4086 tum,
1352 4013 1408 4086 ira,
1434 4011 1643 4093 impatientia,
1665 4011 1897 4094 indignatione,
1916 4032 1989 4074 ama-

299 4129 432 4182 ricans.
445 4110 576 4192 Propter
591 4110 692 4191 frigus
709 4111 799 4192 piger
814 4129 903 4173 arare
919 4110 1031 4173 noluit.
1250 4111 1400 4185 ritudine,
1417 4110 1564 4186 elatione,
1581 4110 1781 4184 crudelitate,
1798 4129 1834 4173 ac
1860 4111 1931 4174 aliis
1951 4110 1989 4172 ai·

491 4208 671 4290 Spiritualis
701 4209 851 4290 equidem
878 4208 1018 4271 hominis
1046 4227 1122 4289 ager
1147 4214 1195 4270 est
1249 4210 1315 4282 tiis,
1330 4217 1482 4291 tanquam
1503 4208 1651 4290 pessimis
1671 4207 1780 4271 herbis
1800 4217 1986 4292 corruptum.
2082 4231 2083 4258 r

445 4324 500 4369 cor
526 4306 638 4389 ipsius,
666 4306 698 4368 in
723 4323 787 4388 quo
811 4306 934 4368 semina
959 4306 1126 4380 virtutum,
1150 4305 1194 4367 vi·
1290 4310 1452 4382 Praeterea,
1470 4307 1554 4370 sicut
1569 4307 1670 4388 frigus
1691 4308 1724 4369 in
1740 4306 1989 4371 febricitantibus

444 4404 560 4466 delicet
574 4403 665 4467 bona
680 4404 886 4485 cogitationes
902 4412 933 4466 et
954 4403 1098 4466 salubres
1115 4403 1193 4466 affe·
1251 4414 1398 4470 causatur
1417 4425 1455 4468 ex
1478 4424 1606 4469 recessu
1629 4406 1794 4486 sanguinis
1815 4425 1833 4468 a
1857 4407 1989 4490 corporis

445 4503 566 4565 ctiones
584 4502 744 4585 verbaque
762 4503 829 4576 bei,
847 4510 920 4564 sunt
940 4503 1137 4576 seminanda,
1154 4522 1192 4565 ex
1250 4504 1413 4578 membris,
1438 4504 1484 4566 sic
1509 4503 1676 4587 praefatum
1702 4503 1803 4586 frigus
1826 4506 1945 4568 acediae
1964 4513 1990 4566 et

444 4599 563 4683 quibus
585 4601 718 4663 virtutes
741 4608 889 4663 crescunt
909 4620 945 4662 ac
968 4601 1190 4683 perficiuntur.
1250 4622 1345 4667 omne
1361 4610 1528 4685 peccatum
1547 4603 1680 4666 mortale
1699 4607 1990 4684 generaturincor·
2081 4607 2082 4630 ³

444 4699 501 4760 llic
521 4717 596 4779 ager
614 4705 721 4761 aratur
742 4699 818 4760 dum
842 4699 993 4761 interiora
1011 4699 1125 4762 animm
1146 4718 1193 4760 re·
1250 4703 1289 4765 de
1304 4702 1381 4764 dum
1397 4701 1503 4764 fervor
1517 4700 1634 4764 divine
1649 4701 1830 4765 dilectionis
1845 4703 1990 4768 recedita

444 4796 618 4859 volvuntur
640 4814 677 4859 ac
706 4796 934 4870 discutiuntur,
960 4797 1003 4859 ita
1030 4798 1114 4879 quod
1138 4797 1193 4858 ho·
1250 4800 1412 4864 voluntate
1441 4819 1478 4862 ac
1507 4799 1620 4862 ceteris
1647 4799 1771 4862 viribus
1799 4801 1928 4866 animae.
1951 4800 1989 4863 Ad

445 4913 498 4958 mo
518 4895 687 4976 diligenter
708 4895 869 4957 examinat
888 4896 1097 4977 semetipsum
1117 4914 1193 4976 qua·
1250 4899 1332 4961 bano
1355 4897 1611 4979 frigefactionem
1641 4897 1824 4980 pestiferam
1851 4899 1990 4982 perduci-

446 4995 518 5058 liter
532 4994 623 5068 vivit,
640 5013 679 5056 an
695 4995 803 5057 divina
818 4993 965 5057 observet
981 5002 1149 5076 praecepta,
1163 5002 1195 5057 et
1210 4993 1235 5055 D
1251 5005 1302 5059 tur
1316 4997 1412 5059 homo
1432 4996 1535 5058 bonus
1555 4995 1722 5078 paulatim,
1739 4997 1815 5060 dum
1832 5015 1932 5081 opem
1945 4998 1990 5059 be
2080 5019 2081 5022 ¹

446 5101 573 5175 tempus
598 5111 692 5154 suum
717 5092 879 5154 fructuose
903 5092 1071 5173 expendat,
1090 5093 1194 5174 proxi·
1251 5115 1292 5158 na
1310 5095 1375 5177 agit
1393 5095 1535 5178 quotidie
1556 5095 1656 5175 magis
1675 5113 1713 5156 ao
1733 5097 1833 5178 magis
1852 5098 1989 5161 remissa.

446 5191 508 5254 mis
523 5209 651 5274 quoque
671 5190 862 5272 exemplaris
882 5190 1042 5252 consistat.
1060 5191 1120 5254 Sed
1137 5191 1192 5254 ho·
1247 5213 1291 5257 ex
1321 5194 1456 5277 quadam
1486 5193 1574 5255 arida
1604 5194 1846 5269 consuetudine,
1879 5197 1991 5277 absque

449 5308 501 5353 mo
531 5291 620 5372 piger
649 5309 705 5353 seu
735 5290 910 5365 acediosus,
939 5297 1069 5372 propter
1094 5290 1195 5372 frigus
1252 5291 1505 5356 consideratione
1528 5298 1560 5354 et
1584 5291 1763 5354 reverentia
1784 5293 1905 5359 divinae
1926 5313 1992 5377 pre
