4214 6254
563 509 712 557 noaruraa
733 511 777 557 ss.
799 509 979 556 rarurrnrrs.
1001 527 1042 538 -
1063 509 1162 556 sunno
1181 510 1305 556 ranarus
1647 487 1706 557 lle

195 678 358 742 Postremo
375 679 473 742 instar
487 679 652 743 Nicodemi
667 681 768 744 simus
784 681 904 763 patien·
919 683 944 744 Α
960 679 1058 742 Filius
1079 680 1134 743 Dei
1156 689 1286 763 propter
1307 698 1363 743 nos
1383 679 1455 742 alba
1469 687 1556 743 veste
1575 699 1612 743 ac
1632 700 1705 764 pur-

154 781 202 837 tes
218 793 255 836 ae
274 775 405 850 dociles,
422 795 485 839 non
507 777 686 860 pertinaces
702 787 733 840 et
749 778 902 840 iracundi.
960 797 1059 859 pureo
1083 779 1271 841 indumento
1300 777 1413 840 illusus
1438 786 1486 840 est
1510 778 1706 861 perpenden-

154 872 319 954 Siquidem
350 875 542 938 Nicodamus
565 895 584 938 a
608 876 733 940 Christo
764 878 905 939 modeste
959 875 1707 958 tes,vanitates,pompascuriositatesquevesti-

155 971 379 1052 reprehensus,
395 974 617 1055 aequanimiter
637 975 721 1050 tulit,
738 983 769 1037 et
789 974 904 1038 Christi
960 993 1025 1046 um,
1037 981 1067 1036 et
1083 973 1322 1056 superfluitates
1337 991 1446 1034 earum
1465 981 1706 1054 ceterarumque

153 1067 356 1132 documentis
375 1069 541 1132 humiliter
560 1071 721 1153 acquievit
735 1091 771 1134 ac
788 1072 902 1153 paruit.
960 1090 1066 1133 rerum
1090 1071 1236 1133 vitemus.
1255 1071 1399 1134 Christus
1421 1071 1571 1152 equidem
1594 1089 1705 1152 passus
1735 1090 1847 1144 irael,

152 1167 299 1248 insuper,
317 1167 413 1230 simul
431 1187 504 1230 cum
520 1168 695 1232 Nicodemo
710 1170 906 1232 instruamur
959 1176 1007 1232 est
1021 1187 1079 1251 pro
1095 1169 1389 1250 nobis,relinquens
1405 1168 1497 1248 nobis
1512 1169 1704 1250 exemplum,
1721 1155 1754 1198 ²¹·

153 1283 172 1326 a
194 1263 330 1340 Christo,
347 1274 379 1328 et
400 1265 533 1329 solerter
557 1286 730 1349 pensemus
754 1269 839 1350 quod
861 1269 906 1330 ait
959 1275 994 1328 ut
1014 1287 1187 1349 sequamur
1206 1267 1340 1348 vestigia
1359 1266 1439 1347 ejus.
1459 1266 1532 1330 ldec
1551 1267 1606 1348 qui
1627 1267 1706 1329 dicit
1727 1285 1853 1341 tranat

24 1363 437 1428 maanasalvatorzuh'isi
460 1365 532 1447 quis
553 1373 645 1428 natus
669 1365 765 1429 fucrit
788 1369 904 1441 denuo,
959 1385 992 1428 se
1024 1367 1055 1428 in
1085 1366 1209 1428 Christo
1242 1384 1380 1440 manere,
1406 1365 1511 1440 debet,
1540 1365 1623 1427 siout
1651 1352 1740 1428 illel·

153 1479 218 1524 non
240 1469 343 1544 potest
362 1463 470 1526 videre
491 1483 625 1546 regnum
648 1466 701 1528 Dei
720 1489 746 1527 a.
764 1467 905 1540 Quoties·
959 1464 1135 1526 ambulavit
1157 1484 1193 1527 ac
1218 1464 1374 1538 toleravit,
1395 1472 1427 1526 et
1448 1464 1516 1547 ipse
1541 1463 1705 1526 ambulare

153 1578 294 1642 eumque
310 1562 396 1624 enim
420 1563 492 1644 quis
512 1571 623 1645 peccat
640 1563 825 1638 mortaliter,
842 1565 905 1646 spi·
959 1563 1159 1636 attuleram,
1185 1563 1311 1626 dicente
1335 1563 1485 1645 Apostolo
1510 1582 1517 1626 :
1544 1563 1603 1637 Qui
1631 1571 1706 1625 sunt
1721 1583 1853 1636 caurien

153 1659 313 1722 ritualiter
333 1661 484 1741 moritur3
501 1668 532 1724 et
552 1662 614 1725 nisi
636 1681 693 1744 per
708 1663 763 1726 Dei
785 1663 907 1726 miseri·
960 1661 1087 1736 Christi,
1104 1680 1232 1724 carnem
1252 1681 1343 1724 suam
1364 1661 1558 1744 crucifigunt
1573 1680 1646 1724 cum
1663 1662 1707 1724 vi·

153 1757 296 1820 cordiam
313 1767 506 1834 renascatur,
525 1759 555 1822 id
572 1769 630 1836 est,
647 1761 686 1823 de
702 1777 760 1823 suo
776 1768 905 1842 peccato
960 1760 1013 1822 tiis
1034 1767 1066 1822 et
1087 1760 1365 1842 concupiscentiis.

153 1855 318 1936 poeuiteat,
335 1857 421 1920 etde
439 1876 502 1921 non
522 1877 591 1920 esse
607 1859 766 1941 spirituali
781 1859 820 1921 ad
835 1878 904 1922 esse
923 1859 947 1923 B
1002 1859 1109 1940 ltaque
1132 1877 1239 1922 aneus
1269 1858 1323 1920 ille
1353 1877 1484 1940 serpens
1513 1858 1574 1921 fuit
1603 1859 1707 1940 figura

151 1953 320 2035 spirituale
336 1957 556 2037 resurgat,boc
572 1966 620 2020 cst
635 1957 673 2019 de
690 1965 790 2020 morte
803 1957 905 2040 culpae
961 1956 1088 2030 Christi,
1108 1957 1149 2021 ob
1175 1976 1302 2020 causam
1324 1976 1410 2020 nuno
1432 1965 1548 2020 tactam
1570 1976 1576 2020 :
1598 1959 1709 2040 quoni·

152 2053 192 2114 ad
209 2052 308 2116 vitam
328 2055 447 2135 gratiae,
465 2055 580 2118 salvari
596 2075 659 2118 non
680 2064 792 2138 potest.
809 2056 904 2119 ldcir-
960 2074 1011 2117 am
1037 2055 1120 2117 sicut
1144 2056 1243 2119 Judaei
1269 2075 1287 2118 a
1311 2056 1513 2138 serpentibus
1538 2057 1707 2132 vulnerati,

153 2169 193 2213 co
213 2151 356 2233 quotidie
372 2153 411 2214 de
430 2153 546 2216 nostris
565 2155 705 2237 peccatis
725 2154 906 2217 cordialiter
960 2171 1081 2216 aeneum
1102 2155 1253 2218 intuendo
1268 2161 1448 2236 serpentem
1469 2156 1659 2219 sanabantur
1676 2156 1709 2218 in

153 2249 331 2324 doleamus,
356 2252 483 2314 veniam
513 2251 705 2334 flagitemus,
736 2253 905 2316 confessio·
961 2269 1105 2333 corpore3
1120 2253 1166 2314 sic
1181 2251 1303 2326 fideles,
1313 2253 1427 2316 Christi
1444 2253 1620 2335 passionem
1638 2273 1711 2335 pen-

151 2367 229 2410 nem
251 2348 354 2411 facere
374 2358 447 2432 apto
466 2357 611 2434 tempore
631 2369 857 2434 proponamus,
873 2358 905 2413 et
961 2350 1069 2424 sande,
1090 2359 1242 2412 curantur
1266 2352 1298 2412 in
1321 2352 1438 2425 anima,
1459 2352 1632 2426 caritatem,
1653 2353 1711 2414 hu-

152 2446 255 2508 vitam
276 2447 484 2510 emendemus
506 2448 538 2510 in
561 2449 721 2512 omnibus.
962 2448 1140 2523 militatem,
1162 2449 1348 2530 patientiam
1373 2458 1558 2532 ceterasque
1582 2451 1711 2513 discunt

194 2545 357 2606 Postremo
371 2547 571 2609 attendamus
587 2547 671 2628 quod
687 2547 829 2610 Christus
845 2547 906 2609 dis·
961 2546 1105 2620 virtutes,
1123 2555 1154 2610 et
1169 2547 1239 2627 ejus
1259 2557 1438 2630 sequuntur
1454 2549 1598 2630 vestigia,
1615 2558 1710 2632 prout

152 2642 281 2704 seruit:
298 2642 387 2705 Sicut
406 2644 527 2726 lloyses
549 2645 700 2707 exaltavit
722 2654 902 2727 serpentem
961 2645 999 2707 ad
1030 2645 1177 2709 Hebraeos
1207 2647 1350 2709 hortatur
1379 2647 1550 2730 Apostolus
1579 2666 1585 2710 :
1609 2650 1709 2731 Depo·
1725 2667 1856 2718 merant,

152 2741 187 2802 in
209 2741 346 2816 deserto,
363 2742 407 2804 ita
426 2743 555 2806 exaltari
577 2751 701 2824 oportet
716 2742 830 2806 Filium
851 2743 904 2806 ho
961 2752 1072 2806 nentes
1102 2763 1197 2807 omne
1226 2753 1404 2827 peccatum,
1434 2765 1491 2828 per
1522 2747 1709 2828 patientiam
1724 2733 1745 2774 ²¹

150 2839 263 2902 minis.
294 2840 566 2913 Quemadmodum
597 2841 683 2904 enirn
717 2841 779 2903 filii
807 2841 903 2904 lsrael
961 2861 1124 2905 curramus
1144 2844 1183 2905 ad
1203 2844 1402 2926 propositum
1422 2844 1514 2906 nobis
1536 2853 1708 2919 certamen,

149 2937 194 3000 ob
209 2957 299 3000 suam
317 2940 600 3020 transgressionem
617 2940 658 3002 ab
678 2939 786 3021 ignitis
805 2940 902 3004 morsi
960 2940 1173 3022 adspicientes
1193 2941 1226 3002 in
1245 2949 1407 3004 auctorem
1424 2941 1501 3004 fidei
1518 2950 1550 3005 et
1564 2961 1710 3006 consum-

149 3036 368 3118 serpentibus,
395 3036 548 3100 intuendo
572 3057 696 3102 aeneum
722 3047 903 3120 serpentem
923 3041 944 3104 C
962 3046 1115 3102 malorem
1129 3041 1248 3112 lesum,
1266 3040 1321 3121 qui
1338 3041 1501 3122 proposito
1516 3040 1577 3103 sibi
1593 3042 1709 3122 gaudio

148 3153 169 3195 a
193 3133 299 3218 Moyse
321 3153 379 3217 pro
401 3135 493 3217 signo
515 3135 666 3212 levatum,
687 3155 705 3198 a
726 3137 792 3200 suis
816 3156 904 3198 cura·
960 3137 1112 3198 sustinuit
1137 3155 1278 3212 crucem,
1300 3137 1488 3201 confusione
1513 3148 1706 3222 contempta.

147 3233 269 3295 bantur
289 3233 495 3314 vulneribus;
517 3235 563 3297 sic
583 3235 698 3298 fideles
717 3254 734 3296 a
756 3236 904 3298 daemoni-
959 3235 1115 3308 Secundo,
1130 3235 1206 3317 quia
1221 3235 1300 3297 aenei
1316 3237 1473 3318 serpentis
1493 3237 1612 3300 erectio
1631 3258 1710 3320 prae·

148 3330 212 3392 bus
235 3331 423 3413 impugnati,
440 3333 553 3396 tentati
575 3343 607 3396 et
627 3333 704 3408 lesi,
722 3336 903 3417 passionem
959 3333 1110 3414 figuravit
1128 3333 1340 3396 elevationem
1356 3334 1472 3397 Christi
1494 3335 1526 3396 in
1546 3337 1652 3399 crucis
1673 3336 1708 3399 li-

148 3429 269 3492 Cbrisli
285 3429 454 3513 diligenter
470 3431 719 3514 inspiciendoet
735 3433 903 3496 Dominum
958 3449 1030 3511 gno.
1048 3431 1163 3504 Tertio,
1179 3433 1331 3513 quoniam
1351 3431 1434 3494 siout
1448 3451 1555 3496 aeneus
1575 3453 1707 3517 serpens

147 3526 345 3592 crucifixum
362 3529 528 3593 sinceriter
542 3531 821 3614 contempland0,a
835 3531 903 3594 suis
959 3528 1070 3590 babuit
1090 3528 1348 3605 similitudinem,
1369 3548 1433 3593 non
1455 3531 1620 3594 veritatem
1643 3551 1707 3596 ser·

146 3625 382 3690 tentationibus
396 3635 428 3691 et
444 3629 582 3710 peccatis
598 3631 799 3693 curantur.Si
816 3630 902 3692 enim
958 3627 1063 3709 pcntis
1092 3646 1129 3690 ac
1157 3627 1325 3707 venenati;
1351 3628 1397 3690 sic
1422 3628 1566 3692 Christus
1595 3629 1708 3692 babuit

146 3723 323 3806 diligenter
338 3745 510 3809 pensemus
525 3746 621 3809 quam
637 3729 742 3791 nudus
759 3728 902 3792 Christus
958 3725 1203 3788 similitudinem
1227 3727 1332 3788 carnia
1356 3728 1489 3809 peccati,
1511 3746 1575 3793 non
1599 3728 1706 3811 ipsum

148 3823 185 3886 in
210 3841 306 3887 cruce
329 3825 492 3906 pependit,
509 3826 648 3889 avaritie
671 3826 784 3889 vitium
809 3844 902 3908 supe·
959 3831 1136 3906 peccatum.

147 3939 270 3983 ramus.
297 3922 329 3983 Si
356 3923 537 3985 intueamur
561 3943 656 4006 quam
683 3933 847 3986 mansuete
871 3932 903 3986 et
1000 3921 1139 4004 Denique
1160 3923 1266 4004 passio
1285 3921 1414 3997 Christi,
1430 3924 1578 3988 exaltatio
1597 3925 1705 4008 appel·

147 4021 310 4103 patienter
325 4021 357 4083 in
375 4028 439 4084 tota
455 4022 601 4104 passione
617 4042 650 4084 se
667 4022 789 4097 babuit,
800 4022 842 4086 ab
858 4023 903 4086 ira
958 4020 1040 4082 latur
1057 4037 1063 4082 :
1081 4021 1196 4102 primo,
1214 4019 1289 4102 quia
1303 4021 1365 4082 alte
1382 4021 1414 4083 in
1430 4021 1516 4104 ligno
1531 4043 1705 4106 suspensus

146 4127 183 4181 et
199 4119 399 4201 impatientia
414 4128 536 4183 mentes
552 4128 674 4184 nostras
689 4140 825 4203 purgare
839 4129 903 4184 stu·
958 4128 1022 4198 est;
1039 4121 1189 4194 secunde,
1205 4119 1357 4202 quoniam
1378 4140 1434 4184 sua
1457 4123 1604 4204 passione
1625 4123 1706 4186 exal·

146 4217 275 4280 demus.
293 4218 326 4280 Si
346 4219 586 4282 consideremus
607 4239 703 4301 quam
725 4219 900 4294 caritative,
917 4219 942 4282 D
958 4217 1036 4278 tavit
1054 4235 1154 4298 genus
1173 4218 1363 4294 humanum,
1379 4221 1591 4302 promerendo
1607 4221 1636 4284 ei
1658 4241 1704 4285 re·

147 4334 249 4399 quarn
282 4316 448 4381 humiliter
481 4325 513 4380 et
544 4325 724 4380 constanter
754 4319 902 4382 universa
957 4335 1054 4398 gnum
1072 4317 1704 4404 coelorum3tertio,quoniamsuapassi-

147 4414 315 4490 sustinuit,
336 4435 432 4497 quam
454 4434 598 4480 amorose
623 4435 681 4499 pro
705 4417 902 4481 crucifixori-
956 4434 1017 4479 one
1034 4416 1194 4498 praeeipue
1215 4416 1383 4479 bonoravit
1397 4417 1519 4481 Patrem
1537 4426 1703 4496 eternum,

147 4513 213 4576 bus
228 4515 488 4597 exoravit,quam
504 4515 685 4578 humillime
702 4533 809 4580 coram
824 4534 902 4599 pon·
957 4514 1136 4578 obediendo
1162 4515 1191 4576 ei
1216 4534 1318 4596 usque
1340 4516 1378 4578 ad
1405 4524 1558 4596 mortem3
1579 4527 1703 4602 quarte,

147 4611 308 4685 tificibus,
330 4631 435 4676 coram
458 4614 567 4690 Pilato,
589 4633 695 4677 coram
717 4615 849 4691 Herode,
870 4623 902 4679 ct
957 4614 1109 4697 quoniam
1129 4633 1186 4676 sua
1206 4613 1354 4697 passione
1374 4616 1493 4678 meruit
1509 4617 1702 4702 sibimetipsi

146 4711 408 4775 sceleratissimis
426 4719 521 4795 atque
538 4713 703 4776 vilissimis
720 4713 784 4776 illis
799 4733 817 4776 a
832 4716 901 4796 qui·
956 4712 1152 4776 accidentale
1167 4713 1481 4796 praemiumscilicet
1495 4717 1637 4798 corporis
1653 4719 1702 4782 sui

147 4811 213 4874 bus
228 4810 419 4886 nudabatur,
437 4811 670 4893 flagellabatur,
687 4821 719 4875 et
734 4813 835 4895 spinis
851 4832 901 4876 co
956 4811 1234 4894 glorificationem,
1266 4813 1437 4896 gloriosam
1470 4816 1701 4894 ascensionem,

147 4908 336 4984 ronabatnr,
352 4909 516 4992 clavisque
539 4910 771 4993 perferebatur,
792 4932 827 4976 ao
849 4931 901 4974 ve·
955 4911 1157 4993 judiciariam
1178 4921 1379 4994 potestatem,
1395 4923 1490 4997 atque
1506 4917 1602 4980 totius
1618 4937 1702 4982 crea-

146 5009 395 5072 hementissime
415 5009 626 5092 spernebatur
644 5029 681 5072 ac
699 5010 900 5086 irridebatur,
957 5017 1035 5074 turae
1057 5010 1287 5092 praelationem,
1302 5011 1393 5091 juxta
1415 5011 1494 5074 illud
1516 5015 1555 5076 ad
1577 5015 1700 5080 Hebrae-

147 5107 239 5170 stetit
253 5115 286 5170 et
301 5107 541 5182 tacuitomnino
556 5108 732 5172 maledicte
747 5116 902 5172 tumorem
957 5127 1019 5174 os:
1046 5109 1197 5172 Videmus
1220 5110 1339 5183 lesum,
1365 5117 1495 5192 propter
1520 5113 1700 5192 passionem
1725 5136 1846 5192 uvanto

148 5205 311 5289 superbiae
333 5225 552 5290 aspamamur.
575 5207 689 5270 Omnia
713 5209 819 5290 itaque
843 5209 903 5272 ista
957 5209 1079 5282 mortis,
1104 5209 1204 5290 gloria
1228 5214 1259 5270 et
1288 5208 1407 5271 honore
1437 5220 1643 5290 coronatum3
1669 5220 1701 5274 et
1714 5269 1778 5313 pm

149 5305 269 5370 nostris
294 5304 446 5371 cordibus
467 5305 696 5388 inscribamns;
713 5314 745 5370 et
766 5307 902 5390 qualiter
955 5305 1033 5370 alibi
1056 5325 1063 5370 :
1084 5307 1271 5372 Humiliavit
1292 5327 1326 5371 se
1347 5307 1451 5372 factus
1473 5309 1626 5374 obediens
1651 5331 1701 5376 us·
1714 5285 1846 5386 aamu'
