4154 6258
419 473 479 537 lvo
748 490 897 538 nouimus
918 493 971 538 rvr
991 491 1064 538 rosr
1084 490 1278 537 rarmrnrnu.
1299 507 1339 519 -
1360 488 1458 536 suano
1479 487 1631 535 srouunus

419 663 497 726 dum
520 662 664 726 hortatur
683 662 852 744 Apostolus
876 663 915 725 ad
937 662 1104 737 Romanos
1121 663 1167 725 di·
1180 662 1207 726 A
1222 671 1299 726 nent
1312 663 1351 726 ad
1366 661 1512 735 salutem,
1528 660 1612 723 etad
1631 658 1688 722 Dei
1702 656 1835 739 gratiam
1851 673 1886 718 se
1899 653 1952 717 dis·

282 779 496 836 .n0m.¹1v‚cens
514 778 520 823 :
537 761 606 824 Non
622 761 746 843 ponatis
761 760 991 824 offendiculum
1007 761 1167 834 fratri,vel
1222 770 1336 846 ponat3
1351 760 1527 847 perpendat
1539 777 1636 842 quam
1650 756 1758 820 brevis
1773 754 1813 816 sit
1828 771 1952 836 praesen·

275 847 353 898 ¹³⁸⁵·
421 859 630 938 scandalum3
654 859 721 922 noli
751 859 843 921 illum
868 860 1001 942 perdere
1025 877 1082 942 pro
1104 878 1168 941 quo
1221 862 1263 924 tis
1286 862 1359 924 vitae
1383 859 1505 923 vanitas
1529 866 1561 922 et
1584 858 1743 938 voluptas,
1769 871 1865 937 quam
1888 852 1953 915 item
2059 859 2060 936 g

421 956 564 1021 Christus
580 964 724 1020 mortuus
744 965 801 1020 est.
818 957 939 1040 Nempe
957 977 1053 1040 quarn
1073 976 1168 1039 grave
1222 979 1339 1035 amara,
1357 957 1569 1022 intolerabilia
1582 963 1615 1020 et
1633 962 1751 1019 eterna
1769 952 1833 1016 sint
1849 951 1954 1014 inferni
2059 967 2060 1016 l

281 1071 407 1125 roman,
422 1056 464 1119 sit
486 1055 558 1131 hoc,
582 1056 694 1139 pandit
716 1056 779 1119 alio
804 1056 872 1119 loco
890 1073 897 1117 τ
914 1056 1082 1120 Peccantes
1106 1058 1168 1138 (in-
1222 1066 1407 1122 tormenta:
1429 1057 1539 1139 sicque
1559 1055 1776 1118 indesinenter
1795 1051 1907 1113 clamet
1921 1049 1954 1112 ad
2059 1057 2060 1118 l

276 1137 309 1178 ¹²¹
421 1155 504 1237 quit)
526 1155 558 1216 in
580 1155 705 1229 fratres,
721 1162 753 1217 et
772 1155 986 1237 percutientes
1006 1156 1168 1219 conscien-
1223 1151 1954 1237 [leum‚etejusmisericordiaminvocarenon
2059 1197 2060 1232 p

421 1253 499 1314 tiam
515 1270 626 1315 eorum
641 1252 816 1326 infirmam,
833 1253 866 1316 in
882 1253 1042 1316 Christum
1057 1272 1168 1336 pecca·
1224 1262 1334 1318 cesset.

422 1351 472 1414 tis.
490 1351 603 1413 Verbis
624 1368 699 1432 ergo
721 1357 752 1414 et
775 1350 879 1426 factiS,
897 1352 1034 1426 incessu,
1050 1352 1168 1414 vestitu
1262 1353 1390 1434 Legitur
1406 1352 1438 1414 in
1453 1351 1518 1414 vita
1533 1351 1563 1413 S.
1580 1348 1729 1422 Pacomii‚
1744 1347 1829 1430 quod
1841 1345 1956 1426 juvenis
2059 1347 2060 1400 Ῑ

422 1457 454 1513 et
476 1449 775 1532 moribustotaque
795 1449 861 1512 vita
882 1457 914 1512 et
937 1450 1022 1513 fama
1044 1451 1169 1513 studeat
1224 1451 1353 1534 quidam
1369 1449 1499 1514 nomine
1515 1448 1673 1520 Silvanus,
1685 1444 1867 1509 coenobium
1883 1441 1957 1506 slu-
2059 1451 2060 1516 l

423 1547 644 1629 unusquisque
667 1548 828 1630 proximos
848 1548 1017 1612 aedificare.
1034 1550 1169 1614 Maxime
1224 1549 1319 1612 comii
1339 1555 1388 1612 est
1407 1549 1580 1629 ingressus,
1596 1546 1651 1609 sed
1671 1545 1710 1607 ad
1733 1551 1860 1625 tempus
1877 1541 1956 1602 valde
2059 1569 2060 1630 p

422 1661 550 1726 quoque
575 1645 753 1708 cavendum
776 1654 825 1708 est
846 1665 886 1709 ne
910 1655 1057 1728 peccator
1081 1656 1169 1710 extra
1224 1647 1421 1728 negligenter
1436 1653 1468 1708 et
1482 1663 1631 1727 perverse
1646 1642 1727 1705 vixit
1743 1641 1776 1703 in
1791 1657 1840 1714 ec,
1856 1639 1888 1701 in
1902 1645 1957 1700 tun-

422 1741 584 1804 civitatem
606 1742 736 1818 feratur,
759 1742 790 1806 id
813 1750 871 1818 est,
890 1763 930 1806 ne
952 1752 1015 1807 tam
1039 1745 1168 1827 publice
1224 1753 1293 1808 tum
1308 1745 1393 1826 quod
1408 1744 1564 1826 quosdam
1580 1743 1702 1804 Fratres
1718 1739 1784 1802 suis
1800 1737 1902 1820 pravis
1915 1755 1957 1797 ex-

422 1839 504 1902 male
528 1849 608 1921 agat,
625 1841 710 1924 quod
732 1842 829 1904 etiam
851 1843 890 1904 ad
911 1843 988 1905 alies
1011 1851 1110 1906 terras
1132 1863 1168 1906 ac
1186 1844 1209 1906 Β
1224 1843 1339 1926 emplis
1368 1843 1464 1904 traxit
1493 1842 1532 1903 ad
1564 1839 1695 1902 malum.
1727 1837 1800 1900 ldeo
1830 1834 1956 1897 seniores

421 1937 565 2000 nationes
591 1939 773 2002 vitiositatis
803 1959 868 2002 suae
897 1940 1044 2003 deveniat
1072 1941 1167 2016 fame,
1224 1943 1347 2004 Fratres
1370 1939 1509 2003 coenobii
1539 1938 1626 2000 illius
1654 1935 1820 1999 multoties
1844 1951 1956 2013 rogave·
2059 1927 2060 1954 ¹

421 2035 531 2117 sicque
563 2037 847 2100 innumerabilium
877 2038 1044 2101 hominum
1075 2039 1170 2121 eulpa
1224 2047 1299 2102 runt
1313 2040 1343 2102 S.
1360 2038 1542 2101 Pacomium
1563 2044 1598 2098 ut
1617 2035 1785 2098 Silvanum
1807 2032 1894 2094 illurn
1913 2049 1956 2092 ex-

422 2133 578 2196 redundet
593 2134 625 2195 in
646 2135 763 2216 ipsum.
781 2135 864 2198 Talis
884 2155 1022 2219 namque
1039 2155 1101 2200 non
1122 2145 1170 2200 est
1225 2137 1469 2219 pelleret2quod
1485 2135 1650 2198 Pacomius
1667 2133 1772 2195 facere
1786 2131 1957 2206 distulit3ae

423 2230 526 2292 bonus
547 2231 623 2293 odor
639 2231 755 2294 Christi
772 2232 803 2293 in
823 2235 911 2295 omni
933 2233 1012 2308 loco,
1029 2236 1083 2296 sed
1100 2255 1169 2317 pes·
1225 2237 1365 2298 Fratrem
1383 2235 1474 2296 illum
1490 2234 1675 2315 frequenter
1689 2247 1834 2293 seorsum
1850 2229 1908 2311 pie,
1922 2246 1958 2289 se

423 2328 524 2390 simus
544 2329 622 2391 odor
642 2328 761 2392 diaboli
777 2331 999 2414 undequaque.
1226 2335 1308 2396 riose
1338 2353 1375 2397 ae
1406 2332 1567 2414 sapienter
1595 2330 1775 2412 corripiens
1805 2346 1843 2389 ac
1872 2325 1958 2388 infor-

304 2460 332 2489 ea
349 2460 364 2489 a
380 2461 408 2497 n.
464 2426 579 2500 Tertio,
597 2425 739 2488 Christus
755 2429 920 2490 suscitavit
934 2429 1084 2492 Lazarum
1102 2431 1169 2511 jam
1225 2451 1326 2504 mens,
1342 2430 1560 2493 indesinenter
1574 2428 1677 2490 oravit
1696 2443 1755 2508 pro
1775 2426 1879 2488 Fratre
1893 2442 1958 2505 pre-

423 2524 597 2606 sepultum,
615 2531 646 2586 et
660 2532 796 2607 quatuor
811 2527 878 2589 dies
892 2526 958 2607 jam
976 2528 1007 2588 in
1023 2529 1170 2610 sepulcro
1225 2530 1299 2592 fato.
1324 2529 1363 2591 Et
1387 2528 1483 2610 paulo
1507 2533 1589 2609 post,
1610 2524 1736 2588 meritis
1760 2523 1959 2606 precibusque

422 2622 603 2685 habentem.
634 2622 691 2685 Per
722 2642 818 2705 quem
850 2624 1038 2706 intelligitur
1066 2628 1169 2690 omnis
1224 2628 1258 2690 Β.
1276 2627 1424 2700 Pacomii,
1447 2626 1585 2707 Spiritus
1606 2624 1741 2687 Sanctus
1764 2623 1856 2685 illum
1877 2620 1958 2684 Silva·

422 2728 635 2802 transgressor
658 2721 713 2803 qui
738 2723 776 2783 ad
798 2723 946 2785 vitiosam
971 2727 1171 2788 consuetudi·
1224 2745 1301 2788 num
1328 2732 1415 2787 tanto
1440 2722 1588 2805 implevit
1610 2722 1667 2785 Dei
1691 2722 1819 2802 tirpore,
1836 2727 1867 2781 et
1885 2727 1959 2779 tanto

422 2837 497 2880 nem
522 2819 620 2894 venit,
637 2827 669 2880 et
691 2819 841 2881 vitiorum
866 2822 1017 2902 voragine
1042 2841 1169 2904 pressus
1225 2823 1391 2886 succendit
1409 2822 1546 2897 fervore,
1563 2829 1596 2883 et
1616 2828 1705 2883 tanta
1729 2818 1958 2901 compunctione

422 2924 470 2980 est
485 2934 521 2978 ac
543 2918 709 2979 induratus
730 2918 762 2979 in
778 2918 881 2992 malis,
898 2919 942 2980 ita
961 2920 1045 3002 quod
1063 2921 1170 3001 singu·
1225 2921 1382 2985 emollivit
1401 2939 1455 2983 cor
1474 2921 1555 3001 ejus,
1572 2921 1658 3001 quod
1678 2918 1833 2999 deinceps
1850 2937 1868 2980 a
1885 2916 1959 2977 lacri-

423 3013 530 3076 lariter
545 3014 635 3078 foetet
653 3022 685 3077 et
704 3016 787 3078 mole
807 3019 1046 3080 consuetudinis
1065 3038 1170 3101 pravae
1188 3022 1210 3084 C
1226 3022 1287 3082 mis
1308 3019 1468 3082 abstinere
1493 3036 1556 3081 non
1580 3018 1685 3100 potuit
1708 3035 1716 3079 ε
1740 3017 1808 3079 imo
1832 3017 1863 3078 in
1885 3015 1958 3076 orani

276 3128 408 3180 rafaneo.
422 3111 506 3193 jacet
520 3120 660 3194 opertus,
670 3114 712 3175 ita
726 3115 811 3196 quod
826 3133 888 3178 non
901 3116 990 3177 venit
1004 3117 1042 3178 ad
1059 3116 1169 3193 lucem,
1226 3119 1294 3181 loco
1317 3125 1348 3180 et
1365 3126 1437 3180 actu
1457 3117 1576 3198 jugiter
1596 3117 1737 3198 plorans,
1755 3133 1815 3177 nee
1834 3123 1959 3194 tempore

424 3229 464 3272 ne
488 3218 662 3291 arguantur
680 3229 777 3294 opera
795 3213 876 3293 ejus.
893 3213 976 3275 Talis
995 3213 1171 3276 difficulter
1225 3217 1409 3280 refectionis
1431 3216 1536 3298 potuit
1558 3234 1591 3278 se
1613 3233 1631 3276 a
1651 3213 1794 3276 lacrimis
1817 3211 1958 3274 cohibere.

426 3309 632 3382 convertitur,
649 3310 724 3391 quia
744 3318 779 3371 ut
798 3310 946 3374 Salomon
966 3319 1169 3386 contestatur,
1225 3317 1356 3397 Propter
1375 3314 1460 3397 quod
1480 3315 1602 3376 Fratres
1622 3331 1708 3394 saepe
1728 3312 1880 3394 rogabant
1898 3327 1958 3371 eun

279 3407 546 3488 rrov.1v111,lmpius
572 3426 671 3488 quum
695 3408 727 3469 in
750 3409 945 3490 profundum
967 3418 1170 3491 peccatorum
1227 3423 1261 3476 ut
1285 3413 1397 3476 saltem
1424 3414 1456 3474 in
1483 3430 1593 3475 mensa
1617 3419 1758 3474 cessaret
1783 3429 1802 3473 a
1826 3408 1959 3478 lacrimis,

281 3488 301 3528 ³'
426 3505 560 3578 venerit,
573 3507 757 3568 contemnit.
768 3507 855 3569 Fune
870 3507 956 3570 enim
972 3508 1171 3589 spiritualem
1227 3512 1378 3595 quoniam
1399 3511 1493 3574 multi
1513 3511 1637 3572 Fratres
1652 3509 1733 3572 visis
1753 3505 1961 3571 lacrimationi-

428 3602 567 3682 perdidit
590 3621 731 3678 sensum,
752 3611 783 3665 et
806 3605 957 3668 vitiorum
982 3625 1105 3670 veneno
1128 3615 1173 3669 to·
1228 3610 1286 3673 bus
1316 3611 1397 3691 ejus,
1424 3609 1617 3672 manducare
1646 3607 1836 3690 nequibant.
1858 3604 1959 3679 Quibus

427 3706 479 3759 tus
496 3699 643 3774 infectus,
653 3701 800 3782 stupidus
816 3711 1022 3785 mortuusque
1037 3705 1172 3767 effeetus
1228 3709 1391 3790 respondit
1408 3727 1415 3770 :
1433 3709 1535 3771 Conor
1555 3707 1641 3769 sicut
1657 3707 1782 3787 jubetis
1803 3700 1959 3767 alacrimis

428 3803 477 3856 est
494 3811 500 3855 :
518 3795 636 3858 idcirco
650 3798 688 3858 ad
704 3797 763 3859 boc
778 3798 1018 3879 designandum,
1030 3802 1173 3864 Christus
1226 3814 1416 3888 temperare,
1439 3824 1499 3868 nee
1523 3823 1666 3886 possum,
1690 3805 1845 3886 quoniam
1868 3809 1959 3884 pectus

428 3892 580 3954 Lazarum
609 3895 828 3970 suscitaturus,
855 3897 886 3957 in
915 3917 949 3960 se
978 3899 1047 3981 ipso
1076 3900 1172 3962 infre·
1228 3924 1335 3966 meum
1351 3912 1501 3986 tanquam
1516 3904 1650 3966 flamma
1664 3903 1897 3974 incensum‚me
1909 3915 1959 3960 non

430 3991 521 4064 muit‚
539 3997 570 4052 et
585 3991 725 4054 turbavit
740 4011 773 4055 se
793 3994 898 4076 ipsum
914 4014 950 4058 ae
969 3997 1069 4073 flevit,
1087 3999 1173 4060 dein·
1227 4002 1304 4065 sinit
1327 4002 1502 4084 quiescere.
1526 4003 1637 4083 ltaque
1662 4003 1772 4064 Frater
1796 4001 1851 4063 ille
1872 4015 1959 4061 ernen-

429 4089 468 4150 de
483 4089 546 4151 alta
560 4106 637 4152 voce
653 4090 810 4153 clamavit.
822 4093 1046 4158 Verumtamen
1062 4097 1101 4158 de
1117 4097 1171 4158 teli
1227 4102 1330 4174 datus,
1340 4120 1398 4182 per
1413 4101 1521 4163 omnia
1536 4119 1690 4182 magnum
1706 4097 1959 4164 aedificationum

428 4195 659 4268 transgressore
687 4189 919 4272 desperandum
951 4211 1014 4256 non
1045 4202 1103 4269 est,
1134 4198 1434 4280 ecllperfectionis
1449 4199 1636 4282 exemplum
1651 4199 1793 4282 praebuit
1811 4194 1959 4260 universis.

428 4288 513 4368 quod
529 4287 611 4350 Deus
627 4289 668 4350 sit
686 4289 865 4352 animarum
885 4293 1087 4373 omnipotens
1107 4314 1172 4356 me·
1227 4305 1323 4378 atque
1335 4298 1374 4359 ad
1387 4305 1451 4359 tam
1464 4297 1753 4380 profundissimam
1768 4295 1908 4379 pervenit
1917 4294 1961 4355 hu·

429 4385 529 4460 dicus,
547 4386 639 4466 cujus
659 4387 761 4450 virtus
775 4407 812 4450 ae
831 4391 987 4470 sapientia
1006 4392 1043 4454 ed
1062 4411 1172 4456 curan·
1228 4395 1407 4470 militatem,
1424 4397 1509 4478 quod
1525 4396 1554 4458 S.
1567 4396 1736 4460 Pacomius
1750 4396 1844 4469 dixit,
1856 4391 1959 4456 nullum

292 4493 414 4546 nami.
429 4483 517 4556 dum,
538 4484 636 4546 finem
657 4503 719 4548 non
738 4485 842 4561 habet,
859 4495 891 4550 et
912 4507 974 4550 non
996 4491 1100 4551 solum
1125 4492 1171 4553 nil
1226 4495 1371 4556 Fratrum
1387 4495 1433 4557 sic
1453 4513 1522 4558 esse
1542 4513 1634 4556 suem
1654 4495 1871 4556 humilitatem
1891 4507 1960 4552 seeu-

283 4557 413 4668 ῗῇξῗῗιπ·
430 4579 638 4660 impossibile,
663 4583 717 4644 sed
743 4592 774 4645 et
797 4585 877 4648 nihil
902 4585 1036 4649 difficile
1058 4589 1087 4649 ei
1112 4597 1168 4651 est.
1227 4597 1295 4653 tum
1311 4593 1395 4654 sicut
1409 4593 1539 4655 fratrem
1556 4593 1734 4656 Silvanum.
1752 4594 1867 4675 Sicque
1881 4590 1959 4653 Silva·

428 4677 537 4758 ltaque
551 4697 753 4762 quocumque
770 4685 862 4746 modo
878 4686 950 4765 quis
965 4692 1109 4748 mortuus
1124 4696 1172 4750 est
1226 4710 1287 4752 nus
1300 4709 1358 4772 per
1373 4700 1443 4754 octo
1456 4710 1556 4754 annos
1568 4692 1676 4755 taliter
1689 4693 1835 4755 militans
1845 4689 1959 4756 christo.

428 4774 639 4856 perculpam,
655 4778 769 4840 sivein
785 4782 880 4844 corde
900 4789 1033 4858 tantum,
1050 4785 1117 4847 sive
1138 4785 1170 4847 in
1225 4788 1363 4851 feliciter
1381 4790 1577 4852 obdormivit
1596 4791 1630 4852 in
1656 4791 1806 4854 Domino.
1827 4791 1869 4853 lle
1886 4786 1960 4865 cujus

428 4872 522 4934 eorde
546 4880 577 4934 et
601 4890 707 4955 opere,
734 4878 801 4939 sive
829 4879 861 4940 in
888 4882 993 4956 eorde,
1019 4900 1116 4964 opere
1139 4891 1171 4946 et
1225 4887 1312 4949 exitu
1336 4888 1513 4951 testabatur
1535 4889 1564 4952 S.
1587 4889 1769 4965 Pacomius,
1790 4889 1873 4973 quod
1896 4883 1960 4948 mul·

427 4971 668 5045 consuetudine,
693 4973 793 5055 erigat
815 4996 848 5038 se
873 4986 981 5041 contra
1006 4999 1050 5054 se,
1076 4989 1108 5042 et
1131 4983 1169 5043 ad
1224 4986 1327 5048 titudo
1344 4987 1532 5068 angelorum
1551 4988 1695 5050 animam
1715 4989 1787 5069 ejus
1807 4986 1959 5068 accipiens,

427 5068 527 5130 Deum
551 5069 704 5151 respiret3
725 5074 901 5138 consideret
924 5096 960 5139 ea
981 5099 1051 5159 quae
1075 5080 1170 5160 perti·
1224 5101 1294 5144 earn
1314 5103 1521 5166 magnacum
1543 5086 1655 5150 letitia
1672 5087 1792 5150 obtulit
1810 5087 1932 5151 Christo.
