4154 6258
481 483 998 535 noumroaxvrosrmmrrarmr.
1019 501 1060 514 -
1081 483 1309 533 senuerimus
1531 455 1541 474 '
1611 461 1670 532 hil

121 679 162 724 ne
189 654 314 723 scilicet
338 658 557 722 desideremus
580 655 743 740 propriam
764 655 868 720 excel·
883 655 909 718 A
923 649 1057 720 testatur
1073 675 1080 719 :
1097 655 1156 729 Oui
1170 655 1314 719 omnium
1331 649 1539 739 pecuniarum
1554 651 1672 720 habue-

121 757 266 832 lentiam,
293 757 420 820 laudem
450 756 634 830 humanam,
659 753 869 838 temporalem
924 763 999 818 runt
1015 761 1245 837 contemptum,
1262 762 1293 818 et
1307 755 1405 818 totius
1421 755 1532 818 mundi
1547 773 1673 838 spreve

119 857 293 936 honorem3
310 856 366 919 sed
385 853 542 938 quidquid
557 853 633 916 boni
655 855 687 916 iu
708 852 802 916 nobis
822 861 871 916 est
925 859 1000 914 runt
1020 853 1168 928 honores,
1184 860 1280 936 atquc
1300 853 1481 936 tyrannicas
1502 869 1672 936 corporum

119 956 186 1020 lleo
207 962 295 1037 grata
319 971 356 1016 ac
377 952 493 1016 humili
518 960 626 1016 mente
648 952 868 1028 attribuentes,
925 951 1200 1033 concupiscentias
1215 959 1457 1035 superaverunt,
1471 951 1494 1015 ii
1510 951 1672 1015 multoties

119 1054 177 1117 llei
197 1054 352 1117 honorem
367 1061 399 1115 et
413 1051 558 1134 gloriam,
577 1051 703 1115 laudern
721 1057 754 1114 et
767 1052 870 1114 excel·
925 1049 1009 1132 capti
1031 1068 1050 1111 a
1070 1069 1152 1114 vana
1175 1050 1287 1132 gloria,
1303 1051 1413 1115 omnia
1432 1051 1649 1134 perdiderunt.

118 1153 253 1216 lentiam
279 1152 312 1215 in
336 1151 487 1215 omnibus
517 1149 767 1234 precordialiter
789 1149 870 1212 aile-
964 1149 1108 1230 Insuper,
1139 1156 1257 1231 quanta
1285 1149 1369 1212 mala
1396 1167 1435 1213 ex
1464 1168 1545 1212 vana
1572 1148 1672 1230 gloria

119 1259 256 1326 eternus,
281 1257 439 1333 quatenus
468 1250 537 1332 ipse
561 1248 601 1311 ab
628 1247 786 1311 universis
815 1248 870 1311 ho
925 1253 1109 1328 sequantur,
1141 1247 1225 1310 idem
1256 1247 1367 1330 pandit
1394 1247 1669 1331 chrysostomus:

119 1357 262 1424 noratur,
279 1346 449 1412 extollatur
469 1353 501 1410 et
521 1346 720 1410 collaudetur
741 1354 871 1429 propter
924 1345 1021 1419 Nihil,
1044 1344 1203 1428 inquiens,
1227 1345 1271 1408 ita
1291 1345 1444 1429 pecunias
1466 1346 1672 1428 concupisce·

119 1447 282 1510 inlinitum
308 1445 507 1528 dignitatem,
524 1445 698 1508 bonitatem
720 1451 753 1508 et
773 1445 870 1526 maJ'e·
924 1462 959 1506 re
983 1443 1070 1516 lacit,
1091 1452 1126 1506 ut
1150 1444 1258 1526 gloria
1283 1445 1409 1527 cupido.
1437 1445 1567 1527 Propter
1591 1445 1672 1508 hanc

119 1554 235 1610 statem
261 1564 362 1619 suam,
379 1552 411 1608 et
429 1552 560 1628 propter
582 1543 741 1608 beneficia
760 1563 817 1607 sua
837 1544 870 1607 in
924 1561 1064 1625 namque
1091 1542 1285 1607 famulorum
1315 1561 1437 1625 greges
1467 1560 1566 1626 equos
1594 1560 1672 1606 auro

119 1645 224 1708 uobis.
242 1644 316 1708 ldeo
333 1643 495 1725 propriam
512 1641 799 1717 defectuositatem,
815 1662 870 1707 va·
925 1649 1053 1723 opertos
1073 1649 1104 1704 et
1119 1649 1283 1723 argenteas
1305 1661 1429 1706 mensas
1449 1649 1604 1725 expetunt
1618 1642 1671 1706 ho

119 1744 254 1806 nitatem
277 1749 309 1805 et
329 1740 486 1806 vilitatem
509 1740 670 1824 sapienter
695 1741 867 1816 intuentes,
927 1739 1041 1814 mines,
1063 1758 1126 1803 non
1150 1748 1185 1803 ut
1209 1741 1379 1804 utilitatem
1398 1749 1453 1804 aot
1474 1742 1669 1823 voluptatem

119 1859 250 1904 omnem
274 1859 389 1904 vanam
412 1839 548 1921 gloriam
571 1839 710 1903 totaliter
732 1837 907 1902 eradico-B
925 1838 1001 1900 hinc
1023 1839 1181 1913 hauriant,
1198 1840 1253 1902 sed
1275 1847 1310 1902 ut
1330 1840 1440 1903 multis
1464 1841 1672 1904 ostendantur

119 1958 206 2013 mus,
230 1947 325 2020 atque
355 1954 414 2000 nos
443 1938 530 2020 ipsos
559 1936 813 2020 vilipendamus3
838 1944 870 1999 et
925 1945 957 2000 et
979 1937 1182 2000 honorentur.
1208 1938 1293 2002 Solet
1315 1957 1442 2022 quoque
1466 1957 1547 2002 vana
1571 1938 1671 2019 gloria

119 2044 277 2120 quantum
301 2037 334 2099 in
359 2035 452 2099 nobis
477 2043 535 2110 est,
556 2035 710 2118 vilipendi
735 2035 775 2098 ab
798 2035 870 2098 aliis
925 2035 1050 2098 noviter
1068 2053 1237 2100 couversos
1252 2055 1377 2112 vexare,
1394 2045 1430 2099 ut
1448 2037 1669 2102 aitlsidorus:

120 2142 344 2218 peroptemus;
360 2133 536 2208 irrisiones,
556 2133 806 2215 aspernationes,
824 2133 870 2196 in·
925 2133 983 2207 Oui
1008 2153 1046 2196 er
1068 2135 1224 2198 deteriore
1245 2135 1311 2217 jam
1334 2136 1448 2199 melior
1470 2155 1540 2198 esse
1561 2136 1669 2218 ooepit,

119 2233 221 2314 jurias
244 2231 337 2295 nobis
362 2231 475 2305 illatas,
492 2231 661 2314 patienter,
677 2231 743 2294 imo
763 2230 870 2294 hilari·
926 2241 1035 2295 caveat
1055 2251 1096 2296 nc
1117 2234 1156 2297 de
1178 2235 1318 2316 acceptis
1339 2253 1373 2297 se
1395 2233 1525 2298 extollat
1547 2233 1672 2296 virtuti-

120 2340 170 2394 ter
195 2331 364 2414 patiamur,
390 2329 468 2393 certi
493 2330 578 2412 quod
603 2330 705 2393 multo
724 2329 870 2411 graviora
925 2329 997 2403 bus,
1014 2349 1054 2394 ue
1076 2333 1204 2413 gravius
1228 2351 1286 2415 per
1309 2351 1421 2396 vanam
1444 2332 1577 2413 gloriam
1604 2349 1672 2394 eor·

121 2430 188 2513 pati
214 2429 402 2503 meruimus,
421 2427 512 2510 juxta
535 2427 615 2492 illud
638 2427 745 2491 Juditb
769 2445 776 2490 :
801 2428 869 2491 Nou
926 2436 996 2491 ruat
1025 2449 1121 2512 quam
1155 2430 1244 2512 prius
1275 2450 1332 2513 per
1363 2430 1489 2514 lapsum
1517 2430 1669 2493 vitiorum

121 2528 316 2592 ulciscamur
334 2544 391 2592 nos
413 2544 472 2610 pro
492 2527 532 2590 iis
551 2545 622 2609 que
642 2526 797 2609 patimur,
814 2526 869 2589 sed
923 2527 1058 2610 jacebat.
1084 2529 1183 2591 l'exat
1210 2546 1338 2612 quoque
1366 2530 1434 2592 haec
1463 2528 1562 2610 gloria
1591 2548 1672 2592 vana

121 2634 306 2709 reputantes
329 2626 468 2710 peccatis
487 2625 603 2689 nostris
623 2625 690 2688 haeo
711 2624 779 2706 ipsa
797 2643 870 2706 sup
925 2626 1142 2709 proficientes
1161 2627 1226 2690 imo
1244 2628 1340 2690 etiam
1357 2627 1538 2711 aliqualiter
1553 2635 1584 2690 et
1601 2647 1670 2710 per-

120 2726 219 2808 plicia
240 2725 363 2788 minora
382 2743 463 2798 esse,
480 2723 607 2805 flagella
622 2723 761 2797 Domini,
778 2723 868 2805 quasi
923 2725 1033 2787 lectos.
1045 2725 1167 2787 ldcireo
1182 2725 1261 2787 dicit
1275 2725 1573 2807 Gregorius:Quum
1588 2725 1670 2789 bene

119 2823 205 2887 servi
230 2823 286 2906 qui
311 2823 514 2905 corripimur,
535 2823 574 2884 ad
599 2822 867 2896 emendationem,
923 2822 1053 2896 vivitur,
1070 2822 1161 2885 valde
1179 2823 1357 2886 timendum
1379 2831 1427 2886 est
1441 2843 1481 2887 ne
1501 2843 1602 2899 mens,
1619 2825 1670 2886 de·

119 2931 150 2985 et
174 2939 240 2985 non
262 2922 300 2985 ad
323 2921 536 3004 perditionem
561 2927 701 2984 nostram
723 2920 868 2983 evenisse
924 2920 1042 3002 spectis
1064 2920 1189 2995 ceteris,
1211 2921 1250 2984 de
1272 2921 1425 3002 singulari
1446 2923 1546 3003 gratia
1567 2923 1671 2986 eleve-

118 3022 298 3084 credamus.
885 3015 985 3082 (itur.
1003 3019 1090 3082 Unde
1110 3020 1320 3102 Hieronymus
1338 3037 1345 3082 t
1362 3019 1407 3082 Ne
1427 3020 1524 3084 nimis
1544 3021 1669 3103 religio·

159 3121 305 3203 Denique
326 3138 407 3182 vana
428 3118 538 3201 gloria,
560 3137 631 3202 quaa
655 3125 703 3180 cst
722 3117 869 3200 gloriatio
923 3137 977 3181 sus
1001 3119 1081 3182 velis
1105 3119 1217 3194 videri,
1239 3137 1298 3182 nec
1322 3119 1395 3202 plus
1418 3119 1551 3183 humilis
1572 3140 1669 3202 quam

118 3219 217 3282 stulta
233 3219 265 3281 in
282 3237 326 3293 se,
339 3225 387 3282 est
401 3217 517 3281 vitium
531 3216 624 3280 valde
639 3216 866 3299 periculosum,
922 3235 1053 3280 necesse
1068 3226 1132 3297 est3
1150 3236 1208 3280 neo
1222 3237 1344 3301 queres
1359 3218 1505 3299 gloriam,
1518 3218 1669 3300 fugiendo

117 3315 533 3392 occultum‚velocissimum
549 3315 869 3396 etingratomQuum
923 3315 1119 3379 simulatorie
1149 3335 1229 3379 eam.
1253 3316 1385 3390 Quidam
1415 3316 1503 3379 euim
1529 3317 1668 3399 pessime

117 3417 243 3481 anima
259 3415 446 3499 nobisipsis
464 3433 529 3478 nou
548 3414 722 3477 habeamus
739 3413 800 3476 nisi
816 3413 869 3476 de·
922 3415 996 3477 vani
1025 3413 1153 3496 lingunt
1177 3421 1208 3477 et
1232 3415 1386 3478 simulant
1409 3433 1443 3477 se
1467 3413 1579 3496 fugere
1603 3415 1668 3497 glo-

117 3515 220 3579 licere
234 3523 267 3578 et
282 3521 468 3598 peccare,et
483 3513 641 3596 quidquid
656 3511 805 3574 vanitatis
820 3519 869 3575 est
922 3511 1003 3575 riam
1026 3519 1058 3574 et
1086 3512 1251 3586 honorem,
1276 3519 1432 3594 quatenus
1462 3531 1520 3595 per
1547 3513 1607 3577 hoo
1631 3532 1668 3577 ea

117 3622 216 3697 atque
239 3613 386 3688 miserie,
402 3612 495 3676 valde
516 3611 743 3686 inordinatum,
765 3610 867 3693 ingra·
921 3610 1096 3692 acquirant.
1114 3609 1235 3683 Quibus
1255 3611 1409 3692 competit
1423 3613 1508 3693 quod
1527 3611 1571 3676 ait
1586 3613 1668 3676 Scri-

117 3721 188 3776 tum
210 3719 242 3776 et
258 3711 395 3794 impium
415 3717 465 3774 est
478 3710 519 3774 de
538 3710 630 3774 donis
645 3709 700 3773 Dei
721 3708 754 3772 in
773 3727 818 3784 se,
836 3717 867 3772 et
922 3715 1044 3790 ptura:
1067 3708 1121 3772 Est
1144 3708 1199 3790 qui
1224 3708 1374 3791 nequiter
1396 3728 1430 3772 se
1454 3709 1614 3786 humiliat,
1637 3718 1670 3775 ct
1688 3726 1812 3778 accrate,

117 3829 182 3874 non
205 3809 239 3872 in
259 3810 323 3874 Deo
342 3810 491 3892 gaudere,
507 3816 563 3872 aot
578 3826 635 3891 pro
655 3808 701 3872 eis
718 3826 781 3871 non
798 3807 864 3882 llei,
922 3806 1072 3871 interiora
1093 3808 1163 3888 ejus
1185 3807 1280 3890 plena
1301 3815 1375 3870 sunt
1396 3808 1478 3871 dolo.
1682 3791 1715 3832 ²³·

116 3909 172 3973 sed
195 3907 359 3992 propriam
379 3908 507 3970 laudem
522 3914 553 3970 et
567 3906 721 3970 honorem
737 3911 866 3988 appete·
960 3907 1104 3989 Insuper,
1119 3907 1210 3989 juxta
1229 3907 1406 3970 doctrinam
1426 3908 1579 3990 Apostoli,
1600 3909 1669 3971 nul-

115 4027 160 4072 re.
178 4006 289 4071 Nihilo
308 4005 415 4069 miuus
434 4005 550 4069 vitium
573 4005 657 4068 istud
678 4004 866 4068 mirabiliter
921 4005 971 4068 lus
986 4004 1081 4068 debet
1100 4005 1199 4068 alium
1219 4006 1258 4068 ad
1279 4005 1390 4068 illicita
1410 4023 1592 4088 provocare,
1609 4025 1668 4070 neo

114 4107 180 4171 cito
197 4113 231 4170 et
247 4105 429 4188 improvise,
447 4105 512 4167 imo
529 4121 758 4185 nonnunquam
773 4103 864 4186 quasi
920 4104 959 4166 ad
976 4103 1066 4178 iram,
1084 4103 1328 4186 impatientiam,
1345 4104 1595 4185 indignationem
1614 4113 1669 4168 aut

114 4202 420 4288 imperceptibiliter
441 4202 606 4266 hominem
635 4202 751 4284 pulsat,
777 4221 864 4264 meu·
880 4200 905 4263 D
921 4202 1007 4264 aliud
1023 4202 1137 4265 vitium
1156 4203 1288 4265 incitare
1309 4221 1366 4284 per
1383 4203 1481 4265 verba
1500 4211 1554 4266 aut
1573 4222 1669 4286 opera

113 4311 180 4367 tem
207 4301 339 4374 invadit,
359 4301 567 4383 animumque
591 4301 681 4383 quasi
706 4317 865 4383 preocou-
921 4302 1079 4384 procacia,
1106 4301 1259 4375 illusoria,
1289 4300 1457 4363 ollensiva.
1488 4301 1552 4364 lloc
1581 4303 1667 4364 enim

114 4411 178 4486 pat.
198 4401 238 4463 Et
255 4407 425 4482 antequam
445 4400 541 4463 horno
557 4400 709 4474 advertat,
727 4417 780 4462 eor
795 4400 865 4480 ejus
921 4399 1115 4462 diabolicum
1131 4407 1189 4473 est,
1206 4419 1306 4481 quum
1320 4399 1502 4462 daemonum
1518 4407 1602 4462 totus
1617 4419 1668 4464 eo

114 4499 274 4583 impletur
299 4505 386 4560 motu
411 4497 482 4560 vitii
507 4498 616 4578 hujus,
642 4497 686 4559 ita
710 4504 745 4559 ut
768 4496 863 4560 etiarn
922 4505 1014 4560 natos
1030 4498 1072 4560 sit
1086 4497 1231 4560 homines
1247 4498 1286 4560 ad
1302 4497 1379 4560 vitia
1397 4499 1533 4572 trahere,
1550 4505 1581 4560 et
1595 4516 1668 4561 cou-

113 4599 154 4662 de
171 4597 269 4660 bonis
287 4595 412 4660 actibus
430 4596 551 4677 lleique
569 4596 678 4677 gratiis
693 4596 865 4659 vanissime
922 4597 1054 4659 trariom
1078 4596 1200 4659 caritati
1223 4597 1278 4659 llei
1302 4615 1339 4660 ac
1364 4597 1591 4680 proximorum.
1610 4597 1668 4670 Qui

112 4693 866 4779 glorietur,atquedehocquodabaliisvide·
922 4697 1009 4760 enim
1042 4694 1147 4776 diligit
1180 4696 1292 4768 Deum,
1322 4703 1411 4778 optat
1441 4703 1473 4758 et
1504 4704 1671 4778 promovet

113 4803 179 4870 tur,
199 4801 368 4878 reputatur
386 4801 418 4856 et
437 4792 469 4855 in
490 4793 698 4856 admiratione
720 4794 864 4870 habetur,
922 4801 1077 4878 quantum
1094 4800 1198 4874 potest
1212 4793 1283 4874 ejus
1299 4793 1669 4879 bonorem‚impeditque

114 4895 201 4958 intra
227 4911 263 4956 se
285 4891 475 4974 insipienter
497 4910 534 4954 ae
560 4909 708 4974 perverse
733 4892 864 4956 letetur.
922 4893 992 4973 ejus
1008 4890 1166 4955 offensam
1184 4909 1191 4952 :
1210 4890 1328 4954 idcirco
1344 4891 1376 4954 in
1391 4910 1425 4955 se
1440 4899 1535 4974 atque
1550 4893 1582 4954 in
1597 4893 1669 4956 aliis

114 4989 868 5072 ldeoaitBemardusz‘limasagittam31cviter
922 4989 1028 5052 studet
1043 4989 1143 5052 vitare
1159 5007 1215 5051 seu
1236 4988 1393 5072 impedire
1411 4997 1550 5071 peccata,
1567 5009 1607 5053 ne
1623 4991 1669 5053 in·

114 5091 215 5165 volat,
234 5089 348 5152 leviter
367 5095 522 5173 penetrat,
539 5089 605 5163 sed,
622 5088 694 5152 dico
715 5089 786 5165 tibi,
804 5107 867 5153 nou
923 5089 1096 5152 honoretur
1111 5088 1265 5151 Dominus
1280 5089 1373 5150 Deus.
1386 5088 1538 5152 Similiter
1554 5090 1608 5171 qui
1623 5090 1670 5152 di·

113 5191 187 5254 leve
206 5186 328 5270 inlligit
343 5186 471 5261 vulnus,
487 5187 552 5250 cito
571 5187 733 5250 interficit.
752 5188 868 5270 Sagitta
924 5187 994 5268 ligit
1009 5189 1203 5271 proximum,
1215 5194 1303 5269 optat
1318 5194 1349 5250 et
1363 5186 1477 5268 satagit
1490 5205 1531 5250 ne
1546 5195 1671 5250 corruat

112 5285 401 5367 bec,vanagtoria
415 5293 471 5349 est.
484 5286 725 5369 chrysostomus
740 5303 867 5369 quoque
924 5286 956 5350 in
977 5293 1155 5370 peceatum,
1172 5304 1272 5368 quum
1293 5285 1374 5348 nihil
1395 5285 1437 5348 ita
1460 5285 1609 5349 nocivum
1629 5286 1669 5348 sit
