4154 6258
471 494 618 543 ιοιιιιιιιιι
639 496 695 542 ιιιι
716 495 789 542 rosr
809 493 1004 542 mmmmm.
1024 513 1064 524 —
1085 494 1184 542 senso
1205 497 1314 544 narnus
1609 479 1670 544 397

119 666 342 749 perducend03
359 685 433 726 vere
446 686 488 725 ee
503 670 582 745 tepe,
597 665 629 728 id
649 673 698 729 est
716 665 795 747 legis
814 665 869 729 oh·
883 661 909 726 Α
923 664 1233 748 credentibus-quia
1248 683 1306 748 per
1316 663 1416 728 fidem
1430 664 1545 728 Christi
1560 671 1672 728 ventu·

120 764 288 839 servantia,
306 773 385 824 esset
398 765 539 842 justitia
559 763 665 827 infusa
684 783 721 826 ac
743 762 869 827 merito
924 761 962 836 ri,
979 760 1114 826 salutem
1130 762 1236 845 adepti
1252 770 1328 826 sunt
1342 761 1435 826 electi
1457 762 1511 845 qui
1532 769 1605 825 ante
1620 761 1674 824 ad·

121 863 177 936 ria,
194 861 363 925 sulliciens
381 862 420 925 ad
441 862 575 925 salutem
597 861 718 945 absque
740 861 806 924 lide
829 861 868 923 de
924 867 1056 923 ventum
1073 861 1190 924 Christi
1206 861 1347 936 luerunt,
1358 881 1417 925 neo
1432 879 1528 944 opera
1543 861 1673 924 illorum

122 961 256 1024 Christo.
273 963 341 1023 Sed
354 963 524 1032 conclusit,
534 961 594 1024 hoc
609 969 668 1035 est,
680 979 751 1023 esse
764 967 868 1023 osten·
925 958 1086 1022 meritoria
1101 967 1192 1022 erant
1203 960 1266 1023 nisi
1279 979 1336 1042 per
1350 959 1449 1023 iidem
1464 960 1675 1043 hanc,quem·

121 1059 177 1134 dit,
195 1059 346 1133 convicit,
362 1066 393 1122 et
413 1059 654 1123 occasionaliter
675 1059 762 1132 fecit,
779 1059 868 1121 Scri·
923 1057 1095 1120 admodum
1112 1056 1204 1120 electi
1221 1057 1275 1141 qui
1288 1066 1397 1141 postea
1412 1058 1609 1134 exstiterunt,
1617 1077 1675 1140 per

116 1166 233 1234 ptura,
249 1156 281 1220 id
302 1164 351 1220 est
371 1157 420 1220 lex
439 1165 532 1220 vetus
552 1177 609 1220 seu
627 1157 771 1220 llosaicae
789 1156 868 1237 legis
923 1152 1022 1217 sidem
1048 1155 1165 1218 Christi
1184 1155 1339 1218 incarnati
1364 1163 1396 1218 et
1415 1155 1516 1231 missi,
1537 1157 1673 1220 salutem

121 1255 288 1337 scriptura,
318 1257 428 1316 omnia
457 1274 574 1338 genera
601 1255 780 1329 hominum,
810 1273 867 1316 seu
923 1261 998 1316 sunt
1018 1254 1192 1328 consecuti,
1210 1262 1241 1316 et
1258 1261 1498 1336 consequuntur
1518 1254 1670 1337 quotidie.

122 1353 287 1417 universos
305 1352 440 1429 Judaeos,
457 1355 516 1414 sub
527 1363 668 1430 peccato,
684 1371 748 1416 non
763 1352 867 1415 solum
963 1351 1136 1427 Postremo,
1157 1352 1242 1416 circa
1264 1352 1400 1416 verbum
1426 1352 1506 1416 illud
1527 1352 1671 1435 Apostoli

121 1451 279 1532 originali,
308 1452 364 1515 sed
394 1452 491 1515 etiam
520 1451 647 1514 actuali.
678 1451 735 1514 Per
764 1452 867 1533 legem
924 1450 957 1512 in
973 1451 1121 1532 praesenti
1137 1450 1282 1533 epistola,
1298 1473 1315 1510 (ι
1331 1459 1403 1533 post
1422 1451 1670 1534 quadringentos
1700 1465 1818 1519 esaan,

121 1568 258 1632 namque
283 1557 351 1613 erat
376 1551 496 1636 directe
521 1549 643 1633 peccati
665 1549 815 1632 cognitio,
830 1567 867 1612 ao
924 1556 955 1612 et
979 1549 1109 1630 triginta
1133 1567 1232 1613 annos
1257 1549 1340 1612 lacta
1364 1557 1413 1613 est
1437 1549 1487 1612 lex
1509 1572 1538 1624 a,
1563 1557 1672 1631 posset
1686 1532 1719 1574 ¹⁷·

122 1648 275 1711 indirecte
289 1648 410 1730 peceati
426 1648 868 1731 augmentati02primo,quia
923 1648 1056 1729 quaestio
1072 1666 1186 1730 magna
1201 1648 1492 1731 moveri,quoniam
1509 1648 1594 1710 idem
1611 1649 1669 1712 iste

121 1746 154 1808 iu
168 1746 267 1808 vetita
281 1746 426 1822 nitimur,
443 1745 475 1809 id
495 1753 553 1821 est,
570 1747 609 1808 ad
626 1745 787 1829 prohibita
802 1763 867 1808 ma·
923 1745 1092 1828 Apostolus
1111 1747 1155 1808 ait
1172 1763 1179 1808 :
1196 1745 1365 1809 Distribuit
1382 1747 1429 1809 eis
1449 1746 1532 1809 Deus
1551 1753 1668 1811 terram
1684 1761 1817 1814 amman,

121 1844 168 1924 gis
182 1843 348 1907 allicimur
357 1862 366 1924 3
382 1844 533 1918 secundo,
545 1844 698 1926 quoniam
713 1851 785 1926 pest
799 1861 867 1926 pro
882 1841 905 1904 B
922 1861 1045 1920 eorum,
1061 1845 1153 1928 quasi
1172 1853 1245 1927 post
1262 1845 1510 1928 quadringentos
1529 1853 1562 1908 et
1576 1846 1668 1928 quin·
1684 1826 1717 1869 ²⁰·

122 1941 311 2005 hihitionem
332 1942 459 2024 gravius
479 1950 527 2004 est
547 1959 679 2024 peccare
697 1960 792 2024 quam
812 1961 866 2004 an·
922 1943 1073 2027 quaginta
1087 1961 1196 2006 annos.
1214 1945 1250 2007 ln
1264 1943 1372 2007 Exodo
1386 1962 1514 2026 quoque
1529 1944 1666 2008 dicitur:

17 2040 259 2117 ³t.1nt,3;l0·HlllC
281 2041 325 2104 ait
345 2040 509 2122 Scriptura
531 2040 563 2102 in
586 2040 733 2104 Psalmo:
750 2039 866 2105 Omnes
922 2042 1079 2106 Habitatio
1103 2042 1246 2106 filiorum
1270 2043 1365 2106 lsrael
1391 2044 1423 2106 in
1447 2044 1591 2127 AEgypto,
1607 2044 1669 2106 fuit
1696 2055 1817 2110 amm,

17 2131 48 2178 ,a
123 2139 372 2214 declinaverunt,
396 2138 492 2202 simul
517 2139 646 2201 inutiles
670 2138 746 2201 lacti
770 2148 864 2220 sunt3
922 2141 1227 2224 quadringentorum
1252 2141 1382 2223 triginta
1404 2159 1573 2217 annorum,
1598 2142 1668 2225 qui-
1682 2122 1762 2171 Μ·

17 2263 102 2312 anna.
123 2245 152 2299 et
175 2238 272 2301 isaias
290 2237 429 2302 :Omnes
454 2256 511 2301 nos
535 2237 626 2320 quasi
651 2255 726 2301 oves
750 2239 867 2302 erravi·
921 2241 983 2302 bus
1002 2238 1149 2322 expletis,
1166 2240 1278 2302 eodem
1298 2240 1350 2303 die
1369 2240 1488 2322 egressi
1505 2250 1588 2304 sunt.
1606 2241 1667 2304 Sed

123 2357 201 2414 mus,
218 2339 442 2422 uuusquisque
463 2339 495 2400 in
514 2339 602 2402 viam
620 2358 709 2402 suam
730 2339 867 2402 declina·
921 2339 960 2401 de
989 2338 1104 2400 horum
1136 2339 1360 2402 concordantia
1391 2357 1488 2420 super
1516 2339 1667 2422 epistolas
1696 2350 1812 2396 ineam.

122 2438 173 2498 vit.
194 2440 235 2499 Ut
245 2439 435 2514 promissio,
451 2435 482 2500 id
498 2444 546 2500 est
560 2437 718 2519 promissa
733 2436 866 2500 heatitu-
919 2436 1007 2500 Pauli
1036 2436 1150 2519 scripsi
1176 2454 1184 2499 ι
1211 2437 1282 2502 ideo
1311 2436 1459 2501 brevitati
1486 2437 1665 2514 intendens,
1682 2417 1753 2466 ¹¹¹¹¹⁷'

123 2535 160 2598 do
178 2544 209 2598 et
226 2536 343 2618 gratia,
358 2556 398 2596 ee
412 2537 478 2614 fide
494 2538 570 2596 Iesu
587 2537 712 2599 Christi
728 2538 869 2600 daretur
918 2537 985 2618 jam
1008 2543 1143 2598 transeo.

668 2963 860 3050 SERMO
903 2964 1122 3051 PRIMUS

120 3232 260 3287 QUOHODO
283 3229 359 3277 DEUS
380 3229 530 3277 rnoltssa
552 3229 623 3277 ouis
644 3228 778 3276 ABRAHAE
799 3229 832 3276 lli
853 3229 939 3287 teon,
961 3230 1188 3277 salnivuntrsun
1209 3231 1274 3278 sols
1295 3231 1468 3278 mnemon
1489 3231 1666 3297 slohtreos3

513 3329 546 3377 lll
568 3329 687 3385 QUOQUE
708 3327 851 3385 odoleno
872 3329 966 3376 olona
987 3329 1099 3377 vwnns
1119 3329 1269 3376 neeman.

183 3611 332 3675 ΕΝΙΕΤ
336 3609 550 3696 Desideratus
564 3609 691 3668 cunetis
701 3610 862 3686 pentibus.
880 3609 903 3674 o
919 3609 1061 3692 epistole
1076 3609 1237 3674 hodierne
1252 3618 1357 3692 potest
1369 3611 1583 3693 probari.Nec
1598 3630 1668 3695 pro-

196 3709 274 3790 Agg.
293 3725 326 3782 11,
342 3706 370 3770 8.
920 3707 1037 3770 missus
1053 3707 1115 3770 tuit
1129 3707 1273 3772 Christus
1287 3709 1327 3772 ad
1342 3708 1544 3773 liberandum
1560 3711 1670 3774 huma-

157 3807 273 3870 Filium
296 3806 351 3868 Dei
370 3805 478 3868 lesum
499 3804 660 3868 Christum
678 3823 747 3868 esse
764 3805 865 3868 incar·
919 3824 998 3867 num
1026 3823 1127 3886 genus
1153 3824 1208 3868 seu
1239 3807 1396 3888 populum
1418 3807 1598 3871 ludaeorum
1628 3809 1668 3872 de

120 3906 270 3982 nandum,
297 3913 329 3968 et
352 3905 385 3966 in
415 3902 572 3966 mundum
599 3903 803 3977 mittendum,
828 3922 865 3965 ac
920 3904 1102 3987 captivitate
1117 3905 1256 3968 humana
1271 3913 1303 3968 et
1317 3905 1477 3980 exterieri,
1494 3907 1549 3970 sed
1564 3908 1604 3970 de
1619 3926 1668 3970 ca-

119 4005 359 4086 redempturum
382 4020 483 4083 genus
502 4001 690 4076 humanum,
708 4003 790 4064 Deus
812 4002 866 4065 Pa·
920 4003 1065 4085 ptivitate
1085 4003 1254 4086 spirituali,
1271 4023 1335 4087 qua
1356 4023 1456 4086 genus
1476 4006 1665 4082 humanum,

120 4109 197 4165 tera
216 4101 380 4186 principio
399 4099 522 4174 mundi,
539 4119 596 4182 per
615 4100 810 4164 Patriarehas
828 4119 865 4163 ac
920 4107 1050 4183 propter
1079 4101 1233 4181 originale
1262 4102 1359 4184 primi
1386 4103 1528 4184 parentis
1555 4123 1667 4187 pecea-

120 4201 289 4282 Prophetas
319 4199 467 4282 predixit
493 4217 529 4260 ac
557 4198 769 4280 presignavit.
796 4199 866 4261 Pro·
919 4207 1000 4272 tum,
1017 4198 1078 4261 suh
1100 4199 1237 4281 quadam
1259 4199 1381 4262 exstitit
1403 4201 1556 4264 daemonis
1582 4210 1667 4284 pote-

120 4305 187 4381 pter
202 4299 289 4382 quod
304 4297 389 4380 apud
403 4296 519 4359 Lucam
536 4296 700 4358 Zacharias
715 4303 863 4359 testatur:
919 4305 1010 4370 state,
1040 4297 1083 4358 ita
1113 4298 1198 4378 quod
1229 4306 1347 4361 eterna
1376 4297 1574 4361 heatitudine
1606 4299 1667 4362 luit

17 4413 105 4468 sauss,
119 4397 224 4460 Erexit
248 4415 349 4460 cornu
374 4395 486 4458 salutis
510 4393 613 4470 nobis,
635 4394 719 4457 sicut
741 4395 865 4458 locutus
919 4396 1091 4476 privatum,
1118 4413 1177 4457 nce
1201 4414 1220 4456 a
1243 4403 1332 4458 reatu
1356 4395 1519 4476 originalis
1544 4399 1667 4478 peccati

18 4511 23 4521 ·
119 4505 164 4558 est
185 4515 243 4578 per
263 4513 300 4558 os
320 4502 514 4568 sanctorum,
531 4492 586 4574 qui
606 4512 624 4554 a
644 4493 760 4556 seculo
779 4501 863 4566 sunt,
920 4493 1023 4575 potuit
1038 4493 1179 4567 liberari,
1195 4493 1258 4556 nisi
1274 4512 1331 4575 per
1346 4494 1519 4571 Christum,
1536 4497 1591 4578 qui
1609 4515 1667 4580 pre

118 4594 345 4676 Prophetarum
360 4591 440 4673 ejus.
458 4590 496 4652 Et
517 4590 549 4652 in
563 4589 695 4654 Actibus
715 4591 865 4674 princeps
920 4593 975 4655 illo
995 4591 1149 4654 satisfecit
1169 4601 1309 4674 peccato,
1326 4601 1359 4657 et
1377 4594 1510 4674 gratiam
1531 4613 1568 4658 ac
1584 4597 1665 4659 salu·

17 4708 105 4755 unns.
117 4692 340 4775 Apostolorum
355 4690 505 4753 aitzlteus
520 4689 744 4771 praenuntiavit
759 4707 816 4771 per
830 4707 865 4752 os
920 4699 984 4754 tem
996 4691 1172 4774 promeruit
1185 4691 1426 4775 mundo,sicque
1435 4693 1565 4773 januam
1578 4696 1667 4776 regni

117 4793 262 4854 omnium
286 4789 512 4870 Prophetarum
538 4805 667 4851 suorum
691 4788 756 4871 pati
778 4787 904 4853 Chri-D
920 4790 1057 4852 coelestis
1082 4797 1174 4852 antea
1197 4790 1338 4854 clausam
1361 4791 1513 4854 reseravit
1536 4792 1668 4858 homini-

119 4898 201 4952 stum
225 4907 331 4952 suum.
351 4886 506 4969 Denique,
527 4887 705 4949 secundum
729 4885 864 4967 Prophe·
919 4889 1115 4952 busldeirco
1131 4888 1274 4952 Christus
1289 4897 1418 4954 vocatur
1433 4911 1450 4950 (ι
1466 4891 1665 4956 Desideratus
1692 4919 1810 4975 swas,

118 4997 220 5050 tarum
246 4986 436 5060 doctrinam,
454 4985 596 5049 Christus
620 4991 773 5047 venturus
798 4992 865 5047 erat
919 4988 1042 5049 cunctis
1057 4987 1206 5068 gentihus
1222 5009 1251 5063 a,
1269 4989 1418 5070 quoniam
1437 4991 1595 5054 universis
1610 5011 1664 5074 po-

119 5105 180 5149 non
195 5086 300 5149 solum
316 5083 355 5146 ad
375 5083 577 5148 liberandum
595 5083 751 5165 populum
765 5083 865 5146 Judae-
919 5085 1005 5167 pulis
1019 5104 1144 5148 summe
1160 5087 1380 5150 desiderabilis
1396 5087 1467 5162 luit,
1477 5091 1665 5174 cunctisque

120 5203 220 5261 orum,
237 5184 294 5247 sed
309 5191 411 5247 totum
431 5202 532 5264 genus
549 5183 738 5258 humanum,
754 5202 864 5265 quem·
918 5185 1068 5265 gentibus
1082 5185 1122 5247 ad
1138 5184 1238 5248 tidem
1254 5186 1417 5248 conversis
1432 5189 1593 5270 precipue
1612 5191 1665 5252 de·

120 5284 292 5348 admodum
316 5300 354 5345 es
379 5301 465 5346 nunc
487 5281 581 5346 dictis
606 5281 639 5344 in
666 5282 863 5364 expositione
919 5283 1086 5347 sideratus.
1112 5282 1192 5346 ilinc
1216 5301 1343 5366 quoque
1366 5284 1462 5348 Jacob
1485 5286 1666 5368 patriarcha
