4140 6258
354 477 503 526 uulntlca
523 478 555 524 tx
576 478 649 525 POST
668 479 863 527 tumtunm.
882 497 923 510 ···
942 479 1118 530 chrumno
1139 484 1171 530 m
1190 485 1385 534 ltt'lthuhcltttl
1584 469 1641 534 321

101 651 200 709 antem
216 645 386 710 subventio
400 647 595 730 designatur.
612 649 668 712 Vel
684 649 756 714 ideo
770 649 843 733 plus
857 651 883 714 A
899 650 930 713 id
953 659 1001 714 θεῖ
1023 651 1201 727 astutiores,
1217 655 1301 732 filiis
1323 657 1417 726 tucis,
1432 655 1464 718 id
1485 662 1534 717 est
1552 655 1644 738 spiri·

101 743 216 806 dimisit
230 744 346 826 primo,
362 745 438 828 quia
459 746 671 810 consideravit
687 765 721 810 se
743 747 843 830 magis
896 747 1037 811 tualibus
1052 767 1088 811 ac
1104 749 1226 812 devotis
1246 750 1443 827 hominibus,
1460 754 1497 812 iu
1509 772 1644 830 cenera-

101 859 187 923 posse
206 841 312 923 juvari
333 861 391 924 per
413 843 516 906 illum.
897 847 984 906 tione
1003 867 1062 907 auu
1082 847 1213 922 carnali,
1231 848 1262 910 id
1282 856 1331 910 θεῖ
1352 849 1435 912 inter
1454 867 1539 924 suus,
1555 851 1642 914 suot.

135 941 241 1021 ltaque
268 941 307 1002 ad
332 941 393 1004 hoc
418 941 562 1005 Christus
587 941 680 1004 istam
709 941 842 1004 adduxit
895 941 960 1005 lloc
983 943 1112 1018 dicitur,
1128 962 1191 1007 non
1216 946 1302 1028 quod
1325 947 1445 1029 iniquis
1469 965 1545 1010 vera
1569 947 1645 1010 insit

99 1036 286 1120 parabolam,
304 1047 340 1100 ut
354 1039 494 1102 sciamus
510 1039 595 1121 quod
616 1039 700 1101 sicut
715 1039 841 1122 dispen-
895 1041 1075 1121 prudentia,
1101 1061 1173 1124 quoe
1198 1051 1246 1105 est
1268 1043 1381 1119 virtus,
1406 1045 1460 1108 sed
1486 1045 1562 1128 quia
1586 1063 1644 1128 pro

99 1141 176 1197 satur
189 1135 245 1216 qui
261 1136 300 1198 de
315 1136 412 1200 rebus
427 1137 550 1200 domini
570 1137 620 1200 sui
634 1136 712 1199 lecit
729 1135 842 1200 libera·
894 1139 1121 1220 temporalibus
1134 1141 1343 1223 acquirendis,
1352 1143 1572 1206 conservandis
1588 1162 1643 1208 seu

98 1233 212 1296 litatem
234 1242 267 1298 et
289 1236 452 1317 pietatem,
469 1235 509 1298 ab
535 1235 600 1298 illis
622 1244 769 1319 receptus
792 1242 842 1298 est
894 1238 1122 1319 expendendis,
1131 1239 1523 1321 diligentiores,acutiores
1537 1250 1569 1305 et
1582 1242 1644 1324 agi·

99 1331 209 1413 quihus
228 1331 406 1413 beneiecit;
424 1333 468 1396 ita
482 1333 653 1396 Christiani
675 1351 840 1417 proposse
895 1334 989 1398 liores
1009 1344 1094 1411 sunt,
1111 1356 1208 1419 quam
1228 1339 1290 1401 viri
1310 1338 1385 1402 boni
1406 1357 1464 1422 pro
1481 1341 1641 1422 spirituaii

98 1449 151 1494 suo
174 1429 347 1494 subvenire
371 1432 490 1494 dehent
514 1432 721 1514 pauperibus,
749 1439 783 1493 ut
807 1432 840 1494 in
894 1433 1040 1516 profectu
1055 1436 1163 1516 gratie
1178 1455 1214 1498 ac
1230 1437 1385 1500 virtutum
1400 1456 1519 1520 :quum
1535 1446 1641 1503 tamen

98 1546 190 1610 reguo
212 1530 430 1612 suscipiantur
455 1530 608 1594 ooelorum
630 1530 683 1611 (de
708 1546 772 1612 quo
796 1530 841 1592 ait
894 1532 1073 1614 spiritualia
1097 1535 1179 1598 dona
1203 1535 1268 1598 sint
1291 1537 1522 1618 temporalibus
1545 1538 1641 1602 rebus

4 1653 85 1703 uites.
98 1627 234 1691 Salvator
251 1645 258 1689 :
274 1629 360 1692 Beati
377 1647 534 1712 pauperes
549 1629 675 1711 spiritu,
687 1628 839 1710 quoniam
895 1631 1189 1716 incomparabiliter
1204 1635 1336 1698 meliora
1353 1655 1359 1698 :
1378 1637 1461 1698 unde
1477 1645 1508 1700 et
1524 1638 1642 1702 iucom-

98 1729 235 1810 ipsorum
267 1737 315 1790 est
347 1745 481 1809 regnum
514 1727 692 1808 coelorum),
725 1746 838 1810 quem·
895 1730 1080 1812 parabiliter
1094 1733 1167 1814 plus
1188 1733 1395 1796 laborandum
1411 1743 1567 1818 essetpro
1583 1737 1639 1800 eis.

97 1827 264 1889 admodum
288 1828 328 1890 ad
350 1827 551 1890 Timotheum
576 1827 688 1888 scribit
708 1827 880 1908 Apostoli
935 1829 1077 1893 Subinde
1106 1831 1249 1894 Christus
1278 1833 1461 1914 parabolam
1491 1835 1573 1897 hauc
1602 1836 1641 1899 ad

21 1951 51 1992 a.
61 1963 86 1998 e.
99 1925 144 1988 lus
160 1942 167 1986 :
183 1925 343 1988 Divitibus
365 1925 462 2008 hujus
481 1925 589 1988 saeculi
615 1925 752 2007 praecipe
774 1942 838 1988 non
895 1928 1094 2008 propositum
1110 1929 1259 2011 applicat.
1276 1933 1321 1992 Et
1336 1950 1391 2008 epo
1406 1933 1478 1992 dico
1494 1934 1592 2004 cobis,
1609 1933 1641 1996 id

33 2047 37 2056 ·
97 2024 232 2086 sublime
262 2041 384 2107 sapere,
410 2041 469 2087 nec
498 2041 626 2106 sperare
656 2023 688 2085 in
717 2024 840 2088 incerto
894 2034 952 2100 est,
969 2027 1078 2102 doceo,
1094 2027 1203 2090 hortor
1217 2047 1273 2090 seu
1287 2029 1386 2111 jubeo
1403 2047 1410 2092 ε
1426 2033 1539 2092 Facite
1554 2035 1641 2093 vobis

97 2122 289 2198 divitiarum,
305 2123 361 2186 sed
376 2121 470 2186 facile
488 2123 628 2187 tribuere
648 2130 681 2186 et
698 2141 840 2188 commu·
894 2128 1012 2186 aulicos
1035 2129 1075 2186 dc
1096 2147 1279 2188 mammona
1303 2129 1505 2208 iniquitatis,
1524 2130 1555 2192 id
1580 2139 1639 2206 est,

98 2224 209 2286 nicare.
547 2263 568 2276 -
894 2223 1020 2287 divitias
1040 2243 1097 2288 seu
1117 2224 1201 2287 bona
1220 2232 1345 2289 terrena
1364 2228 1560 2310 pauperibus
1583 2231 1642 2292 mi·

133 2325 174 2383 av
189 2323 342 2382 laudauit
356 2323 509 2382 dominus
523 2323 671 2384 uillicum
682 2323 840 2403 iniquita·
894 2323 1096 2386 sericorditer
1125 2342 1162 2386 ac
1197 2324 1371 2388 liberaliter
1400 2327 1640 2389 communicau-

97 2422 147 2491 tis,
162 2419 194 2483 id
209 2427 260 2482 est
277 2420 530 2502 dispensatorem
550 2420 647 2484 istum
669 2420 837 2502 injustum,
894 2422 945 2496 do,
970 2423 1126 2504 acquirite
1155 2422 1247 2486 vobis
1275 2425 1432 2488 amicitias
1461 2425 1517 2488 Dei
1545 2433 1640 2507 atque

96 2518 147 2600 qui
168 2525 200 2581 θῖ
220 2526 315 2581 antee
338 2519 421 2583 hona
443 2519 566 2582 domini
587 2520 638 2582 sui
659 2519 838 2601 dissipavit,
895 2521 1093 2596 Sanctorum,
1116 2521 1172 2604 qni
1198 2522 1421 2586 misericordes
1442 2532 1475 2587 et
1493 2523 1641 2586 liberales

94 2616 219 2701 jamque
235 2617 275 2680 de
292 2617 419 2680 residuo
434 2616 555 2681 lurtum
570 2617 742 2691 commisit,
759 2619 839 2697 quia
893 2617 1051 2692 homines,
1082 2636 1146 2682 non
1175 2638 1286 2685 avaros
1316 2629 1347 2684 et
1377 2621 1493 2704 impios
1522 2629 1639 2684 amant.

91 2719 274 2790 pmdenter
297 2717 411 2794 episset
432 2716 496 2778 :id
520 2723 579 2790 est,
602 2733 666 2778 non
690 2716 729 2778 de
754 2716 839 2778 lurto
893 2717 1051 2781 Mammon
1067 2719 1194 2801 Syrisce
1210 2727 1258 2782 est
1277 2738 1394 2783 nomeu
1414 2721 1567 2785 daemonis
1586 2719 1642 2803 qui

96 2833 165 2877 eum
187 2815 340 2890 laudavit,
364 2816 419 2878 sed
443 2815 482 2878 de
504 2815 635 2898 provida
657 2813 839 2897 provisione
894 2823 994 2878 tentat
1013 2817 1160 2880 homines
1180 2818 1219 2880 de
1239 2818 1360 2882 divitiis
1377 2819 1458 2882 male
1478 2820 1643 2902 acquiren-

94 2913 283 2996 suiipsius:
301 2933 372 2997 qum
387 2921 493 2977 tamen
513 2931 577 2978 non
596 2912 657 2975 luit
672 2931 747 2976 vera
764 2931 838 2994 pru·
894 2914 954 2989 dis,
971 2915 1087 2997 cupide
1103 2917 1302 2980 reservandis
1324 2925 1379 2980 aut
1393 2917 1505 2982 vitiose
1525 2936 1642 2999 expen-

94 3013 207 3088 deutia,
223 3015 281 3076 sed
296 3013 462 3095 injustitia.
477 3013 600 3076 Idcirco
615 3011 753 3074 laudatio
768 3011 839 3093 ejus
858 3006 879 3071 C
895 3012 1016 3075 dendis.
1029 3013 1108 3077 llinc
1125 3033 1363 3078 «mammona»
1378 3015 1581 3099 appellantur
1596 3015 1642 3078 di-

95 3127 155 3172 uon
176 3110 239 3175 luit
264 3111 409 3175 absoluta
433 3110 583 3186 laudatio,
599 3111 655 3173 sed
679 3109 836 3192 aliqualis.
875 3111 1071 3188 ,vitimQuae
1086 3131 1143 3175 cur
1157 3113 1276 3178 divitiae
1293 3114 1470 3196 iniquitatis
1485 3115 1640 3188 dicantur,

94 3208 186 3274 idulto
202 3210 305 3292 magis
320 3210 475 3286 Christus,
490 3209 547 3294 qui
562 3209 687 3272 nullum
703 3209 840 3272 sustinet
894 3208 927 3270 iu
953 3227 1099 3274 sermone
1122 3210 1251 3293 patebit.
1275 3215 1315 3276 Ut
1332 3233 1433 3292 quum
1456 3213 1642 3290 defeceritis

95 3307 257 3383 damnum,
280 3307 422 3371 laudabit
446 3307 592 3394 prolatus
617 3315 649 3370 et
672 3308 838 3371 universos
893 3307 991 3370 avita
1006 3309 1166 3390 presenti,
1184 3309 1216 3372 id
1235 3317 1294 3386 est,
1311 3309 1455 3374 obieritis
1471 3327 1479 3372 :
1494 3309 1585 3391 juxta
1603 3309 1641 3371 il-

93 3406 145 3487 qui
166 3406 307 3469 subditis
330 3415 363 3469 ct
383 3406 601 3490 indigentibus
621 3425 695 3470 vere
718 3405 839 3468 luerint
893 3404 949 3468 lud
973 3405 1115 3483 Genesis,
1136 3406 1296 3470 Deficiens
1314 3408 1473 3472 Abraham
1497 3416 1640 3472 mortuus
1656 3437 1787 3491 0„‚„„„

94 3503 327 3567 misericordes.
893 3512 941 3566 est
950 3522 959 3584 3
977 3507 1137 3582 recaptant
1154 3525 1206 3566 vos
1221 3506 1304 3568 Deus
1320 3514 1351 3568 et
1366 3505 1484 3582 Sancti,
1497 3509 1534 3568 in
1548 3516 1640 3568 ceter-

130 3603 214 3670 Quia
228 3603 300 3682 filit
312 3603 414 3680 hujus
429 3605 553 3673 mccli,
569 3602 602 3664 id
620 3609 669 3665 est
682 3609 838 3666 amatores
894 3623 937 3663 tta
953 3603 1220 3674 tabernaculu,id
1235 3605 1337 3667 estad
1352 3605 1533 3668 mansiones
1549 3605 1641 3670 coelc-

93 3701 213 3776 mundi,
231 3701 289 3783 qui
304 3700 380 3763 huic
395 3700 511 3766 saeculo
526 3719 560 3762 se
580 3699 791 3774 conformant,
807 3707 839 3762 et
894 3707 957 3762 stes
970 3717 976 3762 :
989 3700 1028 3763 de
1043 3699 1161 3782 quibus
1175 3699 1220 3762 ait
1233 3700 1399 3783 Propheta,
1412 3701 1512 3775 Quam
1526 3702 1642 3766 dilecta
1654 3731 1694 3777 p„
1703 3747 1787 3788 uult,

91 3800 225 3862 terrenis
260 3806 356 3882 alque
391 3797 573 3862 carnalibus
606 3797 701 3862 rebus
737 3797 839 3878 magis
894 3797 1098 3860 tabernacula
1122 3807 1187 3876 tua,
1212 3799 1346 3863 Domine
1370 3801 1543 3864 virtutuml
1567 3797 1676 3876 Qua*

92 3915 185 3979 quam
211 3897 279 3960 Deo
303 3897 459 3960 inherent
475 3914 482 3958 ε
498 3897 538 3959 de
562 3896 680 3978 quibus
703 3896 839 3959 loannes
894 3896 1045 3959 dicuutur
1059 3903 1210 3961 aeteruaa
1229 3906 1318 3980 parte
1332 3906 1415 3981 post,
1431 3918 1495 3964 non
1515 3909 1640 3985 aparte

4 4035 77 4074 m,
91 3995 122 4057 in
137 3995 276 4078 epistola
291 4014 348 4058 sua
362 3995 417 4070 ait,
433 3995 498 4077 ipsi
514 3995 554 4058 de
568 3994 689 4058 mundo
705 4002 791 4069 sunt,
807 4001 840 4056 et
894 4001 976 4058 ante.
994 3995 1061 4072 Vel,
1079 4017 1096 4056 u
1111 4015 1213 4080 quum
1232 3997 1446 4061 deleueritis»
1466 4019 1484 4062 a
1503 3999 1641 4082 propriis

91 4095 128 4156 de
143 4095 267 4158 mundo
282 4093 505 4176 loquuntur,et
520 4093 658 4156 muudus
673 4110 727 4156 eos
741 4091 836 4154 audit
895 4093 1029 4168 meritis,
1051 4113 1088 4156 ea
1109 4111 1172 4157 non
1194 4095 1340 4160 habendo
1359 4115 1414 4159 seu
1435 4116 1493 4179 per
1512 4097 1640 4181 culpam

90 4194 178 4258 l'ales
197 4195 240 4256 ad
260 4195 360 4256 Deum
384 4211 447 4258 nou
467 4193 640 4276 pertinent,
656 4210 757 4274 quum
776 4191 840 4253 sint
854 4193 879 4256 D
894 4193 1078 4268 amittendo,
1096 4215 1113 4253 u
1128 4195 1284 4276 recipiant
1307 4213 1364 4258 vos
1380 4217 1409 4270 a,
1430 4203 1502 4270 etc,
1524 4196 1557 4259 id
1580 4205 1639 4273 est,

90 4293 172 4356 servi
196 4311 236 4355 ac
267 4291 411 4354 membra
439 4290 570 4366 diaboli,
596 4298 627 4354 et
657 4290 840 4372 lrequenter
894 4292 1027 4376 gratiam
1061 4293 1239 4375 poenitendi
1268 4301 1363 4377 atque
1391 4293 1532 4358 finaliter
1561 4295 1641 4359 obti-

90 4391 201 4454 muudi
233 4391 365 4454 nomine
393 4390 626 4473 exprimuntur.
651 4390 696 4453 De
721 4388 839 4471 quibus
895 4391 992 4454 nendi
1007 4391 1105 4454 vitam
1122 4391 1247 4454 beatam
1268 4391 1358 4456 vobis
1378 4402 1551 4476 procurent
1572 4414 1641 4478 pre-

89 4489 234 4574 loquitur
257 4489 401 4553 Christus
422 4489 504 4552 Patri
529 4495 647 4552 aterno
665 4505 671 4550 :
687 4487 756 4551 Non
781 4505 839 4570 pru
895 4489 986 4552 cibus
1009 4489 1076 4552 suis
1097 4509 1133 4552 ac
1158 4491 1282 4554 meritis
1305 4511 1463 4576 pauperes
1486 4496 1588 4558 sancti
1610 4504 1643 4560 et

90 4590 212 4654 mundo
227 4607 315 4671 rogo,
332 4589 387 4652 sed
406 4607 466 4672 pro
480 4588 530 4652 his
549 4606 629 4670 quos
648 4587 764 4652 dedisti
782 4587 840 4651 mi·
895 4588 982 4664 boni,
998 4587 1117 4672 quibus
1132 4608 1190 4672 per
1204 4607 1301 4673 opera
1319 4593 1548 4660 misericordiae
1567 4596 1642 4660 sub-

88 4692 119 4756 bi
135 4693 175 4756 de
192 4693 327 4768 mundo,
339 4691 414 4774 quia
428 4690 474 4753 tui
491 4697 574 4754 sunt.
586 4689 838 4761 Prudentiores,
894 4689 1029 4753 venistis
1050 4697 1106 4754 aut
1127 4693 1377 4774 complacuistis.
1658 4681 1661 4688 ⁴
