4192 6258
427 499 489 564 528
678 514 825 563 DOMlNlCA
846 515 899 561 xlx
920 515 993 560 POST
1012 513 1205 561 minuatam
1226 531 1266 542 -
1286 513 1460 562 ENARRATIO
1481 515 1514 562 ΙΝ
1533 515 1727 563 avauoutmtt

429 693 515 750 terea
528 686 863 770 advertendum‚quod
878 686 982 749 tribus
997 686 1099 748 modis
1114 685 1177 749 ble·
1191 683 1216 747 ll
1231 684 1365 747 firmum
1385 704 1506 748 sanare.
1523 685 1711 760 Dicendum,
1730 685 1816 768 quod
1835 683 1964 748 Christus

429 785 575 868 spbemia
605 786 637 848 in
662 786 763 848 lleum
788 785 999 848 committitur
1026 803 1033 848 :
1060 784 1175 867 primo,
1233 783 1370 846 intendit
1392 783 1527 866 probare
1553 791 1726 866 utrumque
1752 783 1812 846 soli
1836 783 1966 866 omnipo

349 909 352 916 ¹
429 886 555 967 quando
576 883 616 947 ab
638 902 675 947 eo
698 891 831 966 negatur
850 884 935 966 quod
958 883 987 947 ei
1009 882 1175 962 convenit;
1233 881 1311 944 tenti
1328 882 1392 945 Deo
1412 899 1505 964 posse
1526 888 1720 965 competere.
1737 882 1816 945 Nam
1833 883 1966 964 quamvis

428 983 579 1058 secundo,
596 983 672 1045 dum
689 982 718 1045 ei
733 982 918 1045 attribuitur
932 983 1017 1064 quod
1035 981 1096 1044 sibi
1111 998 1176 1043 non
1232 978 1386 1062 paralysis
1401 979 1589 1042 naturaiiter
1606 979 1707 1061 possit
1723 978 1840 1054 curari,
1854 979 1966 1042 etitem

428 1081 599 1164 competit3
621 1081 726 1156 tertio,
743 1081 871 1163 qnando
892 1079 923 1142 id
946 1080 1031 1162 quod
1050 1079 1106 1142 Dei
1128 1086 1176 1141 est
1233 1076 1424 1140 miraculose
1444 1097 1503 1160 per
1516 1077 1667 1140 virtutem
1688 1077 1829 1140 infusam
1849 1095 1903 1140 scu
1921 1078 1968 1142 ho

428 1179 544 1261 aliquis
560 1179 622 1242 sibi
637 1185 770 1262 usurpat
787 1195 794 1239 :
812 1179 922 1260 sicque
938 1177 1056 1241 Scriba
1073 1177 1176 1259 impo-
1232 1175 1311 1239 mini
1334 1176 1518 1258 praestitam,
1539 1184 1645 1238 tamen
1667 1183 1733 1238 tam
1758 1176 1966 1258 imperialiter,

428 1285 561 1341 suerunt
582 1277 706 1341 Christo
727 1276 850 1339 crimen
872 1275 1088 1358 blasphemiae.
1232 1272 1430 1336 instantanee
1452 1292 1489 1336 ac
1512 1273 1734 1336 auctoritative
1759 1292 1828 1337 eam
1854 1293 1966 1349 curare,

468 1379 512 1438 m
534 1395 636 1454 quum
659 1376 792 1434 vidisset
812 1377 916 1445 sesua,
938 1374 969 1436 id
993 1381 1051 1447 est,
1069 1379 1174 1434 mente
1231 1389 1295 1434 non
1319 1372 1473 1453 competit
1495 1371 1557 1433 nisi
1583 1371 1699 1436 divinae
1724 1373 1882 1454 potentie.
1902 1373 1967 1436 ideo

428 1475 564 1538 intuitus
585 1481 677 1547 esset,
694 1474 904 1551 capitationes
923 1475 1070 1542 illorum,
1086 1473 1175 1532 dteit
1232 1469 1375 1533 Christus
1390 1470 1587 1533 ostendendo
1602 1489 1636 1532 se
1649 1470 1756 1534 taliter
1775 1488 1868 1554 posse
1886 1489 1966 1534 cura·

429 1573 501 1636 eis:
523 1573 563 1634 Ut
586 1573 668 1652 quid
686 1572 837 1648 cecitatis
857 1573 945 1630 mata
967 1571 1003 1630 r'a.
1024 1569 1176 1629 cordibus
1231 1586 1265 1630 re
1285 1569 1469 1652 paralysim,
1485 1569 1625 1632 ostendit
1643 1587 1677 1631 se
1696 1569 1792 1632 etiarn
1818 1587 1909 1652 posse
1928 1570 1967 1632 di-

430 1673 560 1741 cestria,
595 1668 782 1752 imputando
816 1668 895 1731 mihi
930 1665 1174 1750 blasphemiam,
1231 1667 1357 1730 mittere
1379 1667 1507 1750 culpam
1529 1675 1562 1730 ct
1582 1686 1652 1730 esse
1674 1668 1785 1731 Deum.

429 1769 484 1853 qui
501 1767 718 1831 indesinenter
733 1765 911 1831 honorifico
928 1767 1050 1829 Patrem
1066 1784 1173 1828 meum
1270 1768 1314 1828 Et
1329 1768 1479 1826 surremit
1495 1766 1688 1849 paralyticus
1705 1766 1771 1848 jam
1791 1775 1927 1840 sanatus,
1941 1777 1968 1827 et

310 1884 317 1896 ·
428 1869 605 1932 aeternuml
626 1866 677 1929 Sic
699 1864 841 1929 Salvator
862 1864 1060 1927 divinitatem
1085 1881 1175 1926 suam
1194 1864 1314 1928 nacte
1334 1865 1371 1924 ic
1390 1867 1520 1924 domum
1540 1885 1634 1925 cuam
1653 1883 1728 1928 cum
1749 1866 1866 1947 gaudio
1883 1865 1969 1928 relic·

428 1965 774 2040 monstravit,cordium
790 1963 959 2026 reserando
974 1981 1092 2026 arcana
1100 1961 1177 2025 Sub
1232 1962 1341 2025 menti.
1355 1964 1503 2025 Videates
1519 1973 1629 2024 actem
1649 1966 1754 2026 turbae
1773 1971 1896 2027 tantum
1916 1965 1968 2027 rni-

429 2066 504 2128 inde
525 2063 638 2147 probat
658 2063 803 2126 eamdem
825 2061 1018 2145 pergrande
1038 2060 1174 2124 miracu·
1230 2061 1386 2136 raculum,
1404 2063 1597 2125 timuerunt.
1619 2063 1682 2128 Gur
1706 2082 1769 2127 non
1794 2063 1900 2147 potius
1921 2084 1968 2128 ex·

428 2164 502 2227 lum.
513 2165 600 2233 Quid
609 2173 654 2224 est
663 2160 966 2240 faciliusdiccre,id
983 2159 1176 2223 estdicendo
1230 2161 1440 2238 sultaverunt,
1465 2181 1566 2245 quum
1595 2163 1688 2227 valde
1717 2163 1905 2228 delectabile
1932 2165 1969 2226 sit

427 2263 569 2337 allicere,
588 2262 672 2325 istud
686 2261 837 2323 videlicet
855 2260 940 2342 quod
956 2261 1175 2320 remittuntur
1229 2276 1321 2334 nova,
1338 2260 1515 2341 presertim
1535 2260 1618 2324 lacta
1637 2260 1838 2338 miraculosa,
1855 2262 1967 2335 videre,

430 2364 492 2423 tibi
506 2371 637 2439 peccato
659 2371 728 2432 tua,
748 2380 792 2420 an
812 2361 920 2420 dicere
942 2375 1015 2420 cum
1041 2356 1171 2432 ellectu,
1230 2365 1445 2441 propterque
1460 2359 1596 2422 videnda
1611 2359 1704 2422 multi
1721 2369 1841 2424 remote
1856 2361 1969 2424 discur·

428 2464 546 2538 Surye,
572 2477 591 2522 o
620 2458 802 2543 paralytice,
827 2467 857 2518 et
882 2459 1014 2518 ambula
1041 2457 1173 2520 omnino
1229 2459 1330 2519 runtt
1350 2456 1518 2539 Objeetum
1542 2475 1671 2541 quoque
1694 2458 1820 2522 timoris
1844 2466 1892 2522 est
1913 2479 1970 2522 ma-

427 2561 584 2622 sanatust
612 2561 653 2621 Ut
677 2567 786 2619 actem
808 2559 919 2617 sciatis
948 2557 1115 2635 quoniam,
1140 2554 1172 2617 id
1229 2556 1295 2618 lum
1314 2575 1321 2619 :
1339 2556 1408 2619 istis
1422 2564 1529 2620 autem
1546 2575 1609 2621 non
1630 2557 1764 2632 malum,
1780 2559 1835 2622 sed
1855 2558 1967 2622 bonum

426 2664 475 2721 est
493 2657 589 2740 quod,
605 2659 715 2720 Filius
734 2657 876 2716 hominis
888 2655 1057 2736 (noverant
1072 2653 1173 2718 turbae
1228 2654 1441 2737 objiciebatur
1455 2655 1639 2720 videndum.
1652 2657 1691 2719 llt
1705 2658 1967 2740 respondendum,

427 2757 511 2840 quod
544 2775 602 2839 per
635 2755 750 2818 Filium
782 2754 921 2818 hominis
952 2752 1109 2815 intellexit
1139 2770 1173 2815 se
1228 2755 1313 2838 quod
1332 2773 1371 2817 er
1386 2755 1448 2818 isto
1466 2755 1612 2837 prodigio
1627 2757 1868 2839 perpenderunt
1889 2756 1969 2820 Chri·

426 2856 544 2939 ipsum‚
562 2856 635 2938 quia
657 2854 870 2918 communiter
889 2852 933 2914 ita
951 2851 1108 2934 expressit
1126 2852 1174 2931 se)
1228 2853 1268 2915 sti
1290 2853 1491 2916 sanctitatem
1510 2872 1547 2916 ac
1567 2853 1767 2936 dignitatem,
1785 2873 1881 2938 quern
1901 2856 1969 2917 lieet

425 2957 518 3015 habet
529 2963 718 3032 potestatem
734 2955 770 3012 ia
787 2962 889 3022 terra,
905 2951 937 3014 id
955 2956 1003 3013 est
1022 2950 1054 3012 in
1074 2950 1174 3012 homi·
1229 2953 1371 3015 nondum
1386 2952 1557 3016 credebant
1572 2952 1684 3028 Deum,
1701 2961 1809 3017 tamen
1825 2955 1969 3018 tenebant

427 3052 522 3116 nibus
537 3053 592 3136 qui
609 3054 812 3116 demorantur
832 3051 864 3112 in
883 3058 968 3112 terra
981 3049 1032 3111 vel
1053 3049 1085 3110 in
1104 3049 1173 3112 loco
1188 3055 1211 3121 G
1228 3069 1301 3114 eum
1319 3070 1388 3114 esse
1402 3051 1509 3114 virum
1526 3051 1776 3128 sanctissimum,
1794 3053 1902 3116 diviua
1916 3053 1972 3116 rir-

428 3150 693 3232 peregrinationis
707 3148 883 3232 praesentis,
899 3149 1092 3208 dimittendi
1101 3165 1173 3224 pec·
1227 3157 1295 3213 tute
1318 3157 1464 3232 agentern
1491 3167 1499 3212 ε
1525 3149 1636 3233 sicque
1661 3151 1779 3215 Christi
1809 3153 1970 3214 sanctitate

425 3258 510 3319 cata,
527 3248 700 3311 secundum
716 3247 800 3328 quod
820 3245 903 3307 Deus
918 3251 976 3320 est,
993 3262 1050 3326 per
1069 3251 1174 3307 aucto-
1228 3257 1369 3332 pensata,
1379 3249 1540 3330 propriam
1558 3267 1686 3332 quoque
1701 3249 1971 3314 defectuositatern

424 3348 551 3410 ritatem
571 3347 708 3429 primam
729 3364 765 3407 ac
785 3344 1007 3428 principalem,
1025 3345 1068 3406 ita
1086 3344 1171 3427 quod
1227 3354 1258 3410 et
1278 3346 1406 3430 culpam
1427 3347 1719 3420 consideraverunt,
1736 3348 1813 3431 quia
1830 3349 1971 3432 opposita

424 3446 548 3528 operari
569 3445 670 3529 possit
694 3445 726 3506 in
747 3443 864 3517 anima,
886 3443 1044 3505 maculam
1069 3442 1171 3526 culpae
1225 3445 1314 3526 juxta
1329 3463 1363 3508 se
1378 3445 1481 3527 posita
1496 3445 1613 3508 clarius
1629 3444 1849 3526 innotescunt3
1865 3447 1970 3529 sicque

425 3563 482 3626 per
502 3544 639 3606 nitorem
658 3540 772 3605 inlusae
791 3541 898 3623 gratiae
915 3540 1097 3604 auferendo.
1115 3540 1171 3604 Lo
1226 3543 1380 3606 ultionem
1404 3543 1520 3607 divine
1543 3542 1762 3607 formidabant
1782 3544 1926 3627 justitie,
1941 3553 1969 3608 et

424 3642 534 3724 quitur
554 3641 674 3724 quippe
694 3659 780 3703 nunc
796 3640 939 3704 Christus
958 3639 996 3701 de
1016 3646 1169 3721 potestate
1226 3660 1259 3703 se
1274 3641 1360 3724 ipsos
1374 3641 1616 3716 abhorruerunt,
1623 3641 1740 3706 Christi
1757 3658 1885 3726 quoque
1899 3663 1969 3726 prce

423 3758 481 3802 sua
495 3739 613 3814 divina,
626 3740 775 3813 increata,
786 3738 942 3800 immensa
955 3755 961 3799 :
973 3738 1064 3799 aliter
1079 3756 1170 3819 argu-
1225 3741 1328 3802 sentia
1347 3758 1381 3803 se
1400 3739 1591 3822 reputabant
1610 3739 1769 3822 indignos,
1786 3749 1818 3804 et
1831 3761 1907 3804 eum
1922 3741 1966 3805 ol-

424 3846 568 3901 mentum
592 3837 677 3900 istud
698 3854 762 3900 non
784 3836 947 3900 rideretur
966 3836 1165 3899 concludere.
1222 3838 1353 3902 tendere
1368 3838 1569 3902 verebantur.
1586 3840 1631 3900 Et
1641 3841 1964 3918 clarificaverunt,id

424 3939 515 3999 Tace
529 3938 577 3996 ait
589 3937 784 4014 paralytico.
801 3935 866 3998 Hoc
880 3935 1014 3997 verbum
1032 3934 1169 4017 interpo
1223 3944 1281 4012 est,
1297 3936 1482 4018 gloriosum,
1499 3936 1590 4018 pium
1605 3955 1642 3998 ac
1657 3938 1910 4020 omnipotentem
1925 3957 1967 4001 es

422 4035 471 4097 nit
495 4033 705 4116 Evangelista.
732 4034 876 4098 Christus
905 4034 991 4095 enim
1020 4033 1137 4114 adjecit
1158 4053 1165 4098 :
1224 4054 1257 4098 se
1273 4033 1408 4117 professi
1426 4041 1510 4110 sunt,
1526 4038 1641 4105 Deum,
1656 4036 1717 4114 qai
1728 4037 1820 4096 dedit
1830 4047 1966 4113 potesta-

422 4133 492 4198 Tibi
508 4133 591 4209 dico,
609 4133 791 4216 paralytice,
808 4153 905 4210 serpe
920 4151 1015 4194 sanus
1031 4132 1070 4194 de
1086 4133 1167 4196 lecto
1224 4143 1286 4194 tem
1303 4137 1397 4194 talem
1414 4131 1745 4204 hominibus,scilicet
1759 4133 1898 4198 faciendi
1914 4135 1966 4198 mi·

421 4251 485 4316 quo
502 4233 600 4314 jaces,
624 4235 699 4292 totle
720 4235 837 4292 tectum
860 4241 965 4301 tcum,
986 4231 1016 4292 in
1039 4230 1167 4312 signum
1182 4236 1206 4300 D
1223 4231 1338 4295 racula.
1356 4231 1419 4294 Gur
1438 4248 1502 4293 non
1518 4230 1668 4293 dixerunt
1682 4231 1896 4313 singulariter,
1912 4233 1965 4307 Oui

420 4330 505 4414 quod
521 4331 616 4414 plene
635 4336 763 4394 curatus
783 4347 827 4403 es,
844 4338 874 4390 ct
889 4331 970 4389 vade
984 4330 1021 4389 ia
1035 4331 1166 4390 domum
1223 4331 1310 4394 dedit
1329 4336 1516 4412 potestatem
1541 4329 1635 4392 talem
1660 4329 1783 4393 bomini
1805 4331 1905 4395 huict
1920 4333 1966 4395 lli-

421 4439 520 4491 tuam.
1222 4428 1372 4501 cendum,
1389 4427 1473 4510 quod
1493 4425 1600 4490 lorsan
1623 4426 1830 4490 intendebant
1849 4447 1964 4511 ponere

460 4527 520 4590 Sed
545 4528 709 4610 quaeritur,
733 4526 892 4608 quomodo
916 4525 976 4588 iste
1000 4546 1166 4608 argumen-
1221 4527 1344 4611 plurale
1369 4544 1426 4608 pro
1450 4525 1621 4608 singulari;
1642 4527 1692 4590 vel
1715 4529 1857 4591 nondum
1880 4536 1965 4612 puta·

419 4626 496 4690 tatio
518 4627 630 4701 valeat,
652 4645 752 4708 quum
778 4625 889 4708 utique
911 4625 1015 4707 majus
1037 4626 1078 4688 sit
1099 4627 1164 4689 ani·
1220 4628 1298 4690 bant
1317 4627 1472 4709 majorem
1492 4632 1679 4710 potestatem
1703 4628 1807 4691 damin
1830 4628 1962 4703 Christo,

419 4743 505 4789 mam
526 4745 544 4788 a
567 4733 698 4808 peccato
719 4743 840 4799 curare,
858 4744 953 4808 quam
977 4743 1092 4808 corpus
1117 4725 1165 4788 in·
1222 4745 1319 4808 quam
1340 4725 1439 4809 lloysi
1459 4732 1492 4787 et
1511 4725 1686 4808 Prophetis.
