4214 6254
393 489 541 538 normias
562 490 573 537 r
593 489 667 537 nosr
686 488 882 536 mrnrrarsu.
902 507 942 520 -
962 489 1005 538 an
1024 489 1199 538 nmrcrosos
1210 492 1219 555 ;
1242 493 1340 540 samm
1362 493 1473 540 srxrus
1648 475 1705 542 tot

156 662 265 726 minus
287 661 427 736 solliciti,
448 661 545 736 avidi,
567 659 718 724 indefessi
740 661 842 724 simus
866 663 906 724 ad
919 665 945 730 Α
960 681 1059 744 quum
1074 661 1259 745 quindecim
1275 663 1367 727 annis
1382 663 1497 728 luisset
1511 664 1544 727 in
1557 665 1708 741 coenobio,

154 759 392 843 proficiendum
407 761 441 824 in
456 759 677 842 spiritualibus
692 759 846 822 virtutum
862 759 907 822 di·
960 759 1119 824 climacus
1152 761 1359 844 interrogavit
1389 779 1396 824 :
1427 763 1534 826 Frater
1563 762 1708 846 Abbaoy·

154 858 254 932 vitiis,
276 858 309 920 in
332 856 575 940 pretiosissimis
599 857 771 938 gratiarum
796 875 905 920 mune·
960 877 1004 932 re,
1027 877 1125 941 quare
1149 867 1181 922 te
1204 861 1347 942 quotidie
1368 880 1388 922 a
1409 879 1520 925 mensa
1542 860 1707 943 repulsum

153 955 257 1029 ribus,
265 973 360 1037 quam
377 954 588 1036 negotiatores
604 961 806 1017 clamatores
821 973 908 1016 mun·
959 955 1063 1028 video,
1085 963 1117 1018 et
1138 955 1323 1038 frequenter
1346 957 1415 1019 sine
1441 957 1615 1020 reiectione
1638 959 1709 1022 dor-

153 1054 187 1115 di
211 1053 391 1117 consistunt
414 1053 454 1114 ad
478 1053 697 1135 conquirenda
724 1051 905 1115 transitoria
958 1054 1112 1116 mientem
1129 1057 1140 1116 l
1159 1054 1334 1137 Respondit
1353 1074 1360 1119 :
1382 1054 1480 1118 Crede
1501 1055 1591 1130 mibi,
1608 1055 1708 1130 Pater,

154 1151 249 1215 bona
960 1151 1036 1234 quia
1057 1151 1194 1234 probant
1216 1171 1267 1214 me
1286 1153 1391 1215 Patres
1414 1152 1477 1215 mei
1500 1154 1527 1215 si
1548 1172 1622 1217 vere
1643 1171 1708 1216 mo-

196 1249 411 1313 Recordemur
432 1250 517 1331 quod
541 1247 672 1331 quidam
698 1247 804 1311 senior
824 1246 907 1310 dixit
960 1249 1081 1312 nacbus
1101 1249 1155 1312 iio.
1173 1249 1295 1313 ideirco
1315 1250 1525 1314 intentionem
1546 1269 1657 1315 eorum
1677 1259 1709 1314 et

155 1348 258 1410 Fratri
288 1348 340 1410 cui
371 1348 403 1410 in
434 1347 515 1411 cella
544 1347 684 1411 residere
713 1355 780 1412 erat
809 1348 906 1411 mole·
960 1347 1058 1411 Patris
1078 1350 1177 1412 nostri
1198 1348 1408 1413 intentionem
1425 1367 1484 1432 ego
1502 1368 1707 1432 cognoscens,

154 1455 242 1508 stum
269 1464 277 1508 :
303 1447 334 1509 Si
365 1445 483 1509 inierni
513 1447 706 1528 ponderares
735 1453 904 1520 tormenta,
960 1446 1029 1509 sine
1050 1446 1234 1528 gravamine
1256 1447 1405 1510 universa
1426 1448 1568 1511 sustineo
1585 1465 1592 1512 :
1609 1457 1641 1510 et
1658 1449 1708 1529 ju-

153 1545 304 1627 quamvis
324 1553 378 1607 tua
400 1543 480 1608 cella
500 1552 583 1608 esset
604 1563 706 1627 usque
727 1545 765 1607 ad
787 1545 905 1608 collum
961 1551 1019 1616 ste,
1045 1562 1064 1608 o
1090 1551 1178 1626 pater
1200 1545 1347 1620 loannes,
1372 1544 1494 1628 absquo
1522 1545 1708 1628 probatione

154 1642 323 1706 vermibus
343 1643 448 1725 plena,
466 1649 498 1704 tu
517 1650 624 1705 tamen
645 1642 803 1724 patienter
819 1643 908 1704 sede·
961 1641 1047 1704 enim
1078 1660 1142 1706 non
1172 1641 1340 1724 perlicitur
1367 1661 1492 1706 aurum.
1523 1643 1582 1717 Qui
1612 1642 1709 1705 irater

153 1759 207 1803 res
232 1741 264 1803 in
289 1759 335 1803 ca.
361 1739 469 1804 Refert
494 1739 653 1803 Climacus
677 1759 710 1802 se
735 1741 767 1803 in
798 1748 907 1804 sancto
961 1739 1146 1823 Abbacyrus
1171 1739 1265 1804 morti
1287 1739 1353 1822 jam
1378 1741 1543 1822 proximus
1568 1740 1649 1803 dixit
1668 1741 1708 1803 ad
1769 1743 1774 1754 '

153 1838 258 1900 luisse
282 1837 393 1920 grandi
416 1837 575 1912 coenobio‚
594 1838 626 1901 in
646 1856 709 1920 quo
728 1837 790 1900 init
811 1838 908 1902 irater
924 1839 947 1902 B
962 1839 1085 1900 Fratres
1109 1857 1116 1902 :
1140 1838 1262 1902 Gratias
1285 1855 1343 1919 ago
1365 1839 1500 1902 Domino
1521 1840 1596 1901 lesu
1620 1837 1708 1902 Cbri-

154 1937 288 2000 nomine
308 1936 504 2019 Abbacyrus,
519 1935 575 2019 qui
596 1936 636 1999 ab
657 1936 808 2000 omnibus
831 1955 908 2019 prae-
963 1943 1021 2009 sto,
1039 1943 1071 1998 et
1090 1936 1191 2010 vobis,
1208 1937 1324 2010 Patres,
1346 1944 1476 2019 propter
1498 1936 1528 2000 id
1550 1937 1635 2019 quod
1659 1955 1709 1998 me

153 2035 253 2116 cipue
273 2034 491 2108 exercebatur,
509 2041 541 2096 et
560 2034 651 2117 quasi
671 2033 799 2116 injuriis
817 2034 905 2098 allici
962 2033 1108 2096 tentastis
1129 2034 1168 2096 ad
1190 2033 1342 2114 salutem3
1363 2052 1437 2097 ecee
1459 2034 1569 2098 decem
1590 2041 1623 2097 et
1640 2053 1710 2116 sep·
1776 2060 1781 2069 ·

154 2132 338 2194 videbatur.
354 2131 432 2194 Nam
449 2137 480 2192 et
496 2151 613 2214 saepea
629 2131 784 2195 ministris
802 2133 908 2215 expel·
962 2141 1026 2195 tem
1047 2132 1138 2194 annis
1159 2131 1319 2214 permansi
1338 2151 1357 2194 a
1375 2131 1542 2196 daemoniis
1560 2151 1623 2196 non
1644 2139 1710 2194 ten-

154 2230 285 2293 lebatur
303 2249 322 2292 a
341 2248 450 2292 mensa
467 2247 473 2291 :
490 2238 557 2292 erat
576 2231 663 2294 enim
683 2251 701 2294 a
722 2241 833 2295 natura
851 2232 907 2294 ali·
963 2238 1057 2293 tatus.
1074 2231 1121 2293 Ad
1143 2231 1269 2292 laudem
1282 2238 1315 2292 et
1327 2230 1461 2311 gloriam
1480 2231 1709 2312 omnipotentis

152 2328 298 2410 qualiter
314 2326 516 2391 incontinens
531 2329 616 2392 circa
631 2329 783 2413 linguam.
796 2330 907 2404 Quem,
963 2329 1030 2403 Dei,
1048 2336 1106 2391 eto.
1791 2322 1795 2334 '
