4288 6264
987 841 1434 966 DOMINIGA

651 1162 840 1272 POST
886 1160 1438 1270 ASGENSIONEM
1485 1158 1764 1266 DOMINI

848 1790 1155 1878 uuluulrlo
1187 1789 1243 1876 IN
1276 1789 1569 1875 EPISTOLAM

652 2061 764 2108 asrorn
784 2059 972 2116 resonares,
992 2058 1031 2103 nr
1051 2055 1193 2103 vmrnam
1214 2055 1246 2102 m
1267 2036 1761 2113 onarmmaus.IPetr.1v,7-ll.

500 2341 641 2406 EATUS
673 2338 929 2422 Archiapostolus
964 2338 997 2400 in
1032 2335 1181 2420 prasenti
1197 2335 1336 2410 Acedat,
1353 2354 1411 2398 nec
1432 2335 1606 2418 quidquam
1626 2342 1702 2398 tnnc
1722 2335 1839 2416 cogitet
1856 2334 1982 2397 animus
2130 2417 2131 2430 χ

509 2439 642 2522 epistola
658 2438 788 2501 instruit
802 2445 833 2499 et
848 2436 992 2499 hortatur
1006 2452 1064 2498 nos
1079 2435 1118 2496 ad
1134 2452 1183 2496 ve·
1236 2442 1351 2517 praeter
1365 2434 1397 2496 id
1413 2435 1498 2516 quod
1513 2443 1669 2516 precatur.
1680 2433 1831 2516 Subrepit
1845 2451 1982 2516 namque

433 2559 501 2602 ram
517 2535 801 2610 discretionem,ad
816 2534 1014 2614 diligentiam
1029 2539 1181 2604 sanctam,
1235 2532 1420 2614 frequenter
1433 2532 1534 2594 hostis
1549 2533 1697 2614 antiquus
1712 2539 1743 2595 et
1758 2531 1915 2594 subtiliter
1930 2530 1984 2593 lal-
2130 2525 2131 2602 l

432 2638 471 2699 ad
487 2636 664 2700 orationem
680 2635 861 2706 instantem,
878 2633 917 2694 ad
932 2630 1097 2694 caritatem
1113 2647 1183 2692 con·
1238 2631 1306 2693 lens
1327 2650 1438 2713 preces
1458 2638 1591 2706 nostras,
1613 2651 1631 2693 a
1650 2632 1714 2694 Deo
1736 2648 1790 2694 cor
1811 2637 1932 2703 avocat,
1948 2637 1983 2691 ut

433 2734 568 2808 tinuam,
593 2734 633 2796 ad
656 2732 813 2796 sermonis
841 2731 1024 2804 utilitatem,
1050 2729 1090 2791 ad
1114 2746 1183 2808 gra·
1236 2729 1323 2791 aliud
1337 2729 1510 2792 habeamus
1527 2731 1559 2792 in
1575 2730 1669 2793 corde
1689 2736 1721 2792 et
1738 2729 1826 2791 aliud
1846 2727 1982 2811 protera-

433 2833 551 2896 tiarum
570 2832 738 2895 actionem.
756 2831 865 2912 ltaque
885 2829 953 2890 ait:
1239 2848 1310 2890 mus
1325 2828 1357 2890 in
1373 2846 1462 2902 voce,
1479 2848 1579 2911 quum
1599 2836 1705 2891 tamen
1727 2827 1902 2890 intentione
1920 2827 1981 2889 sin·

479 2935 591 2994 Estote
613 2932 807 3007 prudentes,
838 2927 869 2990 id
903 2935 951 2990 est
981 2925 1110 2988 discreti
1146 2943 1183 2986 ao
1238 2946 1310 2989 cera
1334 2927 1447 2989 debeat
1472 2928 1583 3002 Deum,
1601 2945 1665 2990 non
1689 2944 1786 2990 sonus
1811 2925 1910 3000 vocis,
1928 2923 1980 2986 sed

435 3029 570 3113 providi,
598 3027 728 3092 oculum
758 3025 1021 3090 considerationis
1051 3024 1183 3086 internae
1237 3025 1336 3087 animi
1357 3044 1480 3099 sensus,
1503 3043 1602 3088 orare.

434 3128 713 3191 circumducentes
737 3126 831 3207 longe
861 3123 997 3206 lateque,
1024 3121 1184 3204 praeterita
1277 3127 1365 3186 Aure
1384 3127 1495 3184 omma
1516 3133 1624 3184 autem
1648 3133 1797 3185 mutuam
1823 3124 1860 3184 iu
1884 3122 1980 3182 votis-

434 3226 688 3300 rememorando,
709 3223 879 3307 praesentia
897 3221 1136 3305 perpendendo,
1153 3226 1185 3281 et
1237 3223 1383 3298 metipsis
1405 3224 1576 3281 caritatem
1605 3224 1794 3282 continuom
1821 3222 1978 3280 babentes.

435 3326 637 3409 praevidendo
653 3324 812 3397 lutura,ut
827 3323 860 3384 in
876 3320 1026 3384 omnibus
1041 3318 1184 3381 habeatis
1238 3319 1356 3382 Caritas
1372 3320 1458 3380 enim
1473 3325 1522 3381 θεῖ
1535 3338 1660 3380 summa
1674 3327 1706 3381 et
1722 3318 1860 3380 maxime
1876 3335 1979 3380 neces·

435 3443 491 3489 vos
513 3425 665 3487 ordinate.
683 3420 854 3484 Prudentia
873 3419 994 3501 quippe
1016 3425 1064 3480 est
1085 3418 1184 3480 virtu·
1238 3417 1320 3480 saria
1338 3417 1451 3492 virtus,
1469 3416 1581 3491 lorma,
1597 3417 1673 3491 vita,
1691 3415 1807 3479 motrix
1825 3435 1862 3478 ac
1884 3416 1980 3497 impe·

436 3532 505 3585 tum
520 3522 630 3602 auriga
644 3537 680 3582 ao
691 3518 893 3580 moderatrix
908 3522 1003 3597 atque
1023 3516 1181 3597 magistra.
1198 3513 1222 3575 B
1238 3516 1335 3578 ratrix
1349 3515 1593 3578 virtutumldeo
1607 3535 1732 3578 summe
1747 3515 1899 3577 debemus
1915 3531 1980 3576 esse

365 3661 421 3700 au,
436 3622 502 3685 Hoc
517 3627 565 3684 cst
580 3618 665 3700 quod
684 3616 724 3678 ad
743 3616 900 3678 Romanos
920 3613 1038 3675 dicitur
1055 3630 1061 3674 :
1078 3613 1183 3677 Estote
1239 3613 1367 3675 solliciti
1392 3620 1427 3674 ut
1451 3613 1483 3674 in
1507 3631 1582 3675 vera
1605 3620 1636 3674 et
1661 3612 1820 3694 spirituali
1850 3620 1978 3684 stemus,

318 3743 323 3757 ·
436 3718 640 3803 providentes
660 3715 821 3777 bonanon
842 3719 965 3774 tantum
982 3728 1088 3774 eoram
1107 3712 1181 3786 Deo,
1239 3711 1769 3792 perseveremusproficiamusque
1785 3711 1926 3784 caritate,
1942 3709 1980 3771 si-

437 3819 492 3882 sed
511 3816 606 3879 etiam
628 3830 734 3876 coram
757 3810 907 3874 omnibus
928 3809 1122 3873 hominibus.
1139 3813 1183 3872 ht
1238 3827 1278 3870 ne
1293 3827 1357 3889 qua
1371 3808 1452 3869 nihil
1467 3815 1515 3869 est
1531 3807 1740 3881 meritorium,
1757 3805 1802 3868 nil
1819 3808 1884 3870 Deo
1898 3824 1982 3869 acce-

436 3918 581 3993 m'pr’tate,
597 3912 657 3975 hoo
673 3917 731 3985 est,
744 3908 913 3990 diligentes
926 3927 963 3971 ac
978 3908 1089 3971 attenti
1104 3916 1184 3970 esto·
1238 3913 1339 3988 ptum.
1356 3906 1436 3967 llino
1457 3907 1496 3968 ad
1518 3905 1657 3968 caritatis
1678 3905 1858 3987 proiectum
1881 3913 1982 3968 cetera

436 4021 479 4088 te,
496 4015 532 4072 iu
553 4011 759 4072 orationibus
774 4028 785 4066 :
800 4007 876 4089 quia
894 4023 957 4068 non
982 4005 1105 4068 sullioit
1127 4007 1184 4068 hu·
1238 4011 1313 4066 sunt
1331 4004 1485 4066 virtutum
1507 4003 1657 4066 exercitia
1676 4003 1860 4066 ordinanda.
1878 4004 1981 4076 Porro,

437 4130 530 4174 mana
545 4108 724 4192 prudentia,
741 4106 804 4167 nisi
819 4105 951 4167 directio
966 4105 1048 4166 adsit
1062 4104 1181 4178 divina,
1238 4102 1323 4184 quod
1342 4103 1397 4176 ait,
1420 4124 1436 4160 <r
1452 4109 1524 4164 ante
1539 4123 1568 4176 a,
1587 4120 1650 4165 non
1670 4109 1719 4163 est
1740 4100 1982 4182 intelligendum

290 4239 422 4290 emp,
435 4211 526 4293 juxta
540 4207 620 4270 illud
635 4203 872 4288 Sapientis,(}or
887 4202 1027 4266 hominis
1042 4202 1183 4285 disponit
1238 4200 1277 4261 de
1293 4200 1456 4281 prioritate
1476 4199 1639 4281 temporis,
1654 4199 1709 4261 sed
1724 4198 1846 4262 ordinis
1861 4217 1917 4262 scu
1933 4217 1983 4260 na-

436 4310 522 4372 viam
544 4325 646 4380 suam,
663 4305 719 4367 sed
744 4303 798 4365 Dei
823 4310 872 4365 θεῖ
895 4302 1032 4383 dirigere
1055 4319 1183 4382 gressus
1238 4304 1325 4359 turae.
1343 4297 1481 4358 Virtutes
1496 4297 1582 4357 enim
1599 4314 1749 4360 connexae
1764 4304 1849 4371 sunt,
1866 4315 1925 4360 nec
1940 4314 1984 4359 ca·

437 4408 517 4489 ejus.
541 4407 614 4468 Ideo
635 4422 710 4466 cum
739 4401 905 4465 Psalmista
928 4399 1083 4463 orandum
1109 4407 1157 4462 est
1174 4416 1181 4461 :
1238 4395 1313 4456 ritas
1331 4394 1362 4456 in
1378 4395 1443 4457 vita
1462 4395 1521 4456 hac
1540 4401 1612 4457 ante
1628 4393 1727 4456 tidem
1744 4402 1776 4456 et
1795 4413 1885 4477 spem
1901 4395 1984 4458 valet

303 4523 341 4568 ru
352 4537 422 4575 ext-111,
438 4506 569 4570 Gressus
594 4520 682 4566 meos
705 4501 817 4582 dirige,
838 4487 982 4573 Domine,
1006 4499 1183 4562 secundum
1239 4493 1367 4574 baberi3
1385 4495 1439 4556 scd
1463 4493 1734 4576 principalissime
1759 4494 1930 4575 quaerenda
1953 4501 1984 4556 et

291 4590 337 4632 ¹³³·
438 4603 601 4687 eloquium
625 4608 728 4674 tuum,
754 4606 786 4662 et
814 4616 878 4662 non
908 4597 1090 4660 dominetur
1119 4596 1183 4659 mei
1239 4593 1454 4655 conservanda
1468 4599 1516 4654 est
1530 4593 1653 4654 caritas.
1671 4593 1758 4654 Unde
1770 4592 1809 4654 ad
1825 4592 1985 4656 Colossen-

438 4702 543 4766 omnis
563 4698 728 4781 injustitia.
746 4697 811 4758 lloc
833 4697 939 4778 ipsum
960 4695 1052 4758 docet
1070 4702 1102 4756 et
1119 4694 1184 4756 Sal·
1202 4698 1223 4761 C
1238 4711 1288 4754 ses
1306 4691 1461 4774 scriptum
1482 4699 1530 4754 est
1546 4709 1553 4754 :
1571 4692 1673 4774 Super
1691 4691 1799 4754 omnia
1819 4691 1983 4754 caritatem
2008 4718 2075 4761 mu,

290 4808 528 4872 ammacvator
547 4817 554 4861 ι
570 4797 715 4879 Vigilate,
741 4793 901 4876 inquiens,
927 4793 1016 4855 omni
1041 4800 1184 4875 tempore
1238 4791 1361 4866 habete,
1385 4790 1469 4872 quod
1499 4797 1547 4852 est
1569 4790 1735 4852 vinculum
1765 4790 1982 4872 perfectionis.
1999 4785 2035 4824 ¹⁶·

438 4906 574 4972 oranteS,
591 4904 626 4958 ut
645 4895 733 4976 digni
753 4891 934 4954 habeamini
951 4891 1061 4972 lugere
1078 4893 1185 4954 omnia
1239 4893 1323 4960 Quia
1344 4892 1467 4950 caritas
1485 4890 1590 4966 operte
1612 4891 1858 4949 multitudinem
1874 4909 1987 4967 pecco-

439 4999 522 5061 mala
543 5015 614 5078 quae
633 5000 776 5056 ventura¹
789 4998 873 5064 sunt,
890 4997 922 5053 et
943 4997 1025 5052 stare
1046 4999 1118 5052 ante
1137 4991 1185 5052 Fi·
1240 4999 1356 5050 torum.
1375 4989 1455 5050 Dum
1472 4988 1558 5050 enim
1580 4987 1760 5049 infunditur
1774 4987 1900 5062 caritas,
1917 4989 1987 5050 uni·

438 5099 518 5162 lium
534 5093 684 5158 hominis.
701 5091 753 5153 Ait
771 5089 824 5151 hic
843 5088 927 5152 Beda
943 5106 950 5150 :
966 5089 1051 5151 Bene
1070 5090 1102 5151 in
1118 5108 1185 5153 ora·
1239 5107 1330 5151 versa
1349 5108 1419 5169 quaa
1440 5087 1564 5149 inerant
1586 5093 1715 5168 peccata
1733 5086 1891 5162 delentur,
1908 5105 1987 5169 quo-

437 5195 580 5260 tionibus
594 5189 727 5271 vigilare
740 5186 945 5268 jubemur,ut
959 5187 1036 5248 dum
1051 5205 1184 5263 oramus,
1239 5188 1325 5250 niam
1351 5185 1447 5248 simul
1476 5205 1545 5248 esse
1570 5202 1632 5248 non
1658 5193 1792 5267 possunt
1815 5186 1930 5248 caritas
1954 5194 1988 5249 et

437 5294 543 5360 omnis
563 5287 711 5374 cogitatio
731 5287 866 5350 carnalis
887 5294 918 5349 et
938 5288 1097 5352 saecularis
1116 5288 1187 5352 abs·
1240 5285 1372 5349 mortale
1392 5292 1568 5368 peccatum.
1585 5285 1643 5347 Per
1657 5292 1763 5347 actum
1779 5302 1855 5348 vero
1873 5285 1988 5349 carita·
