4192 6258
442 480 504 546 538
656 499 803 549 mollifica
824 500 878 548 11¹
899 500 972 549 Post
992 499 1186 548 multam.
1207 517 1247 530 -
1266 498 1309 546 AB
1328 496 1521 562 afflatosos3
1543 497 1642 546 sablo
1662 496 1790 555 quattus

976 913 1168 1001 SERMO
1207 910 1457 1015 QUINTUS

559 1185 618 1242 Quo
639 1183 736 1232 racto
756 1183 814 1230 PER
833 1181 1022 1240 NavtcuLaat,
1042 1181 1148 1227 uenum
1168 1177 1353 1236 ledaeum,
1374 1177 1432 1225 881)
1452 1178 1531 1226 TOTA
1551 1177 1673 1226 ateleto
1693 1179 1879 1228 mistim

797 1280 1008 1343 plasmandam
1030 1280 1068 1326 tlt
1088 1279 1127 1325 tte
1148 1277 1231 1326 VERA
1252 1276 1290 1324 ΕΤ
1310 1277 1408 1323 Falsa
1428 1276 1636 1324 emulabatur.

513 1568 539 1628 S
546 1565 781 1629 GENDENS
803 1567 896 1625 lesus
924 1565 961 1623 in
989 1561 1189 1631 naviculam,
1203 1556 1229 1620 A
1244 1558 1375 1634 duntur,
1390 1557 1516 1622 dicente
1537 1557 1689 1640 Apostolo
1710 1575 1717 1621 :
1739 1556 1809 1620 Nou
1830 1563 1878 1620 est
1896 1556 1971 1619 uobis
1986 1576 2061 1632 epu...

528 1663 772 1740 transfretavit,
794 1669 825 1721 et
849 1661 938 1720 venit
961 1661 999 1719 ia
1022 1659 1188 1718 ciuitatem
1244 1656 1425 1720 colluctatio
1438 1656 1590 1720 adversus
1605 1675 1735 1720 earnem
1749 1663 1782 1719 et
1796 1655 1970 1737 sauguinem,
1982 1642 2005 1680 ¹²·

442 1781 544 1822 suam
561 1761 668 1823 Matth.
686 1777 728 1834 rx,
745 1758 773 1821 l.
1244 1754 1299 1818 sed
1324 1761 1434 1819 eontra
1463 1755 1644 1837 spiritualia
1667 1753 1821 1836 nequitia
1844 1753 1876 1816 in
1897 1754 1972 1818 eale

482 1857 756 1932 Quemadmodum
773 1875 830 1939 per
845 1855 1024 1918 naviculam
1040 1852 1189 1917 monasti·
1244 1853 1356 1916 stibus.

296 1983 427 2040 optma,
442 1973 479 2018 ca
499 1955 683 2038 designetur
702 1954 823 2036 religio,
838 1953 985 2036 superius
1004 1953 1124 2016 dietum
1143 1971 1189 2014 re
1283 1951 1408 2026 Quinto,
1425 1951 1578 2033 quoniam
1600 1951 1685 2014 sieut
1703 1949 1796 2014 navis
1814 1968 1834 2013 a
1853 1967 1906 2014 suo
1923 1951 1972 2014 fre

294 2047 426 2101 tm*
442 2053 638 2117 eordor.Nec
652 2054 757 2117 solum
773 2051 979 2126 monachalis,
991 2052 1047 2114 sed
1061 2057 1093 2114 et
1107 2049 1188 2113 cbri—
1242 2057 1378 2132 quanter
1407 2049 1582 2132 impeditur
1607 2065 1778 2132 progressu
1806 2068 1846 2113 ex
1872 2056 1973 2113 uonna·

441 2151 543 2214 stiaua
562 2151 684 2233 religio,
700 2152 740 2215 ad
760 2169 856 2234 quam
878 2149 1019 2212 universi
1039 2155 1187 2213 tenentur
1242 2147 1298 2210 riis
1319 2147 1424 2213 ventis
1444 2148 1615 2211 autetiam
1640 2147 1742 2211 nimia
1763 2147 1973 2230 tranquillitate

440 2248 565 2324 fideles,
587 2257 692 2332 potest
715 2268 773 2331 per
795 2247 976 2312 naviculam
996 2246 1184 2329 significari.
1242 2246 1360 2327 maris;
1376 2247 1423 2310 sie
1442 2247 1598 2310 veraciter
1621 2245 1788 2309 christiani
1809 2265 1827 2308 a
1848 2245 1973 2328 profectu

441 2347 556 2420 Primo,
573 2347 725 2429 quoniam
749 2347 832 2409 siout
854 2346 887 2409 in
911 2345 985 2408 navi
1009 2352 1058 2408 est
1080 2345 1186 2408 tenuis
1241 2345 1398 2409 virtutum
1424 2363 1521 2428 quem
1549 2345 1723 2408 christiana
1750 2345 1844 2409 dooet
1868 2345 1971 2426 religia,

441 2444 556 2520 victus,
583 2445 629 2508 sie
657 2452 689 2508 et
717 2445 890 2508 christiana
918 2444 1030 2526 religio
1054 2451 1186 2507 cunetas
1241 2443 1425 2526 frequenter
1443 2463 1483 2507 ex
1504 2443 1639 2508 diversis
1663 2443 1770 2507 causis
1790 2443 1973 2526 praepediun-

315 2619 319 2626 ,
440 2560 515 2607 suos
540 2543 677 2606 cultores
701 2543 741 2606 ad
764 2542 903 2606 sobriam
928 2561 1055 2625 semper
1074 2542 1184 2616 vitam,
1241 2549 1304 2616 tur,
1327 2539 1479 2605 videlieet
1501 2560 1541 2605 ex
1570 2541 1656 2604 curis
1686 2547 1719 2604 et
1747 2540 1971 2604 necessitatibus
2077 2601 2078 2606 ,

439 2649 472 2704 et
491 2640 585 2704 certis
605 2639 719 2703 diebus
738 2640 777 2703 ad
795 2639 1004 2703 abstinentias
1025 2646 1119 2722 atque
1139 2639 1185 2721 je·
1241 2640 1395 2722 eorporis,
1411 2658 1450 2704 ex
1465 2639 1636 2721 fragilitate
1650 2647 1684 2702 et
1696 2638 1902 2702 instabilitate
1915 2656 1972 2721 pre
2077 2627 2078 2682 f

438 2738 530 2820 junia
552 2739 682 2821 obligat,
708 2739 861 2821 quoniam
885 2739 1010 2802 cunetis
1032 2736 1223 2805 fidelibusB
1240 2739 1319 2820 prire
1343 2739 1472 2814 mentis,
1494 2757 1533 2801 ex
1556 2737 1691 2801 diversis
1713 2737 1971 2820 occupationibus,

290 2858 337 2902 aa
339 2872 389 2910 =====
392 2863 424 2904 st.
439 2836 484 2898 ait
507 2834 649 2898 Salvator
670 2853 678 2899 ε
699 2836 810 2899 Videte
834 2854 875 2898 ne
896 2842 1068 2916 graventur
1092 2833 1186 2896 corda
1240 2836 1509 2918 suggestionibus,
1540 2835 1771 2899 tentationibus
1799 2834 1973 2898 occurrenti-

291 2940 544 3010 rarat1‚se.vestra
562 2933 757 3016 crapulavel
777 2933 948 3013 ebrietate3
966 2933 1117 3014 itemque,
1132 2932 1185 2996 Vae
1239 2933 1310 2997 bus.
1327 2934 1407 2998 Nam
1429 2951 1546 3017 eorpus
1569 2933 1630 2998 boe
1650 2933 1764 3016 fragile
1784 2934 1870 3016 quod
1889 2941 1972 3015 gasta-

437 3031 529 3096 vobis
544 3032 599 3115 qui
615 3032 746 3095 saturati
761 3033 847 3096 estis.
865 3032 1021 3106 Secundo,
1032 3031 1184 3113 quoniam
1240 3052 1323 3108 mus,
1333 3052 1419 3096 nune
1433 3032 1507 3096 cibo
1521 3039 1554 3096 et
1569 3039 1658 3115 potu,
1668 3051 1756 3095 nune
1770 3049 1972 3106 somno,nune

438 3131 521 3193 sicut
545 3131 733 3195 exsistentes
758 3131 790 3193 in
814 3130 900 3204 navi,
926 3137 1057 3212 propter
1081 3129 1185 3192 immi·
1239 3130 1310 3194 aliis
1326 3131 1474 3213 plurimis
1495 3130 1652 3212 indigens,
1668 3150 1687 3193 a
1701 3130 1918 3213 spiritualibus
1930 3148 1972 3192 er·

437 3229 547 3292 nentia
565 3229 709 3311 pericula
728 3229 851 3292 suntin
872 3229 1023 3292 continua
1041 3227 1185 3291 custodia
1239 3229 1360 3292 ereitiis
1379 3247 1464 3310 saepe
1483 3246 1541 3292 nos
1560 3229 1706 3312 impedit,
1719 3229 1971 3311 quemadmodum

437 3334 469 3390 et
490 3327 615 3402 timore,
631 3328 678 3390 sic
700 3327 873 3391 christiana
897 3326 1010 3408 religio
1033 3326 1183 3390 omuibus
1239 3327 1395 3410 scriptum
1418 3336 1489 3390 est:
1507 3327 1628 3410 Corpus
1649 3328 1734 3409 quod
1760 3327 1969 3410 corrumpitur,
1981 3353 2013 3407 st,
2024 3357 2058 3390 m.

290 3439 422 3496 rarrrppn,
437 3426 504 3488 suis
533 3424 767 3508 professoribus
795 3425 887 3507 jubet
916 3443 990 3488 cum
1014 3424 1128 3487 timore
1152 3432 1184 3486 et
1238 3433 1386 3507 aggravat
1400 3425 1550 3489 animam.
1566 3426 1698 3508 Propter
1714 3426 1801 3508 quod
1816 3425 1895 3489 dixit
1905 3427 1972 3506 Ape

292 3505 325 3545 ¹²·
436 3530 574 3586 tremore
589 3523 750 3606 propriam
766 3523 891 3606 operari
907 3523 1094 3598 salutemet
1108 3541 1181 3585 oum
1238 3523 1338 3586 stolus
1356 3539 1363 3586 τ
1380 3523 1455 3597 Quis
1471 3541 1522 3586 me
1538 3521 1689 3586 liberabit
1702 3524 1743 3587 de
1757 3541 1890 3607 corpore
1903 3541 1970 3585 mor·
1993 3554 2059 3596 aaa
2075 3555 2076 3582 f

437 3629 524 3684 metu
546 3640 583 3684 ae
604 3621 782 3684 reverentia
803 3623 868 3685 Deo
891 3621 1023 3695 servire,
1044 3638 1183 3703 eumque
1237 3621 1278 3683 tis
1293 3620 1414 3702 hujust
1430 3620 1468 3682 Et
1481 3619 1561 3683 alter
1573 3639 1580 3684 :
1593 3619 1872 3703 Edue(inquit)de
1885 3620 2002 3722 carre-2,
2015 3690 2033 3715 ἦ
2051 3688 2055 3700 ,
2075 3607 2076 3660 l

304 3729 391 3774 Mattt·
401 3743 421 3781 a.
436 3738 533 3801 super
547 3719 655 3782 omnia
669 3719 841 3783 formidare
856 3721 912 3803 qui
933 3720 1028 3783 babet
1047 3726 1183 3802 potesta·
1239 3738 1273 3782 re
1287 3719 1428 3782 animam
1448 3737 1551 3782 meam
1570 3718 1610 3781 ed
1625 3719 1850 3782 confitendum
1866 3718 1970 3782 nomini
2004 3711 2007 3718 ’

290 3795 323 3834 '⁸'
436 3825 501 3880 tem
523 3835 638 3900 corpus
658 3825 690 3880 et
703 3819 843 3881 animam
862 3820 995 3901 perdere
1015 3819 1048 3880 in
1067 3818 1184 3899 geben·
1237 3825 1303 3881 tuo.
1326 3817 1470 3900 Denique
1491 3816 1530 3879 de
1550 3816 1612 3880 boc
1636 3817 1670 3879 in
1694 3817 1852 3882 Phaedone
1876 3819 1924 3880 sie*
1938 3817 1971 3879 lo

437 3935 522 3978 nam.
533 3915 809 3997 Tertio,quouiam
825 3917 909 3980 sieut
923 3917 1013 3979 navis
1028 3935 1183 3998 aquarum
1200 3923 1223 3986 G
1239 3915 1348 3998 quitur
1371 3915 1457 3978 Plato
1478 3932 1485 3977 :
1507 3914 1665 3989 Quamdiu
1689 3915 1898 3980 babuerimus
1918 3933 1971 3977 eer-

302 4022 422 4074 brim-¹1¹.
438 4014 645 4077 inundatione
661 4015 735 4076 binc
755 4016 829 4078 inde
849 4015 1040 4090 concutitur,
1057 4015 1103 4077 sie
1118 4033 1184 4078 om·
1239 4033 1310 4096 pus,
1342 4021 1373 4076 et
1402 4012 1619 4095 conglutinata
1648 4013 1746 4076 fuerit
1776 4015 1885 4078 anima
1911 4013 1971 4076 buit

291 4087 323 4128 ¹²¹
437 4130 494 4174 nes
510 4111 565 4193 qui
578 4111 690 4175 volunt
704 4113 756 4195 pie
768 4114 876 4176 vivere
892 4114 925 4176 iu
937 4113 1062 4177 Christo
1076 4132 1185 4177 secun·
1239 4112 1334 4188 malo,
1354 4130 1519 4194 nunquam
1543 4113 1639 4194 plene
1662 4113 1882 4195 adipiscemur
1902 4112 1971 4196 quod

437 4210 513 4272 dum
535 4209 741 4273 christianam
767 4211 966 4292 religionem,
991 4213 1183 4294 persecutio
1239 4209 1398 4292 cupimus.
1411 4210 1521 4273 Decies
1537 4209 1624 4273 enim
1639 4210 1772 4274 millena
1787 4214 1971 4276 vacationum

289 4326 420 4378 recavet.
437 4327 510 4371 uem
527 4309 742 4391 patiuntuuet
758 4329 815 4392 per
831 4309 946 4372 multas
962 4310 1182 4374 tribulationes
1239 4309 1469 4391 impedimenta
1489 4308 1581 4371 nobis
1603 4308 1677 4371 inde
1697 4313 1901 4392 proveniunt,
1916 4327 1971 4392 pra

435 4415 560 4491 oportet
574 4408 692 4470 intrare
708 4407 740 4471 in
759 4427 892 4489 regnum
910 4409 1063 4473 DeiNam
1078 4419 1111 4473 at
1125 4411 1182 4474 Do·
1238 4415 1309 4490 pter
1330 4407 1471 4490 corporis
1495 4407 1717 4478 necessitatem
1739 4417 1772 4471 et
1792 4409 1969 4473 alimoniam.

295 4523 421 4576 natira,
436 4507 525 4569 mino
549 4515 754 4588 protestante,
772 4507 916 4588 Regnum
940 4508 1094 4570 coelorum
1117 4510 1182 4572 vim
1237 4505 1397 4589 Amplius,
1408 4506 1434 4568 si
1450 4505 1527 4588 quid
1544 4505 1648 4569 morbi
1662 4507 1827 4583 acciderit,
1838 4507 1970 4591 impediet

291 4589 322 4630 ¹²·
436 4603 566 4686 patitur,
591 4612 624 4666 et
646 4604 778 4668 violenti
804 4605 933 4686 rapiunt
956 4605 1047 4680 illud,
1074 4614 1182 4690 utpote
1238 4605 1379 4667 animam
1402 4611 1554 4680 nostram,
1571 4623 1642 4686 quae
1661 4613 1694 4668 et
1715 4606 1853 4671 diversis
1873 4605 1970 4670 amari·

435 4701 470 4764 bi
494 4701 549 4784 qui
572 4701 747 4765 efficaciter
771 4702 956 4786 praeliantur
979 4712 1088 4767 contra
1112 4724 1183 4788 pre
1239 4703 1310 4779 bus,
1331 4710 1363 4765 et
1386 4701 1569 4778 timoribus,
1590 4709 1621 4765 et
1646 4703 1923 4787 concupiscentiis,
1941 4719 1970 4765 aa

435 4799 521 4883 prins
545 4800 831 4883 concupiscentias,
853 4803 1015 4884 passiones
1040 4811 1072 4867 et
1093 4804 1183 4868 inoli-
1239 4800 1333 4863 idolis
1347 4799 1538 4875 omnifariis,
1554 4819 1572 4862 a
1587 4803 1910 4884 contemplationibus
1924 4803 1970 4863 im-

434 4898 578 4962 nationes
601 4897 766 4980 malignas.
788 4900 914 4974 Quarto,
935 4901 1011 4982 quia
1031 4904 1183 4982 quemad·
1239 4898 1375 4980 peditur.
1393 4897 1432 4960 Et
1446 4897 1563 4960 iterum
1582 4898 1766 4962 notabiliter
1784 4901 1831 4963 ait
1846 4917 1854 4963 :
1870 4901 1972 4982 Siqua

435 4996 565 5057 modum
581 4994 769 5059 exsistentes
786 4996 819 5058 in
834 4995 980 5072 navibus,
999 4997 1184 5080 frequenter
1238 4995 1331 5058 nobis
1350 4995 1523 5079 aliquando
1541 4995 1600 5059 fiat
1614 4997 1738 5061 vacatio
1757 5018 1777 5060 a
1797 5005 1972 5082 corporari

433 5094 577 5175 apiratis
594 5113 630 5156 au
646 5093 717 5157 aliis
733 5094 971 5177 impugnantur,
989 5096 1035 5158 sie
1051 5097 1084 5158 in
1099 5097 1182 5159 chri·
1198 5098 1222 5160 D
1238 5103 1463 5158 convertamur
1484 5095 1523 5157 ad
1543 5095 1810 5159 considerandum
1830 5097 1913 5179 quad
1930 5113 1972 5156 ve·

433 5191 536 5255 stiana
565 5192 718 5274 religione
747 5192 881 5256 Domino
910 5193 1139 5270 ministrantes,
1164 5214 1182 5256 a
1237 5211 1309 5255 rum
1329 5200 1387 5268 est,
1407 5193 1523 5256 iterum
1543 5193 1685 5275 undique
1705 5193 1854 5271 illabens,
1870 5193 1972 5258 tumul·

436 5290 557 5354 mundo
570 5297 666 5374 atque
686 5289 884 5355 daemonibus
904 5291 1080 5374 sepissima
1097 5292 1182 5355 inva—
1236 5299 1306 5355 tum
1331 5299 1458 5375 praestat
1482 5299 1514 5355 et
1536 5290 1762 5368 turbationem,
1786 5313 1825 5358 ae
1849 5291 1972 5378 stupefa
