4206 6258
447 461 507 528 624
592 533 597 544 ,
654 483 802 531 nortuum
821 483 899 532 xrur
919 483 993 532 rosr
1012 483 1207 532 rnrnrrarsrr.
1228 501 1268 512 -
1288 485 1331 530 an
1350 483 1544 549 nacrcrosos3
1566 485 1665 533 suaso
1685 484 1798 532 saxrus

447 653 541 716 ditur.
550 651 717 736 Nunquam
733 653 839 736 justus
854 655 1025 718 arbitratur
1040 673 1073 718 se
1088 654 1236 737 appreh
1250 662 1308 728 est,
1324 663 1379 718 aut
1403 656 1585 720 descendas.
1602 656 1635 720 Si
1656 663 1793 718 attentas
1814 661 1907 730 stare,
1920 675 1971 722 raas

448 752 610 826 hendisse,
626 773 791 836 nunquam
809 755 921 818 asserit
942 755 1018 818 satis
1040 773 1120 828 esse,
1141 755 1196 817 sed
1250 771 1380 816 necesse
1397 762 1454 817 est.
1470 754 1599 818 Minime
1619 754 1722 818 bonus
1742 761 1791 817 est
1810 754 1865 836 qui
1884 755 1973 818 melior

449 869 578 934 semper
598 852 698 915 esurit
716 871 753 914 ac
778 853 846 917 sitit
862 853 1030 934 justitiam,
1048 853 1091 915 ita
1115 859 1151 915 ut
1169 853 1196 916 si
1251 871 1320 916 esse
1341 870 1405 915 nun
1427 853 1533 936 cupit;
1549 861 1582 916 et
1603 852 1658 915 uhi
1679 851 1797 934 incipis
1818 852 1902 916 nolle
1919 853 1972 916 lieri

449 967 577 1032 semper
601 949 654 1012 hic
677 950 810 1024 viveret,
836 970 964 1033 semper
986 951 1102 1032 justior
1127 969 1197 1014 esse
1250 949 1375 1025 melior,
1393 950 1437 1013 ibi
1459 952 1579 1015 desinis
1600 969 1670 1014 esse
1691 949 1807 1014 bonus.
1823 950 1908 1013 Vidit
1924 971 2053 1034 sca-affl„

449 1049 665 1123 contenderet,
692 1067 819 1131 semper
842 1050 882 1112 de
910 1049 995 1112 bono
1024 1048 1057 1113 in
1082 1050 1197 1112 melius
1251 1048 1313 1111 lam
1328 1048 1422 1112 Jacob
1437 1056 1470 1112 et
1483 1049 1516 1112 in
1531 1068 1569 1112 ea
1586 1049 1727 1131 angeles,
1743 1047 1801 1111 ubi
1821 1048 1923 1112 nullus
1938 1046 2001 1114 rest

449 1146 607 1230 prolicere
622 1147 695 1209 totis
710 1146 833 1210 viribus
849 1155 1020 1211 conaretur.
1028 1147 1094 1211 Non
1109 1147 1196 1211 enim
1251 1146 1369 1220 sidens,
1386 1146 1494 1210 nullus
1509 1147 1687 1211 subsistens
1703 1146 1863 1230 apparuit,
1874 1148 1924 1210 sed
1934 1149 1972 1212 vel

449 1245 488 1308 ad
504 1263 625 1308 annum
641 1244 692 1308 vel
707 1245 746 1308 ad
768 1252 905 1328 tempus,
922 1246 1026 1309 sedin
1043 1251 1197 1310 aternum
1250 1245 1422 1308 ascendere
1441 1246 1492 1309 vel
1506 1246 1700 1310 descendere
1720 1243 1908 1308 videbantur
1922 1248 1972 1309 uni·

450 1343 561 1407 divino
581 1362 615 1406 se
636 1343 796 1427 mancipat
817 1344 983 1408 famulatui
1001 1363 1008 1407 :
1025 1345 1097 1408 ideo
1118 1363 1199 1407 sem·
1251 1343 1335 1406 versi
1357 1360 1364 1404 :
1386 1350 1543 1426 quatenus
1567 1343 1673 1426 palam
1697 1343 1829 1406 daretur
1850 1342 1971 1425 intelligi,

450 1443 609 1525 piternam
639 1449 780 1505 meretur
806 1441 1035 1523 reiectionem;
1064 1451 1096 1506 et
1123 1443 1199 1506 licet
1252 1438 1336 1504 inter
1351 1442 1530 1525 proiectum
1551 1449 1583 1505 et
1600 1442 1762 1505 deiectum
1784 1443 1816 1504 in
1834 1442 1893 1505 hoc
1910 1451 1972 1506 statu

306 1541 541 1612 sap.1v,ra.brevi
561 1547 705 1624 tempore
725 1549 976 1616 consummetur,
993 1549 1099 1604 tamen
1114 1541 1199 1622 judi·
1251 1541 1324 1604 vitae
1340 1541 1482 1604 mortalis
1497 1540 1578 1603 nihil
1598 1541 1741 1604 medium
1762 1540 1906 1605 inveniri.
1920 1542 1971 1606 ttae

450 1647 540 1703 catur
559 1639 704 1723 explesse
726 1647 872 1722 tempora
893 1640 1131 1722 multa'ltaque
1152 1640 1199 1703 in·
1251 1638 1438 1702 Bernardus.
1458 1640 1566 1722 ltaque
1590 1639 1688 1721 hujus
1712 1639 1786 1703 vitae
1810 1638 1971 1704 brevitatem

449 1738 611 1802 delossum
646 1738 838 1821 proficiendi
873 1739 1014 1801 studium
1048 1745 1081 1802 et
1111 1738 1197 1820 jugis
1251 1745 1283 1802 et
1297 1737 1502 1801 beatitudinis
1516 1739 1724 1802 aetemitatem
1741 1745 1972 1821 pensantespra·

449 1844 577 1900 conatus
597 1838 636 1900 ad
658 1835 888 1919 perlectionem
910 1844 1074 1920 reputatur
1094 1836 1196 1919 perle-
1213 1835 1236 1898 B
1251 1838 1361 1901 sertim
1392 1837 1553 1901 inlinitum
1582 1839 1639 1900 liei
1665 1837 1931 1902 honorabilitatem
1948 1846 1971 1901 et

448 1937 520 1999 ctio.
538 1935 626 2010 Quod
648 1937 675 1998 si
697 1936 824 1999 studere
846 1935 1035 2018 perfectioni
1057 1943 1196 1999 estesse
1250 1934 1480 1999 amabilitatem
1509 1935 1757 2010 considerantes,
1787 1936 1972 1998 accendamur

448 2035 639 2118 perlectum,
656 2034 800 2118 proiecto
820 2035 905 2098 nolle
929 2035 1098 2117 prolicere,
1115 2035 1195 2099 dcli·
1249 2043 1344 2117 atquc
1369 2034 1511 2116 quotidie
1536 2033 1673 2097 validius
1696 2034 1934 2108 inflammemur,
1949 2041 1973 2097 et

447 2153 520 2197 cere
534 2141 591 2197 est.
608 2133 677 2198 Non
692 2141 740 2197 est
758 2141 841 2197 stare
856 2134 1004 2214 omnino;
1021 2134 1128 2197 necin
1149 2135 1195 2197 in·
1249 2133 1335 2196 viam
1356 2132 1467 2196 salutis
1487 2151 1551 2196 non
1571 2133 1675 2197 solum
1696 2131 1872 2207 ambulare,
1886 2133 1932 2196 sed
1948 2140 1971 2195 et

447 2241 532 2296 certo
548 2233 645 2314 hujus
660 2233 803 2296 mortalis
817 2233 896 2306 vitre,
905 2233 1080 2315 quidquam
1096 2233 1129 2295 in
1145 2251 1195 2297 eo·
1250 2250 1378 2295 currere
1399 2251 1436 2295 ae
1454 2232 1562 2296 volare
1580 2231 1731 2296 nitamur.
1748 2231 1797 2295 Ad
1818 2232 1932 2295 laudern
1948 2240 1972 2294 et

446 2331 518 2395 dem
534 2339 701 2415 permanet
715 2338 806 2394 statu.
821 2333 884 2394 Aut
897 2332 1049 2394 ascendas
1063 2351 1194 2396 necesse
1249 2330 1383 2412 gloriam
1404 2329 1647 2414 omnipotentis.
