4154 6258
474 493 621 542 common
641 495 698 543 xm
718 495 798 544 POST·
810 495 1004 542 calumum.
1024 514 1064 526 -
1085 495 1184 546 senno
1203 497 1328 546 TERTIUS

658 897 851 986 SERMO
890 897 1139 986 TERTIUS

277 1153 318 1200 DE
338 1153 445 1202 ownia
465 1153 570 1202 Alone
591 1153 629 1200 ΕΤ
650 1153 872 1202 abucinamcnn
893 1153 1047 1203 PRAEGEPTI
1068 1154 1227 1204 cunutus
1248 1157 1300 1204 nel
1320 1157 1358 1204 ΕΤ
1378 1157 1512 1205 rnoxffll.

199 1437 249 1500 ΠΙ
266 1435 413 1515 diligunt
437 1437 646 1508 tellement,
666 1437 749 1499 sicut
769 1441 816 1498 sol
835 1438 872 1498 in
885 1435 911 1501 A
925 1437 1006 1502 sime
1031 1445 1161 1521 propter
1182 1457 1296 1522 puram
1317 1446 1350 1502 et
1369 1437 1530 1502 inlicitam
1551 1437 1674 1502 bonita-

123 1431 286 1633 Oortu
309 1555 366 1597 suo
389 1538 548 1612 splendet,
573 1537 621 1596 ita
647 1537 796 1598 rutilent.
821 1536 871 1599 Ju·
925 1543 990 1600 tem
1008 1537 1119 1619 ipsius.
1132 1538 1336 1620 Unaquaeque
1350 1537 1469 1601 etenim
1484 1556 1534 1600 res
1548 1543 1673 1599 tantum

121 1633 184 1695 dic.
202 1653 234 1706 v,
250 1632 299 1696 al.
925 1634 1022 1698 babet
1045 1636 1084 1698 de
1108 1635 1315 1712 amabilitate,
1341 1642 1497 1718 quantum
1521 1636 1561 1698 dc
1585 1633 1674 1698 boni·

161 1731 253 1795 Sicut
267 1732 301 1794 in
318 1731 423 1814 prima
437 1751 495 1794 sua
509 1731 622 1795 scribit
635 1731 770 1815 epistola
782 1735 871 1797 Jcan-
923 1739 997 1796 tate.
1010 1734 1283 1808 Quemadmodum
1298 1751 1372 1816 crgo
1387 1734 1470 1797 Deus
1485 1741 1534 1797 est
1547 1733 1672 1797 bonitas

55 1858 108 1896 un,
121 1850 179 1894 nes
205 1830 367 1914 apostolus
394 1849 401 1894 :
427 1831 511 1894 Deus
535 1831 650 1894 caritas
675 1839 739 1911 est;
758 1837 791 1893 et
813 1831 869 1914 qui
924 1833 1167 1913 superexaltata,
1184 1831 1443 1914 incomparabilis
1459 1839 1491 1894 ct
1505 1831 1670 1906 immensa,

14 1939 19 1950 “
122 1937 232 1993 manet
252 1931 285 1992 in
305 1931 446 2004 caritate,
463 1930 497 1992 in
518 1930 582 1995 Deo
602 1938 719 2004 menet,
735 1938 768 1992 et
786 1930 869 1994 Deus
924 1931 957 1993 in
973 1950 1035 2012 quc
1055 1930 1136 1993 nihil
1151 1939 1199 1994 est
1215 1930 1384 2013 cogitabile
1399 1931 1595 1994 contrarium
1617 1929 1671 1993 bo·

121 2029 153 2091 in
175 2045 223 2091 cc.
245 2029 351 2103 Porro,
373 2028 428 2110 qui
450 2046 514 2091 non
539 2036 647 2092 manet
670 2029 702 2090 in
727 2029 867 2102 caritate,
924 2029 1026 2104 nitati,
1048 2030 1114 2092 imo
1135 2029 1292 2112 quidquid
1316 2030 1356 2092 ad
1377 2029 1553 2092 bonitatem
1575 2029 1671 2111 perti-

122 2135 231 2190 manet
251 2125 284 2188 in
303 2133 415 2201 morte,
437 2126 497 2189 hoc
521 2135 568 2190 est
591 2127 623 2189 in
648 2126 773 2189 mortali
798 2145 870 2208 pec·
923 2135 988 2202 net,
1006 2146 1078 2190 cum
1100 2127 1228 2190 infinita
1247 2127 1447 2211 plenitudine
1467 2135 1498 2191 et
1517 2127 1672 2190 excellen-

120 2231 202 2287 catc.
234 2223 337 2298 Quum
370 2223 476 2306 itaque
507 2225 621 2286 caritas
650 2225 706 2287 Dei
736 2224 778 2286 sit
805 2225 869 2288 vita
923 2225 967 2287 tia
987 2227 1140 2308 competit
1157 2227 1202 2305 ei3
1220 2226 1267 2288 sic
1286 2227 1355 2309 ipse
1375 2233 1424 2288 est
1438 2244 1574 2300 summe,
1591 2243 1671 2307 pure

119 2323 237 2386 animae
261 2329 293 2384 et
316 2341 442 2385 summa
461 2322 562 2385 virtus
580 2323 658 2405 (qua
681 2323 868 2386 inexsistcu-
923 2323 1280 2407 incomparabilitcrque
1304 2325 1469 2387 amandus.
1491 2324 1564 2388 Ideo
1587 2325 1671 2387 Deus

119 2431 151 2484 te
171 2431 206 2484 et
225 2429 392 2504 praesente,
409 2428 522 2485 cetcrae
541 2422 657 2484 adsunt
672 2422 821 2502 virtutes3
838 2429 870 2484 et
923 2423 1076 2505 pracepit
1096 2442 1130 2485 sc
1152 2423 1242 2504 diligi
1264 2423 1356 2506 quasi
1379 2423 1448 2484 sine
1471 2441 1619 2485 mensura
1640 2428 1672 2484 et

120 2541 186 2604 qua
213 2519 384 2582 deliciante
410 2538 467 2582 sen
497 2519 620 2602 perdita
644 2519 695 2582 vel
724 2518 866 2594 absente,
924 2522 1028 2595 modo,
1045 2528 1155 2603 utpote
1176 2528 1242 2584 toto
1262 2521 1367 2596 corde,
1386 2527 1452 2583 tota
1473 2527 1589 2594 mente,
1607 2527 1670 2584 tota
1684 2534 1816 2588 caemar

120 2619 211 2682 nulla
233 2619 334 2681 virtus
357 2618 445 2681 adest
468 2625 523 2680 aut
545 2618 628 2680 inest
651 2625 807 2700 quantum
828 2614 905 2681 adB
923 2619 1119 2682 fortitudine.
1137 2619 1257 2682 Deinde
1279 2620 1476 2702 quicumque
1497 2619 1543 2681 sic
1565 2618 1670 2699 diligit
1685 2597 1759 2702 gan.
1772 2611 1809 2650 ¹¹'’

118 2717 294 2780 formatum
313 2724 344 2778 et
359 2715 554 2797 completum
571 2735 641 2778 esse
656 2717 808 2796 virtutis),
825 2717 869 2778 ita
922 2719 1035 2793 Deum,
1052 2718 1095 2779 ita
1117 2725 1178 2780 stat
1200 2719 1285 2800 quod
1308 2736 1366 2800 pro
1388 2717 1476 2780 nulla
1501 2735 1534 2779 re
1557 2718 1668 2780 mundi

118 2816 208 2899 quod
223 2814 317 2878 iaciat
334 2823 473 2877 mentem
488 2815 553 2877 Deo
570 2823 744 2896 acceptam,
762 2823 798 2876 ut
812 2815 868 2876 ali·
922 2818 1018 2880 vellet
1048 2835 1180 2899 peccare
1211 2816 1398 2890 mortaliter,
1429 2814 1494 2879 imo
1522 2834 1582 2878 nec
1611 2833 1670 2897 pro

118 2915 200 2997 quid
223 2913 422 2977 meritorium
442 2913 515 2976 vitae
534 2919 659 2976 aeterna
680 2931 773 2995 agere
791 2933 867 2996 que·
923 2915 1163 2979 conservatione
1178 2915 1315 2997 proprias
1330 2914 1510 2996 vitaezquia
1525 2932 1582 2996 per
1597 2933 1670 2996 pec·

117 3021 167 3092 at3
194 3013 270 3074 binc
295 3013 444 3074 universa
467 3030 538 3093 quae
561 3011 696 3093 agimus,
721 3011 867 3075 ordinare
923 3020 1029 3077 catum
1045 3013 1177 3077 mortale
1191 3012 1348 3075 amittitur
1362 3013 1456 3086 Deus,
1473 3012 1529 3094 qui
1545 3031 1670 3075 summe

117 3111 276 3174 debemus
288 3111 327 3173 ad
341 3111 413 3184 hoc,
430 3119 465 3172 ut
482 3109 514 3172 in
531 3111 660 3172 caritate
675 3111 730 3174 Dei
746 3128 783 3172 ac
798 3127 868 3192 pro·
922 3121 954 3176 et
978 3111 1272 3195 incomparabiliter
1297 3111 1397 3193 magis
1420 3130 1516 3193 quam
1542 3111 1671 3193 propria

118 3211 198 3273 ximi
228 3208 347 3290 jugiter
376 3207 595 3290 proficiamus,
621 3207 809 3272 roboremur
836 3216 868 3271 et
922 3213 987 3274 vita
1008 3211 1161 3292 diligitur.

116 3308 342 3371 accendamur.
962 3309 1107 3372 Secundo
1123 3308 1277 3371 debemus
1292 3307 1393 3370 Deum
1408 3325 1534 3370 summe
1550 3307 1669 3370 incom-

157 3407 224 3470 Nec
245 3405 368 3468 suflicit
389 3405 481 3468 nobis
500 3405 601 3468 Deum
623 3404 757 3486 diligere
779 3413 867 3467 natu·
921 3406 1170 3489 parabilitcrque
1190 3406 1323 3487 diligere
1343 3413 1474 3488 propter
1492 3425 1583 3468 suam
1601 3424 1670 3469 om-

117 3505 177 3568 rali
198 3521 319 3579 amore,
336 3512 430 3586 prout
449 3504 529 3566 ratio
550 3503 649 3565 dictat
668 3503 818 3578 hnmana,
836 3511 868 3565 et
922 3507 1084 3569 nimodam
1117 3513 1148 3568 ct
1179 3505 1393 3568 universalem
1424 3504 1667 3587 perlectionem,

118 3611 253 3687 propter
277 3601 435 3666 beneficia
459 3602 540 3684 ejus,
567 3603 622 3664 sed
650 3603 866 3666 necessarium
921 3604 1072 3668 videlicet
1092 3604 1244 3685 quoniam
1269 3603 1426 3687 quidquid
1449 3602 1666 3685 perfectionis,

116 3711 166 3765 est
186 3702 228 3764 ed
249 3702 383 3764 salutem
404 3709 439 3763 ut
459 3701 565 3782 ipsum
585 3700 755 3781 diligamus
777 3701 867 3784 spiri·
921 3702 1078 3785 quidquid
1098 3702 1359 3784 pulchritudinis,
1376 3701 1534 3783 quidquid
1555 3700 1668 3764 nobili-

115 3802 209 3876 tuali,
230 3799 474 3882 supernaturali,
497 3797 603 3862 inluso
623 3818 741 3874 amore,
763 3798 903 3882 primoC
922 3799 1410 3880 tatis,suavitatis,1‘ucunditatis
1425 3807 1457 3861 et
1471 3799 1667 3862 excellentiae

115 3908 148 3962 et
172 3898 397 3982 principaliter
426 3905 556 3980 propter
585 3917 697 3980 puram
727 3907 759 3961 et
782 3917 866 3960 sum·
921 3899 1092 3979 excogitari
1113 3905 1228 3980 potest,
1245 3897 1277 3958 in
1293 3898 1357 3960 Deo
1376 3897 1616 3979 simplicissime
1637 3905 1668 3961 et

115 4017 206 4062 mam
225 3997 399 4060 bonitatem
417 3996 529 4079 ipsius
546 3996 745 4078 Quicumque
760 4005 866 4058 autem
921 3996 1274 4079 supereminentissime
1290 3995 1462 4070 invenitur,
1479 4002 1511 4057 et
1526 3995 1594 4078 ipse
1609 3996 1668 4059 Do·

114 4097 227 4160 taliter
246 4103 331 4158 amat
348 4097 461 4169 Deum,
477 4102 562 4157 amat
581 4095 676 4157 etiam
696 4093 868 4177 spirituali·
923 4097 1029 4158 minus
1050 4095 1133 4158 Deus
1153 4102 1203 4156 est
1221 4095 1289 4176 ipsa
1311 4094 1515 4176 pulchritudo
1537 4095 1670 4158 immen-

115 4203 166 4258 ter
181 4212 314 4257 onmem
334 4193 528 4276 proximum,
545 4194 604 4255 hoc
624 4199 673 4254 est
691 4193 867 4275 quemlibet
921 4213 967 4268 sa,
987 4194 1055 4276 ipsa
1077 4193 1204 4255 infinita
1225 4192 1398 4264 beatitudo,
1420 4194 1586 4274 sapientia,
1603 4212 1669 4258 orn·

116 4296 288 4358 hominem
318 4295 351 4356 in
381 4293 440 4357 boc
470 4294 601 4366 munde,
631 4298 697 4355 tam
727 4295 867 4356 amicum
922 4292 1109 4374 nipotentia,
1128 4291 1356 4364 misericordia,
1373 4291 1519 4363 dulcedo,
1534 4291 1668 4371 justitia,

114 4413 218 4476 qnam
246 4392 423 4455 inimicum.
447 4393 577 4468 iterum,
599 4393 796 4475 quicumque
821 4393 867 4455 sic
923 4391 1082 4462 sanctitas,
1105 4390 1231 4462 veritas,
1253 4387 1421 4470 omnisque
1447 4387 1609 4470 perfectio.
1638 4390 1669 4453 Si

114 4493 226 4574 diligit
251 4492 362 4566 Deum,
387 4491 495 4553 omnia
519 4491 589 4571 ejus
615 4491 729 4572 implet
752 4510 867 4573 praece-
923 4506 998 4570 ergo
1019 4488 1184 4569 diligimus
1203 4487 1344 4569 aliquem
1367 4486 1517 4568 quoniam
1535 4487 1671 4570 pulcher

113 4600 183 4674 pta,
212 4591 361 4652 mandata
385 4607 512 4673 quoque
534 4589 694 4664 Ecclesia,
720 4596 751 4652 et
775 4597 868 4654 rectae
923 4595 977 4650 aut
992 4587 1119 4669 sapiens
1138 4592 1196 4660 est,
1213 4593 1268 4648 aut
1284 4585 1384 4660 dives,
1401 4592 1456 4647 aut
1476 4594 1599 4668 potens,
1615 4595 1670 4650 aut

113 4688 237 4753 rationi
259 4687 375 4750 obedit.
398 4689 485 4752 Unde
509 4687 564 4770 qui
588 4689 677 4771 cupit
697 4707 868 4770 agnoscere
924 4686 1116 4758 misericors,
1137 4691 1192 4747 aut
1213 4685 1329 4765 justus,
1351 4690 1406 4746 aut
1427 4684 1541 4760 dulcis,
1563 4703 1669 4750 nonne

110 4808 155 4851 an
188 4785 353 4849 meritorie
376 4785 487 4867 diligat
510 4785 622 4861 Deum,
648 4786 797 4849 discutiat
822 4805 868 4849 se·
895 4862 900 4871 Ι
924 4783 1217 4865 incomparabiliter
1231 4781 1304 4863 plus
1318 4801 1425 4845 amare
1440 4783 1594 4847 debemus
1610 4786 1668 4848 Do-

113 4886 307 4968 metipsum,
332 4903 372 4946 an
402 4883 551 4946 universa
579 4884 726 4947 observet
755 4905 869 4967 prece·
924 4883 1048 4944 minum
1070 4882 1183 4954 Deum,
1200 4880 1233 4941 in
1253 4897 1317 4962 quo
1335 4881 1443 4943 omnia
1464 4882 1524 4944 ista
1545 4883 1668 4965 simpli·

114 4995 184 5068 pta,
208 4992 242 5046 et
262 5001 373 5046 omnes
397 4983 509 5062 diligat
533 4983 678 5046 homines
703 4981 1053 5065 quantum-Dcissime
1082 4998 1156 5041 cum
1187 4978 1314 5041 infinita
1341 4979 1537 5061 perfectione
1567 4982 1669 5043 consi-

114 5101 263 5164 cnmque
292 5081 488 5144 adversarios
516 5089 548 5142 et
577 5081 736 5144 molestos.
762 5082 870 5164 itaque
924 5083 1038 5143 stuntl
1062 5080 1206 5162 insuper,
1232 5097 1316 5160 saepe
1340 5079 1503 5160 diligimus
1529 5079 1669 5160 aliquem

114 5180 295 5245 Dominum
319 5180 420 5243 Deum
444 5185 588 5242 nostrum
610 5179 764 5243 debemus
786 5201 871 5242 sum·
924 5177 1088 5241 hominem
1107 5197 1204 5260 quem
1222 5197 1386 5259 nunquam
1403 5177 1553 5250 vidimus,
1569 5197 1607 5240 ex
1627 5177 1670 5239 ia·

114 5299 171 5344 mc
197 5295 238 5340 ac
261 5296 342 5360 pure
365 5277 509 5360 diligere,
531 5277 636 5360 primo
656 5285 751 5360 atquc
775 5278 871 5361 potis·
928 5297 979 5340 ma
1002 5278 1114 5360 ipsius,
1132 5277 1208 5359 quia
1229 5277 1312 5340 bona
1334 5277 1434 5339 multe
1453 5276 1491 5338 de
1510 5275 1581 5358 ipso
1600 5294 1669 5358 per·
