4164 6258
435 476 496 540 258
785 493 934 542 nonmroa
954 495 985 542 vr
1005 494 1079 541 rosv
1098 491 1292 540 mmnarnn.
1312 509 1352 521 -
1373 491 1472 540 senno
1492 491 1646 541 snonnnns

437 662 639 727 irascendum
655 671 713 742 est,
730 672 779 729 est
793 670 960 748 peccatum
981 672 1111 748 peccato
1130 663 1183 727 ad·
1199 663 1223 727 Α
1239 670 1369 745 propter
1393 662 1582 745 parvitatem
1607 661 1791 726 nocumenti
1818 661 1901 738 illati,
1921 664 1962 726 vel

435 762 544 844 jicere.
561 763 724 840 Praeterea,
736 765 820 828 sicut
834 765 919 828 idem
934 765 978 827 ait
992 764 1182 838 Bemardns,
1238 768 1369 844 propter
1398 761 1615 824 modicitatem
1639 760 1862 824 commotionis
1888 763 1963 824 ratio

437 861 486 924 lra
508 869 558 924 est
581 863 734 926 naturalis
763 862 893 926 affectio
923 862 1102 937 hominnm,
1129 862 1184 924 sed
1239 878 1312 920 nem
1334 859 1568 941 provenientis.
1586 859 1743 934 Secundo,
1761 859 1807 922 ira
1822 866 1965 941 potestes-

438 958 644 1022 abutentibus
673 960 758 1025 bono
787 968 908 1024 naturae
937 961 976 1022 fit
1006 961 1052 1023 ira
1079 960 1184 1042 gravis
1239 975 1273 1018 se
1299 957 1508 1020 immoderata
1528 965 1685 1040 qnantum
1709 957 1748 1020 ad
1773 957 1899 1019 modum
1918 957 1964 1018 irs-

437 1057 583 1140 perditio.
610 1059 709 1134 Unde,
735 1060 910 1121 secundnm
940 1059 1090 1121 eumdem
1114 1058 1185 1120 Ber·
1239 1055 1360 1130 scendi,
1376 1056 1505 1137 qnando
1524 1054 1675 1118 videlicet
1693 1055 1791 1118 nimis
1811 1053 1963 1120 fervescit:

438 1155 584 1230 nardum,
600 1156 697 1218 Irasci
716 1156 872 1220 debemus
890 1157 990 1232 vitiis,
1007 1155 1184 1239 prasertim
1239 1153 1286 1216 sic
1314 1155 1400 1216 enim
1430 1154 1470 1216 fit
1497 1154 1622 1230 vitiosa,
1646 1154 1795 1236 quamvis
1824 1155 1856 1215 in
1882 1153 1964 1216 finan

438 1252 577 1335 propriis
609 1253 725 1336 culpis,
758 1254 873 1318 deinde
903 1262 935 1317 et
965 1254 1184 1337 proximorum
1238 1251 1348 1314 tendat
1370 1251 1575 1328 laudabilem,
1597 1258 1674 1335 puta
1695 1252 1734 1314 ad
1756 1252 1965 1315 correctionem

438 1351 588 1434 peccatis.
614 1351 783 1434 Propterea
808 1352 924 1416 iterum
949 1353 992 1415 ait
1014 1372 1021 1416 :
1045 1351 1186 1433 Oooupe-
1239 1350 1413 1430 peccantis,
1440 1349 1705 1433 punitionemque
1733 1349 1838 1433 culpae
1859 1357 1889 1412 et
1909 1367 1967 1412 con·

438 1467 511 1512 mus
531 1449 610 1512 iram
631 1450 664 1513 in
681 1450 800 1533 quibus
817 1452 954 1534 expedit.
971 1451 1075 1514 Nolite
1091 1449 1184 1512 irasci
1240 1449 1452 1510 servationem
1476 1448 1618 1529 justitiae.
1639 1449 1688 1511 lra
1708 1466 1785 1512 vero
1810 1449 1868 1512 hoc
1890 1449 1968 1512 modo

437 1548 484 1610 eis
498 1548 555 1630 qui
569 1548 661 1612 vobis
676 1549 859 1613 transitoria
872 1548 1032 1624 auferunt,
1040 1549 1096 1631 qni
1111 1566 1186 1612 con·
1240 1546 1458 1620 immoderata,
1474 1546 1542 1609 sive
1564 1547 1650 1610 intus
1673 1549 1777 1630 quoad
1803 1547 1967 1610 commotio

437 1645 516 1708 vitia
532 1644 686 1721 inferunt,
700 1647 757 1728 qui
776 1645 930 1730 infligunt
944 1647 1112 1729 supplicia.
1131 1645 1185 1710 Os·
1240 1661 1325 1718 nem,
1356 1644 1423 1706 sive
1452 1643 1531 1707 foris
1559 1653 1715 1728 qnantum
1745 1647 1784 1709 ad
1817 1646 1968 1708 iracundia

437 1744 566 1806 tendam
585 1751 692 1807 antem
714 1743 804 1808 vobis
826 1745 878 1807 cui
900 1744 1043 1808 debeatis
1065 1744 1182 1808 irasci:
1240 1742 1340 1822 signa,
1356 1760 1420 1806 non
1435 1750 1484 1805 est
1498 1761 1537 1805 ex
1555 1762 1614 1807 suo
1633 1762 1749 1825 genere
1769 1743 1917 1818 mortalis,
1932 1745 1968 1806 ni-

438 1831 615 1905 iraseimini
635 1842 665 1905 ei
685 1862 756 1925 quae
778 1843 845 1905 sola
867 1851 971 1925 potest
992 1860 1118 1918 nocere,
1137 1852 1184 1906 ut·
1201 1843 1225 1905 B
1240 1839 1266 1900 si
1292 1839 1325 1901 in
1350 1848 1475 1904 tantum
1499 1849 1631 1917 crescat,
1657 1843 1742 1924 quod
1766 1840 1864 1905 faciat
1886 1842 1969 1905 horni-

437 1947 511 2022 pote
525 1941 662 2024 propriae
677 1941 943 2023 iniquitatiNulla
957 1943 1043 2005 enim
1057 1942 1185 2006 nocebit
1241 1955 1313 2000 nem
1340 1957 1358 2000 a
1378 1939 1508 2001 caritate
1533 1939 1589 2002 liei
1613 1947 1668 2003 aut
1692 1941 1909 2023 proximorum
1928 1959 1969 2002 cr·

437 2039 622 2114 adversitas,
648 2039 675 2101 si
701 2039 789 2102 nulla
812 2039 997 2103 dominetur
1021 2041 1182 2123 iniquitas.
1240 2036 1347 2099 cidere
1367 2056 1374 2101 :
1395 2037 1481 2120 quod
1503 2037 1542 2099 fit
1562 2039 1639 2101 dum
1666 2038 1803 2120 impedit
1826 2039 1969 2102 bominem

436 2136 495 2211 oui
521 2137 596 2200 huic
625 2137 768 2219 perfecte
797 2138 955 2213 irascitur,
981 2139 1096 2201 ceteris
1121 2157 1185 2202 non
1239 2135 1280 2198 ab
1301 2153 1339 2198 eo
1360 2136 1400 2197 ad
1421 2136 1507 2218 qnod
1528 2143 1666 2212 tenetur,
1686 2144 1742 2199 ant
1765 2137 1889 2199 inducit
1909 2155 1969 2199 enm

437 2242 594 2299 movetur.
617 2237 752 2319 lnsnper
774 2237 824 2298 his
848 2238 1020 2300 concordat
1042 2239 1127 2320 qnod
1152 2238 1185 2300 in
1239 2234 1279 2295 ad
1298 2233 1481 2296 faciendum
1504 2235 1625 2317 aliquid
1647 2235 1845 2298 contrarium
1867 2237 1971 2298 cariuti

437 2333 520 2397 libro
543 2334 582 2396 de
607 2333 753 2398 Profectu
778 2335 1000 2416 religiosorum
1025 2336 1183 2398 habetur:
1240 2331 1308 2393 sive
1321 2331 1463 2412 justitiae.
1474 2333 1583 2415 ltaque
1597 2332 1803 2395 auctoritates
1819 2333 1971 2416 Scriptura

436 2432 580 2495 Affectus
599 2433 654 2496 irae
671 2433 764 2496 datus
778 2440 828 2496 est
841 2433 965 2496 bomini
982 2442 1017 2495 ut
1031 2435 1186 2497 irascatur
1240 2436 1272 2490 et
1285 2430 1472 2493 Sanctorum
1492 2450 1563 2512 quae
1583 2437 1801 2513 protestantur
1822 2432 1898 2494 iram
1915 2451 1971 2494 esse

438 2531 577 2614 peccatis
592 2538 625 2594 et
640 2531 733 2594 malis
748 2533 1018 2612 suggestionibus,
1035 2541 1130 2614 atque
1145 2551 1184 2595 ex
1239 2528 1372 2592 omnino
1392 2524 1586 2611 culpabilem
1606 2549 1643 2592 ac
1658 2530 1837 2606 vitandam,
1855 2529 1970 2612 intelligi

437 2630 655 2711 indignatione
671 2648 734 2693 non
754 2631 893 2712 patiatur
907 2650 940 2693 se
956 2632 1038 2693 trahi
1057 2631 1094 2693 ad
1111 2648 1185 2694 con·
1241 2635 1374 2709 possunt
1388 2628 1428 2690 de
1444 2628 1490 2690 ira
1505 2628 1590 2690 dicta
1606 2647 1664 2711 per
1678 2629 1808 2704 vitium,
1825 2630 1865 2692 de
1879 2648 1935 2712 qua
1947 2637 1971 2690 et

436 2746 566 2791 sensum
582 2729 717 2812 peccati,
734 2735 766 2791 et
782 2736 816 2790 ut
831 2730 984 2812 reprimat
999 2737 1104 2792 motus
1120 2748 1186 2791 ma·
1240 2725 1273 2787 in
1294 2725 1460 2807 evangelio
1483 2726 1639 2790 hodierno
1664 2728 1809 2809 loquitur
1833 2729 1970 2799 Christus,

437 2826 484 2889 los
507 2826 538 2888 in
559 2845 593 2889 se
613 2834 646 2889 et
667 2827 699 2889 in
724 2826 796 2889 aliis
821 2828 878 2890 nbi
903 2845 1042 2909 congrue
1068 2835 1182 2910 potest,
1239 2823 1374 2887 dicendo
1391 2842 1398 2885 :
1416 2824 1474 2898 Qui
1492 2825 1640 2887 irascitur
1653 2826 1744 2888 fratri
1759 2844 1911 2901 suo,reus
1924 2827 1972 2888 erit
1991 2850 2053 2892 aa.

436 2924 672 3007 ulciscaturque
687 2925 743 2988 liei
763 2925 897 3006 injurias
914 2933 946 2988 et
963 2926 1186 3007 transgressio-
1237 2921 1369 3003 judicio.
1387 2921 1475 2985 Unde
1494 2930 1527 2985 et
1544 2924 1755 3007 Hieronymus
1774 2925 1911 2988 asserit:
1926 2915 2005 2986 lle-²²·

436 3040 493 3085 nes
514 3030 746 3107 praeceptorum
767 3023 881 3105 ipsius,
902 3025 1079 3087 secundum
1099 3024 1185 3105 quod
1202 3020 1223 3084 G
1239 3020 1333 3082 finita
1357 3021 1515 3083 sententia
1535 3029 1593 3096 est,
1616 3031 1650 3084 ut
1674 3024 1721 3085 ira
1744 3024 1880 3086 omnino
1901 3024 1973 3086 tolla·

436 3129 559 3204 spectat
582 3122 622 3184 ad
650 3122 766 3205 ipsum.
794 3121 832 3184 Et
856 3129 932 3184 tuno
956 3122 1073 3185 dicitur
1098 3122 1183 3184 zelus
1239 3120 1337 3182 tunsi
1351 3119 1552 3200 jubemur,id
1566 3127 1616 3183 est
1630 3123 1973 3205 monemur,percntien·

289 3239 422 3294 uenena.
435 3221 567 3302 justitie
580 3239 587 3284 :
599 3223 684 3285 sicut
698 3222 842 3285 Christus
860 3222 975 3303 legitur
990 3222 1088 3285 iratus
1106 3222 1184 3285 fuis·
1239 3217 1263 3279 ti
1282 3217 1414 3280 alteram
1434 3219 1576 3300 praebere
1597 3218 1770 3294 maxillam,
1787 3228 1823 3283 et
1841 3221 1973 3283 inimicos
1982 3247 2055 3290 reas.

436 3338 470 3382 se
490 3319 655 3383 Pharisaeis
674 3327 707 3383 et
724 3320 797 3382 aliis
815 3337 880 3383 non
900 3328 985 3383 recte
1004 3320 1182 3402 agentibus.
1239 3315 1382 3397 diligere,
1408 3325 1440 3378 et
1464 3333 1522 3398 pro
1551 3318 1822 3400 persequentibus
1847 3337 1972 3390 exorare,

437 3417 528 3480 Nunc
547 3426 655 3481 antem
677 3419 709 3481 in
729 3418 845 3481 vitium
866 3418 1042 3482 deformata
1059 3419 1182 3494 estiva,
1239 3414 1345 3480 omnis
1364 3415 1490 3478 occasio
1510 3415 1565 3480 irae
1583 3416 1739 3480 aufertur.

437 3524 469 3579 et
488 3523 598 3579 contra
618 3517 775 3579 rationem
797 3517 829 3577 in
853 3516 994 3579 furorem
1020 3534 1182 3592 conversa,
1279 3513 1575 3588 Praeterea,iraista
1591 3515 1791 3597 parvinum,
1811 3517 1973 3600 presertim

438 3622 473 3677 ut
489 3631 576 3677 more
591 3613 770 3696 phrenetici
786 3621 950 3677 moveatur
964 3615 1060 3678 homo
1075 3623 1185 3678 contra
1239 3631 1310 3693 quae
1329 3618 1379 3674 est
1398 3612 1530 3675 mortale
1549 3620 1728 3695 peccatum,
1746 3615 1843 3678 valde
1862 3615 1974 3678 vitanda

438 3711 615 3786 bominem,
635 3719 745 3774 contra
768 3712 909 3775 amioum
933 3720 965 3776 et
989 3713 1183 3796 proximum,
1239 3717 1296 3772 est.
1317 3710 1432 3785 Primo,
1453 3711 1605 3793 quoniam
1624 3711 1790 3775 bominem
1816 3715 1901 3777 intus
1919 3731 1975 3776 om·

439 3819 470 3872 et
485 3818 595 3874 contra
609 3829 643 3873 se
659 3810 777 3893 ipsum,
787 3811 948 3874 interdum
963 3812 1059 3874 etiam
1075 3820 1185 3875 contra
1239 3808 1316 3870 nino
1336 3809 1513 3884 deordinat,
1529 3817 1562 3871 et
1576 3827 1683 3873 eoram
1702 3810 1767 3874 lieo
1788 3812 1974 3894 deturpatae

439 3907 640 3971 insensibilia
667 3916 700 3970 et
728 3908 967 3984 irrationabilia,
999 3911 1074 3984 imo,
1099 3910 1185 3993 quod
1240 3906 1557 3970 inhonestattethoc
1574 3908 1820 3990 ideo‚quoniam
1835 3911 1974 3973 rationem

439 4006 615 4088 pessimum
635 4014 693 4082 est,
715 4007 875 4070 interdum
899 4015 1008 4070 contra
1032 4009 1131 4071 Deum
1154 4015 1186 4071 et
1240 4012 1387 4080 excecat,
1417 4013 1449 4068 et
1477 4005 1521 4067 ita
1550 4005 1654 4068 efficit
1684 4007 1855 4071 bominem
1887 4007 1975 4070 brutis

410 4174 416 4184 ,
439 4106 579 4168 Sanctos.
1240 4103 1440 4166 consimilem
1455 4103 1615 4187 fatuisque
1630 4103 1844 4169 conformem.
1860 4106 1977 4188 Propter

477 4203 631 4269 Praeterea
651 4204 752 4286 quaeri
774 4211 888 4287 potest,
906 4206 1033 4287 qnando
1055 4213 1087 4269 et
1107 4225 1183 4288 qua·
1199 4206 1223 4268 b
1240 4203 1335 4283 quod,
1357 4203 1439 4264 siout
1459 4202 1492 4265 in
1515 4203 1655 4265 themate
1675 4209 1799 4267 tactum
1825 4214 1885 4279 est,
1904 4205 1976 4268 Salo

439 4301 512 4366 liter
528 4303 575 4365 ira
593 4303 635 4365 sit
653 4311 820 4384 peccatum
841 4303 982 4366 mortale.
1000 4303 1038 4366 Et
1052 4307 1184 4387 resp'on·
1239 4318 1315 4363 mon
1329 4301 1529 4364 cohortatur:
1543 4301 1615 4364 «Ne
1630 4301 1674 4364 sis
1689 4302 1781 4365 velox
1798 4305 1841 4366 ad
1856 4304 1977 4366 irasoen
1995 4321 2056 4364 ne·-

437 4403 590 4476 dendum,
606 4402 692 4485 qnod
709 4403 755 4464 ira
774 4409 961 4485 potestesse
977 4402 1184 4466 immoderata
1238 4399 1486 4481 dum,quoniam
1502 4399 1549 4462 ira
1565 4400 1597 4463 in
1612 4401 1685 4463 sinu
1701 4401 1792 4464 stulti
1804 4425 1836 4478 »,
1847 4404 1878 4466 id
1893 4412 1936 4466 est
1949 4403 1975 4463 in
1987 4391 2009 4428 ¹'·

438 4499 620 4580 dupliciter.
645 4499 761 4574 Primo,
786 4518 826 4562 ex
855 4508 944 4583 parte
973 4500 1122 4564 vindicta
1152 4502 1184 4564 in
1240 4498 1335 4560 corde
1350 4498 1766 4581 fatui,«requiescit».Nam
1782 4519 1825 4565 eo
1842 4504 1977 4586 ipsoquo

439 4615 536 4679 quam
557 4598 668 4672 tendit,
684 4606 719 4661 ut
741 4599 768 4662 si
790 4617 848 4681 pro
868 4617 965 4681 parva
989 4599 1107 4681 injuria
1131 4619 1184 4662 on·
1239 4597 1312 4678 quis
1328 4597 1422 4660 talem
1439 4598 1519 4659 iram
1533 4598 1673 4661 admittit
1688 4606 1720 4662 ct
1735 4601 1867 4676 retinet,
1877 4602 1976 4663 merito

440 4695 507 4777 piat
527 4696 600 4777 quis
623 4696 742 4759 inferre
768 4716 914 4779 magnam
936 4698 1120 4761 vindictam.
1147 4699 1186 4761 llt
1239 4694 1355 4757 stultus
1370 4703 1510 4758 vocatur.
1527 4696 1657 4779 Propter
1671 4699 1757 4779 quod
1778 4699 1812 4761 in
1828 4699 1887 4763 Job
1905 4717 1976 4761 asse·

440 4793 507 4856 haec
523 4793 569 4855 ira
584 4811 623 4856 ex
643 4812 700 4857 suo
719 4812 835 4875 genere
850 4802 899 4858 est
916 4803 1083 4877 peccatum
1105 4815 1185 4860 mor·
1239 4793 1321 4855 ritur
1337 4811 1344 4855 ε
1361 4794 1472 4856 Virum
1488 4794 1623 4857 stultum
1638 4795 1794 4859 interficit
1811 4798 1973 4861 iracundia
1993 4810 2048 4853 vex..

439 4891 512 4966 tale,
536 4892 689 4974 quoniam
717 4894 839 4955 caritati
868 4895 1088 4970 contrariatur,
1114 4915 1185 4977 que
1238 4929 1278 4938 —
1293 4893 1450 4968 Secundo,
1466 4893 1618 4976 quoniam
1639 4894 1805 4958 hominem
1822 4897 1902 4961 foris
1915 4915 1976 4959 cou-

440 5007 503 5054 non
524 4991 677 5067 irritatur,
693 5010 752 5054 nec
772 4992 889 5073 cogitat
910 4993 1047 5074 malum3
1064 5002 1185 5058 contra·
1239 4992 1453 5076 temptibilem
1474 4993 1588 5068 reddit,
1605 5001 1637 5056 et
1651 4994 1763 5058 insano
1781 4997 1923 5059 similem
1940 4996 1975 5058 fa·

438 5090 540 5153 riatur
558 5108 687 5173 quoque
704 5091 847 5172 justitie,
864 5093 940 5174 quia
960 5093 1114 5175 majorem
1133 5114 1185 5158 ex·
1239 5093 1291 5155 cit.
1309 5093 1358 5154 lra
1376 5110 1515 5175 namque
1535 5093 1598 5156 cito
1616 5111 1653 5155 ac
1670 5094 1840 5158 evidenter
1857 5103 1975 5180 apparet
2061 5093 2062 5120 l

438 5189 517 5273 petit
547 5189 701 5254 ultionem
730 5210 826 5273 quam
858 5192 953 5274 culpa
984 5201 1124 5256 meretur
1152 5202 1185 5257 et
1238 5193 1271 5254 in
1288 5191 1369 5268 visu,
1386 5192 1420 5254 in
1439 5190 1531 5266 facie,
1549 5192 1582 5254 in
1597 5209 1675 5256 voce
1694 5201 1726 5256 et
1741 5194 1899 5274 gestibus.
1915 5195 1976 5258 ldeo

436 5290 560 5374 justum
593 5296 650 5352 est.
681 5291 785 5354 Potest
813 5298 920 5354 tamen
949 5311 1020 5355 esse
1048 5292 1182 5356 venialis
1237 5293 1282 5356 ait
1295 5293 1620 5376 Hieronymusttiuid
1636 5295 1788 5360 iracundo
1803 5297 1976 5363 furorsuus
