4154 6258
325 488 473 538 common
492 489 546 537 xvi
565 488 639 536 aosr
658 487 852 536 rammam.
872 505 913 518 -
932 488 975 535 en
995 488 1190 556 animosum
1212 492 1311 542 sanim
1331 495 1444 544 saxrus
1596 481 1658 548 479

104 667 186 722 tunc
214 659 319 722 adhuc
348 660 443 722 rudes
470 659 611 734 fuerunt,
637 678 696 722 nec
725 678 763 722 ea
787 677 858 741 quae
872 659 898 724 A
912 659 995 742 parit
1009 659 1244 737 contritionem,
1254 665 1584 747 compunctionem,et
1598 675 1660 730 ter-

105 756 299 820 dicebantur
313 776 331 820 a
347 756 472 821 Christo
491 775 605 840 capere
627 765 717 820 erant
738 757 857 832 idonei,
912 776 1063 823 renerum
1083 761 1269 844 despectum
1294 763 1428 838 inducit,
1448 763 1588 848 facitque
1608 766 1663 829 ho

106 855 179 937 ipse
207 856 361 919 Dominus
384 856 475 920 lesus
504 856 647 919 Christus
672 863 744 938 post
768 875 859 918 suam
913 858 1034 920 minem
1050 859 1255 936 custoditum,
1273 860 1456 926 timoratum
1471 883 1507 926 ac
1522 863 1662 928 fruetuo

106 954 377 1018 resurrectionem
393 961 425 1017 et
439 955 663 1018 ascensionem
680 954 712 1017 in
728 954 857 1030 coelum,
913 976 984 1019 sum
1007 957 1040 1020 iu
1061 958 1221 1022 omnihus.

1 1078 92 1126 t.n,³,t.
106 1053 199 1116 misit
214 1053 278 1116 illis
294 1053 449 1136 Spiritum
465 1053 628 1128 Sanctum,
645 1053 700 1136 qui
718 1053 804 1135 ipsos
819 1054 859 1116 de
952 1055 1095 1138 lienique
1114 1056 1154 1119 ad
1173 1057 1234 1120 hoo
1257 1057 1363 1142 ipsum
1383 1059 1521 1142 allegant
1541 1063 1661 1126 summi

106 1151 269 1215 universis
284 1153 446 1226 instruxit,
462 1152 732 1236 quemadmodum
748 1151 781 1214 in
796 1171 859 1215 ser·
913 1154 1061 1217 Doctores
1084 1163 1116 1218 et
1135 1157 1237 1219 sancti
1257 1157 1363 1220 Patres
1383 1159 1480 1222 etiam
1498 1160 1661 1224 Platonem

106 1266 205 1313 mone
233 1248 365 1331 praelato
395 1249 474 1332 ipsis
503 1249 662 1332 promisit,
688 1249 856 1312 dicendo:
913 1251 1150 1336 philosophum.
1177 1254 1229 1316 Ait
1251 1275 1389 1339 namque
1414 1257 1625 1341 Hieronymus
1651 1279 1658 1324 ε

0 1391 9 1412 ,,
23 1385 91 1422 am,
105 1347 214 1420 ouum
237 1348 362 1411 venerit
385 1347 440 1411 ille
465 1347 603 1430 Spiritus
627 1348 781 1422 veritatis,
806 1348 859 1411 do-
912 1350 1050 1413 Platonis
1070 1353 1227 1415 sententia
1246 1362 1305 1429 est,
1321 1371 1450 1418 omnem
1467 1357 1660 1438 sapientium

106 1446 195 1508 cebit
219 1463 276 1510 vos
304 1464 434 1509 omnem
464 1447 650 1526 veritatem;
675 1454 707 1508 et
736 1465 857 1522 rursuS,
912 1448 1011 1511 vitam
1028 1451 1267 1514 meditationem
1283 1471 1352 1516 esse
1368 1453 1488 1516 mortis.
1501 1454 1659 1518 Debemus

6 1573 91 1623 ruse
105 1544 214 1618 Quum
236 1544 361 1606 venerit
380 1544 570 1619 Paracletus,
586 1562 683 1625 quem
705 1561 765 1624 ego
787 1543 859 1606 mit·
912 1565 987 1628 ergo
1011 1556 1043 1609 et
1067 1566 1124 1611 nos
1148 1550 1361 1632 praemeditari
1387 1551 1464 1633 quid
1488 1552 1659 1636 aliquando

4 1639 44 1686 ³⁶·
105 1651 174 1705 tam
189 1643 283 1706 vobis
301 1663 320 1706 a
337 1643 439 1717 Patre,
456 1642 611 1725 Spiritum
630 1643 784 1717 veritatis,
801 1643 857 1725 qui
912 1646 1013 1708 simus
1036 1646 1136 1708 futuri
1154 1665 1161 1710 :
1178 1655 1210 1710 et
1231 1649 1327 1730 quod,
1348 1650 1486 1714 velimus
1507 1651 1658 1726 nolimus,

105 1761 123 1803 a
139 1743 232 1805 Patre
246 1742 401 1824 procedit,
412 1742 466 1804 ille
482 1759 538 1804 vos
554 1741 661 1804 omnia
676 1741 813 1814 docebit,
825 1747 858 1803 et
915 1743 1006 1825 louge
1027 1743 1138 1808 abesse
1160 1763 1222 1808 non
1244 1754 1356 1829 potest.
1373 1748 1560 1812 Ambrosius
1585 1769 1661 1832 que

105 1849 258 1922 suggeret
277 1839 367 1904 vobis
387 1841 496 1903 omnia
515 1859 724 1922 quecumque
747 1840 857 1903 dixero
876 1845 977 1925 Bque
997 1843 1169 1906 disseruit:
1187 1844 1368 1908 Secundum
1387 1846 1559 1922 Platonem,
1576 1868 1661 1910 sum-

106 1938 211 2002 vobis.
231 1939 375 2002 Christus
394 1957 470 2020 ergo
487 1938 549 2000 luit
566 1957 713 2000 summus
735 1938 858 2020 sapien·
916 1959 967 2004 ma
989 1941 1193 2024 philosophia
1216 1949 1264 2005 est
1288 1944 1452 2008 meditatio
1475 1945 1588 2010 mortis
1612 1965 1659 2010 as·

105 2037 318 2119 tissimusque
333 2037 538 2119 prophetaut
552 2036 646 2100 etiam
660 2037 859 2100 adversarius
915 2040 1014 2102 sidua.
1027 2039 1088 2103 Sed
1102 2047 1134 2102 et
1149 2039 1307 2104 Glimaous
1323 2041 1444 2124 aliquid
1459 2043 1533 2107 iude
1548 2045 1659 2126 tangit,

106 2144 226 2198 uostrae
249 2135 339 2216 legis,
366 2135 565 2198 miserrimus
593 2135 800 2210 llahometus,
826 2136 859 2198 in
914 2138 1050 2201 diceudo
1067 2155 1073 2200 :
1090 2139 1205 2201 hlirum
1226 2147 1310 2202 certe
1332 2141 1492 2223 quomodo
1511 2150 1542 2205 et
1561 2143 1660 2207 Graeci

106 2252 168 2297 suo
183 2234 338 2297 Alcorano
357 2241 500 2308 testatur,
518 2251 614 2315 quem
634 2240 666 2296 ct
681 2234 720 2297 de
735 2233 859 2316 virgine
913 2237 976 2300 tale
991 2236 1112 2319 aliquid
1129 2246 1203 2301 sunt
1217 2238 1318 2314 effati,
1334 2239 1410 2323 quia
1424 2241 1659 2324 philosophiam

107 2341 221 2395 natum
235 2331 364 2406 fatetur,
377 2332 576 2414 verbumque
592 2332 648 2394 Dei
663 2338 696 2394 et
710 2333 858 2414 spiritum
914 2355 984 2400 esse
1004 2336 1114 2399 dicunt
1137 2338 1247 2400 mortis
1272 2339 1520 2403 meditationem.
1542 2340 1660 2405 Verum

106 2451 145 2494 ac
168 2431 320 2494 nuntium
342 2429 498 2492 ditissimi
519 2430 672 2493 nominat.
915 2442 949 2496 ut
972 2434 1039 2498 haec
1068 2434 1248 2498 evidentius
1273 2436 1483 2514 innotescant,
1509 2437 1660 2502 diffusius

4 2556 92 2604 earn.
149 2528 208 2592 Hic
229 2529 339 2611 itaque
354 2527 508 2603 Christus,
529 2528 632 2592 virtus
650 2536 684 2590 et
704 2527 859 2610 sapientia
914 2533 1164 2596 introducamus
1181 2536 1439 2599 commemorabo
1454 2537 1531 2619 quid
1547 2537 1585 2600 de
1601 2537 1660 2600 bac

107 2629 168 2691 liei
191 2628 303 2702 Patris,
328 2625 427 2690 verbo
451 2635 482 2689 et
507 2626 557 2690 sui
586 2626 687 2709 ipsius
712 2628 859 2709 exemplo
913 2648 947 2693 re
962 2630 1079 2693 dixerit
1093 2639 1125 2693 et
1140 2631 1173 2694 in
1188 2633 1315 2715 scriptis
1332 2633 1498 2715 reliquerit
1512 2635 1609 2710 Plato,
1626 2643 1662 2698 ut

107 2727 220 2792 docuit
241 2744 298 2789 nos
320 2731 435 2788 cuncta
456 2731 581 2788 terrena
601 2725 776 2807 despicere,
794 2743 860 2788 car·
913 2729 1009 2792 etiam
1025 2748 1064 2791 ex
1078 2729 1248 2810 gentilium
1264 2729 1527 2812 philosophorum
1543 2732 1660 2795 doctri·

106 2827 196 2889 nalia
215 2833 246 2888 et
266 2824 385 2896 caduca
405 2823 597 2906 relinquere,
614 2831 730 2887 mtema
749 2831 781 2886 et
798 2841 859 2888 coe
913 2827 963 2890 nis
987 2826 1200 2890 confundatur
1224 2829 1363 2911 pigritia,
1386 2829 1590 2911 negligentia,
1614 2830 1662 2893 in-

107 2925 203 2988 lestiu
225 2923 345 3005 jugiter
365 2921 527 2996 affectare,
543 2928 638 3004 atque
659 2922 698 2984 ad
723 2930 858 2985 mortem
913 2925 1063 3008 sipientia
1091 2933 1123 2988 et
1152 2927 1320 2990 carnalitas
1350 2935 1467 2992 nostra.
1493 2929 1602 3013 ltaque
1627 2930 1661 2992 iu

16 3051 75 3094 arri,
106 3043 169 3087 nos
192 3021 409 3086 indesinenter
430 3039 541 3104 parare
562 3039 569 3082 :
589 3020 734 3102 Vigilate,
756 3021 859 3103 iuqui-
874 3029 895 3093 c
913 3024 1067 3088 Phaedone
1091 3025 1137 3088 sic
1162 3025 1304 3109 loquitur
1327 3027 1413 3092 Plato
1435 3029 1518 3092 :Vir
1539 3029 1662 3112 inphi-

13 3117 59 3164 ·⁴²·
107 3123 273 3206 ens,quia
293 3120 424 3184 nescitis
446 3138 509 3203 qua
531 3120 608 3182 hora
630 3120 784 3182 Dominus
805 3138 859 3182 ve·
914 3123 1577 3207 losophiaduoensvitam,confiditquum
1594 3145 1661 3190 mo·

1 3249 28 3290 u.
43 3263 93 3300 m,
107 3231 177 3286 ster
201 3229 356 3284 venturus
380 3219 437 3298 sit;
457 3225 489 3280 et
512 3218 599 3292 item,
616 3218 762 3301 Vigilate,
783 3218 859 3301 quia
913 3223 939 3283 ri
960 3222 1084 3296 debeat,
1101 3222 1248 3285 maximis
1267 3222 1401 3286 fruitum
1422 3224 1468 3287 ire
1486 3224 1588 3288 bonis.
1605 3227 1662 3290 lle·

106 3320 242 3385 nescitis
261 3319 346 3382 diem
367 3335 471 3399 neque
491 3317 613 3380 horam.
630 3317 718 3380 Unde
738 3324 769 3379 et
783 3317 859 3379 llar-
913 3338 988 3382 veru
1003 3319 1263 3402 philosophantes
1281 3321 1374 3384 morti
1391 3339 1424 3384 se
1440 3329 1561 3404 parant.
1578 3323 1660 3386 hlors

10 3457 91 3497 ram,
107 3440 168 3484 cus
183 3437 257 3482 oum
273 3417 392 3481 dixisse
411 3415 524 3478 scribit
540 3433 547 3476 :
564 3415 698 3497 Vigilate
712 3414 858 3496 (nescitis
913 3417 999 3480 aliud
1023 3435 1087 3480 non
1106 3425 1153 3479 est
1172 3417 1235 3478 nisi
1253 3419 1367 3482 anime
1388 3419 1593 3503 corporisque
1613 3421 1659 3484 di-

4 3511 76 3556 ³⁶··³³·
105 3521 197 3582 enim
222 3517 350 3600 quando
374 3515 527 3581 Dominus
549 3515 657 3578 veniet
680 3531 687 3576 :
711 3533 792 3589 sero,
817 3534 857 3578 an
913 3516 1004 3579 visio.
1031 3516 1099 3578 Non
1129 3522 1177 3577 est
1206 3514 1389 3599 philosophi
1418 3518 1546 3582 studere
1575 3521 1660 3584 circa

106 3618 216 3680 media
232 3623 336 3690 nocte,
351 3633 391 3677 an
406 3612 481 3696 galli
497 3619 603 3687 cantu,
619 3631 661 3675 an
675 3613 793 3694 mane),
805 3631 856 3686 ne,
913 3614 1092 3697 voluptates
1116 3631 1262 3676 escarum
1286 3621 1318 3676 et
1342 3622 1476 3697 potuum
1504 3636 1541 3680 ac
1566 3637 1661 3682 vene-

105 3735 211 3799 quum
229 3713 354 3777 venerit
377 3719 521 3795 repente,
541 3711 684 3774 inveniat
706 3729 762 3774 vos
787 3713 857 3774 dor·
914 3729 1049 3774 reorum.
1071 3710 1253 3773 Ridiculum
1280 3719 1329 3774 est
1350 3713 1456 3777 virum
1482 3715 1572 3778 omni
1596 3716 1662 3782 vita

106 3817 266 3894 mientes3
290 3812 407 3885 videte,
432 3811 561 3893 vigilate
586 3817 618 3873 et
642 3817 737 3873 orate.
764 3811 858 3874 Porro
913 3817 1144 3892 praeparantem
1172 3829 1206 3872 se
1229 3809 1269 3872 ad
1299 3819 1446 3886 mortem,
1471 3813 1661 3878 adveniente

105 3933 226 3996 magna
243 3930 317 3996 pars
336 3908 575 3994 praeparationis
591 3909 632 3972 ad
647 3917 793 3984 mortem,
810 3917 858 3972 est
913 3927 961 3983 ea,
978 3909 1111 3972 moleste
1126 3908 1210 3971 ferre
1226 3909 1382 3973 eamdem.
1395 3910 1427 3974 Si
1441 3929 1538 3994 quem
1553 3913 1661 3976 videas

103 4014 261 4096 frequens
281 4017 313 4073 et
327 4008 486 4084 cordialis,
502 4007 652 4071 allectiva
671 4015 765 4090 atque
786 4025 857 4089 pro·
912 4007 1051 4088 graviter
1065 4006 1148 4070 ferre
1163 4026 1260 4089 quum
1274 4006 1388 4071 debeat
1402 4010 1491 4084 mori,
1499 4010 1587 4074 nullo
1600 4029 1662 4074 mo

104 4112 209 4175 funda
231 4108 395 4172 meditatio
416 4106 539 4182 mortis,
555 4126 619 4189 qua
639 4107 736 4169 homo
755 4123 788 4168 se
808 4124 858 4169 oo·
911 4107 952 4170 do
976 4113 1043 4168 erat
1067 4105 1286 4189 philosophus.
1311 4106 1383 4171 llaec
1406 4108 1501 4172 Plato.
1526 4109 1660 4174 Nomina

103 4213 187 4294 gitat
201 4209 349 4272 celeriter
363 4205 562 4278 moriturum,
570 4213 602 4268 et
616 4205 649 4266 in
665 4205 734 4287 ipsa
747 4205 858 4268 mortis
872 4210 897 4273 D
912 4213 1019 4268 autem
1041 4205 1224 4288 philosophi
1246 4205 1397 4288 iutelligit
1418 4215 1592 4272 amatorem
1613 4229 1659 4272 sa·

104 4313 186 4375 hora
208 4315 383 4392 puncturas
405 4313 437 4368 et
455 4304 616 4386 augustias
639 4303 752 4366 mortis
772 4323 857 4367 ama·
912 4304 1049 4387 pientiae.
1077 4305 1229 4368 Praeterea
1251 4305 1492 4380 advortendum,
1516 4306 1601 4388 quod
1624 4307 1658 4370 iu

105 4410 254 4472 rissimas
273 4405 536 4486 acutissimasque
556 4421 737 4487 passurum,
754 4402 794 4464 ab
813 4403 858 4465 in·
912 4403 1022 4466 eodem
1039 4401 1122 4465 libro
1137 4403 1272 4465 multum
1289 4403 1418 4477 seriose,
1430 4403 1657 4485 pulchre,sub·

102 4507 294 4574 visibilibus
321 4503 467 4568 hostibus
496 4502 802 4565 circumvallandum
827 4510 858 4564 et
912 4500 1011 4562 tiliter
1034 4507 1066 4562 et
1089 4498 1248 4582 profunde
1272 4499 1414 4581 loquitur
1438 4499 1524 4563 Plato
1548 4511 1658 4566 contra

103 4610 176 4673 dire
192 4601 500 4678 tentandum,divini
516 4619 642 4684 quoque
656 4600 770 4681 judicii
786 4618 858 4663 cou—
912 4599 1091 4681 voluptates
1107 4597 1259 4672 carnales,
1272 4605 1382 4662 contra
1395 4598 1572 4676 avaritiam,
1584 4619 1658 4665 con·

103 4707 238 4772 sistorio
252 4702 520 4786 presentandum,
532 4707 562 4762 et
578 4700 617 4762 de
633 4699 857 4762 minutissimis
912 4707 960 4760 tra
980 4697 1178 4760 curiositates
1198 4716 1234 4760 ac
1254 4705 1358 4760 cetera
1372 4698 1462 4774 vitia,
1479 4701 1565 4764 etde
1585 4720 1658 4766 con·

103 4808 203 4871 etiam
219 4803 321 4885 culpis
336 4809 400 4864 tam
413 4799 644 4863 commissionis
658 4817 753 4880 quam
766 4797 860 4861 omis·
912 4797 1119 4880 templatione
1142 4816 1178 4859 ac
1203 4797 1413 4860 retributione
1436 4818 1506 4882 quae
1527 4799 1566 4862 fit
1587 4809 1660 4884 post

104 4904 209 4970 sionis
233 4899 474 4983 dijudicandum
502 4917 540 4960 ao
564 4896 774 4980 puniendum,
800 4915 858 4978 pro
913 4897 1010 4960 vitam
1033 4903 1232 4978 praesentem.
1250 4895 1422 4960 Consuevit
1442 4905 1548 4960 autem
1573 4899 1659 4964 Plato

105 5004 229 5089 quibus
244 4999 372 5063 interim
388 5016 452 5061 non
467 4995 622 5060 satisfecit
636 4996 787 5078 plenarie.
802 4997 857 5058 lta·
912 4995 1010 5057 libros
1032 5013 1106 5057 suos
1127 4993 1313 5057 nominibus
1334 4994 1496 5058 intitulare
1518 4997 1659 5081 discipu·

105 5123 172 5188 que
186 5101 260 5164 talis
277 5098 439 5162 meditatio
454 5095 565 5160 mortis
585 5094 796 5157 saluberrima
810 5101 858 5156 est
912 5095 1015 5156 lorum
1041 5109 1183 5166 suorum,
1200 5109 1336 5175 quorum
1361 5093 1478 5155 intuitu
1503 5095 1603 5157 edidit
1625 5097 1659 5158 li-

105 5211 142 5268 et
160 5199 319 5285 sapientia
341 5215 465 5279 magna,
481 5195 633 5279 quoniam
656 5200 783 5257 revocat
804 5194 858 5256 he
911 5192 993 5254 bros.
1001 5189 1117 5253 Habuit
1133 5208 1208 5252 vero
1222 5189 1416 5272 discipulum
1433 5191 1562 5254 nomine
1578 5192 1659 5258 Phae-

105 5303 233 5368 minem
254 5318 273 5362 a
294 5296 444 5380 peccatis,
464 5303 497 5360 et
517 5295 555 5357 de
580 5292 748 5376 preteritis
769 5291 856 5355 vitiis
911 5291 1038 5365 donem,
1051 5289 1107 5370 qui
1123 5287 1227 5370 primo
1242 5287 1305 5350 fuit
1320 5305 1429 5350 servus
1445 5291 1656 5371 quorumdam
