4140 6258
444 484 505 551 alo
660 504 809 552 noumrex
828 504 883 552 vm
904 503 977 552 rosr
997 502 1190 551 mmmmm.
1211 520 1252 531 -
1271 503 1314 548 xn
1333 501 1508 550 nemorosos
1519 501 1528 566 ;
1551 502 1649 549 suano
1669 501 1783 548 sxxrus

447 673 502 736 nio
525 682 579 737 aut
603 675 734 751 honore,
759 684 806 740 tot
834 685 865 740 et
893 665 996 738 tantos
1022 675 1193 757 perdamus
1207 674 1233 738 A
1247 673 1468 738 contusionem
1492 682 1588 757 atque
1608 673 1830 756 gravissimam
1854 671 1960 738 incurra-
2046 723 2047 774 ,

448 771 597 854 labores3
627 793 686 837 nec
716 782 779 837 tam
812 774 969 836 immensa
997 772 1194 836 beatitudine
1249 793 1320 836 mus
1334 773 1584 848 damnationem,
1602 772 1793 856 reprobante
1811 789 1867 834 nos
1879 771 1960 837 lodice
2046 791 2047 866 y

448 890 505 936 nos
527 874 702 957 privemus,
725 893 766 938 ne
790 880 822 936 et
846 873 929 935 ultra
952 872 1019 936 haec
1043 879 1193 934 aternam
1248 889 1384 934 summo.

997 1305 1189 1392 SERMO
1230 1303 1448 1391 SEXTUS

521 1573 561 1620 DE
581 1572 742 1621 arroderet
763 1571 800 1619 ΕΤ
821 1571 909 1620 mem
931 1570 1102 1618 navortomt
1122 1569 1271 1627 malunt,
1291 1568 1456 1625 vsnllsoutt
1476 1566 1667 1616 noemam
1687 1568 1910 1617 animosam.

516 1852 632 1914 MNIS
651 1851 750 1911 ardor
767 1869 839 1930 quoe
858 1868 924 1909 non
942 1850 1026 1925 tacit
1043 1849 1193 1925 fructum
1210 1846 1233 1910 B
1248 1845 1429 1920 hominum,
1440 1862 1607 1927 usquequo
1620 1845 1710 1927 gravi
1730 1846 1846 1909 cordat
1859 1847 1891 1910 Ut
1907 1849 1962 1930 quid
2047 1897 2048 1926 ,

532 1950 661 2019 bonum,
678 1949 861 2017 eccidetctr,
877 1955 907 2006 et
929 1947 965 2006 in
989 1947 1096 2023 ignem
1118 1946 1193 2004 mit·
1247 1944 1380 2026 diligitis
1404 1943 1589 2018 vanitatem,
1612 1951 1644 2006 et
1667 1945 1809 2026 queritis
1832 1947 1961 2008 mendaci·

447 2056 546 2108 tetur.
563 2046 671 2109 Matth.
688 2063 743 2120 vu,
761 2043 809 2108 19.
1248 2045 1327 2104 umt
1343 2042 1478 2105 Econtra
1490 2060 1497 2103 :
1509 2041 1623 2106 Beatus
1638 2041 1688 2104 vir
1703 2043 1797 2124 cujus
1813 2051 1858 2106 est
1870 2061 1962 2106 nonen
1980 2062 2040 2104 um

486 2144 673 2226 Unigenitus
697 2143 795 2206 Filius
817 2143 885 2217 Dei,
904 2143 958 2226 qui
981 2142 1013 2204 in
1036 2149 1191 2224 quantum
1248 2141 1375 2204 Domini
1397 2159 1470 2223 spes
1493 2140 1575 2222 ejus,
1592 2146 1624 2202 et
1642 2159 1706 2204 non
1729 2142 1865 2224 respexit
1881 2143 1912 2204 in
1928 2129 1984 2204 ra·⁵·

298 2253 432 2306 tenu-zu,
447 2242 530 2306 Deus
546 2250 604 2315 est,
620 2241 832 2304 essentialiter
846 2259 940 2303 verus
960 2247 992 2302 et
1010 2239 1126 2302 veritas
1146 2246 1194 2301 est
1248 2239 1362 2302 nitates
1377 2247 1409 2302 et
1424 2239 1564 2301 insanias
1584 2237 1688 2301 falsas.
1705 2239 1786 2302 Hinc
1804 2240 1846 2302 ait
1861 2239 1964 2302 bernr-

300 2319 431 2430 f'cffl,
447 2347 479 2403 et
499 2341 568 2422 ipsa
589 2339 745 2422 sapientia
763 2339 818 2401 Dei
842 2339 951 2413 Patris,
970 2338 1074 2400 sciens
1096 2357 1192 2420 quarn
1248 2338 1307 2399 dus
1338 2354 1345 2399 :
1376 2337 1547 2420 llypocrita
1577 2337 1752 2418 singularia
1782 2346 1814 2400 et
1842 2338 1963 2400 inusitate

447 2437 678 2520 specialissime
709 2455 745 2499 ac
776 2436 1056 2498 vehementissime
1089 2435 1193 2497 omnis
1248 2443 1396 2510 sectatur,
1422 2443 1457 2497 ut
1479 2434 1685 2516 fragrantiam
1712 2437 1847 2519 propriae
1866 2437 1964 2518 opinio

446 2535 625 2619 hypocrisis
649 2543 681 2598 et
704 2534 857 2616 appetitio
881 2553 970 2597 vanas
995 2533 1109 2608 laudis,
1129 2551 1194 2596 om·
1248 2533 1298 2596 nis
1320 2533 1490 2595 dillundat.
1515 2533 1613 2614 Cujus
1637 2533 1767 2598 allectio
1791 2534 1963 2617 elongatura

447 2633 497 2696 nis
514 2633 677 2707 confictio,
695 2632 818 2695 vanitas
834 2640 865 2694 et
880 2632 1038 2713 deceptio,
1054 2632 1191 2708 veritati,
1249 2630 1384 2705 Christo,
1401 2639 1433 2693 et
1446 2632 1538 2693 vanis
1555 2631 1719 2695 favoribus
1734 2633 1914 2712 delectatum
1926 2651 1964 2694 cu·

447 2733 589 2814 aequitati
609 2751 646 2794 ac
660 2751 743 2795 verae
764 2731 928 2814 sapientise
948 2732 1192 2805 contradentur,
1247 2727 1299 2808 jus
1316 2747 1490 2802 mens,non
1506 2730 1690 2792 testimonio
1706 2730 1899 2794 conscientie
1913 2747 1963 2812 pm-

305 2842 393 2887 uaut.
404 2857 433 2899 u,
447 2839 543 2912 atque
558 2850 576 2892 a
590 2831 654 2893 Deo
674 2830 903 2912 despiciantur,
921 2837 1029 2892 contra
1049 2830 1194 2912 hypocri-
1250 2827 1337 2908 price,
1354 2827 1409 2888 sed
1423 2826 1660 2890 adulationibus
1675 2829 1880 2891 demulcetur.

298 2907 434 3020 ζ,5,ξ5;,5,“,’,
447 2930 509 2992 sirn
531 2929 563 2991 in
579 2929 750 3011 Evangelio
766 2927 953 2990 terribiliter
967 2946 1004 2988 ac
1019 2928 1194 3010 saepissime
1294 2923 1477 3004 Cogitemus
1501 2925 1601 2988 Deum
1631 2927 1740 2989 omnia
1764 2927 1924 2990 intuentem
1942 2935 1963 2990 cl

300 3032 432 3133 ¹⁴⁸²3⁰l³
448 3027 600 3110 loquitur,
626 3035 659 3089 et
682 3026 863 3110 hypocritas
893 3023 1083 3088 mirabiliter
1112 3021 1231 3087 dete-C
1249 3022 1357 3085 omnia
1379 3022 1610 3103 judicaturum,
1631 3033 1663 3086 et
1685 3025 1831 3088 odiamus
1847 3026 1963 3109 hypocri-
2048 3061 2049 3068 ,

298 3095 560 3204 {haliaeetus
592 3124 741 3207 reprobat
772 3131 804 3186 et
835 3124 1035 3186 condemnat.
1068 3123 1194 3186 Scribas
1250 3121 1402 3198 sim3non
1419 3121 1620 3184 simulatores
1635 3129 1667 3185 et
1681 3123 1858 3198 callidi,sed
1871 3123 1964 3206 simpli·

299 3217 434 3322 1¹5¹·¹·⁵⁶³¹¹¹'2
447 3241 575 3306 quoque
599 3231 631 3286 et
652 3222 823 3286 Pharisaeos
848 3221 886 3284 de
910 3221 1072 3304 hypocrisi
1097 3222 1194 3284 maxi·
1250 3238 1302 3281 ces
1315 3237 1383 3280 esse
1396 3226 1576 3299 satagemus
1588 3228 1620 3282 et
1636 3220 1964 3286 timoratillttendamus

328 3310 333 3322 ¹
448 3341 499 3386 me
514 3321 727 3405 reprehendit.
736 3321 875 3395 Quorum
890 3319 992 3383 nihilo
1008 3321 1114 3382 minus
1130 3321 1196 3402 qui·
1249 3335 1345 3399 quam
1361 3316 1573 3391 vanum,vile,
1584 3318 1717 3380 stultum
1733 3328 1765 3382 et
1780 3321 1962 3402 periculosun

447 3421 520 3483 dam
549 3421 656 3503 specle
686 3427 779 3482 oenus
808 3418 960 3498 religiosi,
986 3418 1192 3501 hypocrisim,
1249 3416 1292 3478 sit
1310 3415 1459 3478 humanis
1480 3415 1627 3479 laudibus
1648 3417 1811 3494 delectari,
1826 3419 1962 3482 hominum

447 3519 620 3582 vanitatem
635 3517 850 3598 astutiamque
865 3524 1053 3598 sequuntur.
1065 3517 1195 3599 Propter
1250 3513 1448 3594 reputatione
1465 3514 1602 3577 inaniter
1615 3515 1761 3596 gloriari:
1775 3518 1847 3600 quia
1860 3535 1908 3599 per
1919 3517 1963 3578 hoc

448 3617 533 3699 quod
554 3616 695 3698 loquitur
717 3614 914 3696 Augustinus
931 3634 938 3678 :
955 3614 1054 3688 Quam
1076 3614 1194 3677 multos
1249 3631 1310 3676 non
1326 3611 1429 3676 solum
1445 3620 1594 3676 eternam
1611 3613 1964 3690 beatitudinemlleiami-

448 3715 629 3797 hypocritas
649 3712 709 3776 sub
729 3712 840 3775 habitu
861 3712 1089 3775 monachorum
1110 3712 1195 3774 calli·
1249 3711 1567 3794 citiam‚omnemque
1583 3711 1735 3776 virtutem
1750 3712 1962 3787 amittimussad

448 3812 600 3875 dissimns
613 3811 712 3875 bostis
727 3811 893 3892 dispersit!
907 3810 1195 3892 Circumeuntpro-
1250 3814 1404 3888 perpetua
1427 3826 1555 3889 quoque
1580 3827 1744 3872 meremur
1772 3812 1920 3895 supplicia,
1940 3819 1963 3870 ct

447 3908 699 3990 vinciaspetunt
713 3915 745 3971 et
758 3907 891 3988 exigunt
905 3915 1048 3990 sumptus
1064 3908 1194 3971 lucrosae
1249 3904 1471 3968 confusionem
1496 3925 1671 3988 perennem
1695 3908 1878 3973 habebimus
1898 3917 1963 3971 tante
2049 3989 2050 3992 Ἴ

448 4005 608 4088 egestatis,
629 4013 685 4068 aut
706 4005 863 4068 simulatae
887 4005 1026 4087 pretium
1049 4007 1195 4068 sanctita-
1249 4003 1415 4085 majorem,
1442 4012 1561 4086 quanto
1584 4005 1637 4068 hic
1661 4006 1702 4070 ab
1727 4007 1899 4072 hominibus
1917 4007 1963 4068 vir·
2049 4077 2050 4090 ¹

447 4105 639 4179 tis.Quidam
654 4104 750 4167 etiam
766 4104 798 4166 in
814 4103 1024 4167 observantiis
1039 4104 1105 4167 suis
1121 4112 1196 4166 sunt
1249 4102 1405 4166 tuosiores
1427 4103 1673 4168 estimabamur.
1691 4103 1730 4168 Et
1751 4109 1806 4190 qui
1829 4107 1908 4170 modo
1921 4105 1963 4166 de

448 4204 636 4286 singulares,
652 4202 765 4278 videri,
787 4203 874 4276 sciri,
893 4202 1014 4264 laudari
1037 4211 1192 4286 optantes.
1209 4201 1233 4264 l)
1250 4211 1338 4267 votos
1361 4211 1392 4266 et
1413 4212 1538 4267 sanctos
1560 4222 1617 4268 nos
1637 4205 1841 4282 arbitrantur,
1856 4214 1917 4268 tunc
1932 4203 1962 4264 de

449 4303 487 4365 Et
512 4303 567 4385 qui
592 4302 625 4366 in
650 4309 772 4365 secreto
793 4319 900 4364 coram
924 4302 988 4366 Deo
1012 4310 1138 4385 torpore
1163 4312 1194 4366 et
1249 4310 1356 4366 nostra
1371 4303 1509 4366 vanitate
1523 4311 1619 4386 atque
1638 4305 1764 4370 insania
1783 4306 1961 4370 mirabuntur.

448 4400 642 4483 negligentia
660 4400 748 4483 pleni
771 4407 856 4474 sunt,
880 4418 985 4464 coram
1010 4402 1195 4468 hominibus
1290 4402 1389 4475 Quam
1411 4402 1527 4465 stultus
1548 4411 1715 4479 mercator,
1732 4405 1787 4487 qui
1804 4423 1856 4488 pro
1869 4403 1960 4470 divino,

448 4500 600 4580 grandem
626 4498 828 4580 praetendunt
851 4497 1021 4575 servorem,
1044 4501 1197 4565 simulant
1250 4499 1373 4562 coelesti
1403 4507 1434 4562 et
1461 4508 1580 4565 aterno
1608 4501 1741 4578 honore,
1766 4501 1960 4566 transitorium.

448 4597 848 4678 aequitatemdcvotionem
864 4597 1104 4679 confinguntlli
1122 4609 1196 4662 sunt
1249 4598 1315 4660 imo
1339 4597 1565 4662 brevissimum
1589 4609 1620 4663 et
1640 4601 1816 4664 humanum
1839 4601 1959 4664 bonorem

448 4694 504 4776 qui
519 4712 583 4757 non
597 4696 764 4758 attendunt
779 4714 838 4758 nec
852 4704 1000 4758 metuunt
1014 4697 1193 4761 districtum
1248 4697 1470 4779 amplectitur!
1488 4697 1512 4759 0
1527 4697 1704 4782 hypocrita,
1716 4701 1743 4762 si
1759 4697 1911 4783 appetibile
1921 4701 1960 4757 est
1975 4711 2047 4760 oie*

448 4792 504 4855 Dei
522 4792 697 4874 judicium3
713 4794 769 4875 qui
785 4794 932 4857 homines
952 4794 1024 4877 plus
1044 4803 1196 4860 verentur
1248 4797 1427 4859 virtuosum
1456 4815 1537 4870 esse,
1563 4805 1620 4860 cu'r
1649 4798 1698 4861 vis
1728 4818 1871 4882 apparere
1893 4785 2006 4877 quod*

447 4910 544 4972 quam
564 4892 676 4965 Deum,
693 4892 749 4974 qui
771 4892 870 4973 magis
890 4891 1064 4956 formidant
1079 4894 1119 4956 ab
1140 4895 1195 4958 ho
1249 4913 1312 4958 non
1337 4895 1386 4958 vis
1409 4899 1505 4958 esset
1526 4896 1558 4959 Si
1582 4897 1702 4961 malum
1724 4906 1773 4962 est
1793 4898 1918 4961 vitiosum
1933 4899 1958 4954 el

447 4988 589 5052 minibus
603 4989 1195 5075 despici,vituperari,conlundi,quam
1249 5013 1366 5058 vanum
1391 4994 1554 5070 exsistere,
1577 5015 1634 5058 cur
1655 4996 1704 5058 vis
1729 5015 1796 5060 esse
1818 4993 1888 5077 quod
1908 5007 1956 5051 non

446 5087 587 5150 aludiee
606 5087 763 5151 altissimo
783 5089 946 5170 reprobari
964 5108 1001 5152 ac
1018 5093 1191 5173 aspernari.
1248 5093 1297 5156 vis
1319 5096 1495 5175 appareret
1514 5092 1562 5156 An
1586 5093 1712 5174 ignoras
1737 5094 1818 5176 quod
1839 5089 1906 5154 nibil
1923 5087 1957 5147 iu

486 5187 509 5251 0
525 5207 621 5270 qnam
642 5187 770 5251 inlinita
786 5196 835 5252 est
850 5189 1019 5252 excaecatio
1036 5197 1068 5253 et
1083 5190 1194 5275 insipi·
1248 5192 1436 5254 exterminet
1450 5191 1719 5273 quemadmodum
1736 5191 1957 5268 simulatiolquo

311 5302 419 5356 reum.
445 5285 531 5348 entia
551 5286 685 5350 horumt
703 5286 823 5362 Quibus
843 5286 887 5349 ait
911 5287 1093 5371 Propheta:
1121 5289 1191 5353 Filii
1246 5290 1332 5353 uiam
1362 5288 1483 5352 malum
1512 5289 1572 5352 sub
1601 5291 1710 5372 specie
1740 5291 1811 5355 boni
1835 5287 1954 5352 celatum.
