4288 6264
395 541 542 590 comaron
564 543 636 590 POST
657 541 868 590 asctnsmnax
888 541 1005 589 nomi.
1026 559 1066 572 ···
1086 541 1262 590 adunatum
1284 543 1315 590 ΙΝ
1335 542 1530 591 SVANGELlUU
1696 523 1736 592 iiii

585 955 886 1045 ENARRATIO
920 957 974 1044 IN
1007 957 1344 1046 EVhNGELIUM

354 1223 436 1280 ouux
457 1223 588 1270 ramam
610 1222 813 1279 causaturus,
834 1223 916 1278 onan
938 1224 996 1271 nno
1016 1224 1132 1270 nimau
1154 1223 1240 1270 roars
1261 1227 1283 1270 x
1304 1225 1412 1282 rxrnr,
1434 1227 1573 1273 srrmrou

588 1320 757 1376 rumrxrrs,
778 1319 841 1366 arc.
858 1304 967 1367 loanu.
984 1322 1035 1380 xv,
1051 1303 1102 1380 26,
1118 1302 1256 1385 27;xv1‚
1275 1305 1336 1368 l-h.
1447 1343 1449 1348 ·

261 1601 407 1666 UONlhhl
423 1601 517 1663 modo
533 1600 628 1662 instat
642 1597 815 1662 solennitas
830 1598 976 1660 Pente-A
992 1597 1094 1661 batur.
1120 1597 1236 1680 Sicque
1264 1619 1323 1682 per
1344 1619 1418 1663 eum
1443 1601 1580 1685 Spiritus
1604 1602 1737 1667 Sanctus

274 1708 388 1774 costes,
406 1700 437 1762 in
459 1717 521 1780 qua
544 1697 698 1761 Dominus
720 1704 827 1760 noster
847 1698 936 1759 lesus
990 1696 1052 1758 tale
1074 1697 1294 1760 testimonium
1316 1698 1480 1782 perhibuit
1501 1700 1635 1776 Christ0,
1652 1705 1737 1785 quod

188 1801 333 1864 Christus
364 1798 451 1860 misit
481 1796 640 1878 Apostolis
672 1796 825 1878 Spiritum
859 1795 936 1858 San·
988 1794 1087 1857 ludaei
1120 1796 1175 1877 qui
1207 1797 1302 1878 paulo
1333 1805 1405 1860 ante
1435 1797 1738 1880 blasphemaverunt

188 1907 286 1972 ctum,
304 1897 387 1960 sicut
405 1903 478 1957 aute
498 1895 678 1978 passionem
698 1900 730 1956 et
749 1894 844 1956 etiam
866 1900 937 1974 post
991 1893 1164 1968 Christum,
1180 1896 1366 1977 compuncti
1386 1903 1460 1958 suut
1479 1897 1574 1960 corde
1588 1905 1619 1960 et
1637 1899 1738 1982 poeui·

189 1995 453 2058 resurrectionem
474 2011 564 2055 suam
587 1991 633 2054 eis
654 1991 837 2073 frequenter
858 2011 935 2073 prae-
990 1997 1171 2078 tuerunt‚ac
1187 1993 1315 2054 credere
1330 2001 1495 2075 coeperunt
1511 1995 1543 2057 in
1558 2013 1629 2058 cum
1645 2015 1737 2078 quem

187 2095 285 2172 dixit;
302 2093 422 2155 idcirco
438 2093 469 2155 in
486 2091 647 2153 dominica
662 2090 722 2152 ista
737 2109 807 2172 quae
826 2087 936 2172 praela·
989 2089 1460 2172 occiderunt,quemadm0dum
1475 2094 1568 2155 etiam
1584 2102 1656 2157 ante
1672 2115 1739 2177 pas-

188 2202 226 2256 tae
251 2191 473 2254 sacratissimae
497 2189 679 2252 solennitati
708 2195 756 2251 est
779 2187 934 2270 proxima,
990 2186 1114 2248 sionem
1130 2206 1220 2250 suam
1236 2188 1378 2251 Christus
1393 2189 1439 2250 eis
1455 2190 1601 2272 praedixit
1614 2209 1620 2254 :
1633 2193 1735 2266 Quum
1750 2209 1882 2262 rotamur,

188 2291 415 2354 convenienter
430 2289 547 2370 legitur
566 2287 766 2369 evangelium
784 2306 934 2368 praesens,
990 2285 1204 2348 exaltaveritis
1218 2285 1362 2368 (inquit),
1375 2287 1407 2349 id
1421 2295 1480 2362 est,
1494 2307 1589 2351 cruce
1604 2310 1736 2372 suspen·
1751 2276 1784 2318 ²⁸·

188 2391 221 2452 iu
250 2407 315 2471 quo
343 2388 494 2450 recitatur
520 2385 657 2468 qualiter
685 2385 829 2449 Christus
858 2385 934 2447 mis·¹
990 2383 1111 2458 deritis,
1128 2384 1243 2446 Filium
1268 2385 1419 2460 hominis,
1441 2394 1518 2450 tunc
1540 2390 1736 2470 cognoscatis

187 2487 309 2549 sionem
340 2503 377 2548 ac
407 2483 625 2566 operationem
659 2482 796 2564 Spiritus
830 2482 936 2545 Sancti
989 2481 1064 2564 quia
1080 2501 1138 2564 ego
1153 2501 1235 2545 sum.
1254 2484 1351 2560 Unde,
1370 2485 1421 2548 die
1436 2486 1646 2562 Pentecostes,
1663 2507 1736 2551 con-

186 2582 345 2666 Apostolis
364 2581 590 2666 praenuntiavit
608 2589 703 2662 atque
724 2580 880 2662 promisit.
898 2580 937 2642 Et
989 2599 1081 2643 versa
1099 2600 1136 2643 ac
1158 2581 1315 2664 baptizata
1336 2583 1467 2646 luerunt
1485 2585 1547 2647 tria
1566 2585 1666 2648 millia
1683 2588 1735 2650 lu·
1750 2612 1802 2657 net,
1815 2616 1882 2664 qn,

186 2690 351 2764 sumptum
368 2688 416 2744 est
436 2679 637 2760 evangelium
660 2679 743 2740 istud
763 2697 801 2740 ex
817 2696 935 2741 sermo·
989 2679 1140 2742 dacorum.

187 2799 227 2842 ne
243 2779 359 2843 Christi
375 2785 446 2862 post
462 2777 644 2840 Coenam.ln
659 2794 723 2858 quo
738 2795 835 2857 quum
852 2775 936 2839 Chri·
951 2773 972 2838 B
1029 2777 1137 2859 ltaque
1161 2778 1206 2839 ait
1229 2777 1370 2841 Salvator
1389 2797 1396 2841 :
1414 2802 1431 2838 u
1446 2780 1548 2855 Quum
1567 2783 1734 2858 venerit»,

188 2885 255 2940 stus
275 2877 466 2940 declarasset
485 2875 732 2938 obstinationem
752 2881 784 2936 ct
799 2873 935 2936 inlideli-
991 2893 1054 2938 non
1070 2875 1175 2938 locum
1193 2878 1355 2951 mutando,
1377 2879 1431 2940 scd
1453 2879 1485 2940 iu
1506 2879 1596 2959 signo
1615 2880 1736 2943 visibili

50 2999 124 3026 vana·
136 2998 173 3035 n,
190 2984 285 3038 tatem
309 2975 501 3047 ludaeorum,
524 2973 605 3034 inter
626 2981 730 3034 cetera
751 2971 861 3034 dicens
878 2989 885 3034 :
903 2973 934 3035 Si
991 2974 1029 3036 de
1046 2992 1128 3036 novo
1148 2975 1329 3057 apparendo
1349 2995 1385 3037 ac
1405 2977 1577 3058 operando,
1593 2986 1625 3040 et
1643 2980 1737 3058 grati-

31 3079 57 3091 ””
80 3081 116 3092 “’
189 3094 252 3138 non
268 3075 440 3148 venissem,
457 3079 489 3134 et
504 3071 628 3134 locutus
648 3071 694 3133 eis
710 3088 772 3132 nou
789 3069 933 3144 fuissem,
990 3091 1042 3134 am
1059 3073 1736 3152 maximaminfundendo,«Paracletus»,id

189 3182 355 3256 peccatum
377 3189 440 3234 non
463 3169 636 3248 haberent3
653 3188 738 3231 nuuc
757 3175 862 3231 aulem
884 3187 936 3231 ex·
990 3177 1038 3232 est
1054 3171 1190 3253 Spiritus
1211 3172 1344 3234 Sanctus
1362 3190 1368 3234 :
1386 3173 1442 3254 qui
1461 3172 1578 3235 dicitur
1596 3164 1735 3238 Paracle-

189 3270 386 3334 cusationem
411 3287 474 3331 non
500 3266 620 3329 habent
642 3267 680 3329 de
710 3273 840 3348 peccatu
865 3285 932 3340 suo,
990 3277 1052 3342 tus,
1079 3269 1111 3330 id
1134 3277 1183 3330 est
1206 3269 1393 3343 consolator,
1420 3271 1495 3352 quia
1519 3291 1609 3358 spem
1634 3275 1735 3337 veniae

188 3369 264 3451 quia
278 3367 351 3430 odio
366 3367 547 3429 hahuerunt
562 3383 613 3427 me
631 3365 747 3446 qratis3
764 3364 813 3426 his
827 3363 935 3426 verbis
990 3367 1093 3429 dando
1109 3367 1250 3430 laetilicat
1265 3369 1484 3450 poenitentem,
1500 3377 1595 3452 atque
1613 3371 1735 3435 divino-

188 3465 331 3530 Christus
360 3465 506 3548 protinus
536 3463 623 3526 addit
652 3461 748 3525 verba
778 3463 933 3543 evangelii
990 3484 1061 3526 rum
1091 3466 1261 3546 gratiosam
1294 3467 1595 3550 contemplationem
1626 3469 1735 3532 inlun-

188 3564 310 3646 hujus:
990 3563 1094 3625 dendo
1115 3563 1342 3646 caritatemque
1360 3565 1563 3629 accendendo
1582 3567 1736 3630 exhilarat

233 3667 339 3733 Quum
368 3663 493 3722 venerit
522 3663 728 3728 Paracletus,
757 3679 851 3738 quem
879 3678 935 3735 epo
992 3669 1148 3740 mentem3
1166 3679 1288 3744 «quem
1305 3663 1734 3743 ogomittamvobis»,dan-

186 3764 317 3822 mittam
333 3761 420 3821 vobis
434 3781 454 3820 c
469 3763 583 3830 Patre,
591 3759 757 3834 Spiritum
775 3758 933 3827 veritatis,
991 3759 1031 3821 do
1046 3767 1078 3821 ct
1093 3759 1258 3822 inllueudo
1273 3761 1423 3824 cordibus
1438 3761 1551 3824 vestris
1566 3762 1736 3826 charisma-

186 3861 247 3939 qui
274 3881 294 3918 a
319 3862 422 3922 Patre
446 3860 606 3934 procedit,
632 3858 688 3916 illc
714 3857 933 3915 testimonium
990 3865 1020 3919 ta
1035 3859 1206 3937 gratiarum
1224 3859 1334 3940 ipsius.
1352 3859 1410 3921 Per
1428 3859 1487 3921 hoc
1503 3859 1633 3922 demum
1650 3863 1735 3942 quod

183 3959 364 4034 perhibebit
385 3959 425 4016 dc
445 3977 504 4016 mc.
521 3955 585 4017 Hoc
606 3953 800 4037 completum
821 3952 881 4016 luit
901 3953 933 4016 iu
949 3957 970 4021 G
989 3955 1131 4019 Christus
1161 3957 1252 4030 dixit,
1277 3957 1376 4030 Quem
1400 3974 1458 4038 ego
1483 3957 1606 4020 mittam
1631 3958 1733 4033 vobis,

185 4056 237 4118 die
252 4057 462 4129 Pentecostes,
475 4055 507 4116 iu
523 4071 587 4136 quo
601 4054 702 4116 sancti
717 4051 871 4136 Apostoli,
883 4071 933 4114 ac·
989 4055 1130 4116 insinuat
1144 4055 1228 4136 quod
1244 4055 1381 4136 Spiritus
1396 4056 1529 4118 Sanctus
1543 4055 1583 4118 ab
1600 4057 1669 4138 ipso
1684 4077 1735 4120 vc·

186 4161 279 4236 cepto
294 4155 415 4236 Spiritu
434 4155 559 4226 Sancta,
576 4161 607 4216 ct
627 4152 753 4232 exejus
774 4152 933 4214 illumina·
989 4173 1022 4216 re
1045 4156 1217 4237 procedat:
1235 4153 1385 4236 qnoniam
1410 4155 1464 4216 uni
1487 4155 1603 4218 divinae
1628 4157 1735 4219 Perso-

185 4253 272 4315 tione
294 4261 325 4316 et
344 4253 445 4334 gratia
467 4251 603 4336 impleti,
621 4251 817 4314 intellectum
837 4251 933 4313 totius
988 4273 1036 4316 nae
1052 4272 1115 4316 non
1131 4253 1284 4335 competit
1299 4253 1424 4315 mittere
1443 4253 1538 4315 aliam
1558 4255 1735 4319 secundum

184 4371 281 4416 sacrm
303 4351 484 4434 Scriptura,
500 4351 646 4414 omnium
666 4369 793 4434 quoque
815 4353 934 4433 lingua·
988 4361 1132 4416 naturam
1149 4353 1301 4428 divinam,
1319 4353 1380 4416 uisi
1395 4355 1516 4417 ratione
1531 4355 1663 4436 originis
1678 4376 1734 4419 seu

187 4471 258 4514 rum
273 4451 378 4534 adepti
394 4450 551 4526 notitiam,
568 4459 719 4515 exeuntes
736 4455 775 4516 de
790 4473 934 4517 coenacu·
987 4453 1183 4515 auctoritatis
1197 4452 1235 4514 ad
1257 4451 1354 4515 illam.
1374 4452 1460 4514 Unde
1480 4472 1644 4535 nunquam
1661 4455 1734 4535 legi-

185 4549 216 4612 lo
240 4557 271 4612 et
295 4548 438 4612 conclavi
461 4549 492 4611 in
518 4569 582 4632 quo
604 4551 757 4632 Spiritum
782 4553 931 4614 Sanctum
989 4559 1039 4613 tur
1061 4553 1150 4614 Pater
1171 4553 1287 4614 missus
1308 4570 1326 4612 a
1348 4551 1427 4614 Filio
1448 4552 1497 4612 rel
1518 4552 1638 4634 Spiritu
1660 4553 1734 4616 San·

183 4656 388 4730 acceperuut,
410 4649 606 4731 ingressique
631 4650 786 4731 templum
810 4652 932 4713 Jerusa-
987 4658 1046 4712 cto.
1068 4651 1165 4712 Filius
1190 4668 1264 4712 roro
1291 4650 1406 4730 legitur
1431 4651 1546 4712 missus
1570 4671 1587 4713 a
1611 4651 1731 4735 Spiritu

186 4747 261 4820 lem,
287 4753 453 4828 coeperunt
482 4747 652 4829 praedicare
682 4749 721 4810 de
750 4749 873 4811 Christo
902 4757 932 4810 et
987 4751 1112 4824 Sancto,
1129 4750 1211 4812 sicut
1229 4749 1273 4812 ait
1292 4769 1350 4831 per
1365 4750 1476 4812 lsaiam
1495 4766 1502 4810 ε
1520 4751 1558 4812 Et
1572 4770 1657 4814 nunc
1673 4753 1731 4814 Do·
1759 4771 1818 4815 nx
1821 4787 1875 4824 ιιιιιιι

184 4845 329 4910 omniurn
344 4845 489 4925 gentium
509 4845 625 4926 linguis
647 4846 745 4928 loqui,
762 4856 856 4930 atque
877 4867 933 4930 per
989 4849 1094 4910 minus
1124 4849 1210 4911 misit
1236 4868 1298 4922 me,
1323 4857 1354 4910 et
1379 4847 1510 4930 spiritus
1535 4849 1614 4929 ejus.
1640 4849 1730 4912 ltem·
1746 4837 1778 4878 ¹⁰·

184 4944 300 5007 veteris
312 4943 499 5006 Testamenti
515 4942 686 5025 scripturas
701 4944 834 5028 probare
849 4949 931 5028 quod
987 4967 1048 5030 que
1067 4947 1227 5029 :Spiritus
1247 4947 1372 5009 Domini
1393 4967 1489 5029 super
1509 4967 1570 5022 me,
1589 4966 1627 5010 eo
1646 4949 1729 5030 quod
1746 4968 1879 5020 ruamur.

182 5042 273 5105 lesus
288 5042 467 5104 Nazarenus
483 5048 566 5103 esset
580 5042 708 5104 hlessias
724 5043 756 5105 in
779 5044 845 5125 lege
862 5063 932 5127 pro·
987 5047 1114 5109 unxerit
1137 5064 1204 5126 mc;
1222 5046 1437 5127 evangelizare
1461 5047 1653 5129 pauperibus
1676 5047 1732 5108 mi-

186 5140 312 5202 missus.
341 5139 528 5221 Specialitcr
552 5158 627 5202 vero
652 5141 855 5204 beatissimus
881 5144 933 5206 Pe·
947 5144 972 5206 D
987 5146 1028 5207 sit
1045 5135 1105 5207 me.
1123 5145 1196 5219 Quae
1212 5144 1308 5207 verba
1322 5146 1406 5226 apud
1422 5145 1538 5207 Lucam
1555 5146 1594 5208 de
1609 5165 1642 5208 se
1659 5166 1733 5227 praa·
1747 5166 1837 5218 raca,
1848 5169 1879 5209 rc.

184 5249 264 5311 trus,
290 5246 441 5320 tauquam
472 5238 693 5319 Apostolorum
725 5241 873 5322 praelatus
903 5251 933 5304 et
987 5244 1070 5306 dicta
1095 5243 1212 5306 latetur
1235 5243 1387 5306 Christus.
1415 5244 1474 5306 Sccl
1500 5244 1559 5305 hoc
1585 5245 1734 5306 convenit

186 5346 293 5420 caput,
309 5337 510 5419 apertissime
526 5357 561 5398 ac
577 5338 808 5402 virtuosissimc
828 5341 933 5422 loquc-
989 5342 1112 5405 Christo
1137 5362 1175 5404 cx
1201 5350 1288 5423 parte
1318 5341 1524 5403 humanitatis
1551 5349 1731 5424 assumptae.
