4288 6264
436 476 474 541 74
710 497 743 544 ur
762 495 815 542 nur
836 494 951 542 sauoro
971 495 1186 543 ramncosras.
1207 515 1247 525 -
1267 495 1442 544 auxanxrro
1463 496 1495 542 nr
1515 495 1710 544 uvxncnmurr

436 685 487 728 res
507 683 646 749 quoque,
663 669 800 749 majores
819 687 855 731 ac
874 669 1015 732 seniores
1034 675 1089 730 aut
1103 668 1184 731 nihil
1197 668 1223 731 Α
1237 667 1288 731 vel
1318 687 1414 751 quem
1442 667 1601 732 edificare
1630 676 1686 732 aut
1708 667 1860 749 adjuvare
1883 665 1981 750 possi-

436 772 492 827 aut
506 766 633 848 parcius
648 773 697 828 est
712 766 916 849 loquendum.
930 767 1045 841 Tertio,
1058 768 1185 849 quando
1237 787 1319 830 mus.
1342 767 1468 842 Quinto,
1489 768 1625 849 qualiter
1648 767 1690 830 sit
1711 766 1919 849 loquendum,
1939 767 1982 828 vi-

289 879 424 936 ncenna.
439 863 632 946 loquendum
649 865 701 938 sit,
713 865 788 947 quia
804 873 838 926 ut
853 865 1000 928 Salomon
1016 866 1118 940 docet,
1131 866 1185 928 Est
1237 865 1353 928 delicet
1367 865 1532 928 humiliter
1546 885 1582 928 ac
1599 867 1751 940 modeste,
1761 873 1794 928 et
1808 883 1871 928 non
1888 863 1983 926 nimis

437 969 566 1044 tempus
582 962 743 1044 loquendi,
754 970 786 1025 et
801 971 928 1046 tempus
943 964 1077 1027 tacendi.
1094 965 1184 1026 'lem-
1237 965 1370 1046 prolixe,
1382 964 1457 1046 quia
1472 972 1506 1026 ut
1522 964 1668 1028 Salomon
1683 965 1737 1040 ait,
1750 965 1872 1027 Stultus
1887 963 1982 1026 verba
1996 976 2090 1022 aean.

437 1080 498 1143 pus
523 1060 673 1142 loquendi
698 1068 746 1124 est
768 1062 844 1124 dum
870 1061 1066 1125 rationabilis
1090 1081 1185 1125 causa
1237 1063 1438 1146 multiplicat.
1456 1064 1490 1126 ln
1506 1063 1564 1125 hac
1579 1082 1654 1145 ergo
1668 1062 1870 1126 sanctissima
1884 1062 1983 1126 solen-

436 1158 535 1240 exigit
563 1159 661 1241 loqui,
687 1159 837 1222 videlieet
866 1167 996 1242 propter
1020 1161 1181 1243 propriam
1237 1161 1336 1224 nitate
1350 1161 1451 1224 simus
1466 1162 1647 1244 specialiter
1662 1162 1767 1225 devoti
1782 1179 1820 1224 ac
1834 1161 1983 1224 custoditi

435 1265 490 1319 aut
504 1258 723 1339 proximorum
739 1258 920 1332 utilitatem,
938 1259 988 1320 vel
1002 1260 1041 1321 ad
1057 1259 1113 1321 Dei
1129 1259 1182 1322 ho·
1238 1260 1271 1322 in
1295 1259 1455 1334 omnibus,
1473 1279 1512 1322 ne
1534 1260 1688 1342 Spiritum
1711 1261 1863 1323 Sanctum
1884 1258 1984 1322 oileu-

435 1374 557 1419 norem.
574 1357 698 1430 Quarto,
714 1357 767 1418 cui
789 1356 984 1440 loquendum
1006 1358 1057 1431 sit,
1074 1366 1182 1440 utpote
1237 1359 1360 1432 damus,
1378 1359 1433 1420 sed
1450 1359 1483 1420 in
1498 1359 1567 1439 ejus
1587 1359 1688 1440 gratia
1706 1377 1888 1422 crescamus
1907 1375 1983 1440 quo

435 1455 465 1518 ei
479 1474 498 1516 a
514 1472 577 1537 quo
597 1455 757 1537 possimus
777 1455 930 1518 aedificari
950 1475 1006 1518 seu
1025 1456 1180 1538 adjuvari,
1238 1457 1314 1520 tidie
1335 1464 1367 1519 et
1387 1456 1604 1539 proficiamus.

830 1887 1134 1973 ENARRATIO
1167 1886 1221 1973 IN
1255 1885 1591 1974 EVANGELIUM

605 2156 632 2200 sr
654 2154 722 2210 ouis
743 2155 855 2200 orarum
876 2154 928 2211 xa,
951 2153 1114 2199 sannorum
1134 2153 1219 2199 uuuu
1241 2153 1399 2210 suaviam,
1421 2153 1483 2198 uro.
1501 2137 1609 2198 Joaun.
1627 2153 1690 2209 xrv,
1707 2134 1811 2198 23-31.

498 2429 742 2496 VANGELlUll
772 2431 936 2514 presentis
966 2431 1030 2494 diei
1055 2431 1086 2494 in
1111 2451 1181 2493 sau·
1197 2433 1221 2495 B
1236 2449 1269 2493 se
1293 2431 1389 2513 ipsos,
1411 2431 1585 2492 secundum
1612 2431 1765 2493 Thomam
1789 2438 1820 2492 et
1844 2431 1984 2506 Scotum,

513 2529 654 2593 ctissime
676 2530 863 2593 solennitate
885 2529 942 2591 hac
965 2531 1182 2610 congruentis·
1235 2531 1298 2592 imo
1313 2529 1489 2591 secundum
1504 2527 1887 2608 Augustinum,dioentem
1901 2531 1986 2611 quod

432 2631 514 2693 sime
530 2629 655 2710 legitur,
666 2629 741 2710 quia
756 2629 840 2710 quod
856 2628 999 2691 Christus
1016 2628 1048 2690 in
1064 2646 1181 2690 sermo·
1235 2628 1460 2690 intellectualis
1484 2634 1629 2689 creatura
1653 2627 1789 2689 naturali
1813 2627 1985 2691 dilectione

433 2747 473 2791 ne
489 2735 560 2810 post
575 2727 701 2790 Coenam
717 2727 756 2788 de
769 2725 901 2808 Spiritus
914 2726 1017 2789 Sancti
1033 2726 1182 2789 missione
1235 2728 1335 2789 Deum
1360 2726 1432 2808 plus
1455 2724 1559 2804 diligit
1579 2743 1675 2805 quam
1700 2744 1734 2787 se
1756 2725 1859 2807 ipsam
1879 2725 1986 2806 (aliter

432 2833 464 2889 et
478 2824 662 2908 operatione
678 2822 835 2906 promisit,
852 2831 946 2906 atque
962 2824 1115 2886 hodierno
1130 2824 1181 2886 die
1234 2824 1356 2906 aliquid
1381 2842 1462 2905 pure
1486 2822 1629 2884 naturale
1653 2832 1736 2886 esset
1755 2823 1983 2896 inordinatum,

432 2923 615 3006 complevit,
642 2923 673 2985 in
699 2923 864 3004 evangelio
893 2922 954 2985 isto
977 2909 1178 2985 describitdr.
1235 2941 1334 3005 quum
1360 2930 1466 2984 tamen
1495 2929 1661 3003 peccatum
1691 2939 1754 2985 non
1784 2921 1910 2984 sitnisi
1936 2941 1983 2985 re-

431 3024 486 3087 ait
498 3041 572 3103 ergo
587 3023 729 3085 Salvator
744 3021 910 3103 discipulis
926 3021 1088 3103 suis,puta
1102 3022 1182 3102 Apo·
1235 3039 1342 3083 cessus
1358 3019 1397 3082 ab
1415 3020 1551 3100 eoquod
1568 3027 1615 3080 est
1630 3020 1806 3082 secundum
1827 3028 1982 3093 naturam,

432 3121 656 3203 stolis,quibus
672 3121 704 3182 in
720 3138 866 3182 sermone
883 3127 954 3202 post
969 3119 1096 3183 Coenam
1114 3119 1181 3181 haec
1234 3120 1285 3182 vel
1309 3119 1403 3181 etiam
1429 3137 1572 3180 recessus
1597 3117 1636 3180 ab
1661 3109 1784 3193 ordine,
1806 3119 1982 3182 secundum

432 3220 535 3283 dixit:
1234 3218 1379 3279 divinum
1403 3215 1613 3299 Dionysium).
1631 3216 1723 3279 Omni
1744 3235 1820 3299 ergo
1841 3236 1914 3280 cum
1935 3217 1982 3279 di-

472 3319 512 3379 Sc'
533 3318 606 3397 quis
626 3317 740 3394 dilipit
763 3337 812 3376 me
836 3315 1006 3378 dilectione
1031 3333 1181 3396 superna·
1235 3315 1365 3397 ligantia
1381 3315 1489 3377 divina
1509 3323 1583 3376 sunt
1598 3315 1795 3377 observanda
1811 3323 1980 3398 precepta,

431 3415 538 3488 turali,
559 3415 694 3494 gratuita
716 3421 747 3474 et
769 3413 973 3495 infusaque
996 3420 1043 3474 est
1064 3411 1181 3474 theolo-
1233 3414 1324 3496 juxta
1342 3413 1422 3475 illud
1437 3413 1679 3476 Proverbiorum
1697 3431 1704 3475 :
1722 3413 1818 3477 Serva
1836 3415 1982 3478 mandata
2000 3429 2103 3470 reem

432 3513 503 3594 gica
517 3511 815 3585 virtus,sermonem
831 3531 935 3571 meum
952 3513 1104 3580 servabit,
1120 3510 1180 3572 hoo
1235 3520 1266 3574 et
1288 3512 1390 3592 legem
1413 3511 1503 3592 quasi
1528 3511 1683 3593 pupillam
1708 3511 1794 3574 oculi
1815 3513 1872 3574 tui.
1889 3512 1979 3585 Hinc,

431 3618 491 3684 est,
508 3609 723 3690 evangelicam
739 3607 914 3670 doctrinam
934 3608 1118 3669 memoriter
1132 3627 1179 3670 re·
1195 3611 1216 3675 C
1235 3617 1315 3673 teste
1330 3609 1623 3690 Gregorio,signum
1640 3609 1820 3672 dilectionis
1835 3617 1883 3673 est
1896 3611 1983 3673 exhi-

432 3706 558 3782 tinebit,
584 3707 752 3789 praeceptis
778 3706 856 3768 meis
880 3705 1017 3778 obediet,
1040 3707 1181 3770 testimo
1236 3709 1316 3771 bitio
1337 3707 1452 3790 operis.
1471 3708 1509 3768 Et
1529 3709 1557 3770 S.
1574 3709 1709 3771 loannes
1729 3709 1890 3790 apostolus
1911 3708 1979 3770 ait:

411 3808 496 3870 'niis
517 3806 596 3868 meis
617 3805 733 3867 credet.
751 3805 809 3876 Qui
829 3805 914 3866 enim
937 3803 1060 3866 sincere
1077 3804 1182 3886 diligit
1234 3808 1301 3870 Non
1327 3806 1497 3886 diligamus
1522 3806 1620 3868 verbo
1646 3825 1750 3888 neque
1779 3807 1899 3888 lingua,
1925 3807 1980 3869 sed
1998 3828 2080 3870 raons·
2096 3840 2105 3862 2

432 3906 542 3979 alium,
559 3903 755 3966 voluntatem
778 3921 868 3964 suam
891 3901 1067 3966 conformat
1088 3903 1181 3965 ratio·
1234 3923 1330 3988 opere
1351 3912 1383 3966 et
1403 3904 1545 3966 veritate.
2001 3893 2034 3933 ¹⁸·

432 4002 531 4065 nabili
548 4001 701 4065 voluntati
718 4001 788 4081 ejus
804 4020 899 4082 quem
916 3999 1181 4082 diligitquoniam
1273 4007 1318 4065 uc
1338 4006 1442 4066 Pater
1463 4023 1552 4062 meus
1573 4004 1689 4080 diupei
1709 4023 1791 4064 eum.
1811 4003 1870 4077 Qui
1894 4004 1980 4066 enim

432 4101 609 4164 amicorum
631 4107 680 4162 est
699 4099 784 4161 idem
806 4098 887 4161 velle
905 4107 938 4161 et
956 4098 1052 4172 nolle,
1069 4118 1181 4162 secun·
1234 4101 1340 4182 diligit
1359 4119 1455 4162 unam
1475 4100 1616 4163 divinam
1637 4108 1668 4164 et
1688 4101 1861 4165 increatam
1877 4102 1982 4166 Perso

432 4202 508 4263 dum
533 4198 761 4280 Philosophum
789 4217 796 4261 :
823 4197 942 4260 idcirco
970 4198 1025 4280 qui
1049 4217 1123 4260 vere
1150 4205 1182 4260 et
1235 4219 1319 4274 nam,
1337 4199 1442 4281 diligit
1463 4207 1560 4262 totam
1583 4199 1898 4282 superbeatissimam
1919 4200 1981 4263 Tri-

431 4296 636 4380 spiritualiter
650 4295 755 4377 diligit
770 4294 1098 4378 Christumapprobat
1114 4315 1181 4378 quae
1235 4300 1379 4374 nitatem,
1405 4307 1437 4360 et
1465 4299 1521 4380 qui
1550 4298 1590 4360 ab
1620 4318 1683 4361 una
1711 4299 1820 4362 divina
1848 4301 1982 4362 Persona

432 4397 588 4479 approbat
603 4395 757 4470 Christus,
774 4395 842 4457 odit
856 4415 926 4477 quae
946 4395 1095 4478 reprobat
1115 4395 1180 4468 ille,
1235 4405 1369 4470 amatur,
1393 4417 1411 4459 a
1432 4396 1535 4459 tribus
1556 4397 1710 4479 diligitur.
1734 4399 1800 4461 lmo
1822 4399 1905 4462 sicut
1925 4416 1982 4461 nos

433 4495 510 4556 lacit
532 4493 616 4576 quod
636 4493 761 4555 Christo
784 4493 896 4575 placet,
913 4494 991 4556 vitat
1013 4493 1097 4575 quod
1119 4494 1181 4556 dis·
1235 4515 1298 4557 una
1322 4502 1353 4558 et
1374 4496 1484 4557 eadem
1509 4496 1679 4559 dilectione
1700 4496 1865 4578 diligimus
1885 4497 1982 4560 Trini-

321 4621 340 4650 ι.
435 4593 533 4676 plicet
552 4592 610 4666 illi,
626 4593 709 4654 sicut
730 4593 808 4655 dicit
826 4593 1065 4655 Psalmista:ln
1087 4593 1182 4654 corde
1235 4594 1405 4668 tatem‚ita
1425 4613 1443 4655 a
1465 4594 1599 4675 singulis
1624 4594 1741 4656 divinis
1765 4595 1911 4658 Personis
1934 4615 1982 4658 ea·
2113 4623 2114 4676 i

314 4699 321 4712 ‘
436 4709 506 4754 meo
523 4690 673 4753 abscondi
694 4690 899 4772 eloquiatua,
917 4699 1030 4754 utnon
1050 4709 1180 4773 peccem
1235 4693 1309 4754 dem
1332 4692 1462 4754 caritate
1487 4710 1759 4768 amamur:nam,
1780 4701 1815 4756 ut
1840 4695 1884 4757 ait
1903 4694 1983 4757 Psal·
2113 4679 2114 4762 i

434 4789 503 4852 tibi.
522 4791 748 4858 Verumtamen
773 4791 907 4853 naturali
934 4790 1112 4853 dilectione.
1129 4794 1221 4872 pou
1237 4791 1341 4865 mista,
1365 4790 1520 4853 Dominus
1544 4791 1650 4873 diligit
1669 4791 1792 4872 justos3
1817 4799 1923 4875 atque,
1949 4800 1983 4853 ut
2000 4811 2104 4858 ramo

435 4895 495 4952 test
517 4888 589 4971 quis
611 4889 711 4951 Deum
736 4888 879 4969 diligere,
902 4908 960 4951 nec
983 4896 1088 4950 tamen
1111 4889 1181 4969 ejus
1235 4888 1419 4950 Aristoteles
1440 4889 1590 4970 loquitur,
1606 4889 1657 4951 vir
1671 4890 1937 4973 contemplativus
1952 4897 1983 4952 et

434 4993 591 5069 praecepta
607 4986 842 5069 impleroznam
858 4987 950 5047 multi
967 4986 1068 5067 iniqui
1085 5005 1120 5048 ae
1136 5005 1182 5048 re·
1236 4986 1458 5061 virtuosus,est
1473 4988 1709 5050 amantissimus
1721 4988 1888 5052 Deollanc
1902 5007 1982 5052 eam-

434 5085 537 5168 probi,
555 5086 620 5148 imo
635 5092 666 5147 et
681 5083 829 5147 infideles
849 5084 894 5146 sic
911 5084 1048 5165 diligunt
1064 5085 1180 5164 Deum3
1236 5085 1308 5147 dem
1333 5085 1523 5147 senteutiam
1544 5085 1687 5148 Christus
1709 5086 1805 5168 paulo
1823 5093 1896 5150 aute
1916 5087 1984 5162 haec

433 5182 537 5264 angeli
552 5201 681 5266 quoque
696 5187 846 5264 apostata
861 5188 933 5242 ante
949 5201 1039 5243 suam
1055 5183 1181 5244 ruinam
1237 5182 1334 5246 verba
1352 5183 1519 5264 expressit,
1536 5183 1670 5246 dicendo
1687 5203 1694 5247 :
1711 5184 1769 5257 uui
1789 5184 1886 5248 habet
1900 5203 1984 5247 man·
1998 5213 2072 5255 ιω,
2086 5225 2105 5250 ,.

434 5281 616 5345 dilexerunt
631 5280 736 5342 taliter
753 5280 865 5355 Deum,
882 5279 977 5342 etiam
998 5280 1070 5362 plus
1087 5299 1183 5363 quam
1237 5282 1309 5344 data
1335 5299 1405 5343 mea
1428 5288 1461 5344 et
1483 5281 1560 5343 lacit
1584 5300 1631 5356 ea,
1653 5281 1707 5345 ille
1731 5290 1780 5345 est
1802 5283 1858 5364 qui
1882 5279 2037 5364 diligit²¹·
