4206 6258
419 479 480 544 636
613 499 762 549 contuita
782 499 856 548 xxtv
876 501 950 548 POST
970 500 1165 549 rutulianus.
1185 519 1226 532 ···
1245 501 1288 548 AD
1307 500 1503 565 RELIGIOSOSJ
1525 501 1624 549 emo
1645 500 1782 558 QUARTUS

422 677 455 734 et
473 669 593 752 injuste
610 689 618 736 τ
634 672 706 736 idac
729 680 839 737 contra
859 691 950 736 suarn
969 671 1116 749 salutem,
1132 673 1172 737 ad
1186 675 1213 740 Α
1226 692 1363 756 puerum
1378 681 1538 738 mortuum
1550 670 1909 748 incumbendo,tandem
1919 671 1962 736 ob

423 768 570 846 bonoreS,
587 772 626 834 ad
646 771 785 845 divitias,
802 772 841 835 ad
860 772 1050 855 voluptates,
1067 773 1106 835 ad
1121 791 1171 835 va·
1226 773 1323 835 tinuit
1337 773 1421 855 qucd
1441 773 1573 853 rogavit,
1589 781 1622 836 et
1640 790 1778 854 puerum
1798 770 1960 834 suscitavit.

423 887 464 931 na
488 876 520 932 et
548 868 663 933 frivola
686 871 831 933 tendunt.
858 871 902 932 lle
931 871 1049 953 quibus
1076 871 1172 934 Isaias
1225 871 1380 935 Similiter
1404 871 1527 934 Eliseus
1551 870 1659 934 lilium
1683 869 1890 953 susceptricis
1907 889 1962 934 sue
1976 886 2057 944 uras.

422 966 467 1030 ait
483 983 490 1029 ε
507 967 560 1031 Vae
576 968 630 1050 qui
646 968 759 1031 dicunt
773 969 893 1031 bonum
914 969 1045 1044 malum,
1062 977 1094 1031 et
1108 987 1173 1032 ma·
1227 969 1424 1032 suscitavita
1440 969 1584 1044 mortuis,
1594 971 1713 1052 septies
1728 986 1827 1051 super
1841 986 1962 1051 puerum
1972 952 2020 993 ³²³²

423 1065 490 1128 lum
511 1065 643 1141 bonurn,
662 1074 817 1149 ponentes
836 1066 984 1130 tenebras
1008 1067 1123 1142 lucem,
1140 1076 1172 1130 et
1227 1075 1390 1131 mortuum
1412 1067 1639 1144 incumbendo,
1656 1075 1688 1130 et
1709 1067 1780 1148 ejus
1805 1084 1962 1148 corpuscu-

423 1164 529 1228 lucem
548 1165 707 1228 tenebras.
725 1166 783 1230 Pro
802 1167 871 1229 istis
892 1165 989 1247 igitur
1009 1166 1172 1248 incorrigi-
1226 1166 1294 1229 lum
1320 1166 1544 1230 calefaciendo.
1561 1166 1706 1230 cbristus
1726 1182 1805 1229 vero
1828 1164 1894 1228 solo
1916 1165 1963 1228 iur-

421 1263 542 1326 bilibus
557 1271 606 1327 est
619 1265 786 1339 orandum,
796 1272 832 1327 ut
846 1265 989 1328 cbristus
1004 1283 1058 1328 eos
1073 1266 1171 1328 susci·
1226 1265 1316 1346 perio
1336 1264 1477 1347 puellam
1497 1264 1579 1327 bano
1599 1264 1775 1327 suscitavit.
1791 1263 1880 1326 biulti
1896 1282 1962 1346 quc

421 1370 488 1426 tare
513 1363 672 1444 dignetur,
690 1381 743 1427 eos
770 1363 1067 1427 misericordissime
1091 1383 1170 1446 praa·
1225 1383 1288 1445 que
1308 1363 1370 1426 viri
1394 1363 1588 1426 sanctissimi
1612 1363 1645 1425 in
1667 1380 1752 1427 novo
1775 1362 1962 1426 Testamenta

422 1460 591 1535 veniendo,
609 1460 695 1524 intus
715 1463 883 1544 tangendo,
900 1461 1112 1525 illuminando
1132 1481 1169 1525 ac
1226 1469 1368 1525 mortuos
1397 1462 1550 1525 facillime
1576 1462 1823 1524 suscitaverunt.
1848 1459 1963 1541 Legitur

422 1559 663 1623 inflammando.
1225 1561 1312 1623 enirn
1338 1561 1371 1622 in
1390 1561 1616 1642 Vitaspatrum,
1633 1560 1718 1641 quod
1743 1560 1821 1622 dum
1845 1559 1961 1640 quidam

462 1659 617 1742 Denique,
634 1659 718 1722 sicut
741 1660 849 1741 puella
872 1659 905 1722 in
930 1659 1047 1724 lectulo
1069 1659 1171 1741 jacuit
1225 1660 1275 1723 vir
1296 1678 1369 1722 cum
1394 1658 1544 1722 filiosuo
1564 1657 1740 1739 juvenculo
1761 1658 1822 1720 iret
1844 1658 1881 1720 ad
1898 1659 1961 1720 visi·

422 1767 558 1834 mortua,
574 1759 718 1822 vestibus
733 1767 899 1842 cooperta3
917 1760 959 1822 ita
974 1767 1121 1842 peccator
1136 1760 1169 1822 in
1225 1759 1356 1820 tandum
1377 1757 1524 1821 abbatem
1545 1757 1673 1832 Sisoim,
1700 1775 1781 1838 puer
1800 1755 1856 1818 ille
1873 1757 1904 1817 in
1922 1757 1961 1818 iti-

421 1857 561 1939 propriis
575 1857 771 1919 vanitatibus
786 1864 818 1920 et
833 1857 1059 1938 cogitationum
1075 1858 1206 1939 atqueB
1225 1875 1301 1919 nere
1321 1855 1410 1919 obiit.
1427 1855 1518 1919 Pater
1534 1873 1610 1918 vero
1629 1855 1731 1938 ipsius
1751 1855 1870 1916 timens
1889 1855 1961 1936 quod

422 1953 631 2018 affectionum
650 1973 778 2018 suarum
801 1955 947 2028 mollitie,
969 1955 1059 2037 quasi
1079 1955 1110 2016 iu
1129 1955 1171 2018 le·
1224 1954 1322 2018 abbas
1343 1953 1441 2017 Sisois
1461 1973 1499 2016 ex
1524 1953 1705 2016 bumilitate
1725 1952 1881 2016 abnueret
1898 1973 1962 2035 pue

423 2052 509 2117 ctulc
523 2053 647 2116 miseras
662 2053 790 2127 mentis,
802 2053 1011 2136 spiritualiter
1025 2061 1170 2116 mortuus
1225 2073 1297 2115 rum
1313 2053 1477 2127 suscitare,
1486 2051 1700 2134 apprehendit
1715 2069 1853 2134 puerum
1869 2051 1964 2113 delun-

421 2151 516 2232 jacet,
535 2151 642 2233 pravis
665 2151 816 2233 operibus
839 2152 930 2234 quasi
954 2151 1097 2214 vestibus
1122 2169 1171 2214 co
1225 2158 1313 2212 ctum
1337 2151 1369 2212 in
1389 2150 1475 2213 ulnis
1498 2150 1576 2223 suis,
1594 2149 1843 2231 ingrediensque
1863 2149 1962 2211 cellam

422 2256 561 2331 opertus.
574 2248 846 2322 Quemadmodum
863 2267 939 2330 ergo
954 2249 1097 2313 Christus
1113 2269 1170 2332 pu·
1226 2249 1322 2323 senis
1349 2249 1456 2331 posuit
1485 2266 1621 2330 puerum
1652 2247 1850 2329 antepedes
1877 2247 1962 2320 illius,

421 2346 517 2409 ellam
551 2347 734 2410 defunctam
767 2347 910 2420 accessit,
941 2354 974 2409 et
1005 2347 1171 2411 clamando
1226 2349 1316 2430 quasi
1331 2348 1456 2412 veniam
1479 2347 1704 2429 postulantem.
1718 2347 1860 2409 ‘landem
1879 2345 1964 2408 abbas

422 2444 547 2508 locutus
562 2452 621 2520 est,
637 2444 754 2519 Puella,
770 2463 874 2526 surge,
892 2446 1042 2527 deditque
1058 2446 1086 2507 ei
1108 2465 1171 2508 ma·
1227 2448 1324 2511 Sisois
1354 2455 1470 2530 putans
1499 2465 1636 2528 puerum
1665 2465 1705 2508 ex
1733 2445 1963 2508 bumilitatem

422 2562 501 2606 num
517 2551 549 2606 et
562 2562 633 2606 eam
649 2543 766 2622 erexit3
784 2545 826 2606 ita
846 2544 994 2626 praelatus
1014 2563 1070 2607 seu
1092 2563 1169 2626 prae-
1227 2547 1437 2628 prostratione
1454 2554 1518 2608 tam
1539 2546 1594 2608 diu
1607 2545 1726 2626 jacere,
1743 2545 1826 2607 dixit
1842 2563 1849 2607 :
1865 2546 1961 2626 Surge.

422 2643 551 2716 dicator,
566 2649 621 2704 aut
636 2642 831 2724 quicumque
846 2641 1022 2724 spiritualis
1037 2650 1168 2716 amator,
1226 2645 1402 2727 Statimque
1417 2663 1499 2726 puer
1512 2644 1650 2707 surrexit
1664 2663 1682 2706 a
1698 2644 1914 2717 mortuis.0uo
1926 2645 1963 2706 vi-

422 2748 622 2824 peceatorem
642 2741 688 2803 sic
711 2748 872 2804 mortuum
893 2741 988 2804 debet
1006 2741 1168 2816 accedere,
1226 2761 1271 2818 so,
1282 2751 1371 2826 pater
1387 2743 1478 2825 pueri
1494 2743 1662 2825 obstupuit
1676 2743 1891 2806 vehementer.
1902 2741 1962 2804 Fuit

421 2847 541 2903 etcum
557 2839 706 2914 clamore,
715 2839 746 2902 id
759 2847 807 2902 est
819 2839 935 2902 mentis
950 2839 1169 2914 lervore,eum
1225 2860 1353 2926 quoque
1367 2841 1449 2904 alius
1465 2837 1599 2923 magnus
1615 2841 1760 2914 eremita,
1776 2841 1870 2921 cujus
1883 2840 1963 2902 disei-

421 2938 552 3012 bortari,
579 2938 751 3001 informare
775 2946 805 3000 et
835 2939 1012 3020 increpare,
1039 2957 1169 3002 manum
1225 2940 1321 3022 pulus
1338 2940 1369 3001 in
1386 2958 1420 3002 re
1436 2940 1572 3021 quadam
1588 2937 1733 3001 excessit.
1744 2937 1784 3001 Et
1797 2946 1962 3001 commotus

424 3055 551 3119 quoque
566 3037 595 3099 ci
612 3037 826 3119 porrigere,id
841 3044 889 3099 est
905 3036 997 3099 bonis
1013 3039 1170 3120 exemplis
1185 3037 1207 3100 O
1226 3038 1368 3112 eremita,
1386 3037 1467 3100 dixit
1481 3037 1640 3118 discipulo
1657 3055 1665 3098 ι
1681 3037 1768 3099 Vade
1788 3045 1820 3098 et
1840 3053 1960 3098 morere.

424 3143 455 3198 et
470 3136 649 3198 orationum
665 3135 819 3216 sullragio
834 3154 908 3198 eum
924 3135 963 3197 ad
978 3136 1170 3198 emendatio·
1225 3137 1359 3218 Moxque
1374 3135 1552 3217 discipulus
1568 3135 1633 3196 ruit
1648 3142 1681 3196 et
1701 3134 1885 3216 exspiravit.
1905 3134 1962 3206 Ouo

425 3253 500 3297 nem
519 3234 641 3315 juvare.
1225 3235 1303 3309 viso,
1316 3234 1427 3298 dolens
1441 3234 1480 3296 de
1495 3233 1555 3296 boc
1570 3233 1704 3295 eremita
1719 3233 1802 3294 dixit
1818 3249 1825 3293 :
1842 3231 1962 3294 Domine

462 3332 592 3413 Legitur
610 3332 704 3395 tertio
725 3333 856 3413 Regum,
874 3333 958 3413 quod
979 3350 1078 3413 quum
1101 3351 1171 3394 sau·
1225 3334 1299 3396 Jesu
1317 3332 1450 3406 Christe,
1467 3346 1590 3413 precor,
1608 3330 1728 3393 suscita
1742 3330 1846 3404 illurn,
1863 3337 1893 3392 et
1905 3348 1962 3391 am·

425 3439 495 3494 ctus
511 3430 595 3492 Elias
614 3431 828 3512 hospitaretur
847 3431 931 3512 apud
946 3430 1075 3492 viduam
1097 3449 1172 3513 pau·
1226 3430 1311 3513 plius
1330 3431 1373 3492 ita
1392 3447 1457 3492 uon
1472 3429 1592 3511 loquar.
1610 3428 1758 3491 Protinus
1784 3445 1859 3509 ergo
1881 3428 1963 3490 disci·

236 3575 241 3586 .
272 3548 410 3603 irrueram
426 3547 535 3611 parem
558 3527 690 3590 unicum
711 3527 819 3589 lilium
839 3527 1021 3602 habentem,
1037 3527 1118 3590 obiit
1135 3528 1173 3589 li·
1228 3528 1322 3610 pulus
1339 3528 1393 3590 ille
1408 3527 1553 3590 surrexit.
1565 3527 1646 3590 Ecce
1661 3534 1781 3608 quanta
1795 3526 1870 3588 lacit
1882 3525 1963 3588 Altis·

275 3613 299 3655 ¹⁷
309 3616 332 3654 ⁰²
341 3623 386 3666 ’ω’
424 3627 482 3689 lius
499 3625 663 3706 illc3Elias
678 3643 754 3689 vero
769 3626 867 3688 Deum
881 3626 1016 3706 rogando
1030 3631 1062 3688 et
1077 3644 1173 3708 super
1227 3625 1328 3688 simus
1353 3642 1411 3707 pro
1430 3625 1496 3686 suis
1515 3623 1627 3686 amicis
1652 3623 1732 3686 viris
1752 3623 1960 3687 sanctissimis.

864 3993 979 4075 AD
1028 3989 1528 4075 RELIGIOSOS

971 4416 1147 4504 SERMO
1182 4415 1427 4518 QUARTUS

568 4656 708 4704 enatavi
729 4656 872 4713 Quoucbo
892 4655 950 4702 PRO
971 4656 1029 4702 SlBl
1050 4655 1205 4703 subtectus
1227 4655 1329 4702 ORARE
1350 4653 1514 4711 durantque
1535 4653 1655 4702 GERERB
1675 4655 1828 4702 bennun.

461 4919 734 4982 MPLE'AMINI
739 4919 906 4996 agnitione
917 4919 1091 4980 voluntatis
1099 4919 1170 4988 Dei,
1186 4930 1210 4992 [)
1226 4922 1355 4984 caritate
1377 4921 1498 5005 repleta
1522 4940 1559 4984 ac
1583 4921 1791 4994 redundante,
1808 4917 1959 5003 profluunt

476 5020 511 5079 in
534 5018 625 5078 omni
644 5019 807 5092 sapientia
829 5027 859 5078 et
882 5019 1048 5078 intellectu
1072 5019 1170 5094 spiri·
1225 5019 1323 5082 verba
1337 5037 1412 5082 vere
1426 5019 1620 5082 sententiosa
1634 5026 1731 5100 atque
1747 5017 1867 5099 ignita:
1883 5015 1959 5098 quod

424 5117 520 5176 tuati.
537 5115 654 5179 Goloss.
671 5133 693 5189 1,
710 5114 739 5178 9.
1226 5119 1258 5180 in
1275 5117 1422 5200 praesenti
1439 5118 1573 5200 epistola
1588 5116 1682 5180 lacile
1697 5125 1745 5179 est
1765 5133 1902 5198 pensare.
1917 5113 1959 5176 Si-

277 5240 408 5291 uariam,
465 5213 554 5277 Sicut
567 5214 611 5276 ait
626 5213 777 5288 Salvator,
795 5213 840 5275 Ex
856 5213 1049 5276 abundantia
1066 5215 1170 5277 cordis
1226 5215 1356 5298 quidem
1373 5215 1406 5278 in
1421 5216 1491 5296 ejus
1507 5216 1647 5289 exordio,
1663 5215 1724 5278 Vas
1739 5213 1909 5285 electionis,
1919 5212 1959 5273 di·
1974 5265 1990 5308 Π
1998 5263 2052 5305 m

277 5307 310 5348 ³⁴·
425 5330 460 5375 os
477 5312 625 5395 loquitur.
644 5311 818 5375 Idcircoex
839 5318 945 5375 mente
965 5313 1121 5394 sapientia
1139 5319 1172 5375 et
1225 5313 1412 5378 vinissimus
1431 5314 1557 5390 Paulus,
1575 5315 1614 5377 ad
1634 5313 1766 5377 tertium
1789 5313 1900 5378 caelum
1915 5329 1987 5372 ra-s.
