4192 6258
330 541 478 590 nonnum
498 544 564 592 xxu
584 545 657 593 uosr
677 547 871 593 mrurrurcu.
892 567 931 578 -
952 551 994 596 sn
1015 551 1209 616 aaarcrosos3
1233 553 1331 601 sanam
1351 555 1487 612 ouuarus
1612 537 1671 602 597

565 912 680 994 AD
729 913 1230 1000 RELIGIOSOS

672 1369 847 1457 SERMO
881 1371 1125 1475 QUARTUS

540 1620 584 1668 DE
612 1620 729 1667 tauns
758 1621 1028 1680 laboribusque
1056 1623 1255 1674 chhlrarls.

199 1887 330 1948 edero
359 1893 396 1945 ct
424 1885 548 1945 caritas
574 1893 681 1944 vestra
704 1886 809 1963 magis
832 1905 870 1946 cc
885 1885 910 1948 A
926 1887 1012 1971 plius
1041 1888 1074 1950 iu
1103 1889 1173 1970 ejus
1204 1889 1387 1972 operatione
1416 1891 1596 1954 necessaria
1624 1901 1672 1955 est

211 1986 317 2062 magis
336 1985 478 2044 abundet
493 1984 530 2043 in
549 1984 685 2043 scientia
705 1992 735 2043 et
751 1986 787 2044 in
806 2004 869 2045 om·
926 1986 1056 2049 rationis
1079 1987 1223 2063 directio,
1239 2007 1280 2050 ne
1301 1989 1440 2052 caritatis
1463 1989 1570 2053 fervor
1593 2010 1671 2072 prm-

122 2087 161 2146 πί
179 2104 285 2145 sensu.
302 2081 438 2164 Philipp.
457 2099 478 2156 1,
494 2080 523 2144 9.
925 2085 1036 2167 cipitet
1059 2085 1220 2148 fervidum
1248 2094 1457 2169 operatorem,
1483 2089 1673 2170 maguitudi-

160 2183 302 2244 Virtutes
317 2187 349 2244 et
364 2181 446 2242 dona
461 2179 599 2263 Spiritus
613 2180 719 2243 Sancti
739 2181 802 2243 sibi
822 2181 868 2243 in·
925 2197 999 2241 nem
1014 2178 1195 2244 affectionis
1212 2199 1277 2244 suae
1296 2189 1492 2264 sequentem.
1508 2183 1589 2245 Hinc
1603 2191 1673 2248 orat

120 2281 225 2345 vicem
249 2286 508 2354 concatenantur,
525 2297 584 2341 nac
606 2279 639 2340 in
661 2279 727 2342 vita
748 2279 807 2342 hac
827 2280 868 2342 ab
924 2285 956 2340 et
978 2279 1160 2342 cohortatur
1180 2278 1349 2360 Apostolus
1372 2287 1409 2342 ut
1428 2281 1541 2344 caritas
1564 2289 1672 2345 nostra

122 2380 262 2443 invicem
281 2385 478 2461 separantur.
496 2377 583 2440 Unde
603 2377 799 2460 quicumque
818 2397 868 2441 ca·
925 2376 1025 2458 magis
1040 2395 1077 2439 ac
1093 2378 1193 2459 magis
1208 2377 1348 2441 abundet
1364 2377 1396 2441 in
1414 2379 1559 2454 scientia,
1575 2380 1607 2442 id
1623 2387 1671 2443 est

121 2479 248 2540 ritatem
268 2475 398 2539 sortitus
418 2482 477 2548 est,
495 2481 615 2538 ceteras
630 2492 758 2557 quoqne
773 2475 869 2538 habet
924 2474 957 2537 in
982 2475 1185 2550 discretione,
1206 2494 1277 2539 cam
1301 2476 1469 2558 dirigente,
1493 2477 1671 2541 illustrante
1752 2537 1757 2544 .

120 2578 255 2640 virtutes
279 2582 311 2638 et
334 2579 458 2657 septem
486 2575 568 2637 donn
597 2573 733 2656 Spiritus
762 2574 867 2637 Sancti
923 2591 960 2636 ac
977 2573 1171 2649 moderante,
1189 2582 1345 2657 quatenus
1361 2575 1445 2638 sicut
1458 2575 1536 2638 alihi
1551 2577 1606 2652 ait,
1623 2597 1670 2640 ra·
1684 2597 1817 2650 omnum.

121 2675 300 2739 secundum
322 2673 461 2754 aliquem
481 2672 625 2754 gradum.
644 2672 704 2734 Sed
725 2679 757 2734 et
771 2691 868 2754 quan·
924 2671 1077 2734 tionahile
1092 2673 1133 2735 sit
1147 2672 1339 2755 obsequium
1360 2681 1516 2736 nostrum.
1534 2675 1670 2738 Consue-

121 2785 152 2839 to
174 2774 248 2858 quis
274 2773 307 2835 in
329 2771 459 2834 caritate
484 2771 557 2853 plus
581 2770 706 2844 crescit,
723 2779 756 2834 et
777 2771 810 2833 in
832 2791 869 2834 ea
923 2770 971 2831 vit
986 2771 1106 2853 quippe
1122 2771 1292 2852 Apostolus
1313 2789 1429 2835 nomen
1448 2772 1590 2836 scientio
1612 2791 1670 2856 pro

120 2872 292 2958 perfectior
311 2869 465 2943 redditur,
480 2876 568 2930 tanto
591 2875 622 2931 et
646 2868 716 2931 aliae
734 2869 867 2932 virtutes
923 2868 1113 2931 discretione
1128 2868 1284 2951 accipere,
1299 2869 1390 2950 juxta
1404 2871 1488 2952 quod
1504 2871 1617 2934 asserit
1631 2873 1670 2935 de

119 2992 155 3036 ac
178 2971 264 3035 dona
291 2968 429 3052 Spiritus
458 2966 562 3030 Sancti
592 2966 625 3028 in
654 2983 693 3029 eo
721 2966 868 3029 fortiores
922 2966 1308 3030 Judaeis:AEmulati0nem
1324 2968 1380 3032 Dei
1395 2968 1590 3043 habent,sed
1606 2989 1670 3034 nou
1697 2991 1812 3046 rouzo.

119 3071 317 3135 alliciuntur.
334 3067 441 3131 Nihilo
464 3065 570 3128 minus
589 3084 673 3127 unus
694 3066 905 3129 electorumB
923 3065 1100 3128 secundum
1122 3064 1298 3127 scientiam.
1314 3066 1419 3128 Potest
1440 3066 1542 3129 nihilo
1563 3067 1669 3130 minus

119 3171 191 3253 plns
213 3168 353 3232 abundat
372 3166 405 3228 in
425 3165 485 3228 ista
504 3164 631 3238 virtute,
648 3164 729 3226 alter
747 3164 780 3226 in
802 3164 866 3240 illa,
923 3162 993 3225 loco
1012 3162 1084 3238 hoc,
1105 3182 1163 3244 per
1182 3163 1360 3239 scientiam,
1377 3164 1604 3246 contemplatio
1623 3165 1669 3227 in·

36 3289 105 3341 aaa,
120 3276 216 3351 prout
230 3268 269 3329 de
285 3281 477 3347 unoquoque
493 3263 607 3326 Sancto
622 3269 766 3324 cantatur
781 3262 868 3325 :Non
921 3260 1021 3342 tclligi
1046 3261 1229 3324 divinorum
1254 3281 1325 3344 qum
1344 3269 1392 3326 est
1410 3262 1485 3324 doni
1505 3262 1668 3346 sapientie

15 3385 16 3394 ¹
121 3374 170 3431 est
190 3367 340 3430 inventus
360 3362 475 3426 similis
495 3361 552 3424 illi.
569 3363 674 3436 Porro,
691 3379 791 3444 quum
806 3361 868 3424 vir·
921 3366 1019 3420 actus.
1047 3359 1090 3421 De
1114 3378 1177 3441 qua
1200 3360 1334 3422 seientia
1359 3360 1474 3442 legitur
1499 3361 1531 3423 in
1557 3361 1634 3425 Osee
1658 3379 1665 3424 :

118 3473 205 3528 tutes
220 3481 371 3527 connexae
386 3462 460 3536 sint,
478 3467 590 3523 mutuo
604 3478 639 3523 se
654 3459 803 3535 fulciunt,
817 3460 867 3540 ju·
921 3456 1092 3520 Scientiam
1115 3457 1171 3520 Dei
1193 3458 1279 3522 volui
1304 3458 1377 3540 plus
1399 3478 1495 3542 quam
1519 3460 1667 3524 holoccu-
1693 3488 1813 3544 omm,

118 3571 195 3626 vant
216 3570 311 3644 atque
333 3559 517 3644 perficiunt,
538 3559 808 3641 quemadmodum
833 3559 866 3620 in
920 3562 977 3617 sta.
1002 3555 1110 3637 ltaque
1134 3555 1278 3619 hortatur
1300 3557 1470 3639 Apostolus
1494 3564 1530 3619 ut
1553 3560 1667 3622 caritas

116 3661 261 3726 exercitu
282 3677 364 3722 unns
383 3658 474 3720 alteri
496 3665 544 3720 est
562 3657 719 3740 praesidio.
737 3657 815 3720 Nam
835 3664 867 3720 et
920 3661 1024 3715 nostra
1038 3661 1110 3715 actu
1126 3671 1163 3716 ac
1178 3654 1298 3718 lumine
1311 3655 1584 3737 contemplationis
1597 3675 1669 3740 quo

117 3761 262 3844 ipsarum
291 3756 462 3821 multitudo
484 3757 651 3829 virtutum,
678 3755 712 3817 in
735 3755 866 3818 homine
919 3751 997 3814 tidie
1013 3752 1114 3833 magis
1128 3771 1165 3814 ac
1181 3753 1281 3833 magis
1297 3753 1448 3828 abundet,
1465 3762 1501 3817 ut
1515 3757 1666 3837 quemad·

116 3869 164 3923 est
183 3866 336 3941 tanquam
358 3855 443 3918 acies
464 3853 617 3928 ordinato,
635 3861 744 3916 contra
763 3853 865 3920 aciem
919 3851 1051 3912 modum
1066 3850 1167 3913 Deum
1187 3860 1413 3933 superenneta
1432 3853 1607 3935 diligimus,
1625 3855 1668 3917 ita
1768 3848 1770 3854 ’

115 3959 270 4022 vitiorum
299 3955 359 4019 rite
388 3953 563 4037 disposita3
592 3960 624 4015 et
652 3953 685 4014 in
714 3953 783 4015 acie
812 3952 867 4015 illa
919 3949 958 4010 ad
978 3948 1048 4029 ejus
1067 3948 1198 4012 fidelem
1218 3950 1381 4026 intuitum,
1397 3971 1576 4016 amorosam
1596 3972 1668 4017 con-

115 4055 405 4130 rirtutum,caritas
423 4071 586 4117 summum
602 4051 732 4116 sortitur
747 4051 862 4115 locum.
919 4047 1170 4130 templationcm,
1197 4049 1354 4112 sinceram
1380 4051 1667 4115 considerationem

116 4159 191 4222 ldeo
210 4157 294 4220 sicut
310 4155 341 4217 in
362 4151 505 4216 exercitu
524 4151 663 4214 maxime
680 4150 866 4232 providetur
920 4147 1104 4229 frequenter
1118 4155 1150 4210 et
1166 4149 1253 4211 omni
1271 4148 1322 4212 die
1339 4147 1538 4231 frequentius
1558 4159 1666 4214 exten·

115 4266 151 4321 ut
166 4258 237 4340 ipse
252 4255 404 4339 princeps
418 4259 474 4315 aut
488 4270 542 4314 rex
558 4250 623 4312 suis
637 4248 794 4311 militibus
810 4267 865 4310 un·
882 4245 903 4308 G
919 4245 1032 4308 damur
1052 4265 1088 4310 ac
1107 4247 1281 4322 elevemur,
1298 4255 1330 4310 et
1343 4247 1400 4330 ligi
1420 4268 1457 4311 ac
1476 4248 1611 4311 stabiliri
1632 4249 1664 4310 in

115 4358 214 4439 dique
235 4351 504 4423 circumvalletur,
519 4348 649 4429 juvetur
666 4366 703 4410 ac
723 4355 865 4429 protega-
919 4364 955 4408 ea
979 4363 1143 4420 conemur,
1168 4347 1269 4409 Deum
1295 4365 1422 4429 quoque
1447 4347 1588 4430 quotidie
1617 4367 1665 4410 ar·

114 4464 178 4530 tur,
196 4455 240 4516 ita
260 4453 292 4515 in
312 4451 380 4514 acie
396 4449 551 4513 virtutum
571 4446 802 4529 specialissime
817 4453 864 4509 est
919 4445 1045 4507 dentius
1064 4444 1235 4526 diligendo,
1254 4463 1433 4507 mereamur
1450 4444 1664 4508 abundantius

114 4551 377 4637 prospiciendum
403 4555 438 4609 ut
460 4547 574 4610 caritas
602 4544 771 4608 omnilarie
796 4565 864 4606 rnu-
919 4542 1093 4606 illuminari
1115 4542 1155 4604 ah
1176 4560 1225 4617 eo,
1245 4549 1340 4625 atque
1362 4543 1401 4605 ad
1423 4542 1663 4625 profundiorem

115 4653 235 4726 niatur,
257 4648 453 4712 custodiatur
473 4664 509 4708 ac
531 4645 701 4725 adjuvetur
716 4661 723 4705 τ
740 4643 815 4725 quia
836 4645 863 4706 si
919 4642 1019 4724 ipsius
1044 4640 1344 4723 contemplationem
1367 4641 1503 4717 sustolli,
1517 4642 1607 4723 juxta
1628 4643 1665 4705 il·

115 4753 186 4834 ipsa
201 4745 486 4832 tepescetreliqum
498 4744 629 4808 virtutes
644 4743 862 4824 languescunt;
918 4741 972 4802 lud
993 4739 1207 4803 Ecclesiastici
1224 4759 1230 4804 :
1248 4739 1306 4814 Oui
1326 4741 1445 4804 timetis
1464 4742 1575 4817 Deum,
1595 4741 1665 4805 dili·
1677 4760 1810 4814 oceanus.

115 4851 143 4912 si
167 4848 300 4922 ferveat,
317 4852 429 4909 cetera
446 4843 581 4906 virtutes
603 4840 763 4924 copiosius
782 4841 864 4903 exci-
917 4839 981 4921 gite
997 4839 1098 4914 illurn,
1115 4846 1147 4902 et
1161 4838 1429 4902 illuminabuntur
1440 4842 1535 4905 corda
1547 4849 1661 4905 vestra.
1697 4891 1703 4901 .

115 4955 227 5011 tantur
246 4963 282 5008 ac
304 4945 439 5007 tendunt
459 4943 491 5004 in
514 4957 588 5004 suos
608 4946 707 5002 actus.
919 4939 1086 5021 Deinceps,
1107 4938 1323 5021 pulcherrime
1340 4957 1374 5002 se
1391 4939 1529 5003 invicem
1551 4948 1665 5004 ornant

158 5045 315 5127 lienique,
331 5061 430 5126 quum
452 5041 565 5103 caritas
585 5039 737 5102 inhaereat
755 5038 865 5101 volun·
919 5045 951 5100 et
972 5037 1135 5119 complent
1155 5037 1284 5100 dilectio
1306 5037 1362 5100 llei
1386 5045 1417 5100 ct
1438 5039 1665 5120 contemplatio

117 5145 189 5218 tati,
215 5163 286 5226 quae
314 5142 353 5205 de
378 5159 412 5203 se
436 5157 519 5202 caeca
547 5136 744 5220 perhibetur,
770 5143 801 5198 et
825 5136 865 5199 ab
920 5136 1000 5216 ejus.
1017 5135 1113 5198 Amor
1128 5135 1277 5216 equidem
1299 5143 1405 5198 movet
1424 5143 1456 5198 et
1474 5135 1612 5219 impellit
1625 5137 1665 5200 ad

118 5243 286 5308 intellectu
300 5239 475 5303 illuminari
494 5256 531 5301 ac
550 5236 643 5318 dirigi
666 5235 803 5316 indiget;
820 5235 866 5297 id·
920 5234 1212 5317 contemplandum,
1237 5234 1388 5316 quoniam
1413 5234 1468 5296 ubi
1493 5253 1593 5310 amor,
1619 5235 1664 5298 ibi
1688 5293 1765 5338 m
1781 5306 1802 5336 w

120 5361 159 5409 eo
182 5342 296 5405 caritas
321 5357 385 5424 quo
409 5344 509 5401 exstat
533 5334 716 5410 lervcntior,
740 5351 778 5398 eo
800 5353 866 5396 am·
921 5334 1044 5407 oculus
1061 5339 1093 5396 et
1114 5331 1169 5395 ubi
1191 5331 1370 5408 thesaurus,
1387 5332 1433 5394 ibi
1454 5341 1486 5396 et
1506 5352 1576 5415 cor;
1593 5353 1665 5399 con·
1679 5358 1713 5400 n.
1769 5325 1774 5335 ’
1804 5323 1810 5344 ’
