4214 6254
435 490 493 558 ¹82
692 511 843 560 nourmca
864 513 898 559 ιιι
918 512 992 559 rosr
1012 512 1206 559 mrurraruu.
1226 530 1266 541 -
1287 511 1462 558 summme
1483 511 1515 557 nv
1536 509 1731 558 marcuerunt

435 689 522 745 creta
536 683 684 759 scientes,
696 692 729 747 et
742 684 806 747 lleo
822 680 854 746 in
871 683 995 746 cunctis
1010 683 1181 766 promptis·
1199 683 1224 747 A
1239 683 1400 765 precipue
1416 683 1603 745 declaratur.
1621 682 1737 755 Tertio,
1754 678 1903 763 quoniam
1917 679 1971 742 lru·

435 783 516 845 sime
540 782 737 858 obedientes,
763 791 858 865 atquo
883 801 957 844 cum
981 801 1020 846 eo
1044 783 1077 844 in
1102 783 1182 846 coelo
1239 789 1308 844 otus
1324 782 1492 844 dominicae
1507 780 1665 863 passionis
1683 780 1716 842 in
1735 779 1790 842 illo
1805 778 1971 842 evidentius

435 888 595 942 morantes
623 881 771 962 (propter
798 881 883 963 quod
913 888 999 943 recte
1027 881 1123 942 amici
1151 887 1183 943 et
1239 880 1489 942 commendatur.
1511 880 1637 952 Quarto,
1658 879 1736 961 quia
1755 878 1789 939 in
1811 876 1972 960 peccatoris

435 977 534 1040 vicini
555 978 670 1042 Christi
691 979 858 1060 vocantur)
872 997 879 1040 :
895 997 976 1061 quos
998 979 1182 1041 hortabatur
1239 978 1446 1040 conversione
1470 977 1645 1040 adversarii
1670 975 1786 1040 Christi
1810 992 1847 1038 ac
1870 983 1971 1037 nostra

435 1084 470 1138 ut
484 1075 545 1138 sibi
565 1077 605 1139 de
623 1077 692 1141 ovis
712 1097 776 1141 suae
795 1079 1037 1160 recuperatione
1056 1095 1184 1158 congra—
1239 1076 1350 1139 salutis
1369 1075 1550 1159 specialiter
1568 1074 1819 1139 confunduntur.
1836 1109 1877 1118 -
1897 1073 1971 1136 lnsu·

434 1175 621 1238 tularentur.
639 1177 673 1238 ln
689 1195 753 1258 quo
769 1183 855 1258 patet
869 1176 997 1239 dilectio
1012 1176 1128 1239 Christi
1143 1175 1181 1237 ad
1240 1194 1307 1256 per,
1337 1174 1480 1237 absolute
1511 1175 1680 1256 loquendo,
1706 1173 1733 1235 si
1763 1189 1973 1254 comparemus

435 1272 593 1347 homines,
610 1281 642 1335 et
656 1282 811 1356 quantum
832 1281 973 1336 nostram
994 1282 1082 1356 optet
1100 1274 1182 1335 salu·
1239 1281 1356 1337 statum
1376 1274 1414 1336 ad
1434 1281 1562 1348 statum,
1580 1280 1703 1336 constat
1716 1271 1802 1354 quod
1822 1278 1919 1334 status
1936 1271 1974 1332 in·

436 1378 511 1433 tem.
528 1371 659 1454 Propter
673 1372 760 1453 quod
779 1372 896 1434 latetur
913 1390 920 1434 :
937 1372 1062 1435 Utinam
1083 1379 1182 1434 atten-
1240 1372 1394 1435 nocentiae
1414 1371 1631 1454 preferendus
1654 1372 1695 1433 sit
1715 1369 1811 1432 statui
1835 1369 1975 1450 poeniten·

317 1479 323 1494 ·
435 1469 536 1532 disses
553 1470 699 1532 mandata
715 1471 993 1544 mea—interea,
1005 1471 1182 1532 secundum
1238 1471 1344 1544 timeo
1359 1470 1444 1552 quod
1459 1470 1562 1550 majus
1578 1470 1634 1531 Dei
1650 1470 1768 1531 donum
1784 1468 1828 1530 sit
1842 1466 1976 1530 innocen

434 1566 659 1648 Theophilum,
676 1587 821 1650 supernas
843 1568 976 1631 virtutes
1000 1587 1056 1630 seu
1078 1568 1181 1648 angeli
1239 1569 1283 1631 tia
1298 1587 1393 1651 quam
1411 1568 1607 1650 poenitentia.
1625 1567 1656 1630 Si
1672 1585 1747 1629 vero
1763 1581 1975 1647 comparemus

434 1683 510 1728 oves
534 1674 698 1740 vocantur,
725 1684 762 1728 eo
791 1667 874 1749 quod
905 1666 1010 1727 omnis
1039 1673 1182 1728 creatura
1240 1686 1407 1750 personam
1429 1667 1523 1728 unius
1544 1673 1643 1728 status
1662 1666 1700 1727 ad
1723 1682 1893 1747 personam
1911 1663 1976 1726 alte·

434 1771 582 1844 respectu
602 1763 669 1839 Dei,
686 1764 729 1825 sit
746 1763 898 1826 bestialis.
1239 1766 1317 1838 rius,
1338 1766 1457 1827 habent
1480 1784 1514 1827 se
1538 1765 1621 1826 sicut
1644 1764 1802 1827 excedens
1825 1770 1859 1825 et
1880 1781 1976 1824 exces-

474 1863 553 1923 Dico
576 1863 677 1931 nodis,
694 1865 780 1940 quod
802 1863 850 1922 ita
872 1864 1035 1939 grandium
1058 1864 1121 1922 erit
1146 1864 1181 1921 tn
1201 1857 1224 1920 B
1239 1882 1327 1926 sum:
1339 1864 1382 1926 ita
1396 1863 1481 1944 quod
1497 1863 1626 1944 quidam
1643 1862 1681 1925 de
1697 1869 1778 1924 statu
1797 1879 1864 1924 uno
1878 1859 1976 1942 prele-

434 1963 509 2019 coelo
539 1978 637 2036 super
668 1980 733 2020 uno
760 1970 927 2036 peccatore
952 1961 1182 2036 peonitentiam
1238 1969 1347 2023 runlur
1362 1960 1547 2044 quibusdam
1561 1962 1599 2022 de
1610 1967 1690 2022 statu
1704 1959 1978 2032 alterosecundum
2078 2031 2079 2044 χ

435 2066 561 2133 agente,
578 2078 677 2136 quam
692 2077 790 2134 super
805 2060 988 2134 nonaginta
1004 2078 1116 2117 noctem
1126 2059 1183 2134 ju·
1216 2099 1218 2104 ,
1239 2060 1324 2142 quod
1349 2067 1424 2120 sunt
1447 2059 1479 2121 in
1505 2059 1618 2140 majori
1639 2067 1694 2120 aut
1715 2057 1835 2120 minori
1861 2057 1977 2118 caritate
2078 2045 2079 2114 ἶ

435 2157 494 2214 stis
509 2158 568 2234 qui
582 2176 646 2216 non
663 2158 815 2232 iudiqcrtt
826 2157 1031 2232 poem'tcntio.
1051 2157 1081 2218 Si
1100 2156 1184 2217 istud
1238 2165 1271 2219 et
1285 2157 1394 2237 gratia.
1412 2157 1491 2219 Hinc
1507 2157 1650 2219 absolute
1666 2157 1839 2238 loquendO,
1857 2156 1895 2218 de
1910 2155 1978 2216 mul·
2078 2149 2079 2156 ἶ

435 2253 626 2332 generaliter
650 2255 689 2315 de
713 2271 917 2336 quocumque
947 2255 1122 2335 poenitente
1153 2260 1184 2315 ct
1238 2255 1279 2315 tis
1293 2254 1388 2334 justis
1403 2273 1439 2316 ac
1456 2252 1853 2335 innocentibus,tanquam
1870 2252 1979 2334 simpli-

436 2350 696 2432 quibuscumque
710 2351 804 2432 justis
823 2371 878 2413 seu
897 2352 1120 2413 innocentibus
1137 2353 1183 2416 iu·
1240 2353 1319 2414 citer
1339 2353 1525 2414 melioribus
1546 2360 1578 2414 et
1592 2354 1657 2415 Deo
1677 2351 1870 2426 carioribus,
1887 2351 1978 2431 majus

436 2450 608 2529 telligatur,
626 2468 688 2511 non
709 2457 757 2511 est
776 2449 919 2512 absolute
941 2450 1183 2530 intelligendum
1239 2459 1287 2512 est
1306 2451 1457 2531 gaudium
1474 2451 1597 2514 Christo
1617 2450 1833 2532 supernisque
1853 2448 1978 2513 civibus,

362 2613 365 2618 ,
433 2545 473 2610 ut
487 2555 587 2621 sonat,
605 2548 695 2629 quasi
711 2547 858 2609 videlicet
875 2548 1064 2628 simpliciter
1079 2548 1183 2628 angeli
1239 2568 1335 2630 quam
1351 2549 1390 2610 de
1406 2548 1664 2631 quibuscumque
1679 2547 1905 2630 peccatoribus
1924 2566 1979 2628 pte

436 2646 538 2708 sancti
554 2645 626 2726 plus
644 2646 802 2725 gaudeant
818 2646 856 2707 de
872 2645 1015 2727 quolibet
1031 2646 1185 2726 poeniten-
1240 2647 1425 2709 nitentibus.
1457 2647 1694 2718 Verumtamen,
1724 2647 1882 2728 quoniam
1910 2654 1980 2709 teste

436 2753 479 2820 te,
496 2762 592 2826 quam
609 2744 648 2806 de
664 2742 922 2826 quibuscumque
944 2744 1114 2823 nonaginta
1134 2761 1187 2806 no·
1240 2745 1401 2826 Apostolo,
1419 2745 1477 2808 Ubi
1499 2745 1675 2807 abundavit
1696 2745 1865 2820 delictum,
1886 2763 2068 2827 super-raas.

436 2862 509 2905 vem
530 2841 636 2923 justis.
654 2842 722 2904 Non
745 2841 832 2903 enim
857 2842 929 2923 plus
953 2841 1128 2922 gloriantur
1147 2843 1185 2903 de
1240 2841 1381 2904 abundat
1401 2850 1431 2905 et
1450 2843 1561 2923 gratia,
1579 2841 1764 2924 frequenter
1779 2843 1938 2923 contingit
1952 2851 1979 2903 ut

437 2949 602 3024 peccatore
620 2941 794 3021 poenitente
811 2940 865 3021 qui
882 2948 952 3021 post
967 2940 1186 3021 poenitentiam
1241 2940 1333 3022 impii
1350 2940 1551 3022 poenitentes,
1562 2947 1650 3003 tanto
1665 2940 1745 3002 liant
1761 2941 1794 3002 in
1809 2941 1871 3003 Dei
1885 2959 1981 3002 amore
2079 3013 2080 3018 ἵ

437 3059 527 3102 suam
549 3057 613 3102 non
633 3039 786 3120 pertingit
799 3039 838 3100 ed
857 3056 1003 3118 magnam
1020 3037 1186 3120 perfectio
1204 3039 1225 3103 C
1241 3045 1273 3100 et
1288 3039 1376 3100 cultu
1397 3038 1617 3114 ferventiores,
1634 3046 1667 3100 et
1681 3045 1768 3101 tanto
1784 3038 1816 3100 in
1837 3058 1873 3102 se
1887 3039 1982 3100 humi-

437 3158 523 3211 nem,
541 3157 638 3221 quam
653 3138 692 3200 de
707 3137 938 3218 gloriosissime
956 3137 1052 3200 Matre
1068 3137 1184 3202 Christi
1242 3137 1348 3210 liores,
1378 3144 1497 3217 quanto
1525 3155 1559 3200 se
1587 3137 1716 3216 gravius
1745 3136 1933 3219 deliquisse,
1956 3145 1982 3198 et

438 3256 475 3300 ac
500 3237 617 3299 sanctis
640 3235 798 3317 Apostolis
822 3235 923 3316 gavisi
948 3243 1032 3308 sunt,
1058 3236 1185 3317 quando
1240 3242 1360 3317 quanto
1375 3236 1475 3297 Deum
1495 3235 1579 3298 circa
1598 3254 1632 3298 se
1649 3235 1893 3298 misericordius
1911 3237 1982 3318 egis·

437 3336 541 3398 adhue
555 3334 687 3397 luerunt
701 3333 734 3396 in
748 3341 843 3408 terra,
860 3334 910 3396 vel
926 3353 1022 3415 quam
1038 3334 1131 3397 modo
1146 3335 1186 3398 de
1240 3353 1274 3396 se
1294 3333 1495 3396 considerant
1513 3351 1519 3395 :
1539 3335 1650 3414 sicque
1670 3334 1709 3396 de
1726 3352 1841 3396 eorum
1862 3353 1983 3398 conver-

439 3434 517 3516 ipsis
538 3433 684 3496 letentur
702 3432 791 3495 :imo
811 3449 871 3494 nec
891 3431 930 3494 de
945 3433 1052 3506 Paulo,
1069 3451 1127 3495 nec
1147 3435 1186 3495 de
1241 3432 1330 3494 sione
1349 3431 1497 3513 specialis
1517 3449 1612 3493 causa
1632 3431 1758 3494 letandi
1773 3432 1881 3496 oritur
1899 3451 1983 3514 auge·

438 3531 535 3594 Maria
555 3529 748 3610 Magdalene‚
770 3546 829 3589 nee
851 3527 890 3589 de
912 3527 1068 3590 ambobus
1089 3529 1186 3590 simul
1242 3530 1280 3592 lis
1299 3530 1365 3591 Dei.

441 3629 545 3708 majus
563 3627 716 3708 gaudium
732 3633 780 3688 est
798 3625 830 3686 in
846 3625 937 3699 coelo,
955 3645 1050 3707 quam
1067 3627 1187 3691 desole
1282 3628 1369 3690 Unde
1384 3635 1416 3689 et
1430 3627 1567 3709 qualiter
1583 3627 1746 3709 maj0ritas
1766 3631 1879 3710 gandii
1895 3631 1982 3712 hujus
2080 3607 2081 3654 }

439 3727 569 3807 Virgine
588 3725 736 3809 gloriosa.
1241 3727 1282 3790 sit
1306 3726 1521 3806 intelligenda,
1546 3725 1577 3788 in
1602 3727 1747 3791 Mattheeo
1770 3728 1902 3810 plenius
1924 3739 1983 3792 tan·

480 3824 706 3906 ldcirco,quod
720 3822 873 3905 gaudium
889 3823 927 3885 de
943 3831 1108 3905 peccatore
1123 3843 1187 3906 poe-
1241 3826 1336 3906 gitur,
1353 3842 1417 3907 quo
1435 3824 1571 3887 habetur
1587 3845 1594 3888 :
1612 3826 1644 3888 Si
1659 3825 1779 3888 luerint
1798 3827 1899 3891 alicui
1919 3848 1982 3891 cen·
2013 3844 2064 3890 rau.

441 3923 563 3986 nitente
588 3923 706 3986 dicitur
730 3921 847 4001 majus,
874 3921 1117 4001 intelligendum
1141 3923 1187 3984 vi·
1241 3932 1309 3986 lum
1326 3941 1412 3997 oves,
1424 3931 1456 3984 et
1470 3923 1496 3985 si
1512 3924 1665 3986 erraverit
1679 3943 1743 3986 una
1758 3943 1797 3987 ex
1812 3927 1873 4000 eis,
1885 3945 1982 3990 nonne
1993 3907 2073 3955 ΜΗ

441 4023 534 4085 detur
561 4039 625 4084 non
655 4019 857 4101 simpliciter,
883 4019 938 4081 sed
967 4029 1122 4100 quantum
1147 4021 1186 4084 ad
1242 4021 1395 4102 relinquit
1408 4021 1579 4102 nonaginta
1594 4040 1708 4084 novem
1726 4023 1758 4085 in
1775 4025 1984 4103 montibuset

440 4120 573 4203 aliquid,
594 4127 626 4182 et
647 4119 751 4200 quoad
773 4125 933 4180 recentem
956 4119 1125 4199 quamdam
1150 4138 1187 4181 ac
1242 4120 1328 4182 vadit
1341 4120 1380 4181 ad
1395 4139 1466 4182 cam
1486 4139 1556 4201 quae
1575 4121 1714 4183 erravitt
1730 4121 1769 4184 Et
1782 4123 1810 4185 si
1831 4124 1984 4187 invenerit

440 4219 670 4282 evidentiorem
685 4216 794 4298 gaudii
811 4214 1110 4292 manifestationem,
1125 4237 1187 4298 qua
1203 4219 1228 4280 D
1243 4238 1324 4292 eam,
1336 4219 1451 4299 gaudet
1466 4237 1646 4300 supeream
1663 4220 1764 4300 magis
1779 4241 1880 4302 quam
1895 4243 1984 4304 super

439 4337 473 4381 se
494 4317 636 4381 Christus
659 4317 698 4379 de
719 4316 887 4378 hominum
907 4315 1081 4378 salvatione
1100 4316 1186 4378 laeta·
1243 4317 1414 4397 nonaginta
1430 4335 1544 4379 novem
1562 4336 1631 4398 quae
1647 4335 1710 4380 non
1726 4329 1926 4383 erraverunt.
1935 4323 1985 4384 lta·

439 4417 466 4479 ri
491 4416 630 4478 ostendit
658 4431 664 4476 :
692 4413 828 4496 quiade
853 4412 1028 4494 peccatoris
1058 4431 1187 4476 conver·
1243 4435 1316 4498 que,
1343 4416 1425 4478 sicut
1449 4415 1678 4498 paterfamilias
1703 4417 1776 4499 plus
1802 4419 1928 4482 laetatur
1950 4421 1984 4481 de

438 4515 527 4578 sione
551 4521 599 4576 est
623 4513 653 4575 ei
677 4511 826 4593 specialis
849 4528 887 4572 ac
911 4510 1080 4593 multiplex
1106 4512 1186 4575 ratio
1243 4535 1306 4577 una
1327 4531 1385 4576 ove
1409 4523 1479 4595 post
1501 4515 1713 4596 perditionem
1722 4515 1878 4593 duveuta,
1895 4537 1983 4601 quam

437 4611 604 4694 gloriandi.
626 4610 741 4682 Primo,
763 4609 915 4690 quoniam
936 4609 1013 4670 dum
1039 4619 1187 4691 peccator
1242 4614 1281 4675 de
1307 4612 1439 4693 reliquis
1465 4613 1684 4694 cunctisque
1713 4632 1776 4676 non
1802 4624 1984 4678 erraverunt

438 4709 645 4782 convertitur,
663 4709 701 4770 de
719 4708 862 4790 periculo
879 4708 1016 4789 graviori
1037 4709 1182 4790 cripitur.
1241 4713 1319 4792 (uon
1340 4711 1424 4792 quod
1448 4710 1535 4772 illam
1559 4710 1631 4791 plus
1654 4711 1765 4792 diligat
1784 4732 1885 4795 quam
1909 4722 1984 4777 cete·

438 4808 724 4874 Consuetissimum
741 4806 828 4868 enim
844 4814 892 4868 est
908 4814 942 4868 ut
957 4807 996 4869 de
1012 4825 1050 4869 eo
1065 4809 1185 4889 specia-
1243 4829 1292 4872 ras
1317 4827 1438 4882 omncs,
1464 4807 1519 4869 sed
1545 4808 1620 4890 quia
1643 4809 1682 4871 de
1707 4809 1778 4891 ejus
1803 4811 1984 4875 inventione

438 4909 511 4971 liter
525 4915 556 4968 et
571 4905 806 4987 quodammodo
819 4905 959 4986 amplius
977 4906 1183 4982 exsultemus,
1242 4908 1387 4990 quasdam
1407 4907 1555 4988 specialis
1570 4925 1606 4968 ac
1623 4926 1734 4970 recens
1750 4909 1929 4973 consolatio
1944 4911 1984 4971 in-

439 5024 535 5088 quem
558 5005 597 5066 de
619 5003 733 5084 maiori
757 5003 900 5084 periculo
919 5004 988 5065 erui
1010 5004 1184 5080 intuemur,
1242 5006 1384 5068 nascitur
1408 5004 1449 5078 ei,
1472 5004 1578 5085 primo
1602 5006 1756 5087 quoniam
1781 5025 1878 5070 orem
1903 5007 1983 5070 illam

439 5100 750 5184 quamvis‚ahsolute
766 5100 934 5182 loquendo,
945 5120 1018 5163 eum
1035 5120 1097 5165 non
1115 5103 1186 5184 plus
1243 5105 1342 5185 magis
1365 5104 1554 5174 considerat,
1576 5105 1717 5167 secundo
1740 5106 1896 5186 quoniam
1920 5124 1983 5188 pro·

439 5221 536 5284 quam
552 5208 674 5263 ceteros
689 5199 868 5280 diligamus.
887 5201 1044 5271 Secundo,
1061 5202 1136 5282 quia
1154 5201 1184 5263 in
1242 5210 1312 5285 pter
1327 5202 1563 5284 praecedentem
1584 5203 1622 5264 dc
1643 5203 1713 5282 ejus
1734 5203 1916 5284 perditione
1936 5203 1983 5264 tri-

438 5299 616 5385 peccatoris
645 5298 851 5362 conversione
883 5298 1101 5362 misericordia
1129 5299 1184 5362 Dei
1241 5299 1528 5380 stitiam,gaudium
1543 5318 1582 5362 θιι
1598 5299 1667 5380 ejus
1684 5300 1870 5364 inventione
1886 5310 1983 5365 ortum
