4192 6258
329 542 475 590 noururca
497 543 560 590 nvn
582 543 655 591 rosr
675 544 868 592 mrurrarnrr.
890 563 930 575 —
950 545 993 593 an
1013 547 1206 611 naurorosos3
1229 549 1327 596 snnuo
1347 549 1474 605 Qurvrus
1612 529 1672 594 tot

120 729 185 793 que
203 711 370 775 convertit.
388 712 447 787 Qui
466 713 598 776 adversa
616 730 675 796 pro
688 714 754 777 ileo
773 713 873 777 liben-
886 714 912 778 A
927 734 961 778 se
982 717 1087 798 ipsum
1110 715 1207 780 iaciat
1228 734 1453 799 recognoscere
1473 724 1505 779 et
1523 735 1586 780 non
1608 716 1672 778 alta

118 816 170 872 ter
193 811 325 893 patitur,
349 810 473 874 Christo
496 829 591 894 passo
612 812 818 888 assimilatur,
840 821 873 877 et
926 832 1047 896 sapere,
1065 815 1120 877 sed
1140 815 1173 877 in
1194 833 1227 877 se
1243 815 1312 898 ipso
1328 815 1495 878 humiliter
1508 815 1620 878 sistere
1634 833 1671 877 ac

118 905 161 968 ab
183 925 222 971 eo
243 915 396 990 tanquam
415 927 435 971 a
455 908 565 984 simili,
586 909 767 974 dilectionis
786 929 870 973 nexu
925 911 1147 986 timerelQuid
1163 913 1259 976 etiam
1275 913 1322 976 sic
1337 911 1590 976 condescendere
1604 928 1673 995 pro

118 1007 213 1069 valde
234 1008 452 1090 adstringitur.
469 1009 602 1072 Fructus
625 1011 785 1092 patientie
807 1011 871 1075 bal·
924 1009 1012 1072 ximo
1029 1011 1143 1073 docetl
1158 1011 1335 1093 Perpendat
1350 1029 1435 1072 nunc
1450 1010 1671 1094 unusquisque

117 1105 287 1170 samiticus
311 1106 544 1190 imputribilem
568 1115 695 1190 prestat
715 1108 867 1190 vigorem.
923 1127 1020 1190 quam
1040 1108 1156 1171 stultus
1176 1109 1217 1170 sit
1232 1109 1289 1191 qui
1308 1109 1364 1172 has
1384 1109 1544 1192 patientie
1559 1126 1595 1171 ac
1611 1109 1669 1170 tri·

117 1204 395 1278 Quemadmodum
426 1204 517 1269 stella
546 1206 702 1268 matutina
725 1206 868 1268 vicinum
922 1205 1123 1270 bulationum
1146 1206 1298 1270 utilitates
1321 1207 1493 1287 cognoscit,
1509 1214 1542 1269 et
1562 1214 1668 1270 tamen

118 1303 248 1366 nuntiat
271 1303 348 1366 buic
370 1304 490 1368 mundo
515 1303 592 1368 solis
613 1311 729 1378 ortum,
746 1304 792 1366 sic
814 1303 869 1366 tri·
922 1305 1029 1368 abeis
1050 1304 1255 1388 supportari*
1269 1305 1436 1368 desiderat.
1710 1323 1770 1380 res.
1785 1329 1802 1370 r.

116 1398 242 1464 bulatio
267 1403 489 1483 equanimiter
512 1403 653 1479 tolerata,
679 1401 870 1484 supercoele-
962 1405 1133 1478 Postremo,
1148 1403 1239 1484 juxta
1260 1403 1438 1466 doctrinam
1458 1403 1611 1488 Apostoli,
1628 1404 1668 1468 si·
1682 1385 1763 1492 ffln'
1777 1401 1799 1444 Ρ·

117 1498 177 1560 stis
197 1498 275 1562 solis
294 1500 433 1563 animam
453 1501 636 1564 tribulatam
657 1500 795 1564 invisere
815 1516 868 1563 vo·
924 1521 994 1564 mus
1009 1521 1137 1585 semper
1151 1502 1280 1565 solliciti
1296 1521 1421 1566 servare
1438 1503 1591 1566 unitatem
1607 1503 1670 1586 spi·
1683 1513 1806 1569 Butes-v.

116 1596 214 1660 lentis
227 1598 401 1680 jucundam
419 1607 571 1663 monstrat
585 1599 867 1682 propinquitatem,
924 1601 1003 1662 ritus
1026 1601 1056 1662 in
1078 1601 1207 1664 vinculo
1228 1600 1327 1683 pacis,
1344 1601 1499 1666 servando
1522 1601 1669 1683 spiritua·
1684 1581 1703 1623 ³·

116 1703 216 1778 atque
236 1697 393 1760 internam
413 1705 507 1779 auget
526 1698 775 1761 consolationem
796 1697 869 1760 sub·
924 1698 987 1761 lem
1007 1698 1171 1773 unionem,
1188 1697 1287 1761 lixam
1304 1698 1506 1762 concordiam
1523 1704 1555 1761 et
1569 1699 1668 1761 animi

117 1802 317 1876 sequentem.
340 1795 377 1858 Et
400 1797 484 1859 sicut
508 1814 570 1861 nox
595 1796 763 1859 tenebrosa
782 1796 865 1859 diem
924 1795 1178 1860 conlormitatem
1209 1797 1242 1859 in
1271 1797 1501 1879 tranquillitate
1531 1797 1669 1878 pectoris

118 1893 272 1975 praecedit
293 1893 499 1970 luminosum,
516 1895 696 1978 hiemisque
715 1895 869 1977 asperitas
885 1896 908 1958 B
924 1897 1022 1960 nostri
1032 1913 1039 1958 ε
1049 1916 1120 1979 qum
1134 1897 1346 1980 tranquillitas
1362 1903 1410 1958 est
1424 1895 1588 1978 spirituale
1602 1896 1671 1958 vin-

116 1992 295 2056 aestivalem
310 1993 470 2056 antecedit
483 1993 735 2075 jucunditatem
752 1994 798 2056 sic
815 1993 869 2056 bo-
923 1995 1031 2058 culum
1048 1995 1178 2058 unitatis
1194 1994 1450 2078 praeiatae,quum
1466 2013 1536 2057 eam
1552 1993 1671 2056 nutriat

116 2109 232 2153 narum
248 2091 405 2154 mentium
421 2092 574 2155 internam
589 2099 621 2155 et
635 2099 783 2156 eternam
799 2110 869 2155 con·
923 2100 955 2155 et
970 2101 1145 2156 conservet.
1153 2093 1424 2167 Quemadmodum
1438 2093 1523 2155 enim
1538 2110 1595 2174 per
1609 2093 1671 2154 dis·

115 2189 309 2252 solationem
332 2190 483 2272 praecedit
503 2190 667 2253 tribulatio
689 2189 722 2252 in
744 2190 803 2252 bac
825 2190 869 2252 vi·
924 2192 1065 2255 cordiam
1085 2193 1230 2256 homines
1248 2191 1289 2254 ab
1312 2192 1451 2254 invicem
1471 2190 1668 2264 dividuntur,

115 2295 158 2350 ta.
186 2287 277 2350 Sicut
306 2306 398 2352 arcus
428 2288 589 2370 refulgens
616 2289 699 2352 inter
723 2288 867 2363 nebulas,
925 2291 967 2353 ita
998 2310 1056 2374 per
1085 2310 1196 2374 pacem
1229 2289 1438 2374 spiritualiter
1470 2289 1668 2370 colligantur.

115 2387 248 2468 signum
268 2394 318 2450 est
338 2389 424 2470 pacis
444 2388 560 2452 divinae
580 2388 618 2451 ad
637 2406 738 2469 genus
758 2387 868 2450 buma·
925 2389 1082 2452 Unitatem
1106 2407 1183 2452 vero
1207 2389 1338 2471 spiritus
1368 2387 1401 2450 in
1426 2387 1555 2449 vinculo
1584 2386 1672 2468 pacis

115 2503 214 2566 num;
240 2487 287 2549 sic
312 2487 476 2551 tribulatio
498 2487 642 2562 saeviens,
669 2487 798 2568 signum
822 2493 870 2550 est
925 2489 1062 2552 laciliter
1078 2489 1295 2571 veraciterque
1313 2494 1511 2561 conservant,
1529 2486 1584 2569 qui
1600 2485 1672 2567 jux-

115 2585 237 2649 divinae
259 2585 495 2669 propitiationis
514 2586 553 2649 ad
573 2585 729 2649 homines.
747 2585 868 2649 Patien·
924 2595 956 2650 ta
977 2587 1160 2670 praebabita‚
1177 2587 1327 2660 humiles,
1344 2587 1438 2649 mites
1461 2593 1493 2649 et
1517 2586 1673 2668 patientes

113 2683 162 2746 tia
183 2691 233 2746 est
254 2683 363 2765 gratiae
385 2683 589 2766 praeambula,
610 2684 679 2766 spei
705 2684 801 2758 socia,
823 2684 868 2747 di·
925 2687 1114 2760 consistunt,
1131 2703 1193 2748 non
1216 2685 1389 2767 prudentes
1413 2685 1444 2747 in
1468 2684 1571 2748 oculis
1593 2684 1671 2758 suis,

116 2781 265 2846 lectionis
280 2800 448 2864 puerpera.
460 2783 531 2866 lpsa
545 2783 681 2846 activam
696 2782 795 2846 vitam
811 2800 870 2845 suo
925 2803 1029 2867 neque
1045 2784 1076 2846 in
1093 2802 1187 2846 sensu
1204 2783 1334 2866 proprio
1350 2784 1539 2866 pertinaces.
1558 2783 1672 2866 Super·

115 2881 294 2944 munimine
309 2881 455 2964 protegit,
462 2888 495 2944 et
508 2881 784 2964 contemplationis
798 2899 870 2945 ocu·
925 2884 957 2946 bi
973 2891 1091 2958 autem,
1100 2881 1242 2946 iracundi
1256 2890 1288 2946 et
1302 2882 1505 2966 impatientes
1518 2881 1673 2944 unitatem

116 2981 187 3042 lum
212 2979 374 3044 subtiliter
397 2980 492 3043 acuit.
509 2980 581 3045 ttaee
606 2987 654 3044 est
676 3000 747 3063 que
768 2980 869 3044 bomi·
926 2982 1018 3045 istam
1040 2998 1104 3044 nou
1129 2988 1249 3056 tenent,
1277 2982 1332 3044 sed
1357 3001 1414 3065 per
1439 2982 1670 3056 contentiones,

116 3098 194 3142 nem
221 3079 381 3142 carnalem
404 3079 480 3142 lacit
501 3079 712 3162 spiritualem,
729 3087 762 3142 et
782 3099 869 3144 men·
885 3075 907 3140 (l
925 3081 1098 3145 discordias
1117 3099 1154 3144 ac
1178 3081 1281 3144 varias
1305 3080 1541 3155 dillormitateS‚
1564 3081 1604 3144 ab
1627 3081 1673 3143 in·

115 3186 186 3242 tem
212 3185 393 3242 terrestrem
421 3185 522 3240 mutat
546 3179 579 3241 in
604 3178 778 3242 coelestem.
800 3180 871 3262 lpsa
925 3181 1028 3244 vicem
1044 3187 1242 3264 separantur,
1252 3197 1442 3263 unoquoque
1458 3181 1490 3243 in
1506 3198 1563 3243 suo
1578 3199 1672 3242 sensu

116 3284 170 3340 est
192 3284 280 3340 areta
300 3277 363 3352 via,
385 3277 440 3340 sed
460 3294 572 3340 secura
592 3283 624 3339 ct
645 3277 871 3360 compendiosa
924 3279 1117 3354 abundante,
1135 3298 1208 3342 suas
1229 3279 1391 3362 passiones
1414 3287 1567 3362 aequente
1587 3287 1619 3341 et
1639 3297 1673 3341 se

116 3377 242 3439 ducens
264 3375 304 3437 ad
325 3375 435 3438 vitam.
452 3374 475 3438 0
497 3375 609 3458 quanti
630 3381 705 3438 sunt
726 3376 780 3458 qui
802 3395 870 3458 gra·
924 3377 1015 3441 alteri
1029 3376 1224 3461 praeferente.
1234 3377 1321 3452 Quod
1334 3377 1490 3460 religiosis
1505 3378 1673 3441 vehemen-

115 3474 254 3538 vissima
273 3473 510 3536 commisissent
531 3481 669 3556 peccata,
686 3473 712 3535 si
733 3492 797 3538 non
818 3474 871 3556 pia
924 3477 1048 3539 tissime
1074 3476 1234 3552 illicitum,
1265 3476 1426 3551 indecens,
1454 3476 1671 3559 periculosum

114 3572 330 3656 dispositione
350 3571 458 3634 divina
477 3590 534 3654 per
548 3571 770 3634 tribulationes
790 3591 868 3655 prae-
925 3582 1020 3657 atque
1036 3573 1219 3637 damnabile
1234 3581 1290 3637 est.
1308 3575 1381 3638 ldeo
1398 3593 1525 3658 semper
1541 3575 1670 3637 humili·

113 3670 237 3734 servati
257 3669 417 3733 inissent!
439 3669 519 3745 Quid
540 3671 687 3753 estquod
705 3689 795 3752 aeque
813 3688 868 3734 cor
923 3679 996 3746 tate,
1018 3672 1274 3747 mansuetudine,
1301 3672 1464 3756 patientia,
1490 3672 1620 3734 caritate
1640 3679 1672 3734 et

112 3770 281 3834 tumidum
300 3768 510 3851 animumque
532 3769 650 3831 elatum
671 3787 707 3832 ac
729 3768 866 3832 ierocem
921 3788 999 3853 pace
1015 3770 1140 3832 interna
1154 3769 1312 3852 prolicere
1327 3788 1363 3833 ac
1379 3770 1503 3833 firmari
1518 3770 1669 3836 nitamur.

654 4203 846 4294 sttuite
883 4201 1136 4309 QUINTUS

259 4471 327 4532 QUAE
348 4473 467 4522 ettam
487 4473 607 4523 FUGRRB
628 4473 723 4532 vlits,
743 4474 883 4530 QUASQUE
904 4473 1019 4522 cotbutt
1040 4473 1184 4521 Vlli'l'llTES
1206 4473 1302 4520 VERUS
1322 4470 1525 4520 vusvtototttttt

719 4573 840 4620 (llllllS'l'l
861 4573 1067 4620 ousnnvavott.

153 4857 239 4921 PSI
248 4855 459 4918 observabant
475 4875 558 4918 eum.
576 4852 652 4919 Luc.
670 4871 734 4930 nv,
753 4849 781 4917 l.
883 4857 964 4922 Duo
983 4851 1124 4927 desistat,
1141 4849 1168 4916 si
1187 4857 1219 4916 et
1238 4847 1299 4915 sibi
1319 4849 1441 4936 aliquid
1462 4849 1524 4918 tale
1545 4853 1667 4919 contin·

188 4954 463 5030 Quemadmodum
478 4961 606 5017 sanctus
620 4955 666 5017 ait
678 4954 867 5029 Bernardus,
921 4961 985 5036 gat,
1003 4971 1124 5016 memor
1146 4951 1236 5016 verbi
1260 4949 1386 5015 Domini
1410 4954 1483 5016 lesu
1505 4955 1664 5019 dicentis:

109 5055 264 5121 Christus
289 5051 322 5115 in
346 5051 440 5115 iactis
464 5051 531 5114 suis
555 5071 667 5134 passus
691 5058 740 5114 est
763 5051 868 5115 obser·
921 5051 990 5116 Non
1004 5059 1053 5114 est
1067 5049 1292 5131 servusmajor
1306 5049 1436 5114 domino
1450 5053 1813 5134 suelleniquevoanunu,

108 5161 255 5226 vatores,
279 5151 312 5213 in
336 5149 444 5214 verbis
468 5150 726 5226 contradictores,
750 5149 782 5212 in
807 5157 868 5214 tor·
923 5150 955 5212 in
978 5149 1129 5214 omnibus
1158 5168 1229 5232 que
1254 5149 1294 5211 de
1317 5149 1476 5212 salvatore
1506 5150 1664 5232 leguntur,
1681 5139 1714 5181 ¹⁶·

109 5250 237 5318 mentis
269 5249 425 5313 illusores.
458 5249 516 5323 Qui
548 5266 623 5331 ergo
651 5248 721 5311 vult
751 5248 868 5312 Gbristi
922 5248 1016 5312 facile
1031 5255 1079 5312 est
1096 5266 1231 5333 pensare
1244 5266 1341 5329 quam
1356 5248 1523 5311 verissime
1538 5249 1666 5313 divinus

108 5350 212 5436 sequi
229 5349 373 5431 vestigia,
390 5366 453 5413 non
473 5347 649 5430 frangatur,
664 5366 768 5430 neque
783 5367 801 5410 e
815 5347 869 5412 bo
922 5348 1092 5431 Dionysius
1106 5353 1315 5429 protestetur:
1327 5346 1414 5420 Quod
1430 5347 1484 5410 uni
1500 5355 1548 5410 est
1562 5346 1665 5425 cibus,

244 5485 277 5536 T·
295 5485 334 5537 ³0·
1512 5483 1542 5534 ae
