4154 6258
368 517 517 565 nounvrca
539 518 594 564 xm
615 517 688 565 rosr
708 515 902 564 rnrvnarrrr.
923 534 964 547 -
984 516 1158 564 manuario
1179 517 1211 565 m
1231 518 1425 568 lthNttltlet
1612 501 1672 568 tot

123 707 190 757 um,
207 687 239 749 id
256 695 314 762 est,
331 689 418 772 piem
438 690 594 753 adhibens
613 689 910 754 informationemll
926 690 964 752 lis
980 708 1122 764 sensum,
1139 697 1174 753 ut
1190 691 1404 773 intelligerent
1418 692 1605 774 Scripturas.
1617 693 1671 756 Po

122 793 153 847 et
166 786 428 862 consolationem,
441 799 471 849 et
487 791 614 858 vinum,
631 790 662 851 id
678 797 726 852 εει
738 789 870 869 justitiae
924 789 1085 852 tissimum
1100 796 1206 852 autem
1223 789 1299 852 iecit
1311 790 1372 852 boo
1385 791 1417 853 in
1432 791 1484 854 die
1499 791 1671 854 sacratissi-

122 883 338 966 disciplinam,
360 905 415 950 seu
441 887 692 970 increpationem
715 895 746 949 et
767 905 869 950 corre·
924 905 978 950 mo
991 887 1284 962 Pentecostes,dum
1300 889 1398 952 misso
1411 889 1531 972 Spiritu
1543 890 1669 964 Sancto,
1691 909 1818 962 scaete

122 982 272 1056 ctionem,
290 983 554 1048 confortationem
570 1002 697 1068 quoque
713 992 744 1046 et
758 985 870 1048 exhor·
923 984 1069 1046 omnium
1095 984 1274 1066 linguarum
1300 1004 1337 1048 ac
1361 987 1592 1069 scripturarum
1611 987 1670 1049 sci·
1684 985 1729 1028 ”l

121 1081 273 1144 tstionem
288 1082 328 1145 ad
343 1100 440 1164 opera
454 1083 604 1147 virtuosa.
623 1083 767 1147 Christus
782 1082 869 1145 enim
923 1081 1046 1144 entiam·
1065 1081 1339 1146 abundantissime
1362 1083 1480 1147 infudit
1497 1084 1667 1166 Apostolis.

121 1179 172 1259 pie
197 1187 230 1240 et
252 1179 338 1261 juste
362 1199 396 1244 se
424 1181 545 1254 habuit,
573 1189 605 1243 et
628 1189 716 1243 actus
742 1179 869 1262 pietatis
963 1183 1007 1242 Et
1034 1183 1083 1242 att
1109 1201 1120 1239 .·
1144 1183 1263 1242 Curam
1289 1183 1384 1242 iltius
1407 1185 1495 1244 habe.
1517 1184 1671 1265 Praecepit

122 1283 216 1358 atque
246 1277 379 1358 justitia
412 1298 486 1342 oum
521 1297 647 1342 summa
677 1279 869 1342 discretione
923 1278 1043 1361 quippe
1057 1278 1228 1360 Apostolis,
1246 1286 1281 1341 ut
1295 1297 1423 1342 ornnem
1439 1281 1595 1364 populum
1611 1282 1670 1345 sol-

8 1395 109 1445 amero.
123 1374 335 1450 commiscuit,
360 1375 451 1458 juxta
481 1376 559 1439 illud
587 1393 594 1438 :
621 1377 780 1440 Universa
809 1376 869 1440 viae
924 1377 1010 1438 licite
1033 1376 1205 1439 erudirent.
1230 1377 1316 1440 Unde
1339 1379 1383 1440 ait
1407 1379 1453 1441 eis
1471 1397 1478 1441 :
1495 1380 1614 1442 Euntes
1636 1380 1669 1443 in
1692 1400 1815 1455 narare,

123 1473 249 1536 Domini
272 1475 491 1538 misericordia
512 1483 544 1537 et
564 1475 692 1538 veritas.
923 1475 1080 1537 mundum
1109 1475 1307 1550 universum,
1333 1477 1502 1558 predicate
1532 1477 1670 1560 Evange·
1685 1467 1718 1508 ¹⁵·

159 1573 204 1633 E't
215 1573 382 1649 imponens
397 1575 492 1634 illum
508 1575 741 1650 insumentum
759 1593 867 1644 mum,
923 1573 1002 1636 lium
1027 1574 1115 1636 omni
1145 1581 1307 1638 creaturae.
1334 1575 1394 1638 Sed
1424 1582 1456 1638 et
1483 1575 1669 1644 beatissimo

122 1670 227 1744 idest,
245 1670 278 1733 in
294 1679 644 1754 corporesuopeccata
664 1670 796 1734 humani
815 1689 867 1752 ge·
922 1673 1013 1736 Petro
1045 1672 1227 1755 specialiter
1261 1673 1473 1738 universalem
1507 1675 1669 1742 commisit

120 1768 206 1830 neris
228 1767 330 1844 luens,
348 1777 379 1832 et
394 1788 451 1851 per
470 1770 530 1834 boc
550 1769 675 1851 corpori
695 1787 753 1833 suo
768 1769 868 1833 borni·
923 1769 1097 1833 Ecclesiam
1112 1777 1185 1832 ante
1200 1771 1430 1846 ascensionem,
1442 1773 1577 1836 dicendo
1593 1791 1601 1836 ε
1617 1775 1669 1838 Ρε·
1681 1803 1815 1859 imm,

8 1895 27 1938 r„
40 1897 104 1946 „ge
120 1885 175 1928 nes
201 1867 328 1942 uniens,
350 1868 441 1950 juxta
467 1868 546 1931 illud
570 1867 658 1930 lsaiae
683 1887 690 1932 :
714 1868 905 1932 DominusB
923 1887 975 1930 sce
994 1887 1069 1931 oves
1090 1886 1186 1932 meas.
1203 1873 1247 1932 Et
1261 1873 1484 1951 quodcumque
1502 1891 1667 1949 superero·
1684 1871 1716 1913 ¹⁷·

120 1965 227 2046 posuit
242 1965 273 2026 in
289 1981 328 2028 eo
342 1965 538 2048 iniquitatem
552 1965 693 2028 omnium
708 1973 868 2046 nostrum;
920 1969 1063 2044 paveris,
1084 1966 1116 2028 id
1140 1974 1198 2040 est,
1218 1967 1300 2030 ultra
1324 1967 1468 2030 debitum
1492 1968 1620 2045 feceris,
1636 1980 1668 2034 et

13 2085 61 2128 rea
74 2089 92 2128 s.
119 2069 149 2123 ει
169 2061 299 2136 iterum,
320 2062 511 2126 vulneratus
531 2071 580 2126 est
601 2069 731 2146 propter
751 2063 869 2144 iniqui·
923 2065 962 2127 de
982 2065 1117 2127 naturali
1137 2065 1293 2129 industria
1312 2085 1350 2128 ac
1370 2065 1476 2130 labore
1496 2069 1668 2145 addideris,

119 2167 198 2224 tates
221 2169 355 2224 nostras.
373 2161 461 2225 Unde
482 2161 585 2244 prima
603 2162 686 2224 Petri
708 2161 867 2224 babetur:
923 2163 1122 2244 cooperando
1141 2162 1249 2243 gratiae
1264 2170 1297 2226 et
1310 2162 1403 2226 donis
1423 2163 1549 2238 inlusis,
1566 2173 1598 2227 ει
1613 2184 1671 2248 pro

8 2281 105 2334 trefe,
119 2259 250 2322 Peccata
268 2268 375 2323 nostra
395 2261 528 2343 pertulit
543 2261 574 2324 in
592 2278 724 2343 corpore
744 2279 802 2324 suo
820 2279 870 2323 su·
922 2259 1059 2322 eliorum
1089 2261 1190 2322 salute
1218 2259 1359 2323 fideliter
1388 2262 1575 2327 insudando.
1603 2268 1671 2343 Epo

8 2349 20 2388 ἱ
120 2377 175 2439 per
191 2358 326 2440 lignum.
343 2360 451 2442 ltaque
466 2379 524 2442 per
538 2359 722 2441 jumentum
739 2358 867 2432 Christi,
923 2379 1024 2437 quom
1054 2360 1184 2419 rediero
1213 2359 1252 2422 ad
1280 2359 1490 2440 judicandum
1520 2361 1611 2425 vivos
1640 2371 1672 2426 et

121 2457 311 2538 intelligitur
330 2475 446 2540 corpus
466 2459 548 2540 ejus,
565 2476 628 2522 non
644 2457 685 2522 ob
701 2457 867 2520 bestialem
924 2465 1084 2536 mortuos;
1105 2457 1167 2530 vel,
1192 2458 1349 2522 «rediero
1364 2481 1393 2533 a,
1415 2459 1447 2522 id
1469 2467 1527 2534 est,
1550 2467 1672 2543 tempo·

120 2555 288 2630 vilitatem,
321 2557 376 2618 sed
408 2564 538 2640 propter
571 2556 868 2620 obedientissimam
923 2575 957 2618 re
981 2555 1093 2618 mortis
1117 2563 1230 2619 vestre
1252 2574 1308 2620 vos
1330 2557 1502 2622 visitavero
1522 2577 1580 2641 per
1600 2579 1670 2642 par-

119 2653 366 2736 subjectionem,
388 2663 483 2738 atque
506 2655 782 2738 promptissimam
804 2674 868 2718 ser·
923 2653 1056 2716 ticularc
1074 2653 1233 2734 judicium
1253 2673 1290 2717 ac
1308 2655 1564 2732 retributionem,
1579 2657 1670 2739 juxta

118 2753 267 2828 vitutem,
290 2773 352 2836 qua
372 2753 487 2818 anime
506 2753 732 2837 divinitatique
752 2753 868 2818 Christi
924 2750 1003 2814 illud
1031 2751 1239 2835 Apocalypsis
1265 2769 1272 2814 :
1298 2753 1379 2815 Ecce
1408 2753 1504 2816 venio
1533 2755 1607 2829 cito,
1638 2762 1670 2818 et
1690 2779 1816 2836 imese,

119 2871 248 2934 semper
268 2853 375 2935 paruit
395 2871 432 2916 ac
456 2853 597 2916 servivit.
616 2853 704 2918 Unde
725 2853 775 2916 vir
796 2851 868 2917 obe·
923 2867 1045 2913 merces
1069 2869 1140 2913 mea
1168 2869 1296 2914 mecum
1321 2860 1379 2926 est,
1395 2852 1470 2914 dare
1493 2853 1668 2936 unicuique
1685 2844 1718 2886 ¹²·

31 3005 35 3016 .
84 2987 104 3022 tt,
118 2951 209 3013 diens
234 2951 376 3034 loquitur
396 2951 461 3016 [leo
478 2971 485 3016 :
502 2951 540 3014 Ut
559 2951 744 3035 jumentum
765 2952 868 3028 iactus
921 2947 1012 3029 juxta
1034 2965 1131 3031 opera
1155 2968 1221 3012 sua.
1241 2952 1391 3012 Reddam
1416 2952 1478 3010 tibi
1499 2953 1668 3034 praemium

12 3066 17 3078 ·
118 3067 189 3112 sum
212 3050 298 3132 apud
320 3057 363 3112 te.
380 3053 489 3114 Ducit
508 3051 545 3111 in
563 3053 741 3121 stabulum,
757 3049 788 3112 id
808 3057 867 3124 est,
885 3054 907 3119 c
923 3047 1089 3130 copiosum
1110 3047 1193 3110 ultra
1212 3049 1417 3130 condignum.

118 3147 269 3211 Ecclesia
285 3149 391 3231 ipsum
407 3148 775 3232 incorporavit.Ecclesia
788 3167 869 3212 narn
963 3145 1119 3228 Deinceps
1134 3145 1248 3229 querit
1262 3165 1280 3209 a
1295 3146 1489 3229 legisperito,
1499 3167 1563 3212 non
1578 3151 1669 3231 quasi

117 3265 179 3328 que
198 3252 250 3310 est
264 3245 381 3310 Christi
401 3247 485 3311 ovile
504 3265 542 3310 ac
561 3246 736 3322 stabulum,
754 3247 786 3311 in
804 3265 868 3330 quo
923 3244 1082 3325 ignorans,
1095 3245 1150 3308 sed
1167 3243 1258 3308 illum
1275 3245 1431 3308 instruere
1446 3247 1576 3311 volens:
1590 3251 1670 3317 Quis

116 3361 192 3408 oves
213 3363 288 3408 suas
307 3345 399 3428 pouit
415 3364 451 3409 ac
472 3345 588 3408 reiicit.
606 3345 645 3408 Et
660 3352 746 3408 recte
762 3345 869 3408 Eccle-
922 3344 1040 3404 borum
1056 3344 1160 3404 trium
1175 3345 1310 3404 videtur
1325 3345 1387 3405 tibi
1396 3347 1572 3421 promimus
1585 3347 1670 3422 fuis-

116 3443 163 3504 sia
178 3442 343 3506 stabulum
361 3443 552 3526 appellatur,
569 3444 645 3526 quia
660 3445 794 3508 durante
809 3445 868 3506 bac
921 3461 954 3500 se
968 3443 1023 3500 itti
1037 3443 1097 3520 qui
1110 3443 1231 3502 incidit
1246 3444 1283 3502 in
1299 3446 1442 3504 tatrones
1453 3444 1468 3503 ?
1481 3447 1527 3506 At
1546 3447 1603 3504 itte
1620 3446 1670 3505 di·

116 3541 192 3615 vita,
215 3541 356 3604 miseriis
378 3541 488 3604 multis
509 3549 541 3604 et
561 3541 775 3605 immunditiis
799 3542 867 3624 qui·
921 3541 973 3599 eit
988 3561 999 3600 .·
1016 3542 1082 3609 Qui
1093 3543 1172 3618 fecit
1188 3543 1450 3602 misericordiam
1465 3545 1502 3603 in
1517 3545 1625 3615 illum,
1636 3543 1669 3606 id

115 3638 255 3702 busdam
271 3638 425 3714 allicitur,
443 3639 508 3702 imo
523 3640 561 3702 ad
577 3640 702 3702 ruinam
719 3648 750 3702 et
765 3639 868 3703 delor-
922 3644 980 3713 est,
988 3638 1203 3702 Samaritanus
1217 3639 1338 3702 ratione
1352 3639 1503 3704 beneficii
1515 3642 1594 3704 tanti
1608 3661 1670 3704 rna·

116 3737 293 3800 mationem
311 3736 525 3820 multiplicem
545 3739 639 3801 modo
654 3737 794 3820 collapsa
808 3747 865 3802 est.
920 3737 969 3817 gis
989 3737 1166 3818 promeruit
1185 3739 1352 3820 proximus
1371 3739 1535 3822 appellari.
1553 3741 1668 3823 Sieque

9 3879 16 3902 κ,
26 3864 100 3912 ιω,
115 3836 282 3899 Universae
311 3853 438 3918 quoque
466 3835 599 3917 justitiae
623 3844 738 3899 nostra
762 3854 868 3919 panno
922 3834 1065 3898 Christus
1086 3834 1306 3918 legisperitum
1326 3855 1366 3900 ex
1385 3856 1442 3900 sue
1461 3839 1668 3922 responsione

115 3941 324 3996 menstruata
339 3941 574 4016 comparantur.
586 3936 630 3995 Et
644 3953 759 3994 coram
775 3936 869 3995 iltius
922 3933 1071 4008 convicit,
1088 3935 1185 4016 cepit,
1201 3935 1369 4010 conclusit,
1387 3943 1496 4019 utpote
1511 3937 1596 4020 quod
1611 3957 1669 4020 per

113 4035 189 4110 epit.
210 4031 356 4095 Christus
371 4049 522 4113 namque,
533 4032 687 4114 quamdiu
703 4031 735 4094 in
752 4031 868 4095 saeculo
922 4031 1104 4113 proximum
1116 4051 1179 4096 non
1191 4032 1286 4096 debet
1297 4033 1432 4115 intelligi
1446 4035 1667 4100 solusJudaeus

112 4129 174 4192 hoc
197 4129 274 4203 luit,
292 4130 382 4193 valde
404 4129 467 4192 luit
491 4147 548 4212 pro
572 4129 740 4194 bominum
765 4129 866 4194 salute
921 4131 988 4194 sive
1003 4131 1186 4194 amicusldt
1201 4134 1250 4192 ait
1265 4134 1321 4192 itti
1333 4136 1425 4196 lesus
1433 4154 1445 4192 .·
1457 4137 1551 4205 Vade,
1560 4134 1593 4196 id
1607 4143 1666 4211 est,

112 4229 287 4302 sollicitus,
303 4228 343 4291 ad
359 4228 598 4311 predicandum
618 4228 693 4292 hinc
711 4228 784 4292 inde
803 4229 866 4292 dis·
881 4234 905 4296 D
922 4230 1033 4294 recede
1049 4237 1081 4292 et
1094 4231 1205 4293 desine
1221 4230 1299 4292 mibi
1316 4230 1480 4310 insidiari;
1496 4232 1667 4314 spirituali·

111 4345 263 4401 currens,
275 4327 429 4390 miracula
449 4327 581 4402 iaciens,
602 4345 661 4410 pro
680 4327 867 4392 bominibus
921 4335 969 4391 ter
990 4346 1128 4412 quoque,
1147 4328 1262 4390 «Vade
1279 4349 1308 4402 a,
1325 4327 1358 4390 in
1377 4328 1550 4392 virtutibus
1570 4331 1667 4412 proii-

110 4444 220 4501 orans,
240 4425 359 4490 multos
379 4434 580 4500 convertens,
597 4426 772 4509 discipulos
791 4444 867 4510 quo·
920 4429 1045 4504 ciendo,
1062 4436 1094 4491 ει
1115 4427 1217 4509 legem
1239 4427 1355 4511 ldoysis
1375 4429 1530 4492 veraciter
1548 4429 1665 4492 intelli-

108 4544 174 4608 que
197 4526 241 4590 ad
263 4525 501 4607 predicandum
524 4525 663 4588 mittens.
920 4528 1032 4610 gendo.
1055 4530 1098 4589 Ει
1120 4537 1156 4588 tu
1173 4528 1229 4603 fac
1250 4528 1418 4598 similiter,
1440 4528 1472 4590 id
1494 4536 1553 4604 est,
1577 4529 1666 4593 omni

149 4628 196 4688 ct
212 4628 322 4685 attera
337 4625 403 4694 die,
419 4624 451 4686 id
466 4632 515 4686 est
529 4631 672 4707 tempore
688 4643 778 4687 suam
796 4645 865 4708 pas·
920 4626 1044 4690 homini
1060 4625 1215 4707 indigenti
1236 4643 1295 4709 pro
1310 4625 1434 4689 viribus
1453 4627 1517 4690 tuis
1537 4647 1667 4692 succur-

107 4723 240 4788 sionem
255 4731 288 4786 et
304 4723 569 4787 resurrectionem
584 4731 749 4806 sequente,
754 4735 867 4801 proto·
921 4745 965 4800 re,
983 4745 1042 4788 nec
1057 4725 1133 4788 solis
1152 4725 1268 4788 tudaets
1287 4733 1318 4788 te
1335 4725 1519 4808 proximum
1539 4727 1666 4803 exhibe,

108 4827 148 4885 tit
159 4823 463 4894 duosdenortos,id
479 4831 527 4886 est
539 4823 657 4886 veteris
672 4841 709 4886 ae
724 4823 798 4887 novi
812 4825 866 4886 Te·
921 4825 975 4888 sed
991 4823 1079 4887 omni
1094 4823 1216 4887 homini
1233 4823 1358 4898 viatori,
1375 4825 1402 4887 si
1418 4843 1509 4890 casus
1525 4815 1668 4891 evenerit

108 4921 266 4986 stamenti
281 4921 466 5004 scripturas,
478 4931 508 4982 et
523 4924 614 4984 dedit
629 4924 822 4994 stabulario,
835 4923 865 4986 id
921 4929 956 4984 ut
975 4926 1030 4985 tua
1044 4920 1116 5003 quis
1132 4939 1192 5004 ope
1209 4920 1358 5002 indigeat.

109 5029 159 5083 est
174 5021 278 5084 choro
292 5020 515 5102 Apostolorum
531 5027 563 5084 et
576 5021 711 5084 aliorum
728 5021 867 5104 discipu·
960 5020 1050 5084 Circa
1064 5019 1266 5101 evangelium
1282 5019 1367 5083 istud
1382 5021 1475 5103 plura
1489 5021 1665 5105 pulcherri-

111 5119 221 5184 lcrum
238 5117 588 5202 suorum,quibuspost
600 5121 865 5184 resurrectionem
920 5139 973 5182 ma
997 5119 1060 5182 dici
1085 5125 1225 5201 possent,
1252 5126 1284 5181 et
1309 5139 1406 5201 super
1429 5120 1546 5184 Lucam
1573 5123 1665 5204 plura

110 5237 207 5282 suam
234 5217 420 5300 frequenter
443 5236 611 5300 apparens,
628 5218 866 5300 Scripturarum
919 5219 1004 5282 circa
1024 5219 1130 5300 ipsum
1150 5217 1346 5299 conscripsi3
1367 5237 1452 5281 nunc
1469 5237 1545 5282 vcro
1561 5219 1664 5285 brevi-

11 5286 94 5328 mv,
109 5319 204 5382 dedit
215 5316 473 5397 notitiam,juxta
485 5317 675 5382 illudzlunc
690 5318 815 5402 aperuit
830 5318 865 5382 il·
919 5317 975 5381 tati
995 5317 1135 5392 studens,
1152 5334 1312 5400 perpauca
1331 5317 1477 5382 celeriter
1495 5320 1594 5402 tetigi.
