4154 6258
447 525 595 572 ιιοιιιιιιειι
615 525 680 572 xvn
701 525 774 573 rosr
794 524 987 572 τιιιιιιιιιιιιι.
1009 541 1049 553 -
1070 524 1170 571 senno
1191 523 1343 570 satuimus
1607 501 1668 566 489

7 719 106 768 oens.
120 699 221 781 gloria
236 695 423 780 coelestique
438 697 549 781 patria.
567 697 650 760 Deus
665 715 804 778 namque
819 695 908 759 sub
924 695 996 770 luit,
1013 695 1133 778 peribit
1147 695 1185 758 de
1200 695 1319 777 populo
1334 711 1391 756 suo
1408 711 1415 755 :
1432 690 1566 756 verbum
1581 689 1668 752 enim

121 796 229 881 perbis
252 797 382 870 resistit,
397 794 575 858 humilibus
596 801 703 859 autem
728 795 781 857 dat
801 813 870 876 gra·
923 793 981 856 Dei
1001 793 1202 876 contempsit.
1220 791 1461 856 Ecclesiasticus
1481 807 1608 872 quoqne
1623 787 1669 850 di-

122 896 209 958 tiam.
226 894 308 958 Hinc
332 894 366 956 in
390 893 538 956 Numeris
558 894 679 976 Moyses
703 893 868 976 loquitur:
925 893 970 954 cit
986 909 992 954 :
1009 893 1132 966 Quanto
1147 891 1249 973 major
1263 911 1308 966 es,
1325 889 1460 953 humilia
1473 896 1505 951 te
1520 889 1553 950 in
1569 886 1670 951 omni·
1683 904 1808 1010 23³⁶2⁶1⁶¹¹¹¹¹

1711 997 1717 1020 ,
1755 997 1762 1012 .

7 1014 62 1056 ιιι..
76 1026 109 1060 ιι.
122 993 235 1057 Anima
251 1012 323 1076 quae
339 1010 396 1074 per
410 991 595 1075 superbiam
608 991 731 1073 aliquid
744 991 871 1054 commi·
925 991 996 1065 bns,
1013 998 1044 1053 et
1060 1008 1165 1053 coram
1186 990 1250 1052 Deo
1270 989 1412 1052 invenies
1430 988 1575 1070 gratiam,
1592 1002 1669 1069 quo-

122 1091 370 1174 serit,quoniam
386 1092 537 1154 adversus
553 1090 725 1154 Dominum
741 1089 870 1152 rebellis
925 1090 1011 1152 niam
1031 1089 1071 1152 ab
1094 1088 1271 1152 humilibus
1291 1088 1472 1152 honoratur.

7 1079 56 1126 ott.

635 1521 828 1608 SERMO
866 1521 1162 1608 SECUNDUS

291 1789 331 1836 DB
352 1789 468 1836 snorum
488 1779 725 1835 ntnnorttonort
746 1787 1014 1844 rnormnrnnmos,
1035 1787 1093 1834 PER
1112 1786 1190 1842 QUAS
1212 1787 1329 1834 snnrntt
1348 1787 1503 1834 nonnette

656 1885 792 1933 recem
812 1885 977 1933 obstabant
998 1885 1141 1933 Possunt.

195 2171 250 2232 Uo
264 2171 351 2228 mata
365 2167 444 2244 fecit
460 2169 601 2243 populus
620 2185 709 2226 meua
723 2185 735 2224 .·
749 2184 799 2225 me
817 2165 907 2228 cte-B
924 2163 1004 2227 latui
1026 2165 1116 2249 qnasi
1139 2184 1193 2228 vas
1215 2165 1425 2238 confractum,
1441 2183 1569 2228 omnem
1589 2163 1671 2246 sapi-

207 2269 415 2346 reliqueruot
442 2266 566 2342 fontem
595 2283 689 2344 aquea
716 2265 810 2334 oivoe,
839 2272 869 2323 et
924 2263 1043 2326 entiam
1067 2280 1131 2326 non
1155 2263 1286 2326 tenebit.
1309 2263 1390 2326 Falsi
1415 2280 1489 2343 ergo
1513 2262 1668 2336 doctores,

120 2369 280 2444 foderunt
305 2365 369 2424 sibi
396 2365 556 2424 cisternas
584 2364 772 2439 dissipatos,
798 2381 870 2442 quae
924 2369 956 2424 et
971 2360 1163 2424 fabulatores
1179 2362 1304 2424 veniae
1320 2360 1422 2443 impii,
1438 2366 1533 2442 atque
1547 2360 1671 2442 simpli-

121 2465 289 2524 continere
305 2481 367 2522 oon
385 2465 494 2522 valent
508 2481 621 2540 aquas.
637 2461 698 2524 Jer.
716 2479 748 2533 rr,
766 2459 813 2522 13.
925 2460 1010 2522 cium
1026 2461 1214 2534 seductores,
1221 2467 1376 2523 vocantur
1390 2459 1550 2541 dissipata
1566 2460 1673 2522 cister-

160 2561 240 2638 Haec·
250 2565 326 2622 sunt
345 2557 443 2622 verba
461 2558 528 2632 Dei,
545 2559 579 2620 in
598 2557 716 2641 quibus
730 2558 769 2620 ad
788 2557 870 2620 litte·
925 2576 982 2621 nae.
1000 2558 1213 2641 Conqueritur
1230 2559 1336 2639 itaque
1356 2558 1439 2620 Deus
1454 2558 1492 2620 de
1513 2558 1671 2640 perversis

121 2677 191 2722 ram
213 2657 419 2739 conqueritur
442 2655 482 2719 de
505 2655 653 2719 indurato
678 2656 796 2739 populo
818 2656 870 2718 Ju—
923 2656 1049 2732 ludaeis,
1076 2657 1160 2739 quod
1190 2656 1260 2736 ejus
1289 2657 1466 2719 doctrinam
1491 2663 1523 2718 et
1546 2663 1671 2719 sanctos

122 2757 276 2830 dacorum,
291 2755 375 2838 qnod
396 2755 458 2818 dno
478 2754 709 2817 commiserunt
730 2761 869 2836 peccata,
926 2755 1095 2837 Prophetas
1110 2755 1360 2836 dereliquerunt,
1372 2762 1404 2816 et
1419 2754 1672 2836 pseudoprophe-

122 2853 283 2937 loquendo
299 2853 331 2915 in
347 2851 766 2934 generalizinnumerahilia
785 2869 872 2914 nam·
926 2861 982 2927 tas,
1010 2854 1178 2916 mendaces
1208 2853 1386 2934 magistros,
1410 2851 1553 2932 garrulos
1581 2852 1672 2915 sedu-

121 2971 185 3035 que
201 2951 432 3014 commiserunt
450 2957 580 3031 peccata
597 2949 630 3010 in
651 2949 792 3031 speciali.
810 2950 872 3011 Pri·
925 2958 1028 3014 ctores
1049 2950 1271 3034 exquisierunt
1290 2969 1327 3013 ac
1349 2956 1569 3031 susceperunt.

121 3069 214 3114 mum
244 3056 302 3123 est,
328 3047 413 3131 quod
439 3048 534 3110 corda
562 3066 619 3110 sua
647 3054 871 3110 averterunta
970 3048 1090 3112 Deinde
1119 3048 1180 3111 hoc
1206 3049 1311 3130 ipsum
1342 3049 1548 3131 conqueritur
1577 3049 1671 3111 modo

121 3165 251 3212 summo
265 3155 299 3210 et
317 3146 445 3210 infinito
460 3165 496 3209 ac
516 3145 695 3209 invariabili
716 3147 811 3220 bono,
827 3147 872 3210 vi·
926 3146 1069 3210 Christus
1084 3148 1123 3210 de
1138 3147 1258 3229 populo
1272 3146 1454 3221 christiano,
1464 3147 1548 3229 quod
1565 3147 1671 3228 ipsum

121 3247 241 3310 delicet
256 3246 330 3318 Deo,
348 3245 402 3326 qui
419 3252 467 3307 est
481 3244 552 3306 lons
567 3263 657 3326 aquae
673 3244 764 3318 vivae,
777 3245 807 3306 id
823 3251 870 3306 est
926 3245 1176 3327 dereliquerunt,
1192 3245 1248 3327 qui
1268 3252 1316 3308 est
1335 3246 1397 3320 via,
1413 3245 1529 3308 veritas
1549 3253 1581 3308 et
1594 3245 1669 3319 vita,
1685 3268 1817 3319 rounam,

120 3346 213 3427 origo
228 3343 374 3407 salutaris
389 3342 551 3416 doetrinae,
565 3341 656 3423 juxta
672 3341 750 3404 illud
766 3339 908 3405 Eccle-ll
926 3340 997 3405 fons
1019 3342 1115 3404 totius
1138 3343 1303 3424 sapientiae
1323 3350 1418 3424 atque
1444 3343 1595 3417 scientiae,
1611 3362 1671 3406 nee
1685 3334 1705 3374 ⁰·

7 3467 106 3515 cereri.
121 3443 243 3508 siastici
266 3441 403 3505 :Omnis
427 3439 583 3522 sapientia
608 3459 626 3502 a
649 3440 783 3503 Domino
807 3441 872 3504 Deo
926 3441 997 3520 ejus
1021 3447 1148 3503 servant
1172 3441 1359 3504 doctrinam.
1381 3442 1448 3504 lmo
1472 3441 1563 3503 utin
1589 3441 1671 3504 libro

10 3567 62 3612 nu.
74 3571 92 3611 a.
121 3550 189 3620 est;
207 3541 360 3621 itemque,
378 3539 458 3600 Fons
474 3537 647 3619 sapientia,
665 3537 798 3600 verbum
815 3538 870 3600 Dei
925 3539 1072 3601 Judicum
1090 3538 1191 3601 lentur
1205 3540 1244 3602 de
1264 3539 1342 3601 liliis
1357 3539 1463 3614 lsrael,
1481 3540 1566 3621 quod
1585 3539 1672 3602 audi·
1684 3553 1817 3604 taceae.

121 3643 154 3704 in
180 3639 326 3703 excelsis.
352 3637 534 3700 Secundum
558 3636 678 3698 malum
702 3642 761 3710 est,
787 3637 871 3718 quod
926 3645 1015 3700 entes
1035 3645 1193 3719 precepta
1212 3637 1279 3712 Dei,
1298 3638 1406 3700 omnia
1425 3638 1530 3702 iecere
1552 3647 1673 3701 contra-

121 3739 188 3802 Deo
204 3737 316 3799 relicto
337 3741 563 3798 converterunt
577 3752 611 3796 se
627 3733 666 3796 ad
682 3735 873 3816 pseudopro·
927 3735 984 3809 ria,
997 3735 1039 3797 ita
1053 3735 1119 3816 jam
1136 3735 1273 3817 populus
1289 3735 1491 3812 christianus,
1504 3745 1673 3819 quantum-

121 3837 248 3918 phetas‚
274 3834 312 3895 ad
342 3831 439 3895 lalsos
467 3831 623 3904 doctores,
649 3831 688 3894 ed
715 3831 873 3895 idolorum
927 3833 1109 3914 cumqueei
1126 3833 1317 3914 predicetur
1333 3835 1372 3897 de
1389 3835 1504 3899 Christi
1519 3836 1673 3899 doctrinis

122 3934 285 3996 culturam
304 3949 361 3993 seu
381 3929 524 4011 gentium
546 3929 633 4003 deos,
649 3929 705 4012 qni
720 3937 874 3993 vocantur
926 3939 1021 4012 atque
1046 3933 1225 4014 praeceptis,
1250 3939 1352 3995 totum
1379 3933 1444 4014 agit
1467 3935 1671 3997 contrarium.

7 4031 286 4112 ar.„‚1e.dissipatae
310 4046 366 4090 seu
392 4026 559 4110 perforatae
583 4036 616 4090 et
636 4027 744 4091 lractae
766 4029 873 4091 cister·
926 4030 1155 4111 lnsuperlodit
1174 4031 1237 4093 sibi
1256 4031 1440 4094 «cisternas
1460 4032 1671 4114 dissipatas»,

119 4151 171 4194 nm
189 4147 262 4212 qua
281 4145 378 4210 equas
395 4133 559 4209 nequeunt
574 4126 746 4190 continere.
759 4126 873 4190 Cister-
927 4128 987 4191 boc
1002 4129 1214 4211 est‚praelatos
1226 4135 1258 4191 et
1271 4129 1491 4210 praedicatores
1504 4130 1673 4211 exquirito

120 4250 171 4293 nae
203 4244 342 4308 namque
371 4244 428 4288 seu
457 4225 547 4306 putei
576 4231 651 4286 sunt
679 4225 770 4307 quasi
798 4245 873 4289 vasa
926 4226 1044 4308 quibus
1060 4244 1123 4290 non
1141 4227 1277 4289 multum
1298 4226 1488 4309 corripiatur
1503 4247 1562 4290 nec
1581 4229 1673 4290 casti-

119 4342 296 4411 aquarum3
313 4343 384 4407 quae
399 4323 544 4386 cisternae
558 4323 584 4384 si
604 4321 725 4386 inerint
739 4324 872 4406 dissipa·
925 4332 1027 4406 agetur,
1044 4326 1097 4387 sed
1115 4343 1151 4386 ea
1170 4324 1277 4386 audiat
1291 4343 1362 4405 quae
1376 4324 1515 4406 amplius
1534 4325 1669 4407 placent.

119 4435 173 4501 tae,
190 4443 290 4506 aquas
306 4423 469 4486 continere
484 4439 548 4484 non
563 4421 678 4484 valent.
691 4422 749 4484 Per
764 4422 871 4485 cister·
926 4423 1041 4504 Sicque
1057 4422 1224 4504 impletum
1241 4428 1289 4484 est
1308 4441 1393 4483 nunc
1409 4424 1493 4504 quod
1513 4424 1552 4486 ad
1567 4424 1670 4489 Timo-

119 4543 179 4587 nas
197 4524 304 4605 itaque
325 4519 546 4602 intelliguntur
565 4518 711 4583 homines
730 4538 786 4583 seu
806 4538 871 4584 cor·
886 4522 910 4584 D
925 4520 1035 4582 theum
1059 4520 1206 4601 predixit
1228 4519 1397 4601 Apostolus
1422 4539 1429 4583 :
1452 4523 1521 4584 Erit
1543 4531 1670 4606 tempus
1685 4543 1817 4594 irremote.

119 4625 162 4687 da
176 4623 398 4702 humanaque
413 4636 482 4682 csse
497 4617 695 4683 debeutvasa
709 4619 871 4700 sapientia
925 4636 1024 4701 quum
1045 4636 1154 4680 sanam
1174 4618 1351 4680 doctrinam
1370 4637 1434 4682 non
1456 4620 1669 4696 sustinebunt,

119 4730 153 4787 et
174 4719 328 4791 scientiae,
344 4717 452 4798 gratia
472 4735 508 4779 ac
528 4717 682 4780 virtutum
696 4734 703 4796 ;
720 4717 746 4780 si
763 4725 871 4780 autem
925 4717 980 4779 sed
994 4717 1032 4778 ad
1048 4735 1106 4779 sua
1120 4715 1276 4779 desideria
1290 4717 1520 4780 coacervabunt
1534 4719 1596 4782 sibi
1611 4739 1672 4782 ma·

117 4819 244 4883 luerint
264 4816 359 4879 corda
377 4814 445 4878 bac
464 4833 522 4897 per
538 4815 869 4896 concupiscentiarum
924 4814 1039 4896 gistros
1064 4815 1244 4898 prurientes
1265 4815 1406 4878 auribus.
1422 4817 1477 4878 lsti
1501 4824 1576 4880 sunt
1600 4818 1671 4880 duri

117 4926 152 4981 et
168 4915 323 4980 vitiorum
339 4913 526 4996 pravitatem
542 4919 697 4994 corrupta„
708 4913 870 4977 continere
925 4921 957 4976 et
972 4912 1213 4994 incorrigibiles,
1221 4913 1276 4995 qui
1291 4913 1318 4974 si
1334 4914 1487 4977 veraciter
1502 4917 1672 4998 corripian-

117 5021 289 5097 neqnaunt
313 5011 502 5094 sapientiam
529 5009 711 5085 salutarem,
736 5011 868 5092 gratiam
924 5019 977 5074 tur
1002 5012 1152 5095 justeque
1182 5011 1390 5092 corrigantur,
1416 5015 1562 5095 protinus
1591 5015 1671 5078 indi-

7 5142 89 5192 ηιμ,
116 5122 150 5176 et
167 5112 314 5186 virtutes,
330 5110 420 5192 juxta
435 5109 514 5171 illud
536 5106 609 5169 libri
624 5107 794 5190 Sapientia
811 5126 818 5171 :
835 5110 868 5172 ln
923 5117 1071 5191 guantur,
1089 5111 1241 5172 resistunt
1255 5117 1287 5171 et
1301 5109 1527 5193 obloquuntur.
1545 5113 1588 5174 De
1604 5114 1672 5194 qui-

7 5271 42 5316 eu
57 5287 92 5316 m
116 5209 313 5274 malevolam
334 5207 475 5270 animam
497 5225 562 5270 non
582 5206 727 5269 introibit
746 5206 869 5289 sapien·
925 5208 984 5271 bus
1000 5209 1033 5270 in
1048 5208 1129 5270 lsaia
1145 5207 1401 5289 legiturzllicunt
1414 5209 1670 5291 adspicientibus,
1686 5229 1819 5282 ranam.

7 5303 12 5316 ’
44 5303 49 5314 “
94 5305 172 5374 'tia
200 5309 288 5373 Unde
312 5308 344 5370 in
369 5305 592 5370 Ecclesiastico
616 5306 870 5370 asseritur:Cor
924 5307 1026 5370 Nolite
1041 5307 1205 5389 adspicere
1226 5305 1318 5368 nobis
1338 5325 1375 5369 ea
1394 5326 1464 5390 quae
1479 5315 1564 5370 recta
1584 5317 1668 5384 sunt,
