4164 6258
499 493 646 542 oornmos
667 495 686 540 r
706 494 780 541 rosr
799 490 993 542 rnmrmmu.
1015 513 1055 524 -
1076 495 1174 542 saeuo
1195 497 1306 544 aumas
1619 477 1676 544 fal

132 683 183 726 aas
212 662 335 727 bonum
365 675 570 729 conservatur
601 684 782 740 commune,
813 663 917 728 nond
934 665 1016 728 sicut
1030 682 1135 728 coram
1153 666 1216 729 [leo
1235 675 1267 728 et
1286 665 1471 729 bominibus
1485 665 1613 730 odibilis
1631 671 1679 730 est
1691 684 1824 736 aceram.

133 769 233 825 exstat
255 763 417 839 illicitum,
433 765 489 827 sed
510 765 616 846 potius
637 765 826 829 virtuosum.
933 763 1095 844 superbia,
1121 763 1164 827 ita
1191 763 1357 827 humilitas
1386 763 1490 828 efficit
1513 764 1677 828 bominem

171 861 276 924 'lertio
300 863 393 925 docet
418 862 687 946 Archiapostolus,
714 871 750 926 ut
776 863 878 926 simus
933 862 997 925 Deo
1012 861 1261 944 hominibusque
1277 862 1458 926 amabilem.
1475 862 1555 937 Quid
1570 871 1677 926 autem

13 979 118 1026 :meam
132 959 338 1024 fraternitatis
367 968 533 1024 amatores
560 961 681 1025 ldcirco
707 979 877 1024 commune
933 961 974 1023 sit
989 960 1165 1034 humilitas,
1182 969 1214 1024 et
1232 962 1271 1022 de
1293 961 1421 1026 motivis
1440 969 1535 1044 atque
1554 959 1678 1024 effecti·

131 1059 263 1134 bonum,
288 1059 534 1142 generalemque
563 1061 708 1124 omnium
733 1067 876 1123 mutuam
933 1058 993 1121 bus
1017 1058 1099 1140 ejus,
1126 1057 1159 1120 in
1188 1058 1323 1122 diversis
1351 1059 1552 1123 sermonibus
1578 1061 1678 1122 multa

131 1158 293 1220 caritatem
313 1176 351 1221 ac
370 1177 482 1241 pacem
503 1158 733 1222 cordialissime
751 1177 878 1241 semper
933 1165 1008 1220 sunt
1029 1157 1217 1220 introducta.

131 1257 311 1319 desiderare
326 1263 358 1319 et
370 1275 478 1320 amare
493 1256 659 1332 debemus,
674 1265 769 1340 atquc
788 1275 878 1320 oran·
973 1255 1116 1338 Septimo
1139 1255 1241 1328 docet,
1263 1262 1298 1317 ut
1321 1255 1353 1318 in
1378 1256 1466 1319 omui
1488 1255 1678 1320 adversitate

130 1355 180 1430 do,
198 1354 368 1437 loquendo,
390 1355 555 1430 hortando,
577 1356 822 1429 reconciliando,
840 1375 877 1418 ac
932 1353 1033 1416 simus
1049 1353 1190 1436 plenarie
1206 1353 1371 1436 patientes.
1389 1354 1462 1418 ldeo
1477 1362 1607 1437 propter
1625 1356 1678 1419 ad·
1693 1373 1826 1426 imarus.

130 1453 265 1535 pacifice
288 1455 576 1536 exemplariterque
600 1456 747 1528 virendo,
769 1455 876 1518 conari
932 1471 1023 1515 versa
1042 1469 1104 1514 nou
1126 1451 1361 1526 contristemur,
1378 1453 1433 1515 sed
1449 1453 1678 1518 considerando

130 1552 166 1612 ad
190 1552 262 1627 hoc,
280 1560 315 1614 ut
335 1553 418 1615 inter
437 1552 669 1616 Christifideles
690 1554 731 1616 sit
750 1554 874 1627 caritas,
932 1557 1050 1632 quauta
1069 1550 1110 1613 sit
1129 1567 1239 1612 eorum
1262 1550 1382 1614 utilitas
1401 1551 1477 1613 dum
1494 1553 1678 1633 aequanimi-

131 1669 189 1732 pax
206 1657 238 1712 et
253 1651 452 1714 conversatio
472 1651 533 1733 pia.
552 1653 639 1714 Unde
655 1652 876 1734 unusquisque
932 1657 980 1711 ter
1002 1650 1188 1722 tolerantur,
1214 1648 1389 1731 gloriemur
1412 1649 1444 1711 in
1470 1649 1527 1724 eis,
1551 1650 1678 1734 [leoque

130 1746 357 1831 paterfamilias
374 1750 416 1812 ita
431 1769 465 1812 se
480 1749 575 1812 debet
591 1751 621 1812 in
638 1751 768 1833 propria
782 1750 876 1814 domo
931 1749 1047 1830 gratias
1070 1747 1256 1820 referamus,
1279 1749 1550 1830 quemadmodum
1573 1749 1605 1812 in
1628 1769 1678 1812 ex·

129 1845 257 1920 babere,
280 1846 416 1928 totisque
438 1846 563 1910 viribus
586 1847 764 1929 providere,
787 1856 821 1909 ut
842 1848 874 1910 in
894 1845 1022 1911 Bordio
1046 1865 1111 1908 sue
1135 1845 1278 1929 epistole
1301 1846 1436 1909 lacobus
1462 1847 1646 1910 exhortatur
1669 1865 1676 1910 ε

129 1945 223 2007 domo
250 1964 307 2008 sua
330 1945 371 2006 sit
396 1963 468 2028 pax,
495 1965 554 2008 nec
579 1947 661 2008 inter
684 1945 875 2009 domesticos
932 1945 1032 2008 Omne
1046 1944 1197 2024 gaudium
1214 1943 1403 2018 existimate,
1413 1963 1513 2026 quum
1529 1945 1561 2007 in
1575 1947 1679 2010 varias
1698 1972 1826 2024 rusam.

128 2059 200 2104 suos
216 2043 398 2106 inveniatur
413 2043 570 2107 discordia
583 2062 590 2107 :
602 2046 686 2126 quod
703 2053 737 2108 ut
750 2043 875 2108 facilius
931 2042 1122 2105 tentationes
1142 2042 1328 2105 incideritis.
1346 2043 1453 2106 Simus
1473 2043 1580 2126 itaque
1599 2064 1680 2108 sem-

128 2141 289 2222 impetret‚
317 2142 452 2224 ipsemet
476 2142 549 2224 pius
572 2149 604 2205 et
628 2141 784 2226 pacificus
806 2163 875 2206 esse
932 2160 989 2224 per
1011 2140 1184 2203 virtutibus
1206 2139 1387 2223 premuniti
1408 2160 1445 2204 ec
1468 2142 1629 2218 custoditi,
1647 2143 1678 2206 in

128 2237 287 2310 debet,ac
310 2240 425 2301 ceteris
447 2239 620 2302 virtutibus
642 2241 681 2302 de
703 2240 820 2322 quibus
843 2241 875 2302 in
932 2247 1054 2301 tantum
1086 2247 1120 2300 ut
1144 2239 1264 2302 nullius
1294 2239 1433 2302 hominis
1464 2241 1677 2323 improbitate,

129 2335 187 2398 ista
208 2337 344 2419 epistola
367 2337 486 2400 mentio
508 2338 556 2412 fit,
577 2338 732 2401 adornari.
932 2338 1177 2420 vituperatione,
1207 2338 1413 2410 detractione,
1444 2357 1500 2400 seu
1529 2359 1680 2421 quacum-

49 2466 115 2498 ,ωε
166 2435 283 2507 Quarto
297 2435 400 2510 docet,
411 2442 445 2497 ut
460 2435 560 2498 simus
577 2435 877 2511 misericordes,sie
931 2455 993 2518 que
1014 2435 1193 2498 inordinata
1213 2435 1383 2510 locutione,
1400 2436 1548 2500 irrisione
1563 2445 1618 2500 aut
1634 2437 1680 2500 in-

13 2525 73 2562 m·
107 2541 162 2594 'ut
184 2541 217 2596 et
242 2533 386 2596 Christus
410 2534 442 2596 in
471 2534 678 2616 precedentis
707 2535 875 2600 dominicas
929 2533 1113 2616 juriatione,
1135 2551 1346 2616 provocemur
1370 2534 1408 2598 ad
1434 2535 1678 2618 impatientiam,

127 2632 293 2713 evangelio
317 2632 425 2694 docuit
447 2649 454 2693 :
476 2633 515 2694 de
535 2650 599 2714 quo
618 2633 650 2694 in
674 2635 875 2698 sermonibus
930 2633 968 2696 ad
989 2632 1200 2696 inordinatam
1226 2632 1431 2707 locutionem,
1452 2633 1490 2696 ad
1516 2651 1597 2715 opus
1619 2635 1681 2698 illi-

126 2730 249 2812 praefati
272 2730 428 2812 evangelii
452 2730 550 2792 mulla
572 2739 646 2792 sunt
667 2731 759 2793 dicta.
930 2731 1040 2803 citum,
1056 2731 1095 2792 ad
1116 2731 1361 2794 minorationem
1383 2731 1534 2806 caritatis,
1550 2739 1605 2794 aut
1625 2732 1678 2795 be-

164 2831 282 2904 Quinto
302 2829 404 2902 docet,
427 2837 461 2890 ut
479 2829 581 2891 simus
602 2829 747 2900 modesti,
765 2837 799 2892 ut
818 2831 875 2893 sci·
930 2829 1119 2891 neficiorum
1136 2827 1387 2891 subtractionem
1404 2846 1412 2890 τ
1430 2825 1505 2911 quia
1520 2829 1580 2892 hoc
1595 2839 1679 2894 essct

126 2929 199 2991 licet
222 2928 253 2990 in
274 2927 361 2990 omni
382 2927 530 2990 exteriori
552 2935 650 3000 motu,
669 2927 807 3002 incessu,
824 2949 875 2992 re·
928 2927 1015 2990 vinci
1031 2947 1048 2989 a
1066 2927 1159 3000 malo,
1175 2934 1208 2988 et
1222 2927 1355 2990 reddere
1371 2926 1489 2990 malum
1507 2945 1565 3010 pro
1583 2929 1675 2992 malo.
1707 2951 1772 2996 aaa.
1787 2965 1824 3004 xit,

125 3029 211 3102 stitu,
239 3033 330 3108 gestu
355 3032 386 3086 et
412 3025 509 3088 verbo
538 3025 680 3087 medium
709 3029 910 3091 teneamustl
929 3025 1028 3106 Cujus
1051 3025 1234 3107 oppositum
1264 3025 1443 3087 docueruut
1466 3025 1609 3088 Christus
1632 3035 1676 3090 at·
1691 3015 1767 3066 ²¹³⁷·

125 3145 178 3189 seu
203 3126 419 3198 moderamen,
438 3123 592 3198 levitates,
609 3124 763 3186 vanitates
782 3133 872 3207 petu-
928 3143 991 3205 que
1010 3124 1162 3205 Apostoli.
1185 3124 1273 3186 Unde
1294 3131 1324 3186 et
1347 3123 1512 3186 Psalmista
1534 3123 1674 3190 fatetur:

125 3224 304 3305 lantiasque
324 3223 462 3296 vitando,
480 3221 750 3304 quemadmodum
767 3223 871 3305 Augu·
927 3222 1009 3294 Dixi,
1027 3220 1208 3284 Custodiam
1230 3221 1295 3304 rias
1317 3240 1414 3294 meas,
1437 3229 1472 3282 ut
1491 3239 1554 3284 oon
1575 3223 1675 3286 delin·
1689 3245 1748 3289 ms
1751 3259 1822 3299 11111111

124 3324 228 3385 stinus
249 3321 392 3383 hortatur
409 3337 416 3382 :
433 3321 467 3382 ln
487 3320 637 3382 omnibus
660 3312 800 3384 motibus
820 3343 871 3385 ve·
926 3339 1022 3402 quam
1041 3319 1072 3380 in
1088 3319 1196 3400 lingua
1212 3337 1300 3398 mea3
1317 3319 1408 3402 posui
1425 3318 1472 3381 ori
1489 3338 1561 3383 meo
1576 3329 1676 3385 custo
1689 3309 1710 3350 ²·

125 3420 197 3481 stris
228 3418 276 3480 nil
305 3417 363 3480 fiat
390 3416 475 3499 quod
510 3418 700 3500 cujusquam
729 3417 872 3482 offendat
926 3419 1023 3490 diam,
1040 3419 1116 3480 dum
1134 3418 1321 3481 consisteret
1339 3426 1486 3500 peccator
1504 3419 1674 3482 adversum

124 3519 324 3600 adspectum,
341 3515 395 3578 sed
415 3516 499 3598 quod
519 3523 656 3578 vestram
677 3517 786 3579 deceat
801 3537 871 3580 san·
927 3536 987 3578 me.
1005 3517 1085 3577 llinc
1101 3522 1133 3577 et
1148 3515 1405 3597 Archiapostolus
1421 3516 1460 3578 ad
1476 3535 1541 3580 sue
1557 3516 1673 3580 confir-

124 3617 278 3678 ctitatem.
309 3613 497 3676 Ambrosius
531 3631 658 3696 quoque
690 3631 696 3676 :
727 3615 782 3676 Est
809 3617 869 3696 (in-
927 3615 1098 3677 mationem
1120 3615 1272 3677 doctrinae
1293 3614 1467 3676 introducit
1481 3613 1578 3677 verba
1592 3616 1674 3678 Psal-

123 3715 205 3797 quit)
229 3714 263 3775 in
289 3713 359 3795 ipso
384 3719 482 3786 motu,
507 3712 633 3774 incessu
657 3721 689 3774 et
711 3721 801 3794 gestu
827 3722 871 3777 tc·
926 3714 1029 3776 mistae
1055 3730 1062 3774 :
1087 3711 1162 3784 Quis
1186 3720 1235 3774 est
1261 3712 1358 3775 homo
1387 3713 1442 3794 qui
1469 3712 1539 3774 vult
1562 3715 1671 3789 vitam,
1699 3735 1820 3788 rama,

123 3813 226 3876 nenda
242 3811 445 3874 verecundia.
463 3809 634 3893 Dispositio
648 3811 734 3874 enim
754 3813 870 3875 mentis
925 3815 1009 3874 etcl
1030 3809 1165 3872 Prohibe
1185 3809 1327 3890 linguam
1349 3817 1435 3871 tuam
1458 3830 1475 3872 a
1495 3811 1589 3884 malo,
1611 3820 1670 3875 etc.
1689 3801 1765 3848 ¹³³⁴·

123 3912 153 3973 in
170 3910 315 3992 corporis
330 3917 483 3990 apparatu
499 3909 710 3989 cognoscitur,
728 3909 770 3972 ita
786 3912 869 3992 quod
965 3909 1098 3972 l'itauda
1127 3917 1202 3972 sunt
1230 3926 1305 3989 ergo
1334 3908 1485 3972 universa
1514 3910 1673 3993 colloquia

122 4009 267 4090 quadam
296 4025 356 4070 vox
385 4007 484 4069 animi
510 4015 557 4069 cst
587 4009 728 4090 corporis
753 4016 867 4072 motus.
925 4009 1049 4082 vitiosa,
1066 4007 1242 4089 superflua,
1259 4006 1356 4070 verba
1376 4008 1575 4082 detractoria,
1592 4029 1672 4092 pun·

121 4107 199 4169 ilinc
229 4105 368 4168 exterior
396 4104 519 4180 levitas,
544 4105 677 4180 vanitas,
704 4106 869 4169 curiositas
924 4107 1032 4190 gitira,
1059 4106 1221 4179 mendosa,
1248 4105 1459 4180 fraudulenta,
1490 4125 1527 4169 ac
1552 4107 1672 4188 jurato·

122 4214 216 4287 atquc
237 4203 422 4285 loquacitas,
440 4203 600 4266 interioris
620 4203 767 4278 levitatis,
785 4205 870 4266 rani·
885 4207 909 4270 D
925 4205 981 4278 ria,
1005 4205 1071 4267 imo
1091 4212 1122 4266 et
1147 4204 1257 4277 otiosa,
1278 4223 1378 4286 quum
1401 4205 1501 4267 ludex
1526 4224 1672 4268 summus

122 4305 205 4376 tatis,
227 4301 422 4365 curiositatis
442 4309 474 4364 ct
495 4301 713 4365 dissolutionis
736 4309 810 4364 sunt
830 4303 869 4364 si·
925 4311 1058 4367 testetur
1079 4321 1086 4364 :
1108 4303 1151 4364 De
1171 4301 1258 4365 omni
1279 4301 1377 4364 verbo
1398 4303 1500 4365 otioso
1521 4305 1670 4384 quod'lo-
1685 4329 1818 4380 barram,

121 4419 192 4481 gna.
207 4400 329 4462 idcirco
345 4400 377 4461 in
394 4399 616 4463 Ecclesiastico
631 4401 785 4481 scriptum
802 4409 866 4462 est:
924 4402 987 4464 cuti
1005 4400 1125 4463 fuerint
1144 4399 1302 4473 homines,
1320 4399 1452 4462 reddent
1468 4401 1622 4464 rationem
1638 4403 1670 4464 in
1686 4395 1719 4435 ³⁶·

13 4513 106 4564 :esee
122 4499 165 4560 Ex
190 4499 264 4562 visu
293 4499 495 4579 cognoscitur
518 4499 578 4572 vir,
605 4507 635 4560 ct
664 4498 705 4560 ab
733 4517 868 4561 occursu
924 4502 975 4562 die
989 4499 1113 4581 judicii.
1131 4498 1218 4571 Quod
1238 4497 1265 4559 si
1286 4497 1329 4560 ita
1348 4505 1395 4561 est
1414 4498 1453 4560 dc
1472 4498 1579 4561 verbis
1594 4499 1671 4564 otio-

13 4581 59 4624 '’²³·
121 4597 214 4660 faciei
239 4596 441 4678 cognoscitur
462 4604 627 4676 sensatus;
648 4597 783 4658 amictus
804 4615 869 4659 cor·
924 4599 978 4670 sis,
1003 4597 1096 4680 quale
1118 4595 1175 4658 fiet
1198 4595 1356 4676 judicium
1379 4597 1418 4658 de
1441 4595 1548 4659 verbis
1572 4598 1672 4660 detra-

121 4698 218 4778 poris,
242 4704 274 4758 et
295 4695 378 4757 risus
398 4695 553 4768 dentium,
575 4702 607 4756 et
631 4695 791 4776 ingressus
816 4695 869 4758 ho·
924 4695 1043 4766 ctoriis,
1075 4693 1261 4777 pungitiviS,
1290 4694 1463 4768 mendosis,
1495 4695 1671 4777 ceterisque

120 4795 229 4868 minis,
246 4793 437 4856 annuntiant
452 4793 490 4854 de
507 4793 570 4855 illo.
590 4793 633 4855 Ex
650 4794 767 4876 quibas
784 4801 869 4876 patet
924 4793 1108 4856 similibust
1123 4792 1202 4854 llinc
1221 4793 1260 4854 ad
1281 4791 1445 4853 vitandum
1468 4793 1564 4854 verba
1580 4793 1671 4855 illici-

119 4911 230 4955 corum
248 4890 375 4954 fatuitas
391 4891 446 4973 qui
462 4892 501 4953 de
515 4892 653 4954 vestium
669 4901 700 4954 et
715 4891 869 4954 similium
924 4900 955 4954 ta
971 4890 1190 4974 copiosissime
1204 4908 1261 4953 nos
1277 4889 1421 4953 hortatur
1436 4891 1608 4973 Scriptura.
1621 4892 1672 4954 Ait

119 4991 312 5055 exteriorum
328 4990 512 5052 curiositate
527 4997 558 5052 et
573 5009 688 5073 pompa
703 4991 869 5072 reprebcu-
924 4989 1042 5052 etenim
1061 4989 1208 5051 Salomon
1228 5006 1234 5050 :
1251 4989 1286 5049 ln
1310 4987 1515 5070 multiloquio
1536 5008 1599 5052 non
1622 4990 1673 5052 de·
1687 5008 1821 5058 ravano.

119 5091 157 5162 si,
174 5090 283 5152 dicere
301 5089 403 5150 solent
420 5105 426 5148 :
443 5087 511 5150 Non
531 5095 580 5150 est
599 5089 637 5150 de
657 5088 868 5150 exterioribus
924 5089 985 5152 erit
1009 5095 1196 5170 peccatum3
1222 5095 1253 5149 et
1278 5087 1405 5160 iterum,
1429 5087 1551 5150 Stultus
1576 5087 1673 5150 verba
1704 5104 1780 5148 acce.
1797 5117 1819 5155 ι,

121 5207 208 5258 cura,
231 5187 406 5248 dummodo
427 5185 578 5248 interiora
600 5186 663 5248 sint
684 5186 776 5248 bona.
925 5187 1132 5268 multiplicat;
1149 5185 1426 5266 itemque,l'idisti
1443 5185 1605 5248 homiuem
1622 5206 1672 5248 re·
1686 5171 1753 5272 {lgm
1763 5241 1819 5281 ¹¹¹¹¹

161 5287 257 5347 Sexto
285 5284 388 5359 docet,
420 5292 455 5346 ut
483 5283 621 5346 humiles
651 5285 760 5347 simus.
789 5285 867 5348 b'am
925 5286 1028 5348 locem
1043 5285 1081 5346 ad
1100 5283 1317 5365 loquenduml
1334 5283 1473 5346 Stultitia
1489 5284 1589 5365 magis
1604 5303 1673 5366 spe·
1686 5294 1720 5334 ²⁰-
