4140 6258
463 489 524 554 374

682 509 832 558 ΒΟΙΙΝΙΟΔ
852 510 885 557 xl
906 511 979 557 POST
998 510 1193 557 Tnfrtrrtrltlf.
1214 528 1255 539 -
1275 511 1318 557 AD
1338 511 1533 575 nutlclosos3
1556 510 1654 558 8ΕῆΙο
1675 509 1787 556 surus

463 679 566 760 pariat
585 681 678 755 mala,
701 681 860 745 Climacus
885 682 1039 764 pandens,
1058 681 1103 743 ait
1124 698 1131 743 :
1152 681 1247 745 Sub
1264 682 1343 744 chus
1363 681 1551 744 contradicit
1570 681 1796 756 vehementer3
1811 679 1916 743 bumile'
1930 701 1967 744 ru·

463 778 575 858 perbia
604 787 652 841 est
681 780 805 860 negatio
835 780 902 855 Dei,
929 780 1071 843 inventio
1096 780 1210 842 daemo·

462 893 552 949 uum,
565 876 727 958 despectio
742 877 922 951 bominum,
935 878 1208 940 condemnationis

462 979 494 1034 et
509 974 674 1035 temerarii
683 973 798 1054 judieii
815 983 925 1048 mater,
942 975 1072 1038 laudum
1091 974 1206 1057 proles,

461 1069 756 1136 infructificationis
787 1081 1023 1153 argumentum,
1056 1074 1208 1155 effugatio

461 1168 613 1248 adjutorii
629 1169 695 1243 Dei,
713 1171 844 1234 ecstasis
860 1179 892 1234 et
905 1173 1053 1235 amentiae
1073 1192 1209 1254 praecur·

462 1267 572 1341 satrix,
595 1268 761 1330 ruinarum
783 1269 993 1343 conciliatrix,
1019 1270 1207 1333 defectionis

462 1365 599 1440 occasio,
612 1365 730 1429 furoris
745 1367 828 1443 fons,
840 1368 1018 1451 hypocrisis
1034 1377 1134 1451 porta,
1147 1370 1208 1432 das-

463 1481 596 1527 monum
624 1463 877 1539 firmamentum,
908 1467 1059 1529 vitiorum
1089 1475 1206 1542 custos,

462 1557 727 1625 inviscerositatis
762 1564 940 1640 adductrix,
977 1567 1207 1648 compassionis

462 1657 649 1739 ignorantia,
671 1662 802 1724 rationis
826 1682 939 1726 avarus
961 1665 1081 1745 positor
1102 1672 1134 1726 et
1154 1685 1207 1727 ex-

461 1757 607 1837 quisitor,
631 1767 758 1822 exactor
782 1761 920 1823 crudelis
945 1770 977 1824 et
1000 1762 1205 1837 inhumanus

1262 787 1328 843 tem
1353 781 1480 862 sapiens
1504 778 1680 842 monachus
1707 778 1909 841 contradicere
1930 800 1967 842 nc-

1262 879 1331 941 scit.
1355 879 1548 960 Dedignatur
1567 895 1736 961 cypressus
1756 894 1880 958 pergere
1899 897 1968 959 super

1261 983 1390 1052 terram,
1416 985 1447 1040 et
1470 995 1620 1059 arrogans
1650 976 1823 1040 monachus
1850 983 1877 1037 et
1900 978 1967 1038 corda

1262 1075 1420 1157 superbus
1434 1075 1625 1156 dedignatur
1638 1073 1849 1136 obedientiam
1863 1073 1969 1154 possida-

1262 1193 1305 1236 re.
1332 1174 1387 1236 Vir
1410 1173 1493 1236 altus
1517 1173 1612 1236 corde
1640 1172 1798 1235 desiderat
1821 1173 1966 1252 principari.

1262 1271 1414 1354 Superbis
1431 1272 1515 1334 Deus
1537 1270 1683 1333 resistit:
1706 1269 1779 1352 quis
1800 1285 1869 1350 ergo
1886 1287 2047 1333 commun-,sn

1263 1371 1379 1452 poterit
1408 1369 1579 1432 misererif
1608 1368 1797 1431 Immundus
1824 1375 1867 1430 est
1890 1385 1967 1430 coram

1263 1469 1326 1531 Deo
1340 1468 1444 1531 omnis
1458 1485 1608 1548 arrogans
1624 1467 1719 1530 corde
1735 1484 1743 1528 ε
1759 1473 1792 1529 et
1810 1467 1875 1548 quis
1891 1466 1921 1528 de
1935 1485 1969 1528 ce

1261 1575 1329 1629 tero
1344 1585 1397 1630 eos
1415 1567 1568 1628 mundare
1588 1565 1729 1628 valebitf
1749 1565 1820 1627 Haec
1835 1564 1967 1627 Climacus.

1302 1665 1466 1727 Discamus
1482 1681 1557 1744 ergo
1571 1683 1589 1726 a
1606 1663 1742 1736 Christo,
1758 1663 1833 1745 qnia
1850 1663 1922 1724 mitis
1936 1671 1969 1724 ast
1982 1677 2047 1720 uns

1261 1771 1294 1824 et
1311 1763 1444 1824 humilis
1465 1762 1570 1836 corde,
1586 1779 1714 1824 omnem
1735 1762 1873 1825 odientes
1889 1743 1998 1842 super-³·

461 1853 595 1919 luctator
608 1857 671 1919 Deo
688 1858 1090 1942 contrarius‚blaspbemiae
1106 1861 1203 1924 radix.
1224 1856 1247 1918 Β
1262 1861 1347 1922 biam
1365 1861 1397 1922 in
1410 1861 1600 1942 cogitatione
1615 1868 1646 1922 et
1660 1860 1842 1934 affectione,
1857 1859 1885 1920 in
1897 1858 1969 1920 rerbo

460 1951 590 2015 lnitium
611 1955 781 2037 superbias,
803 1964 851 2018 θεῖ
870 1956 945 2018 finis
964 1976 1051 2021 vanae
1076 1959 1205 2038 gloriae3

460 2050 603 2113 medium
631 2069 706 2114 vcro
735 2054 905 2135 superbiae,
930 2062 979 2117 est
1004 2064 1206 2139 contemptus

459 2147 690 2228 proximorum,
716 2159 748 2212 θῖ
771 2152 974 2233 propriorum
1000 2153 1145 2217 laborum
1169 2174 1206 2216 ac

459 2245 605 2308 dolorum
629 2249 842 2313 inverecunda
862 2251 1048 2332 propalatio,
1070 2254 1207 2336 propriae

460 2341 563 2405 laudis
595 2362 685 2408 amor
719 2347 876 2422 cordialis,
912 2349 1207 2432 redargutionisque

460 2439 590 2520 odium;
613 2440 689 2505 finis
710 2463 795 2520 vero,
817 2446 942 2526 negatio
963 2447 1113 2527 adjutorii
1137 2449 1205 2521 Dei,

461 2555 529 2601 mos
558 2539 781 2604 daemoniacus.
807 2543 913 2607 Altum
944 2546 1071 2626 sapiens
1101 2564 1207 2608 mona-

1261 1967 1356 2042 atque
1371 1959 1508 2032 silentio,
1525 1959 1558 2021 in
1573 1959 1747 2021 omissione
1763 1966 1797 2021 et
1812 1957 1970 2020 commissio

1263 2076 1314 2132 ne,
1328 2059 1360 2119 in
1375 2058 1512 2131 incessu,
1525 2058 1653 2132 vestitu,
1664 2058 1819 2139 omnique
1832 2065 1969 2139 apparatu:

1261 2157 1412 2237 qnoniam
1428 2156 1483 2238 qui
1500 2156 1637 2219 tenuerit
1652 2156 2049 2238 superbiaminducturran

1262 2253 1450 2326 maledictis,
1469 2254 1500 2316 id
1516 2261 1563 2315 est
1578 2255 1730 2335 peccatis,
1746 2273 1805 2336 per
1823 2271 1885 2335 qua
1900 2271 1972 2314 mere

1262 2351 1348 2414 bitur
1373 2352 1521 2414 maledici
1545 2352 1803 2435 aeternaliterque
1825 2351 1972 2413 damnaria

1260 2450 1370 2513 ludice
1391 2469 1529 2524 summo,
1548 2452 1612 2514 Deo
1633 2450 1778 2525 sublimi,
1800 2451 1880 2532 justo
1896 2457 1922 2512 ot
1936 2448 1973 2510 be

1261 2548 1398 2610 nedicto.

1007 2975 1198 3062 SERMO
1238 2975 1454 3064 SEXTUS

623 3239 663 3285 DE
684 3239 784 3286 LAUDE
805 3239 842 3285 ET
863 3239 987 3286 ORIGINE
1007 3240 1213 3298 nocturum,
1233 3241 1271 3286 ET
1291 3243 1331 3287 DE
1351 3243 1521 3290 vtrurltrtfts
1542 3244 1642 3300 Arous
1662 3245 1844 3292 EFFEGTlBUS

1050 3338 1230 3385 matamors
1250 3339 1419 3386 stomoma.

531 3621 646 3682 MNIS
666 3621 725 3698 qui
743 3638 775 3677 se
791 3622 928 3689 emulcet,
951 3619 1207 3686 territamur,-
1223 3617 1245 3680 C
1262 3617 1468 3683 inclinatione
1498 3620 1594 3683 etiam
1626 3623 1834 3704 corporaliter
1861 3621 1974 3691 inclinat,

546 3726 575 3776 el
591 3718 697 3795 quise
715 3717 883 3786 humiliat,
899 3717 1112 3776 occultabitur.
1129 3715 1203 3777 Luc.

459 3832 547 3887 xvru,
565 3813 612 3875 lb.

500 3912 773 3986 Quemadmodum
793 3919 921 3975 sanctus
942 3911 1083 3993 loquitur
1102 3914 1206 3992 Augu-

460 4011 573 4084 stinus,
595 4010 763 4074 Humilitas
783 4018 841 4084 est,
863 4030 901 4073 ex
927 4011 1044 4072 intuitu
1069 4012 1206 4094 propriae

461 4108 652 4172 conditionis
681 4117 714 4171 et
741 4109 791 4170 sui
820 4109 998 4172 Conditoris
1027 4110 1206 4172 voluntaria

459 4208 577 4270 mentis
602 4207 767 4270 inclinatio
791 4208 825 4270 in
849 4226 907 4270 suo
933 4208 1007 4282 imo,
1034 4208 1205 4271 ordinabili

458 4308 497 4370 ad
524 4307 692 4389 proprium
722 4305 934 4369 Conditorem.
962 4307 1000 4368 Et
1023 4307 1116 4368 datur
1138 4307 1205 4370 liaeo

459 4405 608 4468 delinitio
623 4405 729 4487 potius
745 4404 989 4467 dehumilitatis
1008 4413 1092 4478 actu,
1109 4424 1204 4487 quam

459 4504 499 4566 de
514 4503 583 4583 ipsa
597 4503 715 4565 virtute
730 4522 785 4564 seu
802 4502 913 4564 habitu
928 4503 1127 4566 humilitatis.
1145 4505 1206 4565 Hu-

460 4599 579 4662 militas
595 4618 734 4681 namque
748 4600 895 4681 gratuita,
908 4600 946 4662 de
962 4620 1025 4682 qua
1040 4621 1126 4663 nunc
1141 4621 1205 4664 ser-

461 4716 524 4770 m0,
550 4704 598 4760 est
623 4699 723 4761 virtus
748 4699 864 4773 infusa,
892 4700 923 4762 id
947 4708 996 4762 est
1017 4720 1036 4762 a
1060 4702 1124 4763 Deo
1148 4721 1205 4782 per

1261 3716 1459 3797 genuflectit,
1482 3720 1655 3800 prosternit
1676 3739 1713 3782 ac
1735 3721 1847 3802 dejicit
1866 3739 1904 3783 se.
1923 3719 1974 3781 flac

1261 3834 1336 3896 ergo
1351 3815 1541 3880 humilitatis
1557 3818 1722 3882 inclinatio
1742 3839 1781 3882 ex
1799 3819 1911 3902 duplici
1924 3835 1976 3898 pro·

1261 3915 1345 3978 cedit
1369 3916 1632 3992 consideratione,
1657 3918 1807 3982 videlicet
1831 3917 1976 4000 suiipsius

1259 4031 1296 4075 ac
1318 4013 1483 4076 Creatoris.

1300 4111 1516 4175 Consideratio
1541 4113 1671 4175 demum
1696 4115 1746 4176 sui
1769 4115 1869 4196 ipsius
1885 4114 1920 4177 ad
1935 4113 1978 4174 bu-

1261 4209 1428 4272 militatem
1449 4210 1629 4292 impellens,
1647 4219 1695 4274 est
1714 4213 1880 4296 multiplex
1898 4211 1975 4273 raldo.

1259 4308 1375 4382 Prima,
1392 4327 1453 4390 qua
1468 4310 1709 4373 consideramus
1723 4329 1781 4374 nos
1796 4312 1879 4395 ipsos
1892 4329 1979 4374 secun

1259 4407 1337 4468 dum
1357 4407 1441 4488 quod
1463 4425 1501 4470 cx
1521 4408 1623 4471 nihilo
1643 4428 1754 4472 sumus
1775 4410 1922 4492 plasmati.
1939 4409 1978 4470 Sr-

1259 4505 1445 4587 cunda,qua
1461 4507 1699 4570 consideramus
1714 4526 1773 4571 nos
1786 4517 1820 4571 ut
1836 4505 1979 4571 incessabi

1259 4604 1332 4666 liter
1351 4603 1391 4666 ab
1407 4604 1629 4688 Omnipotente
1645 4607 1872 4688 dependentes,
1886 4605 1979 4684 eteius

1259 4703 1498 4766 conservatione
1515 4703 1732 4767 indesinenter
1746 4707 1832 4769 omni
1847 4709 1981 4768 momento

461 4797 654 4860 creationem
689 4797 803 4860 collata
831 4807 926 4880 atque
956 4800 1119 4881 producta,
1148 4820 1204 4882 per
1220 4797 1243 4859 D
1259 4808 1398 4882 egentes,
1416 4803 1484 4866 sine
1504 4822 1567 4884 qua
1586 4822 1644 4865 nec
1663 4805 1703 4867 ad
1724 4813 1878 4887 punctum
1896 4819 1978 4885 possc-

460 4913 556 4976 quam
570 4894 666 4957 bomo
685 4914 724 4958 ex
744 4895 861 4958 intuitu
882 4915 937 4958 seu
952 4898 1204 4961 consideratione

460 4990 510 5053 sui
531 4991 632 5072 ipsius
653 5011 690 5053 ac
712 4993 834 5075 proprii
855 4993 1020 5068 creatoris,
1042 5015 1075 5058 se
1097 4996 1204 5078 ipsum

460 5107 567 5152 coram
588 5090 651 5153 Deo
671 5098 783 5172 sponte
801 5091 943 5167 inclinat,
960 5101 992 5155 et
1007 5095 1097 5176 quasi
1113 5096 1203 5177 spiri-

455 5188 587 5251 tualiter
601 5188 798 5269 genuflectit,
816 5209 913 5272 seque
928 5193 1110 5273 prosternit,
1127 5194 1204 5275 deji-

458 5287 513 5363 cit,
530 5287 699 5370 vilipendit
714 5295 745 5350 et
760 5288 879 5365 subdit,
895 5296 989 5372 atque
1005 5310 1043 5354 ex
1059 5291 1215 5357 interiori

1259 4919 1331 4960 mus
1352 4899 1384 4960 in
1405 4918 1475 4962 esse
1495 4919 1632 4962 manere.
1651 4901 1767 4976 Tertia,
1783 4922 1847 4985 qua
1863 4899 1980 4965 conside

1259 5017 1367 5060 ramus
1391 5016 1448 5061 nos
1474 4999 1559 5080 ipsos
1583 5001 1760 5063 secundum
1785 5020 1855 5064 esse
1878 4996 1980 5082 specifi

1258 5104 1375 5170 cum,et
1389 5099 1493 5179 quoad
1509 5099 1540 5160 id
1556 5099 1641 5181 quod
1656 5119 1764 5162 sumus
1779 5119 1838 5182 per
1852 5109 1978 5163 naturam.

1259 5196 1385 5278 Sicque,
1405 5197 1553 5279 quamvis
1573 5207 1720 5280 respectu
1740 5199 1941 5281 corporalium
1957 5203 1979 5254 ct

1257 5294 1489 5359 irrationalium
1504 5303 1859 5380 creaturarummagnae
1872 5297 1980 5379 dignita·
