4140 6258
322 491 470 539 nonnum
491 493 512 538 x
532 492 606 539 rosv
625 491 818 539 rarurrxrnx.
840 511 879 522 -
899 495 941 539 nn
961 493 1156 558 nnarorosos;
1178 497 1277 544 ssnxo
1297 497 1409 546 srxrns
1581 481 1641 546 353

36 716 41 728 ,
142 659 296 734 Praeterea,
313 680 370 723 cur
384 661 526 725 Salvator
541 663 696 744 ingratam
716 681 753 726 ac
772 665 879 745 per-A
895 665 973 746 ipso.
991 665 1153 748 Numquid
1176 669 1345 730 mediocris
1368 677 1416 730 est
1436 668 1546 751 gratia,
1563 669 1641 730 cari·

105 755 194 820 lidam
214 758 327 822 urbam
344 759 512 824 defleverit
525 760 738 837 advertamus,
754 781 794 824 ne
809 769 841 824 et
894 770 952 836 tas,
969 762 1120 844 dignatio,
1137 765 1311 829 liberalitas
1332 766 1412 829 istal
1428 767 1548 841 Quanta
1567 783 1642 846 ergo

105 873 156 918 nos
178 856 276 918 simus
306 857 455 921 similiter
478 859 676 942 deplorandi,
703 867 734 922 et
758 859 841 922 inter
894 868 942 922 est
961 861 1055 944 culpa
1074 870 1192 938 nostra,
1209 864 1236 925 si
1257 863 1464 946 negligentes,
1481 865 1639 945 loquaces,

104 954 168 1016 illos
194 956 345 1039 reprobos
374 959 591 1041 computandi.
618 959 691 1022 ldeo
720 959 840 1042 quippe
893 958 1007 1038 gulosi,
1034 961 1205 1042 passionali
1230 980 1267 1024 ac
1290 962 1390 1044 tepidi
1419 965 1558 1024 sumusl
1582 962 1641 1024 lte

103 1071 165 1114 earu
188 1052 329 1128 deflevit,
352 1056 503 1138 quoniam
526 1063 654 1139 tempus
678 1075 743 1119 sure
764 1055 839 1118 visi·
894 1075 977 1130 rum,
999 1057 1108 1121 visitat
1127 1076 1185 1123 nos
1205 1059 1347 1122 Christus
1371 1061 1497 1124 assidue
1519 1079 1576 1142 per
1596 1059 1641 1122 in·

103 1151 230 1226 tationis,
256 1152 405 1216 videlicet
428 1155 583 1218 adventus
608 1161 640 1217 et
663 1153 839 1237 praesentiae
894 1161 991 1216 terne
1008 1154 1252 1220 illuminationis
1273 1156 1478 1231 inlusionem,
1495 1175 1553 1240 per
1567 1174 1639 1220 eon-

103 1249 208 1313 Ghristi
228 1249 290 1312 sibi
310 1252 460 1334 promissi
477 1270 514 1314 ac
530 1253 631 1328 missi,
648 1270 711 1316 non
727 1270 840 1334 cogno
893 1251 1079 1315 solationem
1096 1255 1285 1336 piissimam,
1297 1274 1355 1337 pcr
1370 1255 1593 1318 excitationem
1608 1263 1640 1318 et

103 1348 151 1410 vit.
175 1348 343 1412 Videamus
372 1351 469 1432 igitur
497 1369 537 1412 ne
567 1359 598 1414 et
626 1369 683 1414 nos
712 1359 838 1433 tempus
893 1348 1181 1415 inflammationem
1202 1353 1302 1416 nostri
1325 1353 1471 1416 allectus.

102 1446 282 1510 visitationis
303 1456 417 1512 nostra
433 1468 453 1510 a
469 1448 594 1513 Christo
614 1449 703 1532 parvi
724 1448 840 1531 penda·
933 1448 965 1510 Si
990 1466 1065 1530 ergo
1093 1459 1164 1532 post
1193 1452 1301 1514 omnia
1325 1450 1394 1526 ista,
1419 1451 1460 1514 ad
1489 1451 1639 1533 pristinas

103 1563 177 1618 mus,
201 1545 440 1621 obliviscamur,
463 1554 495 1609 et
520 1547 633 1629 ingrati
658 1547 836 1610 reddamur.
894 1547 1048 1622 levitates,
1065 1549 1301 1624 dissolutiones,
1318 1549 1514 1613 ollendicula
1535 1569 1639 1613 rever-

102 1644 327 1709 Gratiosissime
343 1645 484 1710 visitavit
498 1665 555 1710 nos
571 1647 725 1720 Christus,
741 1666 839 1728 quan·
893 1654 1008 1720 tamur,
1026 1666 1085 1710 nec
1100 1648 1237 1731 Spiritus
1252 1649 1358 1712 Sancti
1377 1649 1568 1712 charismata
1587 1667 1640 1711 cu·

102 1743 138 1805 do
161 1743 253 1807 corda
277 1752 384 1808 nostra
408 1745 588 1820 illustravit,
614 1746 720 1818 traxit,
746 1754 778 1807 et
800 1745 839 1808 de
893 1745 1011 1808 stodire
1026 1764 1186 1820 curemus,
1202 1747 1280 1829 quid
1294 1746 1353 1809 liet
1369 1747 1408 1810 de
1425 1746 1518 1810 nohis
1537 1766 1639 1829 quum

103 1841 235 1905 seculari
256 1843 472 1926 perditissima
491 1843 557 1908 vita
575 1845 613 1907 ad
634 1853 750 1907 sancta·
770 1844 841 1906 reli·
855 1844 878 1908 B
893 1843 993 1906 ludex
1017 1845 1154 1907 eoelestis
1179 1846 1312 1928 coeperit
1335 1853 1367 1907 et
1391 1845 1475 1928 ipsas
1498 1846 1639 1926 justitias
1654 1871 1787 1932 reuma.

103 1941 197 2021 gionis
215 1941 394 2023 ingressum
417 1943 550 2007 induxit.
568 1943 647 2006 lluic
668 1943 840 2006 visitationi
893 1941 1048 2022 judicare,
1078 1945 1206 2026 quando
1233 1944 1339 2026 justus
1368 1945 1421 2008 vix
1452 1945 1638 2020 salvabitur,
1668 1970 1787 2024 ranan,

106 2039 259 2102 invenitur
278 2041 431 2122 ingratus,
447 2043 504 2124 qui
523 2043 701 2106 secundum
716 2042 842 2123 exigen-
895 2042 1022 2123 quando
1036 2043 1075 2106 de
1090 2043 1184 2106 domo
1200 2044 1255 2106 Dei
1270 2043 1452 2107 exordietur
1463 2043 1640 2126 judiciuml
1656 2036 1728 2085 ¹⁸³⁷·

11 2151 12 2158 ’
45 2162 92 2198 ιιι,
107 2141 174 2202 tiam
193 2159 258 2202 suae
275 2141 450 2204 vocationis
469 2159 532 2204 non
553 2148 601 2204 est
620 2141 776 2204 sollicitus
795 2141 842 2202 di·
895 2141 963 2203 Non
984 2140 1185 2204 blandiamur
1205 2161 1264 2204 nec
1280 2143 1447 2225 palpemus
1466 2143 1639 2225 nosipsos,

104 2257 159 2319 gne
182 2239 245 2301 lieo
270 2239 461 2314 conversari,
482 2240 538 2322 qui
562 2260 581 2303 a
605 2239 785 2303 carnalibus
810 2249 842 2302 et
896 2239 971 2321 quia
994 2241 1174 2322 periculum
1198 2249 1248 2303 est
1271 2242 1483 2321 immensum3
1508 2244 1563 2306 sed
1589 2261 1641 2305 ve·

105 2337 268 2400 mundanis
301 2338 472 2402 affectibus
507 2358 598 2402 suam
632 2357 695 2403 non
730 2339 842 2420 satagit
895 2357 1023 2401 reamur
1042 2359 1093 2412 ne,
1110 2339 1194 2402 sicut
1212 2341 1257 2402 ait
1272 2341 1424 2416 Salvator,
1442 2341 1642 2404 circumdent
1676 2357 1788 2410 ιιιιι,

105 2443 234 2498 mantem
256 2437 441 2519 purificare,
458 2438 513 2520 qui
533 2438 671 2502 exclusis
689 2439 843 2502 distracti·
895 2455 953 2501 nos
977 2438 1101 2501 inimici
1123 2440 1223 2503 nostri
1243 2439 1421 2503 invisibiles
1441 2447 1473 2504 et
1491 2441 1643 2504 crudelis·
1656 2423 1735 2472 ”¹⁴⁴⁹

103 2534 210 2598 onibus
232 2536 336 2610 vanis,
363 2543 469 2600 mente
498 2537 642 2600 fervente
671 2556 708 2600 ae
734 2536 841 2599 stabili
895 2536 969 2600 simi
991 2537 1108 2612 hostes,
1125 2545 1157 2600 et
1178 2546 1385 2620 coangustent
1407 2556 1464 2602 nos
1488 2539 1641 2621 undique,

101 2633 253 2698 adherere
269 2641 301 2698 et
314 2653 426 2699 vacare
442 2636 506 2698 ileo
520 2635 677 2700 altissimo
693 2653 756 2698 non
777 2653 842 2700 mo
895 2642 989 2718 atque
1005 2636 1044 2698 ad
1058 2643 1176 2699 terram
1197 2644 1399 2720 prosternant
1413 2655 1481 2712 nos,
1498 2638 1564 2700 suis
1585 2656 1642 2701 nos

102 2731 179 2793 litur.
196 2733 284 2807 Quod
305 2740 405 2796 totum
429 2735 462 2796 in
483 2734 641 2816 religiosis
660 2733 841 2798 damnabile
896 2735 1124 2799 tentationibus
1144 2737 1334 2818 superando,
1351 2735 1543 2799 involvendo
1560 2737 1642 2819 peri-

102 2831 467 2916 periculosissimumque
497 2833 654 2908 consistit,
680 2833 755 2917 quia
778 2851 841 2916 quo
896 2833 976 2895 culis
999 2833 1217 2917 capiendoque
1242 2833 1375 2916 laqueis,
1397 2841 1429 2896 et
1450 2835 1579 2897 tandem
1603 2834 1642 2897 ad

101 2929 195 3010 major
213 2931 262 2994 eis
280 2951 298 2994 a
313 2933 377 2995 Deo
395 2933 496 3014 gratia
516 2941 618 2996 exstat
635 2932 787 3007 exhibita,
803 2950 842 2996 eo
896 2938 1012 2994 terram
1034 2931 1234 2996 tenebrosam
1252 2941 1283 2996 et
1299 2939 1443 3014 opertam
1464 2933 1574 2996 mortis
1594 2951 1644 2996 ca·
1670 2954 1712 2998 ne
1726 2957 1789 3008 ιιι.

101 3026 234 3107 ipsorum
267 3031 472 3112 negligentia,
498 3030 703 3112 ingratitudo,
729 3031 841 3094 recidi·
859 3033 880 3096 C
896 3030 993 3110 ligine
1009 3031 1220 3112 pertrahendo
1237 3049 1244 3094 :
1262 3033 1337 3114 quia
1357 3033 1390 3094 in
1410 3031 1563 3114 religione
1579 3051 1643 3096 non

100 3126 326 3208 vatio,gravior
340 3128 575 3212 comprobatur.
589 3129 721 3211 Insuper
736 3129 843 3192 visitat
896 3127 1042 3210 religiose
1058 3128 1177 3204 vivere,
1194 3149 1319 3194 summa
1339 3139 1387 3194 est
1406 3130 1577 3195 damnatio.
1594 3131 1642 3194 ld·

100 3240 152 3285 nos
166 3225 309 3307 qnotidie
324 3227 421 3289 Filius
437 3226 492 3290 Dei
507 3227 540 3290 in
556 3228 774 3307 Sacmmento3
791 3246 842 3290 ve·
896 3227 982 3290 circo
1003 3245 1076 3289 cum
1101 3234 1187 3291 metu
1209 3235 1241 3290 et
1262 3229 1441 3292 reverentia
1464 3231 1641 3293 serviamus
1670 3251 1789 3306 aalma

101 3319 144 3381 nit
161 3323 198 3384 ad
218 3341 289 3399 noa,
306 3325 394 3388 venit
414 3324 447 3386 in
467 3342 536 3400 nos,
553 3333 585 3389 et
604 3325 709 3389 reiicit
728 3342 785 3387 nos
807 3344 841 3388 se
896 3325 1030 3389 Domino
1051 3325 1115 3390 Deo
1135 3335 1252 3391 nostro.
1656 3317 1691 3359 ²⁸·

643 3752 834 3840 SERMO
875 3753 1093 3841 SEXTUS

353 4019 392 4066 hu
413 4018 513 4066 GAUSA
534 4018 729 4075 courtmatrut
749 4019 852 4066 RUINAE
871 4019 909 4066 ΕΤ
929 4019 1127 4068 omhormms
1148 4019 1380 4070 xrtrorosoumt.

149 4299 483 4362 IRCUMDABUNT
496 4307 526 4360 te
540 4298 673 4358 inimici
682 4299 733 4358 tui
742 4301 837 4368 vallo,
853 4298 878 4361 D
892 4306 924 4361 ta
938 4306 1013 4362 sunt
1027 4299 1067 4362 ah
1082 4299 1183 4363 oculis
1198 4301 1262 4364 tuis
1277 4301 1323 4384 (id
1343 4310 1402 4377 est,
1418 4312 1562 4389 tempore
1577 4307 1638 4372 isto

164 4409 194 4458 et
209 4400 469 4477 coangustabunt
485 4407 515 4458 te
525 4399 680 4476 undique
690 4396 765 4459 Luc.
773 4415 837 4472 xxx,
893 4397 966 4462 vita
988 4405 1061 4472 tura,
1078 4417 1115 4461 ea
1135 4418 1206 4480 quae
1227 4400 1266 4462 ad
1288 4401 1447 4466 carnalem
1471 4423 1583 4487 pacem
1606 4413 1639 4469 et

93 4494 138 4559 43
893 4495 1107 4560 transitoriam
1135 4499 1378 4580 prosperitatem
1403 4503 1563 4584 pertinent
1586 4504 1639 4569 ha·

12 4625 80 4670 ι,.ιι
131 4595 256 4670 Omnia,
269 4595 351 4660 sieut
365 4596 409 4658 ait
422 4595 602 4678 Apostolus,
614 4595 840 4677 contingebant
893 4595 960 4670 hes,
970 4594 1089 4658 ideirco
1105 4595 1188 4658 mala
1203 4595 1286 4658 tihi
1278 4600 1477 4664 imminentia
1492 4620 1555 4666 non
1572 4623 1640 4686 per·

92 4695 230 4759 Judaeis'
221 4715 257 4758 ιιι
272 4694 385 4777 ligura
398 4695 670 4769 Quemadmodum
687 4712 762 4776 ergo
776 4694 840 4758 Sal·
894 4693 1037 4777 pendis>;
1056 4694 1103 4756 sie
1125 4695 1245 4770 multis,
1266 4697 1349 4760 haut
1367 4699 1524 4780 religiosis
1543 4721 1638 4766 causa

93 4801 179 4856 vator
194 4793 371 4876 perituram
392 4793 554 4858 civitatem
571 4794 751 4876 deplorans,
768 4812 840 4856 cau·
893 4793 1110 4856 dissolutionis
1126 4801 1158 4856 et
1172 4794 1383 4876 negligentia,
1395 4817 1432 4861 ac
1446 4801 1638 4882 quotidiana

93 4911 157 4954 sam
177 4892 401 4956 cxcaecatiouis
416 4900 448 4954 et
467 4891 661 4956 carnalitatis
681 4891 752 4974 ejus
768 4911 839 4975 per·
893 4892 994 4956 ruinas
1022 4911 1078 4955 seu
1107 4892 1307 4968 delectionis,
1336 4903 1385 4958 est
1412 4900 1638 4980 temporalium

93 4989 195 5052 hibuit
209 5009 282 5053 esse
297 4997 495 5053 terrenarum
510 4989 712 5053 allluentiam
730 5009 837 5052 rerum
893 4991 1088 5053 abundantia
1111 5010 1218 5054 rerum
1244 5012 1369 5075 paxque
1393 4997 1538 5060 earnalis.
1555 4999 1637 5065 Dum

92 5096 122 5149 et
141 5089 329 5172 temporalis
351 5089 551 5170 carnalisque
573 5090 661 5172 pacis
681 5089 839 5172 prosperi·
892 5089 978 5152 enim
1011 5090 1242 5173 temporalibus
1274 5092 1369 5155 rebus
1400 5094 1573 5172 abundant,
1603 5117 1637 5162 se

12 5207 79 5252 ιιιι.
92 5194 198 5264 tatem,
214 5188 362 5263 dicendo,
378 5187 417 5251 Et
436 5189 566 5270 quidem
587 5187 619 5251 in
638 5188 698 5251 hac
717 5188 769 5251 die
783 5196 839 5251 tua
892 5188 978 5271 ipsos
1009 5189 1174 5272 superflue
1202 5209 1239 5253 ac
1260 5177 1356 5254 ¹laute
1385 5192 1547 5270 reficiunt,
1578 5215 1637 5260 nec

90 5305 159 5369 quae
173 5287 214 5350 ad
230 5305 343 5370 pacem
357 5287 428 5363 tibi,
444 5305 531 5350 nune
550 5295 656 5351 autam
671 5286 838 5351 abscondi·
891 5289 1079 5351 necessariis
1099 5295 1173 5351 sunt
1198 5291 1349 5366 contenti,
1366 5291 1421 5354 sed
1442 5295 1567 5358 curiosa
1589 5313 1636 5359 re·
1692 5297 1696 5304 '

213 5421 249 5473 T.
269 5421 307 5474 30.
1482 5426 1513 5478 23
