4140 6258
454 473 514 538 290
676 493 824 541 DOlllNlGA
845 493 888 540 vn
909 494 982 540 POST
1001 494 1196 541 rutulum.
1216 513 1255 522 -
1275 496 1318 541 AD
1337 493 1533 560 nntlolosos;
1555 496 1654 543 Sffll)
1674 495 1787 542 SEXTUS

455 661 634 726 devotionis
655 662 753 745 hujus
768 662 856 726 lelici
874 663 1074 745 jucunditate
1095 665 1204 727 lruun·
1219 663 1244 727 Α
1259 671 1348 728 erant
1377 665 1531 747 adjuncti,
1557 673 1589 729 et
1612 664 1739 729 dulcem
1769 664 1869 728 dabunt
1889 683 1950 749 sape

455 768 517 823 tur.
536 760 624 824 llulti
647 781 723 826 vero
744 769 807 826 tota
828 763 894 825 vita
916 781 972 825 sua
993 764 1033 825 ad
1056 763 1116 826 hoc
1139 771 1205 826 ten·
1259 782 1338 838 rem,
1357 764 1416 826 rite
1437 763 1659 846 intelliguntur
1673 763 1878 826 delectationes
1892 783 1952 826 erer-

455 860 547 934 dunt,
574 868 606 924 et
635 881 800 944 nunquam
831 863 1019 947 pertingunt
1049 881 1056 925 :
1088 863 1205 945 quibus
1259 861 1344 924 citiis
1359 862 1510 925 virtuosis
1526 860 1954 936 annexae.Quaelibeteninrir·

455 966 574 1033 tamen,
588 959 614 1020 si
631 960 684 1043 pie
699 967 731 1022 et
746 969 988 1042 perseveranter
1003 962 1107 1025 conati
1122 969 1203 1036 sunt,
1259 967 1311 1023 tus
1343 961 1505 1044 propriam
1540 960 1637 1023 habet
1667 960 1886 1024 delectationem
1910 981 1953 1024 sue

455 1056 563 1119 statim
579 1064 615 1120 ut
629 1058 668 1120 de
683 1077 815 1142 corpore
831 1067 957 1133 exeunt,
965 1059 1105 1123 redditur
1119 1060 1205 1142 quod
1259 1059 1437 1143 operationi
1458 1058 1654 1140 adjunctam.

457 1154 489 1216 in
505 1155 564 1217 hac
579 1155 644 1218 vita
660 1155 891 1238 dispensatorie
906 1164 955 1220 est
969 1164 1129 1239 negatum.
1147 1157 1205 1231 Oui
1299 1158 1354 1220 llis
1377 1157 1474 1239 igitur
1494 1156 1632 1240 panibus
1653 1164 1750 1239 atque
1770 1155 1890 1239 piscibus
1906 1155 1954 1218 reli-

457 1260 563 1315 autem
579 1254 619 1316 ad
633 1254 714 1316 hanc
734 1255 913 1318 devotionis
934 1256 1126 1337 perveniunt
1139 1274 1207 1336 gra·
1261 1257 1385 1319 ciamur
1399 1256 1552 1339 quotidie,
1568 1255 1767 1318 abundantes
1787 1255 1816 1316 in
1832 1272 1906 1336 opere
1917 1255 1954 1316 llo
1970 1277 2033 1329 roan.

458 1351 548 1427 tiam,
564 1353 742 1416 cavendum
757 1354 865 1417 osteis
880 1373 920 1416 ue
936 1372 994 1437 per
1008 1354 1206 1417 indiscretio·
1261 1355 1340 1417 mini
1360 1373 1497 1438 semper,
1516 1354 1599 1418 etad
1619 1353 1690 1435 ejus
1709 1371 1871 1418 amorosam
1885 1345 1983 1414 sulci·

312 1471 446 1518 nomana.
460 1469 534 1514 nem
556 1451 721 1514 destruant
742 1470 858 1536 corpus
880 1472 974 1516 suum
993 1470 999 1514 :
1018 1452 1090 1515 ideo
1113 1452 1206 1515 ratio·
1260 1452 1383 1516 sionem
1397 1452 1517 1534 jugiter
1530 1452 1739 1534 adspirantes,
1751 1469 1860 1534 nosque
1872 1449 1956 1531 inipso

461 1548 567 1612 uabile
583 1549 624 1612 sit
639 1566 749 1613 eorum
764 1550 966 1633 obsequium,
976 1559 1008 1614 et
1023 1551 1207 1615 exercitatio
1260 1551 1387 1613 assidue
1402 1557 1607 1634 occupantes,
1619 1558 1652 1612 et
1665 1549 1813 1612 custoditi
1826 1567 1857 1612 nc
1869 1548 1956 1610 lernen·

460 1648 632 1711 moderata.
1260 1656 1307 1712 tes
1323 1649 1356 1711 in
1371 1649 1532 1724 omnibus,
1544 1656 1576 1710 et
1590 1647 1670 1711 illud
1683 1647 1848 1711 Psalmista
1860 1646 1956 1728 implere

319 1774 446 1820 uanam,
500 1747 671 1821 Postremo,
688 1766 878 1830 perpaucos
896 1746 1068 1830 pisciculos
1088 1748 1142 1830 qui
1157 1749 1207 1829 (ut
1260 1747 1397 1810 nitentes
1415 1765 1422 1810 :
1439 1746 1529 1810 Oculi
1545 1747 1608 1809 mei
1626 1765 1754 1830 semper
1768 1746 1805 1809 ad
1817 1745 2033 1808 Dominnnnnm

312 1845 334 1886 ⁷·
461 1846 493 1908 in
525 1845 692 1927 evangelio
722 1845 839 1929 legitur
870 1845 1040 1926 hodierno)
1068 1845 1206 1928 panibus
1221 1844 1245 1907 B
1260 1845 1318 1909 Cui
1342 1846 1444 1909 honor
1466 1852 1499 1907 et
1521 1845 1622 1926 gloria
1647 1845 1679 1908 in
1703 1851 1857 1908 aeternum.
1876 1843 1955 1906 innon.
