4192 6258
428 509 489 576 ool
767 531 916 579 mmmm
936 532 977 578 xx
998 531 1071 579 ross
1092 531 1285 580 rnmrrarnu.
1307 552 1347 564 -
1368 533 1466 581 sunno
1487 533 1639 582 sncmnus

429 707 493 778 tur,
519 702 571 766 cui
597 704 783 786 nuptiarum
810 703 988 768 coelestium
1013 703 1176 767 beatitudo
1191 703 1218 769 Α
1232 704 1443 786 imperatoris.
1481 704 1593 787 Cujus'
1613 700 1800 788 Euphrasius
1833 709 1961 785 parentes

428 800 573 865 offertur.
591 803 630 864 Et
644 803 727 866 sicut
747 804 779 866 id
796 822 910 866 verum
925 811 983 878 est,
1001 803 1044 865 ita
1058 802 1176 866 veraci·
1231 803 1323 867 valde
1344 803 1478 867 virtuosi
1503 804 1643 878 fuerunt,
1667 803 1710 865 ita
1731 801 1819 886 quod
1839 819 1875 863 ea
1892 809 1961 874 nata,

429 908 478 964 ter
497 901 560 964 dici
577 909 681 985 potest
696 919 703 964 :
720 902 807 966 Nihil
822 902 985 965 infelicius
1000 901 1176 966 Christiano
1231 903 1269 965 de
1297 910 1403 966 cetero
1432 903 1633 966 continenter
1660 901 1795 965 omnino
1820 899 1960 963 vixerunt.

428 999 483 1082 qui
502 1007 590 1062 tanta
610 999 807 1063 beatitudine
827 1019 861 1064 se
876 1001 979 1063 reddit
995 999 1173 1082 indignum,
1230 1002 1325 1065 Porro
1349 1002 1525 1084 Euphrasia
1543 1020 1644 1084 quum
1662 1000 1768 1063 adbuc
1788 1006 1872 1062 esset
1887 998 1960 1079 quasi

428 1097 484 1180 qui
499 1097 595 1161 tantis
616 1097 784 1162 beneficiis
803 1117 840 1162 ac
861 1099 1027 1182 promissis
1047 1117 1081 1161 se
1099 1098 1176 1161 facit
1230 1100 1397 1175 infantula,
1428 1101 1602 1163 claustrum
1634 1099 1759 1163 introiit
1789 1096 1960 1160 monialium

427 1196 597 1277 ingratum.
616 1197 654 1260 Et
673 1203 778 1261 tamen
803 1217 899 1281 quam
919 1197 1012 1261 multi
1037 1205 1113 1259 sunt
1133 1203 1176 1260 ta·
1230 1199 1427 1274 devotarum,
1445 1199 1528 1262 inter
1542 1217 1621 1282 quas
1635 1198 1717 1262 vixit
1730 1196 1919 1269 humillime,
1929 1196 1962 1257 ita

427 1295 473 1358 les
487 1302 493 1356 l
512 1295 637 1359 Etenim
653 1297 732 1360 tales
752 1304 827 1360 sunt
840 1315 951 1361 omnes
969 1296 1111 1378 superbi,
1128 1297 1175 1359 lu·
1230 1298 1314 1379 quod
1330 1305 1450 1380 quanto
1465 1297 1723 1372 illustrior,tanto
1736 1295 1802 1358 fuit
1817 1295 1959 1357 humilior.

426 1395 559 1469 xuriosi,
582 1395 678 1470 avari,
703 1394 842 1459 acediosi
866 1415 903 1458 ac
927 1396 1039 1470 invidi,
1063 1403 1095 1458 et
1118 1396 1174 1478 qui
1230 1396 1309 1459 Nam
1323 1403 1355 1458 et
1370 1395 1545 1477 abjectiora
1559 1394 1698 1459 coenobii
1716 1393 1796 1456 fecit
1815 1391 1959 1474 obsequie,

427 1493 654 1576 potationibus,
680 1493 977 1568 comessationibus,
1003 1493 1174 1575 loquacita-
1230 1494 1355 1577 fuitque
1369 1494 1520 1559 omnibus
1535 1493 1746 1576 obsequiosa3
1768 1501 1801 1555 et
1821 1491 1897 1554 vixit
1910 1499 1961 1554 tarn

427 1591 514 1654 tibus
532 1611 570 1654 ac
589 1591 782 1654 vanitatibus
801 1599 923 1654 vacant.
946 1591 969 1655 Ο
990 1598 1107 1674 quanta
1127 1599 1175 1654 est
1230 1593 1427 1656 abstinenter
1441 1592 1527 1675 quod
1542 1588 1757 1656 interdum'in
1776 1597 1846 1653 tota
1862 1588 1961 1651 bebdo-

429 1691 554 1754 caecitas
569 1697 601 1754 et
616 1690 800 1773 insipientia
815 1699 932 1764 nostra,
945 1692 1029 1773 quod
1046 1699 1175 1773 prepter
1231 1692 1323 1754 mada
1338 1710 1402 1755 non
1417 1691 1480 1754 nisi
1500 1690 1599 1754 semel
1617 1709 1651 1752 se
1670 1689 1795 1752 refecit
1817 1689 1893 1750 llinc
1909 1688 1962 1750 dia·

427 1789 525 1869 hujus
542 1787 739 1853 brevissimae
755 1789 827 1852 vitae
842 1789 984 1863 delicias,
1000 1789 1128 1852 divitias
1143 1797 1174 1852 et
1230 1792 1323 1854 bolus
1339 1800 1449 1854 contra
1463 1809 1534 1854 eam
1550 1788 1834 1864 insaniens,semel
1846 1787 1961 1870 projecit

427 1888 575 1962 bonores
597 1894 715 1951 aeterna
734 1887 789 1950 illa
812 1887 1009 1951 beatitudine
1031 1905 1088 1950 nos
1109 1889 1173 1970 pri·
1194 1893 1302 1956 Beam
1322 1891 1361 1952 de
1384 1890 1448 1953 alto
1472 1889 1599 1962 solario,
1622 1895 1655 1950 et
1677 1887 1887 1970 precipitavit
1904 1904 1960 1947 eam

427 2005 551 2061 vamus,
568 1993 600 2048 et
614 1994 745 2068 propter
762 1985 947 2050 foedissime
967 1987 1071 2049 carnis
1085 1987 1174 2049 volu·
1231 1990 1264 2052 in
1284 1998 1421 2067 terram3
1442 1987 1497 2050 sed
1518 1988 1588 2069 ipsa
1606 1986 1763 2049 divinitus
1777 1991 1959 2067 praeservata

426 2092 541 2168 ptates,
559 2085 614 2148 illa
632 2085 864 2168 supercoelesti,
880 2085 1033 2160 aeternali,
1056 2085 1175 2149 incom-
1230 2106 1294 2150 non
1316 2085 1497 2150 laedebatur.
1516 2085 1602 2149 Obiit
1620 2091 1727 2147 autem
1750 2102 1851 2165 quum
1874 2083 1961 2144 adbnc

427 2184 563 2267 parabili
578 2191 673 2267 atque
692 2183 865 2267 purissima
884 2184 1046 2266 voluptate
1061 2185 1175 2267 spolia·
1231 2195 1315 2250 esset
1325 2185 1506 2266 juvencula.
1514 2183 1683 2247 Abbatissa
1696 2199 1828 2264 quoqne
1842 2179 1961 2244 coenobii

427 2301 499 2344 mus
520 2299 577 2344 nos
599 2283 704 2363 ipsos!
1231 2287 1318 2349 illius
1344 2285 1406 2348 fuit
1427 2283 1543 2346 mulier
1564 2282 1690 2344 eximiae
1714 2279 1899 2350 sanctitatis,
1918 2279 1961 2340 cni

468 2381 630 2443 Postremo
649 2380 795 2442 videmus
817 2381 901 2462 quod
923 2381 1006 2443 inter
1021 2399 1174 2462 sponsum
1231 2386 1314 2448 [teus
1350 2382 1503 2446 revelavit
1533 2381 1651 2442 instare
1682 2385 1821 2442 mortem
1852 2376 1962 2440 felicem

428 2485 460 2541 et
481 2495 631 2560 sponsam
654 2478 834 2560 specialiter
856 2480 1009 2560 quaritur
1029 2479 1176 2543 similitu·
1231 2484 1260 2547 S.
1279 2481 1472 2563 Euphrasius.
1492 2479 1658 2561 Siquidem
1681 2477 1844 2540 abbatissa
1866 2476 1915 2538 iln
1934 2475 1960 2535 in

428 2578 479 2650 do,
504 2577 654 2658 quoniam
679 2577 796 2640 nobilis
821 2578 933 2652 nobili,
958 2577 1047 2640 dives
1072 2579 1174 2654 diviti,
1231 2581 1346 2663 spiritu
1362 2586 1461 2661 rapta,
1477 2578 1559 2641 vidit
1576 2577 1707 2640 Sanetus
1728 2594 1835 2639 coram
1855 2573 1962 2637 Deitri·

427 2675 555 2758 sapiens
572 2675 719 2756 sapienti,
729 2675 858 2757 juvenis
871 2677 982 2757 juveni
998 2679 1175 2739 communi·
1230 2679 1339 2742 bunali
1363 2685 1492 2752 stantes,
1514 2676 1602 2739 etde
1623 2675 1805 2737 humilitate
1825 2693 1861 2736 ac
1879 2674 1961 2735 virtu·

427 2783 476 2838 ter
504 2774 575 2837 vult
603 2774 764 2855 conjungi.
796 2775 899 2848 Quum
931 2793 1005 2856 ergo
1034 2774 1174 2858 Sponsus
1230 2779 1317 2840 tibus
1342 2777 1374 2839 B.
1399 2775 1583 2857 Euphrasius
1612 2774 1819 2847 admirantes,
1844 2788 1961 2852 eamque

428 2872 578 2948 coelestis,
600 2873 754 2935 Dominus
776 2880 883 2936 noster
903 2875 994 2936 lesus
1019 2873 1173 2947 Christus,
1231 2876 1353 2940 coelesti
1369 2892 1486 2938 corona
1504 2873 1632 2954 dignam
1649 2871 1901 2954 pronuntiantes.
1915 2870 1962 2930 le·

427 2971 466 3032 sit
492 2989 566 3033 vere
590 2970 803 3044 humillimus,
823 2971 1023 3045 mitissimus,
1044 2972 1175 3054 purissi-
1230 2983 1410 3038 rumtamen
1430 2975 1463 3034 in
1484 2971 1631 3035 coenobio
1650 2970 1708 3033 illo
1727 2969 1791 3031 fuit
1809 2986 1894 3032 soror
1911 2985 1962 3029 una

429 3087 511 3143 mus,
528 3069 615 3131 omni
638 3069 768 3131 caritate
791 3077 822 3131 et
844 3069 1011 3132 sanctitate
1030 3070 1174 3151 plenissi·
1192 3073 1213 3138 C
1231 3074 1322 3136 valde
1350 3089 1510 3155 perversa,
1537 3089 1607 3152 quas
1637 3069 1799 3131 sanctitati
1828 3074 1859 3130 et
1885 3066 1962 3128 fama

429 3186 511 3240 mus,
528 3173 653 3247 oportet
674 3175 709 3229 ut
730 3167 836 3228 anima
858 3187 929 3248 quaa
951 3167 1038 3230 illius
1060 3186 1175 3250 sponsa
1230 3169 1414 3253 Euphrasius
1434 3187 1562 3250 semper
1582 3167 1699 3230 invidit
1715 3173 1814 3247 atque
1833 3164 1961 3233 detraxit,

427 3284 496 3328 esse
522 3283 557 3328 ac
583 3284 770 3347 permanere
799 3266 966 3338 desiderat,
994 3267 1025 3329 in
1051 3269 1174 3329 cunctis
1230 3272 1268 3332 ad
1294 3288 1389 3351 qnam
1415 3267 1592 3348 Euphrasia
1615 3264 1810 3340 humillime,
1835 3280 1962 3326 amorosa

427 3364 578 3426 humiliet
607 3365 823 3446 semetipsam,
849 3373 1024 3440 mansueta,
1057 3367 1175 3429 munda
1230 3389 1266 3431 ac
1294 3365 1597 3430 benevolentissime
1626 3364 1844 3426 indesinenter
1867 3380 1898 3423 se
1920 3360 1962 3421 ba·

426 3471 458 3525 ct
472 3461 631 3545 spirituali
647 3479 754 3524 amore
770 3462 865 3544 plena
879 3481 949 3525 esse
964 3471 1173 3538 conetur,nec
1230 3467 1308 3528 buit.
1335 3465 1413 3528 Nam
1439 3465 1472 3525 in
1496 3461 1643 3526 coenobio
1666 3461 1781 3524 eodem
1806 3459 1867 3522 fuit
1888 3475 1962 3520 soror

426 3560 535 3641 sponsi
551 3560 600 3623 sui
620 3559 763 3623 offendat
781 3561 980 3642 adspectum,
997 3562 1051 3624 sed
1071 3561 1174 3624 fideli·
1229 3564 1374 3647 quaedam
1399 3582 1416 3624 a
1439 3561 1581 3644 pessimo
1602 3560 1733 3623 obsessa
1754 3557 1915 3630 daemonio,
1929 3555 1960 3618 ad

426 3665 523 3720 tatem
539 3659 569 3720 ei
585 3659 803 3721 inviolabilem
824 3668 938 3731 servet,
956 3659 1066 3740 sicque
1084 3660 1173 3721 adul·
1229 3681 1324 3745 qnam
1347 3660 1435 3723 nulla
1456 3659 1594 3722 audebat
1614 3659 1871 3741 appropinquare
1890 3671 1961 3716 soro

426 3756 546 3817 terinos
571 3757 751 3819 daemonum
773 3757 852 3819 vitet
872 3757 1050 3838 amplexus,
1070 3757 1101 3819 id
1125 3766 1173 3818 est
1228 3781 1312 3835 rum,
1336 3767 1451 3842 prater
1474 3757 1696 3841 Euphrasiam,
1721 3775 1794 3839 quae
1818 3755 1900 3818 illam
1920 3771 1960 3814 ac·

426 3852 558 3916 vitiosos
572 3852 719 3928 affectus,
733 3854 910 3935 praesertim
925 3854 1171 3936 snperbiae,irae,
1229 3859 1325 3922 cessit
1349 3858 1518 3940 intrepida,
1544 3857 1696 3938 deditque
1722 3854 1909 3917 manducare
1925 3851 1961 3912 ei·

425 3951 704 4032 concupiscentia,
725 3953 865 4016 avaritiae
885 3961 999 4016 motus.
1229 3957 1311 4020 dem.
1330 3957 1428 4038 Cujus
1450 3955 1619 4037 privilegio
1639 3954 1790 4018 invidens
1814 3969 1898 4016 soror
1916 3947 1961 4011 illa

466 4049 572 4111 Simus
603 4050 708 4131 itaque
731 4050 850 4132 jugiter
876 4069 983 4114 coram
1009 4051 1173 4114 Altissimo
1228 4054 1541 4138 perversa,asseruit
1559 4072 1593 4116 se
1613 4071 1743 4135 quoque
1763 4048 1961 4134 posseobses·

426 4147 587 4221 custoditi,
606 4148 722 4210 sinceri
742 4167 779 4210 ac
799 4149 927 4223 fervidi,
945 4168 1004 4212 nec
1024 4150 1173 4212 daemoni-
1228 4173 1296 4216 sam
1327 4153 1415 4216 illam
1444 4152 1605 4215 accedere.
1632 4151 1720 4226 Quod
1746 4168 1846 4232 quum
1871 4147 1960 4209 faeere

425 4247 485 4311 bus
510 4246 709 4328 praebeamus
733 4267 908 4311 assensum.
935 4249 1002 4311 lmo
1031 4249 1172 4330 quotidie
1188 4252 1213 4314 D
1228 4251 1495 4335 presumpsisset,
1513 4268 1587 4313 mox
1608 4267 1679 4312 eam
1705 4249 1833 4322 invasit,
1849 4262 1960 4329 percus

424 4346 581 4428 profectui
612 4345 796 4409 insistamus
826 4347 993 4421 virtutum,
1022 4347 1173 4428 quemad·
1228 4351 1269 4413 sit
1284 4357 1316 4412 et
1331 4349 1510 4412 vulneravit
1525 4348 1580 4411 illa
1593 4347 1734 4419 obsessa,
1746 4363 1908 4428 quousque
1920 4361 1961 4402 su-

426 4445 556 4505 modum
580 4445 618 4506 de
642 4445 674 4506 B.
698 4444 874 4526 Euphrasia
898 4445 1021 4526 virgine
1044 4445 1169 4526 legitur,
1228 4448 1418 4531 perveniens
1443 4448 1472 4511 S.
1495 4446 1683 4529 Euphrasia,
1704 4446 1744 4508 de
1768 4442 1911 4506 manibus
1931 4438 1959 4500 il·

425 4560 495 4622 quae
511 4540 571 4602 fuit
585 4543 623 4604 de
636 4543 782 4625 prosapia
797 4543 993 4606 devotissimi
1005 4543 1171 4607 Theodosii
1229 4545 1290 4608 lius
1311 4546 1448 4610 obsessa
1469 4545 1589 4628 eripuit
1609 4563 1689 4607 eam.
