4288 6264
559 481 591 528 nt
612 481 663 528 nra
684 480 800 528 saucro
821 481 1036 530 ramaoosras.
1057 499 1097 512 -
1118 481 1216 530 sanun
1238 484 1347 531 rnraus
1687 466 1724 533 il

179 649 265 712 circa
293 649 451 732 templum
481 649 580 712 tuisse
608 651 773 730 auditum3
799 647 1161 734 propterAAEgyptum,
1182 659 1215 714 et
1235 651 1436 734 protenditur
1460 653 1614 736 usquein
1637 655 1727 739 Cyre·

179 748 264 832 quod
291 765 364 810 mox
391 748 468 810 illuc
492 757 730 812 concurrerunt.
755 753 799 812 Et
824 759 929 810 meme
982 767 1054 810 nen.
1071 753 1115 812 Et
1135 754 1267 812 advenae
1282 754 1434 823 Romani,
1449 753 1503 834 qui
1525 752 1563 816 de
1583 753 1671 816 ltalia
1688 755 1727 817 ad

178 849 316 924 confuso
341 857 398 917 est,
419 847 479 909 boc
503 854 551 909 est
575 848 750 930 plurimum
774 847 928 910 admirata
980 847 1154 910 Jerusalem
1170 852 1453 911 venerantludoei
1466 871 1590 932 qaoque
1605 859 1727 926 natura,

178 963 215 1007 uc
244 945 442 1019 conturbata,
468 949 622 1027 quoniam
651 948 804 1006 audiebat
829 967 929 1006 unas·
982 955 1012 1005 et
1024 949 1192 1024 proselyti.
1210 947 1298 1009 Sicut
1315 947 1347 1008 in
1364 965 1446 1010 novo
1460 949 1660 1012 Testamenta
1675 969 1728 1012 vo·

179 1045 317 1123 quisque
346 1045 461 1122 liapuc
489 1064 549 1104 sua
578 1046 651 1104 illos
680 1047 852 1124 loquentes.
883 1043 927 1106 Ex
983 1051 1095 1106 cantur
1123 1044 1286 1126 neophyti,
1316 1045 1371 1127 qui
1403 1047 1442 1108 de
1471 1046 1660 1112 infidelitate
1689 1050 1728 1111 ad

178 1159 243 1225 quo
265 1141 404 1215 elicitur,
425 1142 509 1223 quod
534 1141 651 1222 singuli
676 1160 772 1204 unam
796 1141 928 1222 cujusli-
982 1141 1197 1222 evangelicam
1214 1142 1314 1224 legem
1331 1144 1370 1206 de
1386 1163 1468 1208 nova
1483 1147 1626 1208 conversi
1642 1155 1727 1228 sunt;

178 1239 233 1303 bet
252 1239 475 1322 Apostolorum
496 1239 655 1322 loquelam
676 1239 901 1302 intellexerunt
918 1259 924 1303 :
983 1240 1026 1302 ita
1042 1239 1073 1301 in
1089 1241 1188 1302 veteri
1204 1241 1405 1304 Testamenta
1422 1242 1609 1306 dicebantur
1624 1262 1729 1327 prose-

179 1338 264 1419 quod
286 1336 349 1400 tuit
371 1355 521 1418 magnum
541 1346 573 1400 at
593 1338 770 1400 inauditum
791 1337 926 1401 miracu·
983 1337 1050 1420 lyti,
1067 1338 1123 1420 qui
1138 1339 1177 1400 dc
1194 1339 1370 1419 gentilitate
1389 1341 1428 1402 ad
1448 1340 1551 1422 legem
1566 1351 1728 1406 converte-

179 1435 257 1510 lum,
274 1453 385 1498 omnes
404 1435 475 1498 illos
494 1436 527 1498 in
547 1443 709 1518 stuporem
725 1443 924 1510 convertens,
982 1436 1098 1500 bantur
1112 1437 1289 1500 ltosaicam.
1303 1440 1666 1510 CretesetArobes,boc
1681 1450 1730 1504 cst

178 1533 450 1615 quemadmodum
474 1533 644 1596 subditur:
982 1536 1021 1598 de
1042 1535 1132 1598 Creta
1150 1543 1183 1598 ct
1199 1535 1322 1599 Arabia.
1343 1536 1459 1599 Arabia
1478 1555 1555 1600 vero
1574 1538 1729 1620 plurimas

218 1635 401 1709 Stupebant
423 1641 531 1693 actem
550 1653 666 1694 omnes.
684 1631 801 1714 stupor
819 1652 857 1694 ex
880 1631 926 1695 in·
982 1632 1077 1696 babet
1091 1641 1213 1715 gentes,
1228 1633 1379 1697 videlicet
1393 1634 1555 1710 Moabitas,
1568 1637 1729 1700 Ammoni—

176 1729 262 1813 genti
278 1729 482 1793 admiratione
496 1733 695 1792 causaturet
706 1732 928 1801 mirabantur,
983 1739 1037 1803 tas,
1045 1732 1196 1796 idumaeos
1208 1739 1240 1794 et
1252 1732 1449 1806 Sarracenos,
1457 1733 1629 1815 pluresque
1641 1733 1726 1798 alias.

176 1831 370 1890 adinvicem
382 1831 666 1891 dioecesanam
676 1849 743 1888 ecce
754 1829 967 1895 iatiomaesB
1022 1832 1223 1892 Audivimus
1249 1849 1298 1890 eos
1324 1834 1488 1909 loquentes
1516 1831 1638 1890 nostris
1666 1834 1729 1892 lia-

176 1931 523 2008 qaitoqauntar,puta
532 1926 680 2008 Apostoli,
690 1929 821 1988 Gotttot
829 1928 928 1988 sant?
978 1928 1067 2004 pais,
1087 1928 1262 1989 secundum
1289 1927 1419 1989 modum
1445 1935 1642 2009 praetactum,
1663 1949 1729 1990 ma-

175 2029 221 2089 Et
241 2029 397 2106 quomodo
417 2045 474 2086 aas
492 2027 682 2086 audivimus
703 2028 927 2105 unusquisque
979 2026 1095 2101 patalia
1118 2027 1191 2095 Dei,
1211 2024 1362 2088 videlicet
1385 2025 1501 2088 Christi
1526 2027 1729 2089 resurrectio-

178 2128 329 2202 lz'npuam
354 2133 512 2194 nostram,
539 2127 575 2183 ia
599 2144 664 2203 qua
688 2125 762 2184 nati
784 2125 926 2184 samus?
981 2122 1471 2196 nommsccnsioncm,Panaetoli
1487 2123 1684 2199 missionem,
1698 2132 1731 2186 et

176 2223 328 2285 videlicet
349 2241 357 2286 ι
375 2223 510 2291 Parthi,
530 2231 561 2282 ot
584 2224 686 2292 Medi,
706 2231 735 2282 et
759 2224 924 2292 Etomitce,
982 2219 1140 2301 quomodo
1153 2219 1236 2282 Deus
1251 2239 1308 2302 per
1320 2221 1435 2284 Christi
1452 2221 1629 2304 passionem
1644 2241 1730 2284 mun

175 2339 215 2384 ex
237 2320 366 2402 regione
386 2321 514 2382 nomine
535 2319 634 2394 Elam,
652 2330 681 2379 ct
699 2322 758 2398 qai
775 2321 924 2380 tabitam
982 2317 1058 2379 dum
1081 2318 1224 2380 redemit.
1242 2319 1404 2393 Praeterea,
1422 2336 1486 2381 uno
1505 2319 1728 2401 Apostolorum

175 2420 454 2495 Mesopotamiam,
464 2421 624 2479 ladonam.
640 2417 746 2480 ludaea
762 2417 814 2478 bic
829 2417 926 2479 sumi·
982 2415 1248 2497 loquentemque
1263 2416 1443 2479 tacentibus
1457 2418 1582 2491 ceteris,
1595 2437 1678 2480 unus
1694 2417 1729 2479 il-

176 2523 230 2578 tur
245 2535 303 2598 pro
318 2525 401 2578 terra
417 2516 550 2578 duarum
568 2515 721 2588 tribuum,
739 2515 863 2577 scilicet
875 2514 926 2577 lu·
983 2513 1011 2576 le
1027 2530 1090 2576 non
1108 2513 1169 2576 nisi
1189 2515 1283 2576 unius
1304 2515 1463 2577 idiomatis
1484 2515 1579 2578 simul
1598 2516 1730 2598 protulit

175 2616 216 2677 da
241 2623 273 2677 et
297 2613 473 2694 Beniamin,
494 2614 533 2675 ad
555 2613 792 2675 distinctionem
812 2614 862 2694 (ut
882 2612 926 2674 ait
981 2611 1094 2690 verba3
1111 2611 1245 2692 singulis
1261 2620 1365 2675 tamen
1382 2612 1550 2676 videbatur
1564 2614 1649 2695 quod
1665 2633 1730 2677 suta

174 2714 273 2793 Beda)
303 2712 462 2785 Samaria,
495 2712 641 2786 Galilaeae,
673 2711 864 2794 Decapclaas
894 2719 926 2772 et
982 2710 1115 2792 loquelae
1143 2709 1241 2772 verba
1270 2712 1426 2792 proterret
1452 2727 1458 2773 :
1485 2719 1517 2774 et
1541 2710 1729 2788 virtualiter,

174 2811 311 2873 aliarum
344 2809 375 2872 in
407 2810 518 2872 cadem
551 2809 717 2891 provincia
747 2809 922 2890 regionum.
981 2827 1044 2870 non
1075 2809 1252 2872 formaliter
1280 2809 1324 2871 ita
1353 2808 1425 2883 tuit,
1452 2810 1535 2872 sicut
1558 2817 1590 2873 ct
1614 2830 1730 2874 manna

174 2909 249 2983 Quat
271 2926 382 2970 omnes
406 2907 481 2970 licet
503 2927 566 2970 una
591 2907 797 2990 loquerentur
818 2907 926 2987 lingua
981 2914 1169 2969 cunctorum
1202 2907 1347 2970 ciborum
1381 2926 1528 2990 saporem
1559 2909 1727 2983 continuit,

174 3006 315 3079 llebraea,
327 3013 434 3068 tamen
451 3005 483 3066 in
499 3006 658 3088 loquendo
672 3005 852 3088 aliqualiter
867 3005 925 3067 dit·
941 3014 962 3077 c
978 3005 1069 3086 jrrxta
1086 3005 1164 3067 illud
1183 3005 1256 3067 libri
1273 3005 1441 3087 Sapientia
1459 3025 1466 3070 :
1482 3006 1599 3068 Panem
1615 3007 1654 3069 de
1670 3025 1728 3070 coe·
1760 3032 1816 3088 sap.
1833 3046 1876 3084 m,

174 3103 331 3178 ferebant,
349 3104 432 3166 sicut
449 3112 480 3166 et
501 3105 594 3168 moda
614 3105 731 3166 diversi
747 3104 922 3166 Teutonici.
981 3103 1011 3164 lo
1034 3103 1208 3184 prestitisti
1230 3103 1287 3174 eis,
1309 3104 1453 3176 Domine,
1474 3123 1569 3166 omne
1592 3104 1726 3167 deiecta·
1742 3095 1818 3148 ²⁰³¹·

175 3203 255 3264 ilinc
279 3202 369 3264 Petro
394 3202 426 3264 in
453 3203 599 3284 passione
621 3202 735 3265 Christi
761 3201 923 3281 obiectum
981 3208 1124 3262 mentum
1141 3201 1173 3262 in
1189 3219 1222 3262 se
1238 3201 1419 3276 habentem,
1437 3211 1468 3264 ct
1483 3203 1588 3264 omnis
1605 3203 1726 3284 saporis

174 3309 222 3364 est
237 3301 323 3383 quod
338 3301 435 3363 luerit
450 3301 605 3365 Galilaaus.
616 3303 660 3362 Et
675 3302 922 3376 Cappadociam,
979 3300 1167 3361 suavitatem
1180 3317 1187 3376 ;
1208 3299 1391 3362 deserviens
1413 3301 1499 3362 enim
1523 3301 1726 3381 uniuscujus-

173 3403 319 3462 Pontum
330 3409 360 3460 at
375 3402 502 3470 Asiam,
513 3401 698 3478 Pbrppiom
714 3408 743 3458 et
759 3400 924 3476 Pompby·
977 3416 1040 3480 que
1064 3397 1231 3470 voluntati,
1254 3398 1292 3460 ad
1316 3398 1401 3479 quod
1426 3399 1563 3480 quisque
1587 3399 1724 3475 volebat,

172 3497 349 3561 Itomhsiae
364 3498 493 3560 minoris
509 3499 680 3580 provincie
694 3496 924 3579 luerunthry-
977 3496 1230 3559 convertebatur.
1257 3495 1321 3558 lloc
1345 3503 1450 3558 tamen
1474 3497 1506 3558 in
1533 3496 1625 3559 bonis
1649 3498 1726 3560 lsra-

172 3595 226 3677 gia
240 3603 271 3658 at
287 3595 481 3678 Pamphylia,
494 3595 616 3670 Cilicia,
629 3595 795 3678 Lycaonia,
808 3602 839 3656 et
853 3595 923 3657 alim
978 3595 1061 3657 clitis
1085 3595 1255 3676 contigisse
1279 3595 1443 3656 dumtaxat
1463 3594 1561 3677 aliqui
1587 3596 1698 3659 dicunt
1715 3615 1722 3660 :

173 3694 292 3757 multae.
312 3697 507 3773 AEppptum,
528 3704 557 3754 et
578 3704 691 3770 portes
715 3697 827 3772 Libpa’
851 3714 923 3772 qao³
977 3713 1050 3756 nam
1073 3691 1147 3754 mali
1162 3693 1320 3766 dixerunt,
1336 3693 1450 3755 Anima
1470 3702 1577 3756 nostra
1593 3704 1723 3758 nauseat
1737 3709 1869 3763 nummo.

172 3803 219 3854 est
243 3795 331 3852 circo
352 3797 511 3872 Cyrenen.
533 3793 631 3876 Libya
657 3794 743 3874 regio
767 3800 815 3854 est
839 3792 923 3856 circa
978 3810 1074 3874 super
1095 3792 1167 3855 ciba
1188 3792 1248 3854 ista
1270 3791 1441 3854 levissimo.

724 4225 915 4314 SERMO
957 4226 1176 4312 PRIMUS

212 4490 357 4546 QUOMODO
379 4489 513 4535 stlattas
536 4487 669 4534 SANCTUS
690 4489 851 4536 annutante
872 4491 1033 4537 anestelle
1056 4491 1091 4534 lli
1114 4489 1232 4535 enectis
1254 4489 1459 4536 Tnsttttonttnt
1479 4491 1518 4537 DE
1540 4491 1677 4549 (limisit),

599 4588 636 4632 nt
657 4589 696 4634 nn
717 4589 860 4635 cleantis
883 4588 1052 4635 SERVANDlS
1075 4588 1105 4633 tlt
1126 4587 1293 4642 LOQUENDO.

245 4871 416 4930 arnnal
427 4876 502 4928 suat
518 4887 625 4928 omues
640 4870 773 4943 Spiritu
788 4872 918 4931 ,taneto
937 4870 962 4931 D
977 4871 1151 4933 riesissime
1166 4870 1363 4952 adimplevit.
1371 4871 1459 4933 'lunc
1475 4871 1560 4934 enim
1577 4874 1724 4954 promisit

258 4965 325 5027 Act.
343 4983 375 5039 11,
392 4965 420 5027 l.
976 4969 1022 5029 eis
1044 4968 1198 5050 Spiritum
1219 4968 1381 5042 Sanctum,
1402 4975 1434 5031 et
1452 4969 1534 5031 inter
1556 4978 1660 5032 cetera
1680 4971 1725 5033 di-

213 5063 485 5137 Ouemadmodum
515 5063 668 5124 Dominus
697 5071 805 5126 noster
831 5067 921 5128 lesus
977 5067 1022 5127 xit
1039 5083 1045 5127 :
1062 5066 1164 5139 Quum
1191 5067 1314 5128 venerit
1336 5067 1523 5139 Paracletus,
1545 5088 1640 5149 quem
1666 5089 1870 5153 eg01„,„,.„,¹

174 5163 318 5225 Christus
334 5163 365 5223 in
382 5177 528 5222 sermone
543 5179 600 5223 suc
617 5168 688 5242 post
703 5162 830 5226 Coenam
847 5184 922 5245 pra·
978 5165 1100 5226 mittam
1122 5163 1213 5226 vobis
1236 5183 1254 5226 a
1275 5165 1374 5238 Patre,
1394 5167 1547 5247 Spiritum
1570 5169 1725 5240 veritatis,
1737 5165 1771 5205 ²⁶·

174 5260 257 5322 dixit
271 5258 441 5342 Apostolis,
459 5258 502 5320 ita
520 5259 579 5322 boc
597 5260 649 5322 die
664 5261 792 5343 copiose
807 5282 842 5325 ac
857 5262 921 5343 glo·
978 5262 1031 5324 ille
1054 5263 1273 5324 testimonium
1303 5262 1485 5344 perhibebit
1509 5265 1548 5327 dc
1573 5285 1633 5327 me.
1660 5265 1724 5328 Hoc
