4140 6258
442 465 503 530 376
669 483 819 532 nouuucn
838 485 871 530 su
892 484 965 532 rosr
984 483 1178 531 rnrurrnrnu.
1198 502 1239 515 -
1258 486 1302 532 nn
1321 485 1495 535 murarosos
1506 486 1515 550 ;
1538 487 1636 534 sunno
1657 487 1767 534 ssxrcs

484 657 628 739 Insuper,
649 676 689 720 ex
713 656 964 720 consideratione
984 654 1190 738 perfectionis
1204 655 1230 718 A
1244 675 1303 738 per
1317 657 1503 720 relationem
1518 659 1557 722 ad
1570 657 1795 733 Creatoremet
1808 661 1953 727 secundun

442 755 683 838 sanctitatisque
705 754 833 829 Christi,
856 762 888 817 et
908 771 1019 818 eorum
1039 773 1110 836 quae
1131 771 1189 836 pro
1244 773 1352 817 veram
1381 757 1608 838 proprietatem
1635 776 1672 820 ac
1695 756 1832 821 valorem
1857 777 1952 824 comm.

441 861 549 916 nostra
571 853 648 915 lecit
668 871 705 915 ac
726 853 872 916 toleravit
893 852 1005 926 salute,
1022 869 1079 914 nos
1101 869 1188 934 pror·
1244 853 1359 936 Sicque
1378 855 1473 917 miser
1489 855 1584 918 homo
1599 855 1795 938 superbiter
1810 859 1955 922 considera-

440 970 495 1014 sus
517 951 687 1014 humiliare
709 951 874 1026 debemus,
895 951 1047 1033 quoniam
1068 950 1189 1013 benoli-
1243 952 1330 1015 tione
1350 973 1415 1016 suae
1434 953 1620 1029 nobilitatis,
1638 955 1811 1037 potestatis,
1829 960 1955 1038 prosperi-

440 1051 499 1113 ciis
522 1050 592 1132 ejus
614 1069 726 1114 sumus
746 1057 811 1112 tam
832 1049 958 1132 ingrati,
975 1069 1034 1112 nec
1055 1050 1187 1132 dignum
1244 1051 1317 1113 tatis
1331 1052 1538 1126 terrenae,vel
1553 1052 1736 1135 opulentiae,
1751 1061 1806 1116 aut
1819 1056 1955 1136 praesiden-

439 1149 561 1232 aliquid
590 1166 648 1232 pro
678 1149 724 1211 eis
753 1149 928 1232 rependere
957 1149 1081 1212 Christo
1105 1150 1189 1212 vale·
1243 1149 1306 1222 tiae,
1332 1149 1592 1231 pulchritudinis,
1622 1150 1817 1226 subtilitatis,
1845 1153 1955 1217 scientia

441 1268 524 1310 mus.
541 1249 586 1311 lle
606 1248 666 1311 hoc
687 1246 846 1311 Climacus
868 1255 1061 1330 protestetur
1078 1265 1084 1310 :
1101 1247 1190 1310 Licet
1244 1255 1298 1310 aut
1319 1248 1519 1330 eloquentiae,
1536 1257 1591 1312 aut
1610 1269 1649 1312 ex
1669 1250 1906 1314 consideratione
1917 1253 1957 1316 do

442 1346 532 1409 mille
556 1353 675 1410 mortes
699 1362 758 1428 pro
781 1345 906 1409 Christo
929 1347 1187 1421 sustinuerimus
1244 1360 1359 1406 norum
1379 1345 1487 1425 gratiae
1505 1363 1576 1426 quae
1596 1344 1658 1407 sibi
1683 1344 1850 1408 arbitratur
1867 1347 1954 1409 inesse.

442 1444 586 1508 nondum
610 1451 717 1506 mmen
741 1429 827 1525 quod
851 1450 899 1505 est
920 1460 1096 1524 congruum
1120 1463 1189 1527 per·
1245 1441 1306 1504 Sed
1320 1442 1417 1504 stulta
1431 1450 1479 1505 est
1493 1442 1679 1506 extollentia
1694 1443 1765 1518 ista,
1781 1452 1812 1506 ct
1829 1463 1864 1506 cx
1880 1444 1956 1526 impc-

443 1543 615 1606 solvemus.
632 1541 727 1604 Aliud
748 1540 835 1604 enim
856 1549 905 1603 est
926 1542 1054 1623 sanguis
1074 1541 1141 1616 Dei,
1159 1549 1190 1604 ct
1245 1539 1315 1614 rita,
1346 1539 1544 1622 imperfecte,
1573 1558 1706 1605 erronea
1739 1541 1956 1605 consideratione

441 1641 529 1704 aliud
549 1641 678 1722 sanguis
698 1656 874 1714 servorum,
891 1640 1069 1702 secundum
1086 1640 1189 1720 digni·
1245 1645 1380 1702 emanat.
1398 1639 1470 1702 ldeo
1490 1647 1734 1722 praememorata
1752 1639 1808 1702 Dei
1821 1639 1893 1704 dona
1905 1661 1957 1723 per·

442 1746 622 1813 tatem,n0n
638 1738 816 1801 secundum
829 1738 1009 1801 essentiam.
1022 1774 1063 1783 -
1077 1738 1189 1800 Adhuc
1207 1784 1209 1788 -
1245 1729 1327 1799 lecte
1352 1737 1602 1812 consideremus,
1628 1745 1660 1800 ct
1685 1738 1718 1800 in
1740 1746 1884 1820 quantum
1902 1749 1957 1801 sunt

440 1844 543 1900 autem
559 1855 598 1899 ex
613 1837 862 1900 consideratione
877 1836 1051 1899 sanctitatis
1062 1836 1187 1898 Patrum
1207 1835 1231 1898 B
1245 1835 1302 1898 Dei
1316 1837 1399 1900 dona
1414 1835 1506 1898 nobis
1527 1836 1579 1918 pic
1599 1837 1723 1900 collata.
1742 1837 1794 1900 Sic
1812 1837 1915 1920 quippe
1928 1857 1957 1900 ar

441 1943 634 2010 nostrorum,
652 1935 807 1997 habemus
825 1952 883 1998 nos
899 1934 1069 1997 omnilaric
1085 1935 1188 1996 humi·
1245 1951 1356 1996 eorum
1376 1935 1629 1998 consideratione
1649 1952 1714 1998 non
1734 1935 1836 1998 solum
1853 1953 1905 1998 non
1920 1957 1957 1997 su-

441 2034 528 2097 liare.
1244 2031 1439 2114 perbiemus,
1461 2033 1517 2095 sed
1544 2034 1645 2096 Deum
1675 2033 1779 2114 magis
1802 2033 1957 2106 amabimus,

487 2133 552 2196 Hoc
575 2133 714 2214 denique
744 2132 985 2207 advertendum,
1011 2132 1098 2214 quod
1125 2149 1189 2195 non
1245 2138 1277 2194 ct
1291 2131 1321 2192 ei
1335 2132 1488 2211 gratiores
1507 2150 1544 2194 ac
1564 2131 1791 2213 subjectiores,
1807 2134 1865 2194 imo
1881 2141 1906 2194 ct
1918 2133 1959 2193 hn-

441 2231 686 2313 qualiscumquc
715 2230 928 2293 consideratio
952 2230 1188 2313 praedictorum,
1246 2228 1387 2291 miliorcs
1413 2229 1593 2293 reddemur.
1614 2231 1737 2312 ltaque,
1758 2231 1786 2293 si
1807 2229 1888 2311 justa
1905 2247 1959 2292 con-

442 2328 482 2390 ad
506 2346 625 2401 veram,
646 2328 686 2390 de
710 2346 772 2409 qua
796 2346 882 2389 nunc
906 2328 1020 2408 agitur,
1041 2328 1188 2390 humilia·
1245 2327 1452 2390 siderationes
1473 2327 1663 2410 praehabitas
1683 2329 1959 2392 consideraverimus

443 2426 563 2490 tionem
593 2426 726 2499 inducit,
753 2444 853 2507 quum
880 2425 973 2487 multi
1001 2426 1189 2489 scholastice
1245 2425 1602 2507 nosmetipsos,omnem
1615 2427 1747 2509 penitus
1763 2426 1914 2490 elationem
1925 2425 1960 2488 ab

443 2523 561 2586 cruditi
582 2523 715 2585 subtiles
735 2524 842 2585 omnia
859 2523 924 2604 jam
947 2524 1077 2586 inducta
1097 2532 1188 2587 acute
1243 2523 1507 2606 jiciemua‚atque
1522 2523 1555 2586 in
1570 2543 1694 2587 veraac
1710 2525 1819 2589 stabili
1832 2525 1960 2587 humilita-

443 2629 645 2703 cognoscant,
676 2629 708 2684 ct
736 2621 897 2684 subtiliter
925 2622 1032 2704 eloqui
1061 2624 1164 2685 sciant
1179 2641 1187 2702 ;
1244 2630 1276 2684 te
1294 2621 1512 2696 fundabimur,
1533 2621 1756 2704 proficiemus,
1777 2623 1957 2706 perficiemur.

442 2721 546 2783 nihilo
562 2720 669 2782 minus
684 2720 823 2783 vanitate
837 2728 869 2782 et
884 2737 1001 2802 pompa
1016 2721 1188 2802 replentur,
1284 2720 1445 2782 Postremo
1467 2720 1683 2783 certissimum
1703 2730 1766 2796 est,
1785 2740 1822 2784 en
1841 2721 1960 2803 superbia

442 2818 508 2882 imo
530 2820 568 2881 de
589 2818 658 2900 ipsa
682 2837 739 2880 sua
762 2819 977 2901 scientiaque
998 2819 1057 2882 ista
1078 2837 1190 2901 cogno·
1245 2818 1508 2898 indignationem,
1534 2818 1625 2893 iram,
1651 2820 1889 2901 impatientiam,
1910 2837 1960 2901 pro-

442 2925 536 2980 scunt
554 2935 591 2978 ac
612 2915 733 2991 dicunt,
750 2915 913 2978 inflantur.
931 2917 1126 2980 Praeinducta
1142 2937 1189 2980 er·
1244 2916 1391 2990 terviam,
1417 2916 1675 2991 amaritudinem,
1701 2917 1908 2999 pertinaciam,
1928 2935 1960 2978 rc·

442 3034 482 3098 go
497 3023 572 3077 sunt
588 3014 794 3096 intelligenda
813 3015 851 3077 de
872 3015 1124 3079 consideratione
1140 3017 1188 3079 sui
1209 3009 1418 3090 Cbellioncm
1434 3014 1664 3097 audaciamque
1680 3015 1959 3088 nasci-0¹1⁰tltssiffl

443 3120 611 3178 emanante
636 3131 674 3174 ex
700 3113 833 3175 scientia
857 3114 913 3176 illa
931 3133 1002 3196 quae
1022 3123 1070 3178 est
1090 3136 1189 3178 unum
1246 3113 1318 3195 quis
1338 3112 1507 3193 superbior
1526 3111 1634 3187 luerit,
1650 3131 1688 3177 eo
1703 3114 1853 3195 injuriam
1871 3112 1921 3176 sibi
1937 3111 1961 3172 il-

445 3219 569 3294 septem
584 3212 751 3285 donorum,
769 3218 853 3274 etex
868 3213 986 3275 virtute
1002 3214 1188 3294 prudentiae,
1246 3212 1340 3273 latam
1358 3211 1486 3292 gravius
1502 3211 1667 3293 ponderat,
1680 3213 1847 3276 molestius
1860 3213 1960 3294 patitur,

444 3311 606 3374 ueletiam
622 3329 660 3372 ex
676 3310 812 3372 naturali
832 3318 864 3372 et
882 3311 1039 3393 acquisita
1058 3313 1191 3376 scientia
1246 3309 1432 3390 duriusque,
1451 3309 1478 3371 si
1498 3316 1613 3390 potest,
1630 3309 1818 3390 ulciscitur;
1839 3329 1889 3372 nec
1905 3307 1961 3370 laci·

445 3417 540 3492 prout
558 3408 624 3470 fide
644 3416 676 3470 ct
695 3409 825 3471 caritate
844 3408 979 3471 formata
998 3418 1055 3472 est.
1073 3411 1191 3472 Simili·
1247 3407 1319 3469 liter
1342 3406 1433 3469 alteri
1458 3407 1553 3482 cedit,
1575 3427 1678 3489 neque
1703 3408 1849 3472 dociliter
1863 3408 1961 3488 acquic·

444 3515 502 3582 ter,
528 3507 613 3589 quod
643 3507 764 3569 dictum
793 3514 842 3569 est
870 3507 909 3569 de
939 3507 1190 3572 consideratione
1246 3504 1316 3578 scit,
1333 3507 1387 3568 sed
1409 3525 1499 3568 suam
1521 3513 1627 3569 tuetur
1646 3506 1960 3581 sententiam,clamat

445 3605 611 3679 ducatoris,
635 3605 738 3686 accipi
760 3604 855 3666 debet
879 3606 918 3667 dc
939 3606 1190 3669 consideratione
1246 3605 1377 3678 rixatur,
1395 3604 1596 3668 convitiatur.
1614 3605 1717 3687 Atque
1739 3613 1775 3668 ut
1793 3606 1895 3668 asserit
1910 3604 1960 3667 Cas·
1970 3617 2041 3690 sidtu

445 3703 515 3784 ejus
545 3722 584 3765 ex
613 3701 678 3765 lide
708 3702 842 3765 lormata
865 3710 898 3766 et
921 3704 1004 3766 dono
1027 3705 1190 3786 sapientiae
1246 3703 1438 3777 sianus,hoc
1453 3703 1531 3766 vitio
1547 3702 1684 3766 inlectus
1699 3687 2025 3786 religiosusipsantffi'·

445 3803 631 3884 prodeunte.
649 3801 721 3865 Haec
736 3820 875 3884 namque
893 3802 1103 3867 consideratio
1118 3803 1189 3865 alli·
1246 3801 1372 3865 Ordinis
1395 3801 1598 3883 disciplinam
1622 3802 1874 3883 perhorrescens,
1894 3800 1961 3880 cupit

445 3900 489 3963 cit
509 3907 542 3963 et
563 3900 751 3963 inllammat.
1245 3899 1317 3962 aliis
1333 3917 1480 3981 praeesse,
1498 3907 1532 3961 ut
1551 3918 1590 3962 ex
1610 3900 1771 3983 discipulo
1791 3919 1913 3982 nequam
1925 3897 1962 3959 dc·

484 3999 647 4073 Praeterea,
660 3999 743 4060 sicut
758 3998 921 4061 humilitas
937 4018 975 4061 ex
991 4000 1121 4082 praelata
1135 4001 1191 4063 du·
1245 3996 1422 4060 testabilior
1439 3997 1589 4078 magister
1604 3996 1752 4074 allectus,
1769 4017 1808 4062 cx
1823 4018 1874 4061 sua
1885 3995 1963 4060 ambi-

445 4097 522 4179 plici
541 4097 793 4160 consideratione
812 4097 966 4179 procedit,
984 4098 1027 4160 ita
1041 4100 1191 4180 superbia
1245 4095 1331 4158 tione
1346 4095 1379 4157 in
1393 4113 1466 4157 eum
1483 4096 1573 4157 cadat
1589 4097 1889 4179 perniciosissimum
1901 4095 1964 4156 dun

445 4214 483 4258 ex
509 4194 697 4276 imperfecta
724 4203 755 4258 ct
782 4213 914 4259 erronea
939 4194 1451 4276 considerationeDhabilemque
1480 4201 1635 4275 teporem,
1662 4205 1698 4257 ut
1718 4197 1787 4276 jam
1816 4214 1870 4258 nec
1891 4210 1963 4255 rems

445 4295 496 4357 sui
515 4302 547 4357 et
567 4293 796 4377 pertinentium
815 4293 856 4355 ad
875 4313 909 4356 se
931 4294 1018 4356 nasci
1038 4294 1188 4358 videtur:
1246 4293 1425 4374 religiosus,
1452 4310 1510 4354 nec
1540 4293 1700 4356 saecularis
1724 4295 1864 4367 exsistat,
1886 4289 1964 4354 nihilo

446 4394 521 4455 dum
538 4393 661 4456 scilicet
676 4392 771 4455 homo
786 4411 820 4455 se
835 4392 939 4473 ipsum
954 4399 985 4454 ct
999 4393 1191 4474 pertinentia
1246 4393 1352 4454 miuus
1374 4411 1412 4454 cx
1433 4391 1608 4454 miserabili
1629 4409 1687 4455 suo
1707 4400 1791 4456 statu
1815 4400 1845 4455 et
1862 4407 1964 4454 conrar-

444 4491 533 4553 adse
549 4510 604 4553 seu
621 4491 841 4554 inexsistcntia
856 4490 917 4552 sibi
938 4491 1116 4554 considerat
1132 4493 1191 4554 im·
1246 4491 1367 4553 satione
1387 4495 1513 4571 reputet
1532 4509 1566 4552 se
1586 4489 1777 4571 perlectum.
1794 4491 1838 4554 Ne
1855 4505 1919 4570 ergo
1930 4493 1963 4547 tot

444 4588 597 4671 perfecte,
613 4588 764 4651 videlicet
785 4589 888 4670 quoad
912 4588 943 4650 id
963 4590 1047 4670 quod
1065 4599 1140 4652 sunt
1157 4591 1189 4652 in
1245 4589 1332 4652 vitiis
1347 4588 1551 4670 impleamur,
1568 4589 1601 4651 in
1617 4589 1834 4652 sincerissima
1847 4605 1880 4651 ac
1895 4603 1963 4647 sccu-

442 4705 487 4761 se,
505 4687 557 4749 vel
572 4695 656 4750 certe
672 4705 814 4761 erronee,
833 4688 993 4768 opinando
1008 4707 1045 4750 ea
1061 4689 1189 4769 maj0ris
1244 4687 1372 4750 rissima
1393 4686 1572 4749 humilitate
1591 4686 1710 4769 jugiter
1734 4705 1910 4769 permanere
1927 4700 1963 4744 cc

441 4785 606 4867 dignitatis
631 4805 727 4868 quam
752 4793 837 4860 sunt,
859 4795 890 4849 et
914 4803 978 4848 non
1000 4788 1134 4850 attendit
1154 4807 1191 4850 ca
1245 4804 1369 4848 nemur.
1390 4785 1438 4848 Ad
1460 4785 1586 4848 laudem
1608 4793 1640 4848 ct
1659 4786 1795 4868 gloriam
1818 4784 1879 4848 Dei.
