4140 6258
427 493 488 556 386
779 509 927 560 nonrnrca
947 512 992 558 xn
1013 511 1086 558 rosr
1106 511 1300 557 rnrnrrsrnn.
1320 531 1361 540 -
1382 511 1481 560 sunno
1501 511 1627 559 rannus

428 687 508 756 cato,
534 680 691 744 auxilium
714 682 852 765 Spiritus
876 681 982 745 Sancti
1011 682 1173 765 imploret,
1188 681 1214 744 h
1228 689 1316 746 tanto
1330 682 1434 765 aptior
1448 684 1592 747 redditur
1605 683 1644 745 ad
1660 681 1901 764 degustationem
1914 684 1949 748 in·

427 779 484 862 qui
510 780 606 844 simul
629 780 752 844 auferat
775 782 853 844 vitia
876 789 908 844 et
936 782 1087 863 largiatur
1111 782 1174 844 vir·
1228 788 1350 844 ternam
1365 781 1530 845 suavitatis
1545 782 1950 864 divinae,tantoqueamplius

426 884 521 942 tutes.
1228 881 1261 942 in
1285 881 1440 944 virtutum
1465 881 1617 963 operibus
1642 881 1825 954 delectatur,
1843 899 1950 963 prescr-

467 977 649 1040 Secundum
664 977 736 1053 luit,
749 979 833 1060 qnod
850 978 993 1042 Christus
1007 987 1101 1061 sputo
1116 994 1174 1041 suo
1228 978 1285 1041 tim
1303 979 1336 1040 in
1352 979 1605 1043 consideratione
1620 977 1758 1042 infinite
1772 977 1950 1061 perfectionis

427 1074 568 1158 linguam
593 1076 698 1158 tetigit
722 1077 810 1140 surdi
832 1085 865 1139 et
887 1077 966 1140 muti
992 1077 1093 1139 istius.
1117 1077 1174 1140 Per
1228 1085 1259 1138 et
1279 1076 1387 1158 gloria
1410 1076 1467 1141 Dei
1488 1076 1729 1160 omnipotentis,
1746 1075 1789 1138 ita
1807 1083 1841 1138 ut
1860 1076 1949 1138 dicat:

427 1175 511 1256 quod
527 1173 729 1257 significatur
748 1176 833 1258 quod
852 1177 948 1240 homo
966 1175 1175 1258 spiritualiter
1228 1175 1326 1248 Quam
1352 1193 1466 1257 magna
1496 1174 1667 1238 multitudo
1697 1174 1870 1236 dulcedinis
1890 1182 2035 1250 tumens

428 1281 547 1348 mutus,
564 1273 624 1338 hoc
639 1282 687 1336 est
700 1294 719 1337 a
733 1274 840 1337 verbis
855 1274 1047 1337 salutaribus
1063 1274 1172 1348 silens,
1228 1275 1362 1337 Domine
1377 1281 1383 1336 Ι
1401 1283 1433 1337 et
1451 1275 1568 1350 denno,
1584 1274 1695 1337 Melior
1709 1281 1759 1336 est
1777 1273 1841 1335 dies
1860 1292 1912 1336 una
1925 1274 1949 1336 in
1960 1294 2035 1338 nrm:

428 1391 487 1436 nec
507 1373 670 1436 meritorie
691 1373 856 1456 quidpiam
877 1373 1022 1456 loquens,
1040 1391 1103 1436 non
1119 1390 1173 1455 po·
1228 1373 1317 1436 atriis
1341 1373 1405 1435 tuis
1425 1391 1522 1456 super
1541 1372 1651 1436 millia.
1674 1372 1803 1436 Certum
1821 1379 1866 1434 est
1880 1373 1951 1454 equi·
1961 1363 1983 1400 ¹¹·

426 1477 489 1533 test
509 1471 615 1534 curari
634 1491 652 1533 a
671 1471 751 1535 vitio
770 1472 841 1546 isto,
857 1472 918 1534 nisi
939 1491 958 1534 a
977 1472 1101 1534 Christo
1120 1472 1174 1533 do·
1230 1473 1303 1534 dem
1325 1472 1410 1555 quod
1432 1472 1465 1534 in
1485 1472 1626 1554 hisquae
1647 1471 1745 1534 homo
1765 1471 1835 1552 plus
1857 1469 1951 1552 diligit,

427 1589 506 1631 num
521 1569 685 1652 sapientie
704 1569 877 1632 sortiatur:
894 1569 970 1652 quia
983 1571 1034 1650 (ut
1053 1569 1174 1632 dictum
1229 1570 1368 1653 amplius
1382 1570 1568 1644 delectatur,
1586 1571 1670 1634 etde
1692 1568 1810 1632 talibus
1825 1567 1953 1631 libentius

426 1667 488 1748 est)
501 1686 559 1751 per
574 1668 706 1731 salivam
722 1669 878 1750 sapientia
892 1669 1078 1749 designatur.
1087 1668 1175 1744 Quod
1230 1668 1380 1751 loquitur.
1414 1668 1474 1742 Qui
1506 1686 1581 1749 ergo
1610 1686 1708 1750 super
1737 1668 1844 1730 omnia
1869 1666 1954 1747 diligit

426 1766 513 1828 enim
528 1773 709 1848 peccatura
728 1766 835 1829 verbis
855 1766 1048 1830 salutaribus
1064 1764 1175 1828 obmu-
1230 1766 1342 1840 Deum,
1367 1766 1399 1827 in
1423 1766 1493 1848 ipso
1516 1765 1761 1829 delectationem
1784 1773 1817 1828 et
1836 1765 1953 1827 consola·

426 1864 529 1939 tescit,
546 1864 622 1927 hinc
641 1864 743 1927 oritur
757 1866 842 1947 quod
862 1884 899 1927 ea
918 1885 989 1947 quae
1011 1865 1066 1927 Dei
1087 1871 1172 1939 sunt,
1193 1867 1350 1929 Btionem
1373 1865 1577 1946 potissimum
1599 1865 1714 1947 quaerit
1735 1883 1772 1927 ac
1795 1863 1914 1926 invenit.

426 1961 489 2024 sibi
505 1979 568 2025 non
584 1962 723 2044 sapiunt,
740 1963 823 2025 sicut
836 1969 971 2026 testatur
983 1962 1172 2045 Apostolus:
1270 1963 1412 2025 Tertium
1437 1961 1509 2038 init,
1526 1963 1612 2044 quod
1633 1962 1778 2026 Christus
1800 1962 1837 2024 ad
1858 1961 1953 2025 coelum

281 2059 694 2130 roor.11,n.Animalishomo
713 2078 777 2124 non
798 2060 936 2143 percipit
955 2080 992 2123 ea
1011 2080 1081 2142 quae
1101 2066 1176 2122 sunt
1229 2061 1382 2143 adspexit.
1395 2060 1453 2123 Per
1468 2062 1553 2142 quod
1569 2060 1677 2124 docuit
1691 2060 1805 2135 n0s‚in
1822 2059 1954 2122 omnitri·

280 2180 413 2230 reeens.
428 2158 565 2240 Spiritus
589 2159 654 2222 Dei.
672 2158 737 2222 Nec
758 2167 864 2240 gustat
884 2177 980 2241 quam
1002 2158 1105 2221 dulcis
1127 2166 1176 2220 est
1229 2159 1392 2222 bulatione
1407 2166 1439 2220 et
1459 2158 1604 2240 angustia
1622 2159 1661 2221 ad
1677 2159 1779 2220 Deum
1795 2157 1952 2239 conlugcrc,

427 2257 522 2331 Deus,
539 2275 599 2320 nec
614 2257 756 2320 coelestia
770 2265 802 2319 et
820 2264 938 2320 aeterna
952 2255 1036 2319 bona
1052 2256 1174 2319 deside·
1229 2256 1300 2339 ejus
1315 2275 1504 2320 succursum
1519 2265 1550 2319 et
1570 2256 1823 2320 consolationem
1837 2275 1955 2338 quercu-

428 2363 485 2429 rat,
502 2355 558 2416 sed
580 2361 645 2417 tota
664 2355 734 2436 ejus
758 2354 887 2417 allectio
907 2361 955 2416 est
975 2355 1012 2417 ad
1036 2354 1175 2416 carnalia
1229 2356 1280 2428 do,
1302 2355 1385 2417 sicut
1404 2363 1436 2416 ct
1453 2355 1601 2436 losephat
1622 2373 1677 2418 rex
1699 2361 1855 2417 testatur:
1871 2354 1954 2427 Quum
1969 2373 2042 2416 irim

427 2460 459 2515 et
473 2461 609 2527 terrena,
627 2452 660 2514 in
675 2451 792 2535 quibus
807 2453 1028 2515 tantummodo
1043 2453 1176 2515 delecta·
1230 2454 1414 2534 ignoramus
1433 2453 1511 2535 quid
1532 2471 1624 2534 agere
1646 2453 1832 2527 debeamus,
1846 2452 1900 2514 hoc
1917 2469 1954 2514 so
1965 2440 1987 2479 ¹²

427 2559 489 2614 tur.
506 2551 610 2623 Ouum
625 2568 700 2632 ergo
715 2569 772 2633 per
786 2551 906 2613 donum
926 2551 1089 2633 sapientiae
1103 2568 1175 2613 con·
1230 2551 1296 2615 lum
1322 2551 1477 2614 habemns
1502 2551 1634 2626 residui,
1660 2559 1697 2612 nt
1719 2551 1830 2614 oculos
1853 2559 1954 2613 nostros

427 2650 601 2732 templetur
624 2650 730 2713 anima
756 2650 857 2713 Deum
882 2657 1056 2713 creatorem
1080 2670 1174 2713 suum
1230 2649 1373 2712 levemus
1402 2649 1441 2712 ad
1471 2657 1513 2724 tc,
1545 2649 1678 2712 Domine
1708 2650 1804 2712 Deus.
1834 2648 1955 2723 Quotidie

426 2757 457 2812 et
474 2749 653 2832 spiritualia
672 2748 766 2824 bona,
784 2766 847 2811 non
868 2751 954 2812 nudo
974 2749 1102 2824 intuitu,
1119 2751 1174 2812 sed
1230 2767 1356 2831 quoque
1381 2748 1414 2810 in
1439 2748 1637 2811 orationibus
1662 2755 1694 2810 et
1718 2747 1956 2812 meditationibus
2053 2773 2054 2786 κ

425 2867 500 2911 cum
520 2855 616 2930 gustu
637 2848 763 2911 interno
781 2848 952 2930 (sapientia
974 2849 1060 2910 enim
1083 2848 1174 2929 quasi
1229 2848 1346 2910 nostris
1371 2847 1524 2909 debemus
1549 2847 1588 2909 ad
1612 2847 1731 2910 coelum
1754 2847 1919 2930 adspicere,
1932 2845 1955 2906 id

425 2946 536 3028 sapida
551 2945 685 3008 scientia
699 2945 828 3020 dicitur,
846 2952 877 3007 et
891 2964 909 3007 a
924 2964 1036 3028 sapore
1057 2963 1174 3008 nomen
1229 2954 1278 3008 est
1296 2946 1477 3009 Creatorem
1499 2945 1653 3008 coelorum
1677 2945 1710 3007 in
1733 2947 1817 3009 coelo
1835 2944 1955 3006 habitau-

425 3044 573 3127 accepit),
590 3044 665 3107 hinc
681 3050 814 3118 constat,
831 3043 915 3126 quod
936 3045 1012 3106 dum
1031 3045 1113 3107 dono
1128 3065 1174 3107 sa·
1189 3045 1211 3110 G
1229 3052 1294 3107 tem
1310 3044 1448 3126 cogitare
1463 3062 1500 3106 ac
1515 3044 1737 3127 contemplari,
1753 3045 1839 3106 sicut
1851 3043 1891 3105 ait
1902 3043 1956 3104 Pro

278 3168 319 3212 rs.
329 3180 410 3220 um,
425 3143 554 3226 piontiae
570 3141 773 3223 perfunditur
787 3142 903 3217 anima,
921 3143 1067 3224 protinus
1086 3142 1174 3206 audit
1229 3143 1324 3226 pheta
1351 3161 1358 3206 :
1384 3143 1431 3205 Ad
1459 3150 1502 3218 te,
1533 3143 1679 3216 Domine,
1705 3143 1812 3206 levavi
1839 3141 2042 3204 animannnn.

278 3234 299 3275 ⁹·
425 3242 716 3327 quidloquaturin
735 3261 773 3304 ea
791 3241 945 3304 Dominus
964 3242 1058 3316 Deus,
1076 3248 1107 3305 et
1127 3242 1173 3302 in·
1229 3249 1401 3321 meam3et
1416 3241 1505 3316 item,
1521 3240 1568 3303 hd
1583 3247 1614 3303 te
1630 3241 1734 3305 levavi
1749 3241 1860 3304 oculos
1876 3257 2042 3310 meosoch.

426 3342 505 3424 cipit
528 3341 616 3424 loqui
641 3360 678 3404 ea
701 3360 773 3422 quae
796 3339 853 3402 Dei
882 3347 957 3402 sunt
980 3347 1011 3401 et
1038 3340 1173 3402 salutem
1228 3341 1285 3423 qui
1299 3338 1423 3404 habitas
1440 3339 1472 3402 in
1487 3340 1588 3404 coelis.
1603 3340 1738 3422 insuper
1752 3339 1957 3403 debemusne
2052 3347 2053 3382 ³

426 3447 632 3504 concernunt.
659 3439 811 3521 Tuncque
838 3438 976 3500 carnalia
1000 3438 1174 3500 etcaduca
1230 3441 1298 3502 lum
1313 3441 1488 3522 adspicere,
1498 3448 1654 3522 quatenus
1670 3459 1708 3502 ex
1724 3439 1956 3504 consideratione

427 3539 456 3602 ei
478 3538 651 3621 desipiunt,
669 3537 820 3619 solusque
844 3538 927 3599 Deus
949 3556 1046 3619 super
1067 3537 1175 3600 omnia
1230 3539 1384 3603 coelorum
1400 3547 1431 3601 et
1446 3539 1645 3622 planetarum
1660 3557 1697 3601 ac
1712 3539 1866 3612 siderum,
1880 3545 1907 3600 et
1918 3555 1958 3597 re·

429 3638 607 3720 complacet
635 3636 676 3712 ei,
702 3644 797 3719 atquc
820 3635 860 3698 ad
885 3635 1064 3718 spiritualia
1092 3635 1176 3698 bona
1231 3637 1384 3702 locissimi
1401 3644 1506 3700 motus
1527 3635 1784 3718 multiplicisque
1799 3637 1914 3698 virtutis
1929 3652 1957 3695 ac

427 3736 536 3817 gratiae
564 3754 600 3798 ac
624 3735 780 3797 virtutum
808 3733 945 3810 anhelat,
971 3734 1048 3816 quia
1071 3733 1104 3796 in
1128 3733 1175 3797 eis
1230 3744 1359 3799 ornatus
1384 3753 1507 3811 corum,
1525 3735 1669 3798 elevetur
1692 3753 1788 3798 mens
1812 3742 1909 3798 nostra
1926 3729 1956 3794 ad

430 3833 572 3917 quotidie
597 3832 686 3915 cupit
710 3831 876 3916 prolicere.
897 3833 944 3896 Ad
969 3831 1077 3895 lutura
1100 3849 1176 3915 quo·
1231 3833 1533 3917 contemplationem
1562 3833 1617 3896 Dei
1642 3835 1797 3897 creatoris
1822 3833 1959 3895 universo
2051 3855 2052 3870 .

284 3957 325 4003 Ρ..
335 3969 385 4011 m,
395 3959 416 4001 a.
432 3951 493 4015 que
507 3932 616 4013 gloriae
630 3931 712 3994 dona
727 3931 878 4013 adspirat,
895 3931 1029 3994 dicendo
1047 3948 1054 3993 ε
1071 3930 1177 3994 Domi·
1230 3952 1312 3996 rum.
1331 3933 1431 3997 Causa
1446 3951 1584 4014 namque
1599 3951 1638 3994 ex
1655 3949 1713 3995 suo
1729 3931 1851 3996 effectu
1864 3944 1958 4010 cogno

431 4051 482 4106 ne,
499 4030 596 4094 dilexi
618 4030 764 4092 decorem
787 4030 901 4092 domus
925 4036 997 4104 tuae,
1014 4037 1046 4092 et
1070 4029 1175 4093 locum
1230 4032 1340 4094 scitur.
1356 4031 1437 4093 Hinc
1452 4031 1571 4094 etenim
1586 4030 1682 4094 lsaias
1699 4031 1846 4094 hortatur
1860 4047 1867 4091 ε
1881 4029 1957 4090 Lern
1975 4041 2044 4087 nas

287 4145 416 4197 ruffini,
430 4128 635 4193 habitationis
658 4127 767 4210 gloriae
788 4133 859 4190 tuae.
882 4128 1027 4209 itemque
1048 4145 1055 4190 :
1076 4127 1176 4202 Quam
1230 4137 1262 4194 te
1277 4130 1386 4193 oculos
1401 4136 1523 4193 vestros
1543 4129 1577 4191 in
1592 4129 1723 4204 coelum,
1738 4137 1772 4192 et
1787 4129 1888 4193 videte
1900 4123 1957 4208 quis

282 4210 302 4260 ²¹
312 4211 331 4252 ³·
429 4229 545 4292 dilecta
559 4226 764 4290 tabernacula
778 4226 986 4300 tua,Domine
1001 4227 1173 4289 virtutum!
1191 4226 1216 4289 D
1232 4228 1350 4292 creavit
1364 4227 1441 4291 haec.
1459 4227 1497 4289 Et
1511 4227 1644 4309 Sapiens
1664 4226 1743 4290 dicit
1759 4245 1768 4290 z
1784 4225 2051 4307 Anagnia-sart

429 4325 634 4410 Concupiscit
649 4332 680 4389 et
699 4323 812 4387 delicit
830 4324 938 4388 anima
957 4343 1028 4387 mea
1047 4324 1080 4387 in
1097 4324 1177 4387 atria
1231 4327 1306 4390 dine
1327 4326 1447 4408 speciei
1468 4334 1621 4390 creaturae
1642 4326 1760 4408 poterit
1783 4327 1905 4390 Creator
1920 4339 1959 4384 co
2050 4345 2051 4388 ς

428 4427 564 4490 Domini.
1231 4425 1451 4508 gnoscibiliter
1483 4424 1595 4488 videri.
1630 4424 1675 4486 Ex
1709 4423 1958 4507 contemplatione

476 4527 585 4607 ltaque
618 4541 676 4607 pro
709 4523 882 4598 inlusione,
913 4522 1110 4587 incremento
1140 4542 1177 4586 ac
1231 4523 1510 4606 quoqneiniinitae
1529 4522 1692 4598 bonitatis,
1709 4530 1743 4585 ct
1760 4521 1958 4606 sapientiam

429 4623 626 4706 perfectione
640 4622 715 4686 doni
731 4621 905 4704 sapientie,
922 4620 1023 4684 Deum
1037 4622 1178 4684 fideliter
1231 4623 1470 4704 omnipotentia
1499 4621 1566 4697 Dei,
1592 4621 1748 4685 debemus
1772 4621 1845 4703 ejus
1870 4633 1958 4682 amore

430 4723 851 4804 deprecemur,omnemque
866 4719 1025 4783 carnalem
1041 4721 1178 4803 pruden·
1231 4721 1372 4795 accendi,
1390 4727 1421 4782 et
1440 4721 1546 4803 ipsum
1566 4740 1640 4783 cum
1660 4720 1782 4804 ingenti
1803 4716 1959 4784 reverentia

430 4822 507 4884 tiam
522 4839 560 4883 ac
576 4820 769 4882 mundanam
785 4819 957 4881 versutiam
973 4820 1176 4894 detestemur,
1231 4819 1393 4894 admirari,
1418 4838 1493 4882 cum
1521 4837 1647 4902 quoque
1677 4819 1795 4894 vereri,
1824 4827 1911 4900 atque
1933 4814 1957 4874 in

282 4937 415 4992 oomnis.
431 4939 533 5004 quum
554 4919 638 4982 dicat
660 4917 829 5000 Apostolus
852 4935 859 4979 :
880 4917 1051 4980 Prudentia
1074 4919 1177 4980 carnis
1231 4918 1382 4982 omnibus
1403 4937 1530 5001 semper
1552 4935 1609 5000 pro
1628 4935 1721 5000 posse
1741 4918 1903 4980 humiliter
1919 4933 1958 4975 re

290 5037 358 5082 ern.
373 5051 416 5088 nv,
433 5037 517 5082 mors
533 5025 590 5081 est.
608 5017 647 5078 Et
663 5016 811 5079 Salomon
830 5033 836 5078 :
853 5015 908 5078 Vir
922 5015 1055 5098 (inquit)
1069 5036 1178 5079 versu·
1232 5018 1346 5081 nerari.

285 5103 317 5144 ¹⁷·
431 5128 482 5182 tus
497 5115 627 5180 odibilis
642 5121 699 5177 est.
717 5114 821 5189 Porro,
839 5121 957 5196 quanto
977 5114 1049 5196 plus
1064 5115 1179 5178 avortit
1271 5118 1424 5191 Quartum
1446 5115 1619 5198 luit,quod
1641 5115 1786 5178 Christus
1812 5113 1957 5196 ingemuit.

430 5237 464 5282 se
486 5218 583 5279 homo
607 5234 626 5277 a
650 5213 859 5277 delectatione
882 5213 1046 5288 carnalia
1071 5232 1179 5278 conso·
1231 5215 1289 5277 Per
1313 5215 1397 5297 quod
1423 5214 1532 5278 docuit
1553 5231 1619 5288 nos,
1641 5213 1741 5276 Deum
1766 5231 1843 5276 curn
1865 5213 1959 5276 intimo

430 5316 547 5381 latione
563 5314 735 5388 mundana,
751 5331 770 5375 a
788 5312 946 5377 desiderio
965 5319 1176 5390 terrenorum,
1232 5313 1353 5396 gemitu
1368 5313 1568 5388 invocare,et
1582 5319 1712 5395 propter
1726 5320 1858 5395 peccata
1872 5319 1960 5375 nostri
2048 5383 2049 5398 ,
