4192 6258
429 401 489 466 504
773 421 921 468 nonnum
942 421 1018 468 ιιιιι
1039 421 1111 475 rosa
1131 419 1325 468 navarram.
1344 437 1385 450 -
1406 419 1504 466 annuo
1524 419 1635 466 ramus

432 609 522 672 meo;
542 599 574 654 et
589 609 648 674 ego
666 592 797 674 diligam
817 611 903 668 eum,
920 601 952 656 et
967 591 1178 656 manifestabo
1192 591 1217 654 Α
1231 591 1426 672 vigilaveris,
1440 591 1567 655 veniam
1587 591 1625 652 ad
1645 597 1676 653 te
1695 595 1843 671 tanquam
1861 587 1949 664 lueet

431 690 461 752 ei
484 709 535 752 me
557 690 675 774 ipsum.
1233 691 1356 753 nescies
1380 709 1444 772 qua
1466 689 1544 752 hora
1566 689 1703 752 veniam.
1726 688 1846 750 Dicitur
1865 694 1950 750 auten

474 790 539 858 Qui
552 797 581 849 et
596 791 803 867 confirmabit
818 811 872 850 vos
887 789 919 852 in
934 790 1052 852 virtute
1067 796 1098 852 et
1112 808 1180 871 gra·
1234 788 1377 852 Christus
1403 787 1434 850 in
1457 796 1558 852 morte
1582 785 1755 868 cujuslibet
1776 784 1888 858 venire,
1901 803 1950 848 non

283 903 419 958 naama.
433 887 488 961 tia,
505 895 540 948 ιιι
562 886 690 951 confido
709 889 881 971 (optimum
903 887 990 950 enim
1012 895 1060 950 est
1080 888 1180 969 gratia
1234 887 1441 968 corporaliter
1463 885 1685 949 descendendo
1708 884 1747 946 ad
1776 882 1949 957 morientem,

433 984 568 1048 stabiliri
585 987 663 1066 cor),
675 1006 778 1065 usque
791 989 828 1047 ιἰι
842 991 941 1065 finem
956 986 1028 1048 vitae
1043 1003 1179 1068 praesen-
1234 986 1289 1048 sed
1310 1004 1367 1068 per
1379 985 1512 1066 justitiae
1527 1003 1591 1047 suae
1610 982 1774 1046 effectum.
1791 981 1873 1045 Unde
1884 983 1950 1045 faro

431 1084 473 1147 tis
493 1083 660 1158 inclusive,
678 1087 748 1146 sine
767 1087 918 1155 crimine,
934 1085 967 1147 id
986 1091 1034 1146 est
1054 1083 1179 1146 mortali
1234 1083 1294 1146 bus
1316 1083 1394 1146 dicit
1415 1102 1421 1148 :
1443 1082 1599 1146 Patientes
1620 1089 1720 1146 estote
1743 1099 1843 1162 usque
1861 1080 1894 1142 ad
1912 1081 2038 1142 ad-uaaar

432 1189 573 1264 peccato,
600 1183 641 1246 ita
666 1183 751 1264 quod
774 1184 907 1264 gratiam
936 1183 1179 1266 perseverantiae
1234 1190 1366 1245 ventum
1386 1181 1524 1255 Domini,
1541 1180 1573 1243 id
1588 1189 1637 1244 est
1652 1199 1753 1262 usque
1772 1179 1811 1242 ad
1830 1187 1950 1243 mortem

432 1279 520 1342 dabit
535 1280 690 1354 vobisne
706 1281 845 1362 peccetis
861 1281 1044 1344 mortaliter.
1057 1282 1177 1362 ltaque,
1233 1280 1311 1344 Nam
1327 1279 1475 1343 subditur
1489 1279 1535 1341 ibi
1545 1298 1552 1343 :
1563 1279 1644 1342 Ecce
1657 1278 1756 1360 judex
1771 1285 1841 1340 ante
1851 1277 1952 1358 januam
1970 1293 2024 1336 ιιιι.

433 1376 662 1440 «confirmabit
673 1397 730 1442 vos
744 1398 845 1460 usque
858 1379 890 1440 in
905 1379 1105 1460 finem»,qui
1119 1379 1179 1440 erit
1232 1379 1367 1442 adsistit.
1384 1380 1546 1442 Postremo
1564 1379 1719 1440 adventus
1734 1376 1857 1450 Christi,
1872 1383 1953 1458 potest

433 1478 467 1536 in
484 1478 538 1537 die
552 1480 712 1538 adventus
725 1479 861 1540 Domini
875 1476 982 1538 nostri
994 1480 1070 1538 Jesu
1086 1479 1179 1538 Olari-
1233 1476 1369 1557 intelligi
1384 1476 1559 1559 spiritualis
1574 1476 1645 1557 ejus
1659 1476 1813 1538 adventus
1828 1491 1884 1556 quo
1896 1492 1952 1556 quo

432 1575 487 1644 sti,
504 1575 535 1636 id
558 1582 607 1637 est
628 1575 680 1638 die
700 1575 815 1656 judicii
840 1575 1029 1639 universalis
1054 1575 1086 1637 in
1113 1575 1179 1638 fine
1232 1575 1311 1638 tidie
1326 1575 1414 1637 venit
1429 1593 1485 1657 per
1499 1574 1607 1655 gratiae
1622 1573 1817 1638 inlusionem
1830 1592 1863 1635 ac
1876 1573 1954 1636 incre

434 1673 556 1746 mundi,
580 1672 630 1736 vel
654 1673 769 1753 judicii
794 1673 1027 1756 particularis'
1020 1694 1052 1736 ιιι
1078 1681 1178 1741 morte
1234 1681 1378 1736 mentum
1398 1673 1437 1735 ad
1452 1673 1582 1736 devotos
1601 1691 1638 1734 ac
1658 1671 1851 1744 obedientes,
1865 1689 1955 1752 quem·

311 1786 400 1832 narra.
433 1769 607 1850 cujuslibet
626 1771 775 1834 bominis
794 1772 881 1834 Lude
901 1779 932 1834 ct
949 1773 1015 1834 art
1033 1772 1177 1853 Vigilate,
1196 1771 1404 1835 Badmodum
1431 1771 1604 1853 loquitur:
1632 1771 1663 1833 Si
1688 1771 1762 1852 quis
1787 1769 1884 1850 diligat
1903 1780 1999 1840 ma
2000 1797 2039 1824 n.

285 1862 334 1892 ¹¹¹
322 1853 385 1902 '¹·⁴²
433 1867 506 1949 quia
535 1869 665 1930 nescitis
695 1889 758 1951 qua
786 1870 864 1931 bora
893 1870 1047 1932 Dominus
1076 1877 1180 1933 vester
1234 1889 1413 1934 sermonem
1438 1889 1547 1933 meum
1568 1869 1719 1943 servabit,
1735 1877 1767 1932 et
1782 1870 1865 1931 Pater
1882 1887 1952 1928 mens

433 1974 584 2029 venturus
608 1975 665 2029 est.
683 1969 727 2031 De
749 1987 813 2050 quo
835 1968 911 2030 item
935 1968 1072 2031 adventu
1095 1986 1179 2032 com·
1234 1969 1345 2050 diliget
1359 1986 1450 2047 eum;
1466 1977 1497 2030 et
1511 1969 1551 2031 ad
1566 1987 1640 2030 eum
1656 1967 1833 2042 veniemus,
1844 1974 1953 2030 eimau·

285 2079 416 2136 leoena.
433 2065 574 2127 minatur
593 2065 820 2147 negligentiin
837 2066 1026 2150 Apocalypsi
1044 2084 1050 2128 :
1068 2067 1179 2131 Sinon
1233 2067 1356 2131 sionem
1378 2069 1463 2150 apud
1484 2086 1559 2130 eum
1581 2066 1747 2130 faciemus.

981 2498 1175 2584 SERMD
1214 2498 1434 2586 PRIMUS

759 2763 797 2808 DE
819 2761 1025 2809 Guartruotltss
1047 2764 1104 2810 PRO
1125 2763 1255 2810 NATURAE
1277 2763 1314 2808 ET
1334 2763 1454 2810 unatim
1475 2764 1653 2810 BENEFlGllS.

513 3043 692 3106 AJOREM
718 3043 836 3102 lacrum
862 3043 1009 3118 gratiam
1038 3060 1101 3101 nora
1126 3040 1313 3104 ba-Cbont
1337 3041 1401 3103 Deo
1426 3059 1483 3122 pro
1514 3041 1664 3103 universa
1688 3041 1804 3106 viante
1828 3051 1859 3106 et
1878 3042 1958 3124 gratia

528 3143 592 3210 beu,
609 3159 707 3218 qaam
728 3149 763 3200 ιιι
784 3140 919 3199 audiam
938 3141 1025 3216 filios
1044 3159 1127 3198 meos
1146 3141 1182 3199 ιἰι
1237 3139 1392 3220 proximis
1408 3138 1474 3201 suis
1489 3140 1756 3204 concessaDebei
1771 3142 1872 3223 itaque
1885 3159 1959 3202 uuus

436 3241 574 3299 veritate
590 3240 767 3298 ambulare.
786 3237 825 3298 lll
843 3236 952 3299 loann.
970 3234 999 3297 ι.
1237 3237 1373 3319 quisque
1396 3237 1461 3300 Deo
1484 3237 1627 3318 quotidie
1650 3238 1867 3320 praecordiales
1884 3257 1958 3319 agere

475 3338 536 3399 lsta
559 3345 634 3399 sunt
657 3335 755 3398 verba
779 3336 810 3398 S.
830 3335 959 3398 loannis
988 3334 1123 3418 apostoli
1149 3334 1181 3397 in
1235 3335 1351 3415 gratias
1372 3353 1430 3416 pro
1450 3334 1611 3397 universis
1631 3335 1799 3398 beneficiis
1817 3336 1894 3418 ejus,
1908 3345 1957 3398 tara

435 3436 528 3499 tertia
546 3453 603 3497 sua
619 3434 785 3499 canonica.
804 3434 838 3495 ln
854 3433 972 3515 quibus
987 3434 1019 3495 in
1036 3433 1181 3496 omnium
1237 3431 1298 3494 sibi
1326 3432 1385 3515 ipsi
1407 3452 1509 3514 quam·
1527 3432 1599 3495 aliis
1624 3433 1762 3516 desuper
1780 3433 1955 3498 contributis.

435 3534 638 3617 praelatorum
662 3550 797 3615 persona
818 3530 962 3612 loquenS,
979 3530 1096 3594 fatetur
1118 3550 1181 3594 ma·
1237 3530 1352 3605 Primo,
1369 3531 1443 3613 quia
1459 3531 1568 3594 divina
1582 3531 1747 3614 Scriptura
1766 3533 1804 3595 ad
1822 3532 1879 3596 boc
1895 3531 1957 3594 naul-

437 3632 555 3694 ximam
572 3648 661 3692 suam
678 3648 748 3692 esse
764 3629 917 3704 laetitiam,
934 3629 1018 3711 quod
1035 3629 1182 3712 spiritua·
1236 3628 1388 3710 tipliciter
1412 3647 1469 3692 nos
1498 3629 1651 3692 bortatur.
1676 3629 1730 3692 Ait
1753 3650 1884 3713 namque
1904 3631 1957 3693 Pro

436 3729 482 3792 les
505 3728 591 3791 filios
615 3747 689 3790 suos
713 3747 770 3790 seu
792 3728 936 3790 subditos
958 3727 1095 3809 percipit
1118 3728 1182 3791 Deo
1236 3726 1332 3809 pbeta
1354 3743 1360 3788 :
1380 3726 1527 3800 Benedic,
1547 3727 1655 3789 anima
1679 3746 1761 3802 mea,
1785 3729 1957 3801 Dominari
1975 3737 2036 3782 aar!

434 3827 520 3909 juste
549 3833 644 3908 atque
674 3826 841 3889 sinceriter
865 3826 1035 3888 deservire.
1061 3827 1182 3908 Nempe
1236 3824 1302 3886 noli
1332 3825 1478 3887 oblivisci
1509 3843 1621 3888 omnes
1650 3823 1871 3890 retributiones
1892 3827 1955 3906 ejus.

436 3943 500 4008 quo
523 3931 629 4006 pastor
649 3942 777 4004 gregem
800 3922 862 3986 sibi
885 3923 1092 3986 commissum
1114 3943 1183 4006 spe·
1237 3923 1356 3987 Deinde
1372 3924 1487 4007 partim
1502 3932 1669 3988 enumerat
1685 3926 1841 3989 beneficia
1855 3923 1957 3998 Deidi·

437 4021 549 4085 cialius
569 4021 787 4102 intentiusque
808 4020 941 4102 diligere
960 4021 1128 4102 obligatur,
1145 4039 1182 4084 eo
1237 4022 1338 4085 cando
1355 4042 1361 4085 :
1379 4022 1437 4096 oui
1457 4023 1649 4106 propitiatur
1663 4024 1813 4086 omnibus
1832 4024 1958 4106 iniquita-
1975 4030 2030 4076 reni

437 4122 476 4184 de
499 4120 584 4182 illius
607 4119 765 4202 spirituali
790 4119 934 4201 profectu
957 4119 1095 4201 amplius
1119 4119 1183 4201 glo·
1237 4119 1322 4182 tibus
1344 4120 1418 4194 tuis,
1445 4121 1500 4203 qui
1526 4128 1617 4184 sanat
1640 4139 1752 4184 omnes
1777 4122 1957 4185 infirmitates

436 4219 522 4294 riari,
540 4220 578 4282 de
602 4218 694 4280 ruina
716 4236 842 4300 quoque
867 4217 954 4280 illius
976 4218 1047 4300 plus
1069 4220 1183 4281 contri·
1197 4216 1222 4278 D
1236 4223 1316 4278 tuas.
1334 4217 1452 4279 llursus
1476 4224 1604 4280 sanctus
1627 4219 1725 4282 David
1748 4221 1785 4282 ad
1807 4220 1955 4301 gratiarum

436 4318 510 4380 stari
537 4325 671 4380 tenetur.
697 4317 778 4379 Hinc
804 4317 836 4378 in
865 4315 994 4379 exordio
1022 4317 1182 4382 hodiernae
1236 4315 1394 4378 actionem
1425 4332 1482 4378 nos
1510 4316 1670 4388 admonet,
1702 4318 1898 4382 devotissime
1922 4314 1957 4376 di-

436 4414 588 4496 epistolae,
605 4415 720 4476 Paulus
735 4414 907 4497 apostolus,
920 4415 974 4496 qui
992 4423 1070 4477 teste
1086 4415 1181 4498 Chry·
1236 4432 1311 4476 cens
1329 4432 1335 4476 :
1353 4413 1432 4488 Quid
1454 4414 1629 4478 retribuam
1651 4417 1786 4480 Domino
1805 4435 1859 4499 pro
1876 4412 2039 4479 anni-aee

436 4520 585 4586 sostomo,
604 4511 702 4574 instar
722 4511 798 4574 ferri
819 4511 910 4593 igniti
930 4513 963 4573 in
981 4513 1110 4576 caritate
1126 4515 1180 4576 Dei
1236 4512 1296 4574 bus
1311 4532 1381 4595 quaa
1396 4512 1545 4575 retribuit
1561 4513 1663 4576 mihil
1679 4514 1883 4578 Conformiter
1895 4511 1956 4576 alie

436 4617 468 4672 et
487 4610 706 4692 proximorum
728 4609 868 4684 arde-bat,
890 4617 1022 4672 testatur
1045 4630 1079 4674 se
1102 4631 1182 4674 sem·
1236 4611 1437 4673 ctuosissime
1453 4610 1595 4692 loquitur
1610 4611 1705 4675 lsaiaa
1721 4631 1729 4674 ι
1747 4613 2038 4676 Misenumnam-³

436 4725 494 4790 per
521 4707 636 4787 gratias
665 4725 759 4787 agere
789 4708 851 4769 Deo
881 4724 939 4789 pro
966 4708 1054 4769 omni
1081 4709 1182 4790 gratia
1236 4708 1362 4771 Domini
1383 4708 1582 4782 recordabor,
1600 4709 1727 4772 laudem
1743 4711 1863 4774 Domini
1880 4725 1957 4790 snper

437 4799 657 4888 spiritualibus
687 4804 766 4866 filiis
795 4804 872 4877 suis,
899 4812 975 4886 puta
1000 4805 1181 4882 Corinthiis,
1237 4806 1387 4869 omnibus
1407 4826 1478 4888 quae
1500 4807 1638 4869 reddidit
1657 4808 1750 4872 nobis
1772 4808 1921 4880 Dominus,
1934 4811 1958 4866 el

437 4903 608 4984 impertita.
1237 4925 1307 4987 qua
1333 4905 1463 4986 largitus
1487 4913 1536 4968 est
1560 4906 1653 4969 nobis
1676 4908 1850 4970 secundum
1873 4902 1958 4968 indul·

476 5000 540 5063 Nec
559 5000 662 5062 solum
684 4997 817 5081 praelati,
834 4999 888 5061 sed
908 5006 939 5062 et
959 4999 1077 5081 singuli
1097 5001 1183 5064 Chri-
1236 5004 1375 5083 gentiam
1394 5022 1493 5065 suam
1510 5004 1557 5066 ad
1577 5004 1638 5067 hoc
1658 5005 1802 5068 hortatur
1815 5001 1958 5088 Apostolus

436 5097 541 5172 stiani,
559 5096 827 5208 quemadmodum
848 5117 881 5160 se
902 5106 1013 5160 mutuo
1034 5106 1183 5162 tenentur
1236 5101 1274 5162 ad
1297 5093 1522 5166 Colossenses:
1540 5104 2024 5188 Οιιιιίοιιί(ιιιιιιιιιιιιιιίιιιιι-ιιιιι
1986 5115 2039 5160 ιιι*

437 5196 579 5277 diligere,
597 5197 639 5258 ita
654 5213 712 5278 pro
728 5195 865 5258 invicem
885 5196 1002 5276 gratias
1022 5198 1524 5282 agerede-te‚vigilate'1nea
1544 5203 1577 5264 in
1595 5203 1770 5284 gratiarum
1790 5205 1916 5281 actione;
1932 5185 1981 5261 et²
