4288 6264
285 829 319 871 lo.

430 456 470 519 el
798 476 828 521 m
849 475 901 522 nir
921 475 1038 522 sancto
1058 475 1274 524 rnurncosrns.
1295 493 1335 504 —
1357 475 1456 522 sunno
1476 474 1614 531 ouinrns

473 643 607 726 Impleat
625 661 700 726 ergo
721 645 857 728 quilibet
876 654 1021 709 nostrum
1042 648 1126 728 quod
1147 647 1179 709 in
1194 648 1220 709 Α
1235 647 1376 721 vissima,
1397 655 1472 710 sunt
1496 664 1592 720 mors,
1613 645 1773 728 judicium
1798 644 1866 719 llei,
1886 662 1978 726 poena

299 762 420 813 uariae,
434 741 658 806 Ecclesiastico
684 743 840 826 scriptum
865 753 912 807 est
939 763 946 807 :
972 747 1007 807 ln
1030 746 1180 808 omnibus
1236 746 1365 820 inferni,
1381 746 1481 829 gloria
1500 745 1583 809 coeli.
1600 745 1674 819 Ouae
1693 745 1721 807 si
1737 743 1892 825 sagaciter
1910 741 1978 824 quis
2096 831 2097 836 γ

433 840 586 924 operibus
600 841 664 904 tuis
685 861 860 907 memorare
880 845 1055 907 novissima
1069 853 1133 918 tua,
1149 852 1181 906 et
1236 844 1422 928 perpendat,
1439 846 1605 907 timoratus
1621 843 1682 905 crit
1697 849 1728 904 ct
1743 860 1850 905 coram
1864 841 1979 904 Altissi-
2096 913 2097 924 χ

434 940 468 1002 in
483 946 637 1004 eternum
653 958 716 1004 non
732 941 889 1024 peccabis.
907 942 978 1006 Haec
994 943 1114 1026 quippe
1129 961 1182 1006 no
1237 961 1289 1006 mo
1310 943 1498 1006 custoditus.

957 1371 1149 1457 SERMO
1188 1371 1458 1472 QUARTUS

459 1638 500 1685 nh
520 1637 701 1684 semermos
723 1635 858 1682 summus
880 1632 988 1680 SANG'l'l
1009 1632 1042 1678 lli
1062 1630 1160 1678 GOllDB
1179 1630 1346 1693 truttmunt,
1366 1630 1575 1687 obstrusaque
1596 1630 1624 1676 Sl
1646 1630 1680 1676 ΙΝ
1700 1629 1790 1676 Nonis
1812 1630 1954 1676 semim

630 1734 782 1790 SANCTUH,
802 1732 976 1779 clumam
997 1731 1067 1777 mus
1088 1729 1128 1776 Ac
1148 1729 1286 1775 omniu
1308 1728 1485 1786 habeatne,
1507 1728 1603 1774 NOSSE
1625 1728 1782 1774 cossurus,

469 2017 559 2078 PSIi'
575 2017 725 2091 Spiritus
745 2013 963 2074 testimonium
986 2012 1096 2071 reddit
1115 2010 1179 2086 spi-
1194 2007 1217 2069 Β
1234 2007 1317 2069 istud
1338 2007 1445 2071 forsan
1466 2008 1535 2070 sine
1557 2008 1750 2071 detrimento
1771 2006 1884 2070 salutis
1910 2008 1981 2071 licet

485 2115 571 2173 ritui
595 2121 718 2182 nostro,
748 2114 834 2190 quod
862 2111 931 2187 filii
961 2110 1023 2170 Dei
1053 2127 1175 2168 sumus.
1233 2106 1365 2169 nescire.
1378 2107 1668 2189 Getarumquando
1683 2107 1791 2170 veniat
1805 2115 1837 2170 et
1851 2124 1981 2190 quomo

430 2211 520 2274 Rom.
537 2228 603 2284 vni,
621 2207 668 2272 le.
1232 2205 1273 2267 do
1294 2205 1397 2280 vadat,
1414 2205 1685 2286 periculosissime
1708 2206 1882 2286 ignoratur.
1901 2205 1980 2268 Dum

470 2308 574 2382 Quum
590 2307 671 2370 nihil
687 2305 899 2389 periculosius
915 2305 1004 2368 sitin
1020 2305 1084 2366 vita
1100 2323 1178 2385 prae-
1233 2303 1318 2364 enim
1335 2304 1383 2366 hae
1398 2303 1637 2386 dispensatorie
1652 2303 1892 2368 vicissitudines
1914 2304 1981 2386 Spi-

431 2407 514 2470 senti
535 2424 631 2487 quam
651 2423 715 2468 non
735 2423 805 2467 esse
826 2404 858 2466 iu
879 2403 1008 2466 caritate
1030 2410 1062 2464 et
1078 2402 1179 2483 gratia
1233 2401 1313 2464 ritus
1334 2403 1439 2464 Sancti
1465 2403 1551 2464 circa
1571 2421 1628 2466 nos
1653 2420 1716 2466 non
1737 2402 1980 2484 vigilantissime

431 2505 569 2588 Spiritus
594 2503 711 2578 Sancti,
728 2503 879 2585 quoniam
903 2502 959 2584 qui
981 2501 1015 2563 in
1039 2500 1093 2562 illa
1115 2517 1178 2562 non
1233 2500 1452 2575 observentur,
1470 2500 1509 2563 lit
1530 2509 1564 2563 ut
1586 2521 1646 2564 nec
1668 2501 1833 2565 absentem
1859 2503 1980 2565 deside-

430 2611 489 2678 est,
506 2603 539 2666 in
555 2601 681 2666 mortali
697 2609 745 2664 est
759 2601 864 2683 culpa,
881 2609 912 2663 et
927 2619 1038 2662 servus
1053 2606 1103 2661 est
1115 2598 1179 2660 dia·
1234 2618 1295 2672 res,
1312 2619 1371 2662 nec
1386 2608 1575 2683 praesentem
1590 2600 1764 2683 glorifices.
1782 2602 1904 2684 Nempe
1926 2602 1980 2684 qui

431 2702 510 2777 boli,
526 2719 589 2765 non
605 2700 695 2763 lilius
709 2700 765 2762 Dei
780 2700 833 2782 (de
849 2699 965 2762 adultis
986 2696 1177 2781 loquendo);
1234 2697 1353 2761 idcirco
1367 2700 1488 2761 recedit
1502 2707 1537 2761 ut
1551 2699 1676 2762 avidius
1697 2699 1890 2781 requiratur,
1906 2719 1982 2782 quo

431 2801 551 2864 idcirco
565 2799 711 2863 homines
732 2798 808 2861 boni
828 2798 965 2861 maxime
983 2804 1095 2860 curant
1109 2815 1178 2858 esse
1234 2796 1327 2859 modo
1350 2797 1525 2879 requiritur
1554 2797 1581 2860 si
1605 2797 1717 2860 abesse
1747 2799 1914 2861 nescituri
1947 2799 1981 2860 Et

430 2900 463 2962 in
479 2899 609 2963 caritate
625 2917 632 2961 :
649 2899 734 2982 quod
755 2906 887 2960 estesse
903 2897 936 2959 in
956 2903 1039 2959 statu
1054 2895 1176 2968 salutis,
1233 2915 1371 2970 rursum,
1388 2897 1443 2978 qui
1458 2898 1497 2959 ad
1513 2897 1573 2959 hoc
1588 2896 1757 2978 dignanter
1775 2899 1859 2960 redit
1878 2906 1914 2960 ut
1930 2899 1982 2962 ho

429 2999 513 3061 sicut
534 3017 604 3062 csse
627 2999 659 3060 in
682 3004 812 3080 peccato
834 2995 971 3070 mortali,
989 3003 1037 3058 est
1056 3013 1125 3057 esse
1144 2994 1177 3056 in
1233 2995 1351 3057 minem
1368 2996 1559 3070 consoletur,
1576 2995 1713 3076 qualiter
1730 2996 1825 3076 digne
1846 3014 1903 3078 pro
1925 3017 1981 3060 sua

427 3104 510 3160 statu
533 3096 755 3160 damnationis.
772 3096 831 3158 Sed
854 3095 930 3178 quia
953 3112 1022 3156 esse
1046 3094 1078 3155 in
1100 3091 1178 3154 cari·
1233 3094 1396 3173 majestate
1422 3093 1596 3175 suscipitur
1615 3094 1641 3155 si
1663 3113 1723 3157 nec
1747 3095 1858 3158 adesse
1882 3097 1980 3158 senti-

428 3203 491 3257 late
506 3213 569 3258 non
585 3201 784 3259 contentaret
797 3211 852 3257 eos
871 3212 930 3255 nec
947 3192 1174 3266 consolaretur,
1193 3185 1215 3247 C
1232 3196 1305 3254 turl
1320 3193 1521 3273 vigilandum
1537 3200 1586 3254 est
1600 3211 1675 3276 ergo
1689 3194 1777 3256 omni
1797 3195 1886 3270 hora,
1903 3197 1981 3278 quia

427 3293 489 3356 uisi
512 3295 572 3357 hoc
596 3293 704 3376 aliquo
726 3293 820 3355 modo
840 3291 970 3364 seirent,
986 3289 1118 3364 idcirco,
1135 3308 1175 3351 ne
1231 3290 1392 3352 nescimus
1411 3309 1475 3372 qua
1494 3291 1571 3354 hora
1592 3291 1729 3373 Spiritus
1749 3293 1883 3356 Sanctus
1902 3313 1979 3356 ven-

429 3392 462 3453 in
477 3391 672 3454 desolatione
687 3391 751 3452 sint
766 3390 866 3453 nimia
881 3396 914 3451 et
928 3389 1085 3450 anxietate
1102 3405 1175 3450 con·
1231 3397 1321 3451 turus
1343 3389 1383 3450 sit
1399 3409 1454 3451 scu
1471 3389 1587 3451 iterum
1603 3409 1796 3453 recessurus.

427 3489 528 3562 tinua,
544 3488 809 3570 supcrpiissimus
824 3487 960 3567 Spiritus
976 3486 1108 3548 Sanctus
1124 3486 1176 3547 dat
1269 3488 1372 3561 Quum
1388 3505 1462 3567 ergo
1478 3495 1542 3549 tam
1558 3489 1776 3551 necessarium
1791 3489 1834 3551 sit
1847 3490 1980 3572 diligen·

427 3586 474 3648 eis
489 3585 661 3668 aliqualem
676 3585 820 3647 notitiam
836 3583 918 3665 quod
935 3583 967 3644 iu
983 3583 1112 3644 caritate
1127 3602 1177 3644 ex·
1230 3593 1277 3647 ter
1292 3585 1471 3648 examinare
1486 3605 1519 3647 se
1536 3587 1649 3668 ipsum,
1657 3594 1688 3648 et
1702 3587 1883 3669 aliqualiter
1896 3590 1979 3651 scire

427 3684 552 3758 sistant,
577 3683 653 3764 quia
677 3682 812 3745 interius
841 3688 1033 3763 protestatur
1055 3689 1175 3743 secrete
1229 3703 1269 3745 an
1289 3684 1426 3765 Spiritus
1447 3685 1579 3746 Sanctus
1599 3704 1657 3766 per
1675 3686 1840 3748 caritatem
1860 3695 1892 3750 et
1909 3706 1979 3768 gra·

425 3781 541 3844 animas
560 3787 687 3855 nostre,
703 3779 787 3862 quod
808 3779 869 3842 lilii
890 3778 946 3841 Dei
965 3778 1105 3860 adoptivi
1126 3799 1175 3840 su·
1230 3782 1305 3843 tiam
1321 3782 1413 3854 adsit,
1425 3789 1519 3862 atque
1534 3782 1691 3844 inhabitet
1707 3792 1859 3860 mentem,
1871 3786 1980 3850 viden-

427 3897 498 3940 mus
523 3879 686 3941 caritatem
708 3876 864 3940 habendo.
1229 3881 1306 3942 dum
1320 3899 1406 3942 nunc
1430 3889 1478 3942 est
1493 3879 1629 3961 qualiter
1643 3880 1703 3942 hoc
1723 3898 1856 3946 noscere
1875 3884 1978 3946 valea·

459 3977 823 4061 Praetereaquicumque
838 3977 993 4038 veraciter
1008 3976 1175 4059 cupitlleo
1229 3998 1310 4040 mus.
1334 3979 1373 4039 Et
1399 3979 1529 4059 quidem
1555 3979 1594 4040 de
1617 3978 1688 4054 hoc,
1716 3980 1748 4042 in
1774 3982 1977 4045 sermonibus

425 4076 562 4159 placere,
586 4076 681 4138 debet
704 4093 774 4138 esse
798 4075 934 4157 diligens
958 4075 1174 4138 considerator
1228 4076 1520 4158 praeinductishinc
1535 4075 1608 4138 inde
1623 4077 1749 4139 diversa
1762 4086 1836 4141 sunt
1849 4087 1932 4142 tacta
1947 4089 1978 4143 et

424 4175 545 4258 proprii
561 4175 677 4249 cordis,
692 4193 732 4236 an
748 4173 872 4236 scilicet
886 4173 1024 4255 Spiritus
1039 4173 1172 4236 Sanctus
1228 4176 1329 4257 posita
1350 4176 1439 4256 signa
1461 4194 1496 4237 ac
1519 4176 1698 4257 probabilia
1715 4188 1911 4258 argumenta,
1929 4188 1977 4241 ut·

423 4281 639 4337 commoretur
654 4273 687 4334 in
702 4289 740 4335 co
753 4291 760 4334 :
772 4279 929 4354 quatenus
947 4271 973 4334 si
989 4272 1174 4354 cognoverit
1227 4281 1300 4356 pote
1314 4291 1320 4336 :
1334 4274 1469 4336 libenter
1484 4274 1594 4336 audire
1610 4274 1744 4338 verbum
1761 4277 1828 4350 Dei,
1839 4276 1977 4340 libenter

423 4373 508 4454 quod
523 4390 599 4446 non,
616 4372 761 4455 protinus
777 4371 892 4444 doleat,
908 4389 1006 4452 seque
1024 4370 1211 4438 emenda-D
1228 4372 1314 4453 loqui
1334 4381 1365 4434 et
1385 4373 1522 4454 cogitare
1542 4373 1581 4435 de
1601 4374 1675 4448 ileo,
1693 4373 1830 4437 libenter
1847 4376 1976 4439 visitare

424 4488 458 4532 re
473 4477 616 4543 conetur,
633 4477 665 4532 et
682 4470 819 4551 Spiritus
837 4469 944 4532 Sancti
964 4468 1098 4550 gratiam
1114 4468 1172 4530 im·
1227 4470 1406 4543 ecclesiam,
1432 4470 1600 4533 observare
1630 4481 1799 4554 praecepta,
1829 4473 1977 4537 alacriter

423 4577 548 4650 petrare
570 4568 706 4646 nitatur3
723 4568 750 4629 si
772 4585 848 4629 vero
869 4567 1052 4647 cognoverit
1074 4586 1172 4648 quan·
1227 4568 1348 4630 moveri
1363 4569 1402 4630 ad
1417 4587 1454 4630 ea
1469 4588 1539 4650 quae
1555 4569 1610 4631 [lei
1626 4570 1811 4634 suntPorro
1826 4571 1977 4636 dominus

424 4674 493 4728 tum
508 4674 621 4749 potest,
629 4665 712 4748 quod
727 4665 879 4747 Spiritum
894 4665 1044 4727 Sanctum
1059 4664 1173 4727 habeat
1228 4667 1428 4742 Guillelmus,
1448 4667 1717 4731 Antisiodorensis
1738 4669 1919 4754 episcopus,
1942 4673 1976 4734 in

424 4765 458 4826 in
480 4783 514 4827 sc
535 4763 743 4838 habitantem,
760 4763 875 4843 gratias
900 4771 981 4844 aget,
998 4781 1096 4844 seque
1121 4782 1172 4825 cu·
1226 4766 1358 4828 Summa
1376 4786 1434 4828 sua
1456 4767 1546 4848 ponit
1567 4766 1606 4828 de
1627 4767 1687 4830 hoc
1708 4768 1770 4829 tria
1789 4769 1888 4850 signs.
1911 4770 1976 4831 Pri·

424 4863 549 4937 stodiat,
565 4869 597 4925 et
613 4861 770 4944 prolicere
789 4861 971 4924 nullatcnus
991 4861 1169 4944 pigritetur.
1226 4884 1315 4926 mum
1344 4872 1393 4926 est
1416 4865 1592 4946 spiritualis
1620 4865 1804 4947 jucunditas
1829 4869 1946 4931 mentis
1966 4887 1974 4948 ;

424 4962 468 5024 De
494 4961 553 5023 hac
577 4979 611 5023 re
634 4961 664 5023 S.
689 4959 867 5023 Bernardus
893 4960 1029 5022 multum
1058 4960 1171 5023 devote
1226 4963 1413 5036 secundum,
1435 4963 1518 5027 bona
1537 4963 1712 5044 desideria;
1728 4966 1871 5042 tertium,
1891 4967 1976 5030 bona

422 5068 519 5143 atque
533 5059 694 5122 subtiliter
712 5057 835 5132 scribit,
852 5058 987 5120 dicendo
1004 5076 1011 5120 ε
1028 5059 1123 5121 Venit
1140 5067 1172 5122 et
1225 5080 1329 5143 opera.
1348 5062 1575 5124 Verumtamen
1596 5062 1685 5143 signa
1704 5063 1764 5125 ista
1783 5081 1848 5128 uon
1865 5065 1976 5128 viden·

423 5159 511 5222 vadit
524 5159 661 5243 Spiritus
676 5158 809 5221 Sanctus
825 5164 921 5239 prout
934 5157 1013 5232 vult,
1029 5165 1062 5220 et
1076 5177 1170 5222 nemo
1226 5167 1277 5222 tur
1292 5160 1516 5223 certitudinem
1537 5179 1685 5243 magnam
1704 5162 1872 5226 adducere.
1887 5165 1974 5227 Jaco-

273 5278 408 5336 Joannns.
423 5258 517 5322 iccile
539 5258 599 5322 scit
619 5257 703 5321 unde
724 5256 832 5320 veniat
853 5263 907 5319 sut
927 5274 991 5339 quo
1012 5256 1114 5320 vadat.
1133 5258 1170 5320 Et
1225 5259 1285 5322 bus
1309 5277 1437 5341 quoque
1461 5260 1500 5322 de
1524 5259 1689 5342 voragine,
1710 5261 1971 5348 archiepiscopus
