4192 6258
480 529 627 577 nouimus
649 530 702 575 xix
723 529 797 576 oosr
817 527 1011 575 mmrraruu.
1032 544 1072 556 -
1093 526 1192 574 suano
1212 527 1323 574 suiuus
1613 507 1674 572 525

161 699 351 762 Studeamus
366 712 442 778 ergo
456 695 596 778 quotidie
611 695 643 758 in
658 695 798 779 prelatis
813 693 873 757 vir·
887 697 913 760 A
928 695 1111 770 mentiatur,
1136 713 1241 778 neque
1270 696 1393 759 occidat
1417 694 1557 757 animam
1583 712 1672 757 suam

119 797 245 860 tutibus
260 796 450 878 actibusque
465 813 575 857 aarum
592 794 761 878 prolicere,
769 801 800 856 et
815 811 873 876 per
927 812 986 876 pro
1006 794 1137 857 alterius
1159 811 1302 877 corpore.

119 897 280 960 orationes
301 914 338 958 ac
359 901 483 957 sanctas
504 893 726 956 meditationes
748 899 872 955 mentes
966 893 1118 957 Preterea
1139 892 1255 975 triplex
1275 900 1322 956 est
1339 891 1554 965 mendacium,
1571 898 1672 974 puta:

119 1003 244 1059 nostras
260 995 299 1058 ad
317 995 416 1057 Deum
431 992 617 1075 frequenter
632 991 796 1066 levare,ad
812 1009 873 1054 cce
925 993 1083 1072 jocosum,
1100 991 1185 1073 quod
1200 990 1318 1054 dicitur
1334 1010 1428 1054 causa
1442 990 1567 1070 solatii3
1583 997 1615 1052 et
1630 988 1675 1052 ol-

120 1095 234 1157 lestem
255 1093 390 1177 patriam
411 1091 584 1174 adspirare,
600 1091 639 1154 ad
659 1097 809 1153 aeternam
829 1094 873 1150 at·
926 1091 1088 1164 liciosum,
1106 1090 1190 1172 quod
1206 1090 1324 1152 dicitur
1344 1109 1439 1153 causa
1455 1089 1593 1169 alicujus
1614 1087 1674 1150 uti-

119 1211 184 1274 que
205 1190 425 1273 plenissimam
447 1189 534 1251 illam
550 1187 736 1250 felicitatem
756 1193 788 1250 et
805 1187 872 1267 glo-
928 1189 1024 1252 litatis
1049 1189 1119 1252 sine
1148 1189 1265 1252 damno
1294 1187 1424 1250 alterius
1451 1205 1459 1248 :
1484 1194 1519 1248 ut
1545 1187 1571 1248 si
1602 1186 1673 1268 quis

120 1292 201 1353 riam
235 1288 336 1364 allici,
368 1295 525 1370 quatenus
555 1286 673 1348 intuitu
705 1291 736 1347 et
763 1302 871 1348 amore
927 1286 1011 1350 dicat
1026 1304 1089 1350 uon
1105 1305 1175 1350 esse
1190 1285 1221 1348 iu
1236 1287 1331 1349 domo
1342 1285 1508 1348 bominem
1525 1283 1578 1366 qui
1593 1302 1676 1366 quac·

119 1387 249 1451 Domini
264 1387 321 1449 Dei
336 1385 436 1448 nostri
457 1390 488 1446 et
508 1383 724 1465 spiritualium
741 1389 871 1444 aetema-
927 1387 1008 1448 ritur
1029 1387 1068 1449 ad
1090 1393 1237 1460 mortem,
1254 1384 1308 1467 qui
1332 1392 1438 1446 tamen
1461 1389 1508 1445 est
1529 1381 1584 1444 ibi.
1602 1383 1674 1444 'ler-

121 1487 268 1568 liumque
283 1484 451 1556 bonorum,
470 1481 623 1544 vilescant
637 1480 729 1544 nobis
744 1480 871 1543 univer·
927 1485 1007 1547 tium
1033 1493 1081 1546 est
1109 1483 1312 1546 mendacium
1337 1481 1565 1565 perniciosum,
1589 1479 1674 1562 quod

121 1604 155 1647 sa
181 1583 321 1646 carnalia
345 1590 377 1644 et
402 1589 537 1653 terrena,
561 1579 671 1661 sicque
694 1596 767 1641 cum
792 1578 871 1640 lsaia
927 1583 1045 1644 dicitur
1060 1601 1154 1644 causa
1168 1581 1353 1644 nocumenti
1367 1580 1509 1654 alterius,
1525 1580 1577 1642 vel
1592 1579 1625 1641 in
1640 1595 1674 1641 sc

11 1701 107 1750 suas.
120 1682 279 1767 propheta
298 1681 441 1744 dicamus
461 1679 526 1741 Deo
543 1695 550 1740 :
567 1677 681 1740 Anima
701 1696 772 1740 mea
791 1676 872 1739 desi·
928 1681 997 1763 ipso
1013 1681 1206 1743 contrarium
1227 1687 1275 1742 est
1290 1679 1414 1742 veritati
1434 1676 1512 1740 lidei
1532 1677 1675 1740 christia·

121 1781 246 1843 deravit
261 1785 291 1841 te
307 1778 340 1840 iu
357 1776 522 1851 nocto,sed
538 1781 570 1837 et
585 1775 716 1857 spiritus
732 1793 822 1838 meus
838 1775 870 1836 in
927 1799 976 1842 na
999 1787 1053 1842 aut
1077 1797 1187 1843 eorum
1213 1797 1284 1860 quaa
1307 1777 1427 1840 directe
1450 1775 1612 1860 pertinent
1635 1775 1673 1839 ad

121 1877 307 1962 precordiis
328 1875 428 1955 meis3
443 1875 482 1937 de
503 1891 596 1937 mane
615 1872 755 1954 vigilabo
773 1873 811 1935 ad
829 1879 869 1936 te.
889 1876 1062 1940 Bsalutem
1081 1895 1087 1940 :
1104 1885 1136 1939 et
1152 1877 1235 1940 istud
1256 1877 1458 1939 mendacium
1473 1883 1522 1938 est
1542 1874 1674 1938 mortale

121 1978 195 2051 Sed,
212 1975 294 2059 pl⁰h
313 1974 419 2037 dolori
438 1973 530 2036 mulli
549 1973 615 2054 jam
635 1979 709 2034 sunl
724 1970 873 2035 christia·
927 1985 1105 2060 peceatum,
1122 1977 1198 2059 quia
1220 1975 1430 2039 contrariatur
1450 1974 1576 2038 veritati
1596 1973 1675 2037 divi·

121 2074 204 2150 ni,si
221 2081 328 2137 umen
344 2071 526 2147 Christiani,
538 2071 593 2153 qui
609 2077 711 2134 toturn
727 2069 812 2132 diem
829 2069 872 2132 ita
927 2095 975 2138 nae
1004 2083 1036 2138 et
1065 2075 1188 2138 caritati
1217 2081 1311 2157 atque
1340 2073 1482 2154 justitie.
1513 2073 1583 2136 Alia
1611 2073 1674 2136 duo

121 2173 320 2256 expendunt,
340 2171 424 2254 quod
441 2187 512 2232 raro
529 2176 583 2232 aut
602 2188 768 2251 nunquam
787 2167 871 2250 cogi·
927 2174 1091 2236 mendacia
1107 2173 1170 2236 non
1186 2180 1261 2235 sunt
1280 2191 1318 2235 ex
1335 2189 1394 2234 suo
1412 2189 1528 2253 genere
1545 2179 1675 2254 peccata

120 2279 191 2334 taut
206 2270 246 2333 de
261 2271 325 2332 Dco
340 2276 371 2332 et
387 2288 444 2331 sua
463 2267 575 2341 salute,
592 2273 624 2329 ct
637 2267 691 2329 vix
710 2285 807 2330 unam
827 2267 870 2329 le·
927 2271 1083 2347 mortalia,
1109 2271 1164 2334 sed
1192 2269 1377 2332 assiduitate
1406 2277 1438 2332 et
1467 2269 1674 2334 immoderata

120 2376 202 2450 gunt
226 2368 408 2431 Orationem
435 2364 647 2445 dominicam;
673 2365 719 2426 sic
743 2382 871 2447 quoque
926 2370 1157 2452 complacentia
1173 2387 1228 2432 seu
1244 2367 1675 2443 libidinementiendi,mor·

121 2468 244 2530 radunt
259 2467 433 2529 dormitum
448 2463 568 2546 absque
584 2463 783 2526 discussione
799 2481 871 2525 con·
925 2469 1000 2532 talia
1031 2468 1103 2531 lieri
1139 2474 1273 2550 possunt
1306 2474 1338 2530 et
1370 2466 1463 2543 liunt,
1496 2468 1673 2550 prasertim

121 2566 265 2629 scientie
286 2583 351 2628 suae
371 2571 403 2627 et
423 2562 543 2645 absque
565 2562 743 2636 devotione,
760 2569 795 2625 ut
818 2561 871 2624 be·
926 2586 1026 2650 quum
1048 2566 1289 2630 Ecclesiasticus
1310 2566 1395 2628 dicat
1411 2584 1418 2628 :
1435 2566 1544 2629 Melior
1557 2574 1607 2629 est
1620 2566 1674 2630 tur
1700 2587 1772 2634 neeis.
1785 2602 1820 2642 n,

120 2665 199 2729 stite.
218 2665 318 2738 Quam
341 2663 495 2727 rationem
517 2660 621 2724 daturi
642 2669 718 2724 sunt
738 2661 790 2724 isti
813 2661 871 2724 Do
926 2685 1021 2748 quam
1043 2665 1212 2728 assiduitas
1233 2665 1294 2728 viri
1315 2665 1487 2727 mendacis.
1687 2654 1722 2697 ²⁷·

121 2765 211 2826 mino
231 2763 296 2825 Deo
317 2763 356 2825 de
377 2761 465 2826 omni
485 2760 562 2823 bora
581 2778 636 2822 seu
659 2766 802 2842 tempore
823 2759 869 2822 eis
966 2765 1121 2847 Denique,
1138 2765 1234 2827 etiam
1252 2780 1358 2826 coram
1375 2763 1561 2826 bominibus
1581 2764 1673 2826 valde

121 2863 294 2946 impensol
926 2865 1095 2927 honestum
1119 2870 1151 2926 et
1179 2861 1360 2943 exemplare
1385 2869 1491 2924 estut
1514 2862 1610 2926 bomo
1634 2863 1675 2925 sit

161 2961 311 3024 Secundo
336 2976 393 3022 nos
423 2959 515 3022 docet
537 2957 706 3041 Apostolus
736 2957 768 3020 in
793 2976 871 3041 prae·
923 2962 1043 3044 jugiter
1061 2979 1156 3025 verax
1177 2961 1210 3024 in
1229 2959 1348 3034 verbis,
1366 2960 1409 3022 ita
1429 2961 1514 3042 quod
1537 2961 1675 3024 scienter

65 3092 104 3128 ss,
120 3060 206 3123 senti
232 3058 377 3142 epistola,
404 3064 440 3119 ut
462 3058 600 3120 1111111111
622 3073 718 3120 Omne
743 3057 870 3118 111611118-
885 3065 907 3129 C
926 3080 989 3125 nou
1005 3061 1145 3146 proferat
1160 3061 1287 3134 lalsum,
1300 3060 1355 3122 sed
1370 3060 1505 3123 verbum
1523 3080 1616 3123 suum
1633 3061 1675 3124 sit

120 3161 221 3222 cium.
246 3158 335 3221 Unde
359 3157 388 3220 S.
413 3155 623 3238 Hieronymus
644 3173 744 3237 quum
765 3161 872 3236 ageret
925 3161 1015 3243 quasi
1037 3161 1255 3241 juramentum
1278 3177 1382 3222 suum.
1400 3159 1626 3222 Verumtamen
1647 3159 1675 3222 si

119 3259 153 3320 in
171 3255 412 3331 extremis,suis
428 3255 580 3337 pracepit
594 3253 762 3335 discipulis
779 3271 786 3315 τ
802 3253 871 3317 Νοιι
925 3260 997 3342 quis
1013 3259 1094 3321 dixit
1108 3265 1163 3320 aut
1177 3263 1209 3320 et
1222 3257 1405 3338 juramento
1420 3256 1564 3320 lirmavit
1582 3277 1615 3320 se
1630 3257 1675 3320 la-

118 3357 162 3420 sit
184 3357 343 3419 intervos
366 3353 588 3434 mendacium3
604 3352 709 3415 omnis
735 3353 870 3414 mendax
926 3364 1052 3419 cturum
1067 3357 1151 3439 quod
1168 3355 1277 3418 divino
1297 3354 1486 3438 prohibetur
1503 3363 1674 3438 praecepto,

118 3463 167 3517 est
193 3451 420 3517 abominabilis
449 3452 522 3514 Deo.
548 3452 631 3514 Deus
661 3468 799 3532 namque
822 3457 870 3512 est
926 3473 991 3518 non
1016 3453 1110 3517 debet
1135 3452 1269 3517 verbum
1294 3452 1356 3516 tale
1381 3452 1525 3536 implere.
1548 3453 1613 3516 Nec
1635 3454 1676 3517 lit

116 3555 250 3628 veritas,
262 3560 295 3616 et
308 3551 433 3615 veritati
450 3550 659 3613 contrariatur
674 3567 768 3613 omne
783 3568 869 3613 meu·
927 3553 1062 3616 mendax
1088 3569 1151 3614 non
1177 3551 1351 3633 implendo,
1369 3551 1423 3613 sed
1448 3552 1584 3616 dicendo
1608 3552 1676 3616 sive

116 3653 249 3716 dacium
268 3669 275 3713 :
291 3651 366 3713 hinc
389 3667 483 3712 omne
506 3649 708 3711 mendacium
730 3656 777 3711 cst
796 3668 869 3732 pec·
925 3651 1061 3732 jurando
1078 3667 1085 3712 :
1102 3668 1176 3712 nam
1191 3666 1230 3712 eo
1251 3648 1321 3731 ipso
1339 3666 1403 3731 quo
1422 3649 1500 3712 dicit
1520 3669 1575 3714 seu
1589 3650 1675 3731 jurat

117 3759 240 3814 catum.
256 3748 414 3830 Nullaque
437 3747 531 3810 modo
555 3747 629 3809 licet
653 3747 793 3822 mentiri,
809 3765 869 3809 nec
926 3769 960 3812 se
981 3750 1139 3812 iacturum
1164 3749 1250 3831 quod
1272 3765 1335 3812 uon
1359 3748 1444 3824 licet,
1461 3755 1588 3812 tenetur
1610 3768 1673 3813 non

116 3850 217 3912 debet
239 3849 334 3912 bomo
353 3846 444 3929 quasi
467 3864 505 3908 ex
527 3845 708 3908 bumilitate
729 3864 868 3908 asserere
924 3848 1109 3931 adimplere.
1120 3848 1283 3922 Praeterea,
1296 3866 1397 3930 quum
1414 3848 1616 3911 mendacium
1633 3849 1675 3911 sit
1744 3885 1746 3890 ·

115 3967 152 4010 se
179 3947 296 4011 fecisse
315 3945 429 4008 vitium
450 3944 534 4027 quod
554 3961 617 4006 non
637 3943 723 4006 lecit.
741 3944 870 4027 Propter
924 3946 1185 4010 salsaverborum
1201 3946 1332 4028 prolatio
1347 3947 1518 4010 intentione
1533 3946 1671 4023 fallendi,

115 4046 205 4128 quod
228 4045 370 4126 loquitur
383 4043 579 4124 Augustinus
597 4059 604 4104 :
621 4041 723 4115 Quum
741 4042 869 4104 humili·
925 4053 1048 4108 constat
1067 4044 1193 4127 quodsi
1214 4045 1287 4126 quis
1306 4045 1390 4108 dicat
1409 4046 1538 4128 aliquod
1554 4044 1670 4108 salsum

115 4146 193 4207 tatis
217 4161 312 4206 causa
337 4141 496 4216 mentiris,
514 4148 546 4202 et
568 4141 653 4223 quod
677 4158 741 4203 uon
764 4140 868 4203 iecisti
924 4144 1008 4226 quod
1033 4142 1168 4205 aestimat
1192 4160 1407 4217 essenorum,
1430 4160 1494 4206 non
1519 4145 1673 4207 mentitur

113 4244 238 4307 iecisse
253 4249 284 4306 te
299 4241 391 4315 dicis,
408 4241 434 4302 si
456 4257 520 4304 non
535 4258 604 4302 eras
622 4247 769 4322 peccator
784 4247 908 4310 ante-1)
924 4240 1110 4314 formaliter,
1128 4240 1182 4302 sed
1203 4239 1409 4302 materialiter
1428 4247 1562 4303 tantum.
1581 4242 1673 4304 Simi-

56 4359 66 4368 ·
114 4361 218 4425 quam
235 4339 428 4414 mentireris,
446 4338 628 4400 mentiendo
645 4336 796 4400 elliceris.
813 4337 869 4400 Ve—
925 4341 997 4403 liter
1020 4339 1047 4402 si
1076 4339 1161 4401 dicat
1186 4337 1302 4419 aliquis
1327 4355 1439 4399 verum
1469 4339 1553 4420 quod
1582 4348 1674 4424 putat

114 4446 303 4502 rumtamen
319 4437 395 4500 licet
414 4445 447 4499 et
465 4437 593 4520 expedit
614 4436 774 4498 interdum
790 4436 871 4499 veri·
925 4438 1053 4512 lalsum,
1079 4435 1226 4518 quamvis
1256 4434 1462 4498 materialiter
1485 4455 1598 4500 verum
1627 4439 1674 4502 di·

113 4547 218 4601 tatem
234 4536 349 4611 celare,
365 4543 397 4598 et
412 4555 469 4619 per
488 4535 658 4617 quamdam
679 4535 868 4596 industriam
925 4545 986 4609 cat,
1002 4535 1178 4600 formaliter
1197 4542 1303 4597 umen
1324 4535 1479 4597 mentitur
1497 4542 1529 4598 et
1551 4545 1670 4619 peccat.

112 4657 152 4700 ac
180 4634 499 4698 circumlocutionem
523 4632 728 4708 abscondere,
754 4641 791 4696 ut
813 4633 868 4696 ali·
926 4635 1025 4698 Tollat
1047 4634 1144 4716 igitur
1164 4633 1386 4716 uuusquisque
1406 4653 1424 4696 a
1446 4653 1479 4697 se
1499 4637 1671 4718 pessimam

112 4736 193 4820 quis
212 4753 232 4796 a
251 4733 393 4816 periculo
417 4732 581 4807 liberetur,
597 4733 867 4814 quemadmodum
926 4733 1190 4798 consuetudinem
1207 4732 1393 4808 mentiendi,
1411 4753 1481 4815 quaa
1497 4735 1610 4798 vitiosa
1625 4744 1674 4800 est

110 4833 317 4915 Augustinus
333 4832 449 4894 iterum
466 4831 703 4894 latetur2Aliud
720 4839 769 4893 est
783 4850 870 4894 men·
925 4842 957 4896 et
977 4830 1167 4896 damnabilis
1186 4831 1289 4906 valde,
1306 4833 1484 4914 praesertim
1504 4835 1581 4897 dum
1600 4837 1673 4918 quis

111 4932 185 5006 tiri,
202 4930 289 4992 aliud
304 4947 417 4992 verum
432 4929 601 5002 occultare,
619 4928 702 4992 sicut
719 4929 806 4992 aliud
821 4937 869 4992 est
925 4953 958 4996 se
974 4933 1006 4995 iu
1022 4931 1088 4994 suis
1105 4931 1244 5013 peccatis
1259 4929 1338 4994 lalse
1352 4940 1483 4995 excusat
1500 4951 1507 4996 ε
1524 4935 1609 5017 quod
1624 4944 1672 5000 est

110 5031 239 5094 falsum
261 5029 378 5104 dicere,
399 5028 485 5090 aliud
505 5046 618 5090 verum
641 5036 768 5090 tacere:
786 5036 822 5090 ut
842 5028 867 5090 si
924 5049 988 5094 non
1008 5031 1111 5094 solum
1131 5030 1344 5106 mendacium,
1361 5031 1417 5094 sed
1437 5033 1574 5115 propriae
1594 5052 1670 5117 quo·

110 5129 193 5214 quis
215 5145 280 5190 uon
299 5127 378 5190 velit
397 5127 436 5188 ad
459 5133 593 5189 mortem
614 5127 747 5210 prodere
767 5127 868 5190 homi·
924 5150 986 5214 que
1012 5129 1189 5212 iniquitatis
1213 5128 1366 5204 defensio,
1389 5148 1460 5212 quae
1477 5132 1668 5212 (secundum

109 5247 207 5300 nem,
225 5235 352 5311 paratus
367 5245 437 5290 esse
456 5227 551 5290 debet
567 5228 727 5290 occultare
742 5248 866 5304 verum,
923 5227 1133 5309 Bemardum)
1147 5235 1196 5290 est
1211 5227 1361 5310 iniquitas
1377 5227 1515 5292 maxima
1529 5237 1561 5293 et
1575 5250 1668 5313 nega·
1699 5255 1740 5304 aa
1753 5269 1810 5313 ιω,

109 5347 184 5396 nou
209 5327 316 5390 dicere
339 5326 467 5402 salsum,
484 5334 520 5389 ut
540 5345 644 5409 neque
668 5329 791 5411 prodat,
808 5347 867 5392 nec
926 5329 970 5392 tio
998 5335 1106 5391 contra
1130 5326 1231 5390 Deum
1255 5326 1518 5409 omnipotentem,
1544 5331 1669 5412 potissi·
1683 5323 1717 5366 ²⁸·
