4154 6258
429 477 489 542 fill
783 492 931 541 oolthttch
952 491 1005 538 xlv
1025 491 1098 537 Post
1117 487 1310 536 'l‘llllll'l'h’l'lflb
1332 505 1373 520 -
1393 489 1491 536 subito
1512 489 1622 536 ramus

283 687 416 744 aumas.
431 664 465 729 in
480 663 585 748 prima
603 668 750 732 secundae
765 667 825 730 hoc
846 665 940 730 modo
956 683 963 727 :
981 665 1114 727 Fructus
1133 662 1179 726 di·
1192 662 1218 725 h
1232 681 1289 745 pra
1304 682 1338 726 se
1357 669 1416 737 est,
1433 663 1493 727 hcc
1511 671 1559 726 est
1577 663 1616 726 ad
1635 661 1748 734 Deum,
1764 659 1910 724 subdendo
1922 661 1944 724 ei

432 764 640 846 stinguuntur
663 766 840 828 secundum
866 764 1028 826 diversum
1054 779 1179 845 proces·
1233 762 1399 844 proprium
1416 760 1796 834 intellectum-Tertio,
1812 761 1946 824 reeledis

431 882 504 925 sum
519 882 575 925 seu
589 864 710 927 variam
726 862 940 945 operationem
957 860 1093 943 Spiritus
1108 859 1181 922 San·
1234 860 1365 942 ponitur
1387 880 1478 924 mens
1501 859 1541 923 ed
1563 860 1595 923 id
1618 859 1703 942 quod
1731 857 1810 920 infra
1832 877 1862 921 se
1882 867 1944 922 est:

432 960 475 1022 cti
496 960 529 1023 in
549 960 651 1024 nobis.
670 961 776 1025 Primo
794 961 882 1024 enim
904 977 994 1022 mens
1015 958 1180 1021 ordinatur
1234 958 1350 1040 primo,
1367 966 1522 1042 quantum
1546 959 1584 1021 ad
1607 957 1705 1021 verba
1727 964 1758 1018 et
1776 965 1869 1032 actus,
1882 959 1946 1039 quod

431 1058 465 1121 in
487 1077 521 1121 se
543 1059 613 1141 ipsa
635 1079 692 1142 per
713 1059 913 1142 spiritualem
938 1075 1089 1120 amorem.
1107 1055 1180 1117 ldco
1234 1055 1273 1118 fit
1297 1075 1354 1139 per
1378 1057 1577 1131 modestiam,
1597 1057 1653 1139 qui
1678 1061 1727 1118 θεῖ
1750 1055 1881 1118 decimus
1900 1055 1948 1118 fru-

431 1156 556 1239 primus
576 1157 699 1221 fructus
721 1166 770 1220 est
789 1159 913 1231 caritas,
930 1156 999 1219 sine
1016 1174 1080 1237 qua
1098 1152 1180 1216 nihil
1235 1163 1320 1234 ctus;
1332 1156 1483 1231 secundo,
1491 1163 1646 1238 quantum
1660 1155 1700 1216 ad
1718 1153 1886 1217 interiorem
1899 1173 1949 1236 pas

431 1255 587 1319 rationem
603 1256 727 1319 fructus
747 1256 888 1330 sortitur,
906 1263 937 1318 et
953 1255 986 1316 in
1007 1272 1069 1336 qua
1084 1251 1181 1334 Spiri-
1234 1253 1357 1316 sionem
1372 1273 1429 1318 seu
1445 1251 1793 1335 concupiscentiam:ct
1805 1251 1845 1313 ita
1858 1269 1949 1334 ponun-

432 1359 484 1416 tus
514 1354 647 1418 Sanctus
677 1354 859 1437 specialiter
887 1354 988 1416 datur.
1016 1350 1180 1414 Secundus
1233 1358 1286 1413 tur
1305 1353 1359 1414 alii
1384 1353 1448 1415 duo
1466 1351 1600 1426 fructus,
1616 1350 1767 1414 videlicet
1785 1351 1948 1414 continentia

430 1450 556 1515 fruetus
570 1459 618 1515 cst
632 1453 796 1535 gaudium,
813 1452 898 1534 quod
918 1451 1048 1514 caritate
1065 1449 1180 1531 produ·
1234 1457 1265 1514 et
1283 1452 1422 1526 castitas,
1437 1468 1573 1534 quarum
1594 1449 1777 1513 differentia
1795 1449 1885 1532 posita
1902 1459 1945 1512 est.

432 1549 700 1632 citurtquoniam
716 1569 826 1613 amans
842 1569 880 1612 ex
900 1549 1018 1611 unione
1034 1566 1090 1610 sua
1106 1565 1179 1608 cum
1273 1549 1425 1613 Praeterea
1457 1548 1707 1630 agnoscendum,
1738 1548 1820 1629 quod
1849 1547 1947 1610 fructus

431 1655 536 1712 amato
560 1649 687 1730 gaudet,
704 1668 800 1732 quam
825 1648 977 1710 unionem
1002 1646 1115 1709 caritas
1137 1644 1181 1707 ta·
1233 1655 1308 1709 sunt
1331 1648 1472 1710 actiones
1495 1647 1663 1722 virtutum,
1679 1645 1731 1709 vel
1755 1645 1948 1708 delectationes

431 1746 484 1808 cit.
501 1746 625 1810 Tertius
646 1747 769 1810 fructus
790 1755 839 1810 est
857 1766 929 1830 pax,
946 1765 1017 1828 qum
1036 1752 1084 1808 est
1105 1763 1180 1826 gau·
1233 1746 1357 1809 actibus
1378 1745 1529 1809 virtuosis
1551 1765 1693 1810 annexae.
1711 1744 1828 1808 Idcirco
1848 1745 1947 1818 carius,

431 1845 521 1907 diurn
537 1845 901 1928 imperturbatum,dum
917 1863 977 1908 neo
991 1843 1032 1906 ab
1047 1838 1216 1907 exterio-B
1233 1845 1396 1926 patientia,
1415 1844 1636 1917 mansuetudo,
1652 1850 1727 1916 etc,
1744 1849 1835 1925 pmut
1851 1841 1949 1904 fructus

432 1941 522 2006 ribus
545 1962 636 2007 mens
655 1945 814 2019 turbatur,
831 1963 890 2006 nec
911 1943 951 2006 ab
974 1942 1178 2005 interioribus
1232 1950 1397 2018 vocantur,
1415 1961 1479 2006 non
1498 1949 1672 2006 sumuntur
1690 1959 1749 2024 pro
1768 1941 1843 2023 ipsis
1860 1939 1949 2002 habiti·
2052 1995 2053 2006 ,

431 2040 598 2105 desideriis
613 2042 845 2106 fluctuantibus
861 2042 1104 2124 inquietaturln
1120 2059 1180 2102 ma·
1232 2040 1303 2116 bus,
1325 2042 1380 2105 sed
1403 2059 1461 2124 pro
1484 2041 1652 2104 habituum
1676 2039 1802 2103 actibus
1822 2038 1867 2101 rel
1887 2037 1950 2100 dele·
2052 2055 2053 2058 ’

431 2137 471 2200 lis
496 2156 623 2222 quoque
653 2160 709 2204 seu
739 2139 882 2204 adversis
910 2140 993 2202 bene
1021 2158 1055 2202 se
1084 2138 1178 2201 babet
1233 2139 1435 2203 ctationibus.

432 2255 522 2300 mens
538 2239 711 2321 dupliciter
728 2257 735 2301 :
751 2240 868 2321 primo,
885 2257 926 2301 ne
940 2257 979 2300 err
995 2237 1177 2300 imminenti
1270 2241 1439 2301 Adversus
1454 2239 1656 2316 hujusmodi,
1667 2237 1700 2300 id
1715 2243 1765 2300 est
1779 2243 1877 2300 contra
1889 2254 1949 2317 pra

429 2342 486 2398 aut
505 2335 594 2399 illato
612 2337 696 2400 malo
715 2337 868 2411 tristetur,
886 2338 971 2419 quod
990 2335 1029 2398 fit
1048 2354 1106 2418 per
1124 2354 1178 2418 pa·
1231 2336 1312 2400 fatos
1333 2336 1467 2413 fructus,
1484 2356 1549 2397 non
1571 2345 1617 2397 est
1639 2341 1693 2396 lea:
1714 2334 1879 2418 prohibens
1898 2351 1948 2407 eos,

429 2433 651 2516 tientiam,qui
667 2442 715 2496 est
729 2433 852 2496 fructus
867 2436 1175 2517 quartus3secund0,
1232 2437 1287 2499 sed
1312 2437 1363 2499 lex
1387 2443 1435 2498 est
1460 2453 1517 2518 pro
1542 2436 1599 2511 eis,
1623 2435 1699 2517 quia
1724 2434 1911 2498 commendat
1926 2441 1951 2494 et

429 2550 469 2594 ne
485 2549 524 2594 ex
539 2532 690 2595 dilatione
705 2532 777 2595 boni
792 2533 910 2615 sperati
925 2532 1177 2615 frangatur,quod
1230 2534 1377 2617 praecipit
1391 2552 1455 2598 eos.
1473 2536 1538 2604 Qui
1551 2543 1661 2595 actem
1675 2543 1753 2594 sunt
1770 2534 1892 2602 Chresti,
1904 2532 1949 2593 boc

428 2629 469 2693 fit
496 2650 554 2714 per
578 2631 862 2714 longanimitatem,
888 2632 944 2714 qui
974 2640 1022 2694 est
1045 2631 1177 2714 quintus
1231 2642 1289 2708 θεῖ,
1315 2653 1372 2716 per
1394 2633 1494 2696 fidem
1518 2641 1550 2696 et
1569 2633 1733 2696 caritatem
1761 2632 1790 2695 ei
1815 2630 1949 2712 conjuncti

427 2728 562 2792 fructus.
574 2765 614 2776 -
629 2729 877 2806 Secundo,bene
892 2731 1071 2814 disponitur
1085 2731 1177 2794 homc
1231 2739 1315 2808 suut,
1330 2739 1362 2794 et
1375 2733 1413 2795 ad
1429 2750 1504 2795 eum
1520 2731 1566 2794 sic
1586 2731 1761 2813 pertinent,
1780 2749 1897 2791 carnea
1913 2747 1951 2788 ac

428 2827 515 2890 adid
531 2828 617 2910 quod
632 2835 680 2891 est
693 2829 784 2909 juxta
799 2847 843 2904 se,
854 2837 930 2911 puta
944 2830 984 2892 ad
999 2829 1177 2911 proximum
1231 2852 1284 2891 am
1294 2833 1548 2909 crucifixerunt,
1559 2829 1591 2892 id
1607 2837 1666 2902 est,
1675 2829 1878 2910 spiritualiter
1891 2845 1952 2890 nor·

429 2927 645 3008 suum,prim0
660 2946 717 3009 per
731 2928 927 2991 voluntatem
943 2927 1175 3002 benefaciendi,
1231 2929 1437 2993 tilicaverunt
1465 2947 1523 3011 per
1551 2927 1703 2991 exercitia
1730 2928 1866 2990 virtuosa
1888 2925 1951 3006 jeju·

429 3025 513 3106 quod
530 3033 653 3108 spectat
666 3026 705 3088 ad
718 3024 905 3118 bonitatem,
919 3027 974 3109 qui
990 3034 1038 3088 est
1052 3025 1176 3088 fructus
1192 3027 1214 3091 G
1231 3028 1371 3102 niorum,
1402 3027 1679 3100 abstinentiarum,
1707 3025 1891 3107 vigiliarum,
1916 3022 1951 3084 di·

428 3130 556 3204 sextus3
571 3124 723 3200 secundo,
739 3144 796 3208 per
816 3125 989 3188 voluntatis
1010 3125 1107 3206 hujus
1125 3144 1176 3187 ex·
1232 3126 1452 3209 sciplinarum,
1478 3145 1550 3186 cum
1581 3126 1674 3185 uitiis
1701 3123 1910 3194 exterioribus,
1930 3129 1952 3178 et

428 3222 730 3307 secutionem,quod
746 3224 784 3287 lit
799 3243 856 3308 per
872 3223 1176 3306 benignitatemqui
1230 3226 1495 3302 concupiscentiis
1507 3221 1787 3297 interioribus,tam
1797 3220 1869 3285 vitia
1881 3235 1951 3302 quan
2051 3209 2052 3218 ³

427 3329 477 3384 est
496 3322 653 3406 septimus
674 3322 816 3404 fructus3
832 3324 936 3398 tertio,
952 3324 1074 3406 absque
1093 3341 1176 3386 com·
1231 3323 1506 3405 concupiscentias
1535 3320 1752 3404 exstirpando.
1782 3320 1839 3384 Sed
1865 3324 1951 3380 contra

429 3421 570 3484 motione
587 3429 619 3483 et
634 3421 765 3485 ultionis
779 3422 899 3486 affectu
914 3423 1079 3486 tolerando
1092 3423 1176 3485 mala
1231 3421 1316 3483 istud
1329 3419 1427 3501 objici
1443 3419 1637 3503 potestquia
1651 3419 1729 3481 dum
1746 3418 1857 3500 aliquis
1870 3431 1951 3478 carne

428 3517 526 3592 illata,
552 3519 637 3600 quod
662 3518 701 3581 fit
723 3537 782 3601 per
805 3521 1096 3595 mansuetudinem,
1119 3521 1175 3603 qui
1232 3520 1270 3582 lis
1285 3521 1324 3582 de
1340 3537 1423 3583 novo
1443 3519 1649 3594 convertitur,
1666 3515 1838 3599 perfidem
1854 3511 1950 3578 etcar'r

428 3624 477 3679 est
491 3617 614 3680 fructus
629 3625 779 3699 octavus3
795 3627 918 3702 quarto,
935 3639 975 3683 ne
992 3620 1104 3684 fraude
1121 3627 1176 3683 aut
1230 3628 1327 3684 tatem
1348 3626 1471 3702 spectat
1489 3620 1528 3682 ad
1544 3618 1717 3693 Christum,
1736 3625 1770 3681 et
1788 3625 1886 3680 tamen
1901 3632 1950 3676 car-

428 3714 501 3778 dolc
520 3715 618 3778 alicui
638 3734 820 3793 noceamus
836 3717 921 3800 quod
940 3717 980 3780 lit
999 3737 1056 3801 per
1075 3718 1174 3782 fidem
1231 3739 1305 3783 nem
1329 3738 1420 3782 suam
1445 3718 1587 3782 nondum
1617 3717 1664 3779 sic
1689 3715 1872 3794 crucifixit3
1892 3713 1951 3774 item

428 3830 487 3896 pro
510 3813 666 3877 fidelitate
690 3835 761 3898 quae
780 3823 828 3879 est
847 3835 920 3899 pars
938 3817 1071 3898 justitiae
1089 3838 1175 3882 sum·
1232 3817 1412 3901 imperfecti
1433 3816 1575 3879 nondum
1596 3815 1642 3878 sic
1658 3833 1716 3877 sua
1731 3831 1861 3897 corpora
1873 3809 1951 3874 cruci·
2050 3825 2051 3900 ξ

428 3919 535 3994 ptam;
551 3913 578 3976 si
593 3931 669 3977 vero
683 3914 765 3977 fides
777 3923 921 3978 sumatur
939 3934 998 3998 pro
1017 3918 1178 3981 certitudi-
1231 3916 1383 3990 fixerunt,
1399 3922 1553 3977 ettamen
1569 3921 1643 3976 sunt
1659 3912 1789 3976 Christi.
1805 3907 1952 3993 Responde

429 4029 469 4073 ne
484 4011 563 4074 fidei
582 4031 654 4094 quae
673 4021 721 4076 est
735 4013 837 4077 virtus
852 4014 1040 4096 theologica,
1057 4017 1103 4079 sic
1121 4037 1177 4099 per
1232 4023 1294 4091 tur,
1316 4014 1400 4098 quod
1421 4011 1474 4075 isti
1493 4019 1577 4087 actu,
1594 4010 1645 4074 vel
1666 4011 1841 4093 proposito,
1855 4014 1901 4070 aut
1918 4006 1952 4066 in-

428 4128 499 4173 eam
515 4110 597 4174 bene
612 4112 794 4195 disponitur
812 4112 908 4178 bomo
923 4113 961 4176 ad
978 4113 1010 4177 id
1027 4116 1111 4198 quod
1127 4136 1178 4179 su·
1232 4113 1409 4187 abactione,
1431 4131 1489 4174 sua
1509 4127 1642 4194 corpora
1662 4108 1894 4172 crucifixerunt

640 4740 680 4788 ΒΕ
701 4738 864 4790 rhodunus
886 4741 1021 4790 Sl'lllll'llS
1043 4742 1151 4798 QUIBUS
1172 4741 1295 4790 onum
1317 4741 1352 4788 SE
1372 4739 1492 4786 Dlilllllf'l'
1512 4739 1583 4787 nortl
1603 4737 1766 4786 nacturost.

978 4493 1170 4582 annuo
1208 4492 1427 4581 rnruus
1593 4557 1596 4562 .

488 4995 660 5057 RUCTUS
678 4995 829 5070 Spiritus
848 5003 893 5055 est
911 4995 1046 5067 caritas,
1058 4995 1214 5072 pandi-D
1229 4993 1381 5075 subjiciat
1394 4993 1519 5067 animae,
1537 4992 1776 5056 sensualitatem
1792 4986 1905 5058 rationi,
1919 5001 1953 5044 rt·
2048 5047 2049 5062 ,

503 5113 571 5165 um,
584 5111 667 5170 pam,
678 5094 853 5169 patientia.
871 5092 969 5157 Galat.
986 5111 1015 5169 v,
1032 5092 1082 5155 22.
1228 5093 1349 5157 tionem
1364 5100 1396 5155 et
1409 5091 1606 5155 voluntatem
1622 5092 1695 5154 Deo.
1712 5089 1834 5152 Idcirco
1847 5089 1953 5169 Aposto

467 5193 515 5257 Ad
534 5193 594 5255 hoc
611 5191 713 5255 tendit
731 5198 796 5255 tota
816 5191 945 5255 moralis
965 5191 1109 5255 doctrina
1128 5211 1175 5255 sa·
1229 5191 1279 5253 lus
1307 5192 1347 5253 ad
1372 5191 1457 5253 istud
1486 5190 1672 5272 frequenter
1697 5197 1729 5252 et
1755 5184 1951 5270 copiosissime

429 5309 490 5356 crae
523 5290 704 5373 Scriptura,
736 5296 771 5352 ut
803 5291 899 5354 homo
931 5308 1046 5372 corpus
1080 5309 1174 5353 suum
1229 5307 1287 5354 nos
1309 5290 1461 5353 bortatur.
1483 5291 1646 5364 Praeterea,
1665 5307 1765 5371 quum
1788 5305 1896 5370 corpus
1916 5281 1952 5344 iu·
