4192 6258
448 451 510 514 oto
799 467 946 516 maurum
966 469 1019 515 xxr
1040 467 1113 514 rosr
1134 468 1327 516 rurmrrnrurt.
1346 485 1388 498 ·-
1408 467 1506 515 sunno
1526 467 1650 515 rsnrrus

449 639 590 722 ordoque
605 640 767 704 caritatisf
783 639 839 702 ubi
854 639 940 703 zelus
954 640 1110 721 justitiaf
1126 641 1197 704 llac
1212 641 1362 722 Altaque
1377 641 1417 703 do
1436 639 1515 703 fidei
1536 646 1651 703 nostra
1665 638 1795 702 veritate
1812 637 1956 714 certissimi,

450 737 535 800 circa
556 738 697 820 primum
723 738 820 820 hujus
844 738 1000 820 evangelii
1025 739 1198 802 documen·
1253 740 1437 802 studeamus
1452 739 1550 801 vitam
1571 745 1604 800 et
1623 754 1726 800 moras
1746 735 1891 798 altitudini
1902 735 1957 800 fidei

449 843 518 898 tum
540 836 604 898 sint
625 844 716 899 tacta.
1253 836 1464 910 conformare,
1498 843 1655 918 quatenus
1684 853 1722 896 ex
1751 834 1957 897 conversationis

490 934 646 1009 Secundo,
663 936 756 998 docet
776 935 917 998 Salvator
938 942 1055 1016 quanta
1075 935 1117 998 sit
1131 954 1197 998 car·
1253 942 1368 998 nostra
1390 933 1581 1007 bumilitate,
1604 932 1733 1014 pietate,
1753 931 1909 1004 devotione,
1923 951 1957 994 ca·

313 1042 395 1088 tana.
406 1057 434 1096 u.
450 1031 570 1094 uallum
588 1033 755 1096 homiuum
776 1032 904 1106 duritia,
921 1033 1031 1095 dicens
1048 1051 1055 1096 :
1072 1033 1139 1096 Nisi
1159 1034 1198 1095 si·
1253 1031 1345 1095 ritate
1366 1039 1461 1114 atque
1482 1030 1617 1112 justitia,
1634 1048 1709 1092 vere
1729 1034 1828 1110 pateat
1845 1046 1902 1090 esse
1916 1046 1956 1090 nos

331 1139 336 1151 '
448 1150 510 1211 gna
524 1139 556 1193 et
571 1131 716 1213 prodigia
731 1131 883 1206 videritis,
893 1149 957 1194 non
973 1133 1109 1194 creditis.
1119 1131 1199 1194 Sunt
1254 1129 1459 1204 Christianos,
1480 1136 1512 1192 et
1532 1127 1732 1210 glorificetur
1750 1127 1828 1190 Deus
1845 1126 1873 1188 in
1890 1125 1956 1189 nobis

449 1228 535 1289 euim
560 1227 768 1309 quamplures
792 1228 835 1289 ita
860 1227 892 1289 in
917 1229 983 1290 suis
1008 1227 1199 1289 carnalitati·
1253 1228 1389 1291 servulis
1424 1228 1501 1303 suis,
1531 1225 1708 1290 secuudum
1741 1225 1820 1306 quod
1847 1224 1955 1286 Christus

449 1324 520 1398 bus,
536 1325 731 1388 vanitatibus
755 1344 792 1388 ac
817 1325 1081 1388 dissolutionibus
1105 1326 1197 1388 indu·
1252 1326 1396 1389 hortatur
1414 1345 1420 1388 :
1438 1326 1490 1388 Sic
1506 1325 1610 1388 luceat
1629 1324 1683 1387 lux
1698 1331 1801 1386 vestra
1818 1340 1906 1386 comm
1918 1323 1955 1385 ho
1972 1351 2035 1397 aa„

449 1424 520 1497 rati,
537 1431 572 1485 ut
592 1424 748 1506 quidquid
768 1424 892 1487 dicatur
907 1424 952 1487 eis
972 1432 1026 1486 aut
1046 1424 1197 1506 pradico·
1252 1424 1407 1498 minibus,
1424 1432 1459 1487 ut
1480 1423 1609 1487 videant
1630 1422 1714 1486 bona
1735 1421 1814 1484 facta
1829 1425 1984 1493 restant

449 1529 501 1583 tur
526 1522 565 1584 de
589 1522 824 1605 pertinentibus
846 1522 885 1583 ad
908 1522 1055 1596 salutem,
1076 1522 1115 1583 de
1139 1521 1196 1583 liei
1250 1522 1434 1603 glorificent
1464 1523 1585 1586 Patrem
1614 1528 1755 1586 vestrum
1783 1519 1834 1602 qui
1861 1519 1887 1582 in
1911 1537 1954 1582 aa

448 1621 574 1695 timore,
600 1621 738 1684 devita
767 1619 1004 1694 reformatione,
1030 1619 1076 1682 sic
1106 1619 1195 1702 parvi
1252 1621 1291 1684 lis
1311 1630 1368 1684 est.

448 1720 593 1802 pendunt
612 1719 703 1800 quasi
725 1737 788 1782 nou
812 1720 986 1802 pertineret
1009 1718 1049 1780 ad
1070 1735 1135 1792 eos,
1152 1717 1195 1780 ita
1291 1719 1407 1794 fertio,
1423 1720 1516 1783 docet
1537 1737 1595 1782 uos
1615 1719 1760 1783 Christus
1779 1719 1809 1780 iu
1828 1717 1955 1797 evaugelio

448 1818 532 1900 quod
557 1816 645 1880 nulla
668 1817 926 1900 compunctione,
944 1816 1033 1879 nulla
1057 1816 1195 1880 devotio
1213 1819 1406 1882 Rhodierno
1437 1817 1653 1880 humilitatem
1684 1817 1874 1900 pracipuam.
1899 1815 1954 1878 fian

447 1935 499 1992 ue,
525 1915 614 1980 nullo
638 1916 753 1979 timore
777 1923 956 1990 moventur,
983 1916 1038 1977 sed
1066 1915 1099 1977 iu
1128 1915 1195 1978 suis
1250 1924 1378 1997 rogatus
1400 1918 1491 1980 iesus
1511 1936 1530 1980 a
1552 1916 1740 1979 centurione
1764 1922 1798 1976 ut
1818 1913 1918 1976 veniret
1934 1921 1956 1974 et

447 2022 634 2097 permanent
660 2014 843 2078 levitatibus
868 2033 904 2077 ae
929 2014 1078 2096 peccatis.
1105 2014 1144 2076 m
1166 2013 1194 2076 si
1250 2035 1382 2079 manum
1397 2035 1487 2078 suam
1504 2033 1746 2098 superservum
1764 2012 1829 2095 ejus
1844 2011 1955 2094 paralyti·
2051 2095 2052 2098 Ἴ

447 2112 512 2176 fide
528 2113 660 2178 informi
675 2113 856 2196 aliqualiter
871 2114 1013 2187 credant,
1030 2119 1135 2175 tamen
1152 2113 1196 2174 ita
1250 2134 1325 2177 cum
1340 2122 1483 2197 poneret,
1494 2131 1567 2178 mox
1583 2113 1767 2196 respoudit.
1760 2131 1766 2143 ·
1779 2112 1837 2193 Ego
1849 2112 1954 2184 trentam,
1963 2125 2031 2167 rar:
2051 2101 2052 2126 ³

448 2211 1118 2295 sebabentiaoperequasinoncredaut,
1134 2211 1194 2273 sic·
1250 2220 1282 2275 et
1304 2213 1423 2276 curabo
1443 2232 1528 2276 eum.
1545 2213 1681 2322 Rogatus
1702 2209 1955 2290 veroaregulout
2051 2215 2052 2290 j

315 2323 377 2368 rar
381 2325 433 2375 re.
448 2316 484 2371 ut
507 2311 546 2372 de
570 2309 687 2372 talibus
712 2317 906 2373 contestatur
928 2309 1124 2392 Apostolus:
1143 2310 1194 2372 Di·
1251 2310 1375 2375 veniret
1388 2312 1427 2374 ad
1442 2311 1550 2373 frlrum
1568 2311 1650 2392 ejus,
1667 2327 1734 2373 nom
1749 2308 1897 2391 acquievit
1909 2307 1954 2368 flor
1972 2321 2033 2363 rm

449 2415 526 2470 cunt
541 2427 574 2470 sc
589 2425 683 2471 nosse
703 2408 815 2481 Deum,
831 2407 924 2471 factis
943 2414 1050 2469 autem
1065 2415 1191 2518 negant.
1250 2427 1323 2490 ergo
1341 2409 1403 2472 fuit
1423 2409 1588 2472 humilitas
1611 2427 1738 2490 magua,
1754 2407 1833 2490 quod
1852 2387 2003 2490 pauciori·

448 2506 502 2570 llis
523 2524 598 2588 ergo
623 2507 764 2589 loquitur
788 2506 943 2581 Christus,
958 2506 1026 2569 Nisi
1049 2505 1140 2587 sigua
1163 2514 1195 2569 et
1250 2508 1344 2570 fuit
1335 2526 1381 2571 rre
1404 2508 1444 2570 ad
1465 2506 1662 2570 centurionis
1687 2506 1871 2578 ministrum,
1885 2521 1954 2585 quan

447 2606 591 2688 prodigia
614 2605 770 2681 videritis,
789 2623 853 2668 non
878 2604 1007 2668 creditis
1025 2623 1032 2666 :
1049 2605 1109 2668 boc
1134 2613 1193 2680 est,
1249 2607 1287 2669 ad
1303 2606 1405 2687 reguli
1419 2605 1538 2669 filium.
1551 2606 1619 2679 Quo
1633 2605 1783 2688 exemplo
1796 2601 1938 2667 docemur
1932 2620 1955 2662 ru

447 2705 510 2767 nisi
526 2705 618 2787 plaga
633 2723 669 2767 ac
685 2703 764 2768 ultio
779 2703 896 2767 divina
912 2721 967 2767 vos
982 2710 1088 2784 tangat
1101 2702 1194 2784 justi·
1250 2705 1363 2789 primis
1390 2723 1454 2768 non
1479 2703 1642 2788 aspernari
1667 2721 1816 2785 personas
1837 2717 1955 2784 pauperes

446 2804 508 2878 tia,
525 2804 575 2866 vel
592 2804 624 2866 in
646 2803 794 2886 prasenti
809 2819 865 2865 vos
885 2801 1023 2883 graviter
1037 2801 1195 2864 visitando
1250 2811 1281 2867 ct
1295 2803 1447 2886 abjectas,
1464 2804 1520 2867 sed
1536 2803 1676 2876 visitare,
1693 2800 1844 2866 consolari
1860 2799 1956 2880 adjura·

328 2935 401 2966 am
447 2911 478 2965 ct
493 2901 748 2985 pervexatioues
765 2900 962 2963 intellectum
978 2900 1195 2974 donando,aut
1250 2921 1348 2986 reque
1363 2921 1427 2978 aaa,
1439 2903 1505 2966 imo
1520 2902 1553 2964 iu
1569 2901 1673 2966 cordis
1688 2899 1814 2964 occulto
1827 2898 1893 2961 tales
1904 2895 1955 2978 plus

329 3017 334 3028 ·
447 3009 532 3064 certe
560 3008 709 3064 aternam
739 2999 975 3062 damnationem
1005 2996 1192 3079 infligendo,
1209 2996 1231 3060 C
1250 3001 1434 3064 beatificare
1449 3019 1545 3084 quam
1560 2999 1676 3064 divites
1691 3007 1726 3062 et
1740 2998 1955 3078 excelsos,quum

446 3118 510 3163 nou
533 3099 662 3162 creditis
685 3097 760 3160 satis
784 3104 1005 3172 attentaverat
1028 3114 1098 3159 esse
1122 3115 1193 3178 qua
1250 3100 1334 3164 dicat
1358 3100 1500 3164 Salvator
1522 3117 1529 3162 :
1550 3099 1637 3162 Beati
1662 3117 1828 3181 pauperes,
1841 3095 1903 3177 quia
1920 3111 1957 3153 ra·
1969 3104 2051 3190 ¹⁸⁸⁷,

446 3198 486 3260 de
501 3205 605 3260 vestra
624 3194 716 3260 vobis
736 3196 887 3258 dicuntur
906 3195 1018 3267 salute,
1034 3195 1073 3257 de
1094 3193 1194 3257 incer·
1250 3207 1349 3262 strum
1375 3207 1423 3261 est
1453 3216 1587 3279 ragnum
1616 3198 1682 3260 Dei.
1708 3196 1837 3261 Jacobus
1861 3210 1957 3276 quoque

445 3295 583 3358 titudine
598 3294 695 3375 hujus
710 3295 794 3368 vita,
810 3294 850 3356 de
869 3292 969 3355 divini
991 3293 1093 3373 rigore
1110 3292 1195 3374 judi·
1248 3297 1293 3359 ait
1312 3314 1319 3358 ε
1336 3297 1446 3360 Nonne
1470 3296 1554 3359 Deus
1579 3296 1676 3378 elegit
1698 3313 1849 3378 pauperes
1869 3292 1895 3354 iu
1913 3291 2031 3352 bareas.

445 3395 499 3470 cii,
516 3394 555 3457 de
571 3391 730 3456 ineffabili
749 3391 920 3454 acerbitate
941 3389 1105 3453 infernalis
1121 3410 1194 3473 sup·
1250 3395 1380 3468 mundo,
1396 3393 1511 3457 divites
1527 3394 1561 3456 iu
1575 3394 1664 3457 fidel
1680 3393 1823 3457 Secundo
1839 3391 1958 3454 doocmru

446 3492 546 3574 plicii.
564 3492 651 3555 Unde
671 3490 711 3553 de
731 3489 848 3552 talibus
867 3487 1033 3551 Psalmista
1052 3488 1194 3570 loquitur
1250 3512 1306 3576 per
1328 3492 1388 3556 boe
1408 3509 1542 3575 pensare
1562 3493 1595 3554 im
1615 3491 1801 3555 bominibus
1819 3489 1902 3569 magis
1919 3504 1957 3547 na·

446 3592 521 3665 Deo,
547 3590 648 3672 lmple
676 3589 775 3651 facies
805 3605 916 3651 eorum
946 3587 1132 3668 ignominia,
1162 3594 1193 3650 et
1249 3599 1353 3654 turam
1368 3591 1485 3673 quaad
1500 3591 1557 3654 Dei
1577 3590 1752 3671 imaginem
1771 3587 1841 3651 facti
1857 3591 1957 3658 suntet

328 3705 333 3716 ·
446 3697 590 3772 quarcut
604 3706 721 3751 nomen
740 3695 841 3760 tuum,
854 3686 988 3748 Domine
1001 3703 1008 3748 :
1021 3685 1193 3768 boc,quan-
1249 3691 1426 3772 prasertim
1449 3690 1531 3753 dona
1554 3688 1663 3770 gratia
1685 3707 1725 3751 ac
1748 3688 1956 3764 virtutumque

446 3796 515 3850 tum
539 3789 576 3850 ad
602 3805 655 3850 eos
680 3786 736 3868 qui
761 3785 794 3847 in
816 3785 882 3847 vita
902 3784 961 3847 bac
984 3803 1041 3867 per
1062 3792 1193 3866 paterna
1250 3789 1282 3850 in
1298 3787 1496 3871 pauperibus
1510 3787 1726 3850 communiter
1740 3785 1810 3868 plus
1822 3782 1955 3850 abundat

447 3887 503 3950 Dei
524 3885 651 3966 flagella
674 3883 844 3946 salubriter
869 3883 1080 3964 corriguntur.
1098 3882 1193 3947 Porro
1250 3905 1346 3969 quarn
1369 3886 1526 3949 exteriora
1546 3892 1577 3947 et
1598 3883 1806 3948 accidentalia
1824 3875 1956 3959 bonaqui-
2048 3945 2049 3958 χ

347 4011 352 4022 ·
369 4041 375 4055 ,
413 4043 419 4056 ,
448 3991 603 4068 quantum
618 3983 657 4045 ad
673 3981 907 4064 incorrigibiles
926 3981 1035 4044 subdit
1052 3999 1058 4043 :
1076 3981 1194 4044 Erube·
1249 3984 1309 4066 bus
1325 3983 1358 4046 iu
1373 3983 1434 4046 hoc
1448 3983 1569 4047 mundo
1583 3974 1957 4065 prafulgeut.fertio,quod

448 4092 538 4148 scant
551 4091 583 4146 et
597 4081 827 4147 conturbentur
847 4081 880 4142 iu
900 4079 1052 4144 saculum
1072 4079 1192 4154 saculi,
1249 4082 1310 4147 alia
1335 4089 1409 4145 sunt
1431 4081 1553 4164 judicia
1576 4082 1643 4156 Dei,
1665 4080 1731 4143 alia
1752 4078 1911 4146 homiuum,
1927 4073 1957 4134 iu

446 4191 479 4246 et
507 4181 753 4254 confundantur,
783 4186 815 4241 et
843 4185 991 4261 pereant3
1022 4186 1054 4241 et
1082 4182 1234 4258 cognofl
1250 4183 1332 4263 quod
1355 4188 1443 4244 tauto
1462 4181 1534 4264 plus
1557 4181 1658 4244 alleo
1677 4179 1751 4261 quis
1773 4183 1915 4260 reputatur
1930 4189 1957 4233 ac

445 4289 535 4346 scant
549 4280 621 4363 (per
642 4296 773 4342 suorum
795 4277 945 4340 videlicet
963 4275 1192 4359 experientiam
1249 4280 1440 4344 sublimatur
1454 4279 1487 4342 iu
1502 4279 1603 4353 calis,
1621 4287 1742 4360 quanto
1756 4277 1795 4339 ab
1809 4271 1955 4338 bominibus

445 4379 693 4459 tormentorum)
707 4377 783 4459 quia
804 4393 921 4438 nomen
944 4375 1002 4437 tibi
1026 4375 1190 4438 Dominus.
1250 4379 1350 4460 magis
1374 4379 1549 4461 despicitur
1573 4395 1659 4439 nunc
1683 4377 1716 4438 in
1742 4376 1841 4439 terris.
1859 4373 1956 4452 Propter

445 4480 481 4541 ln
505 4478 623 4541 talibus
647 4477 768 4559 quippe
792 4474 901 4537 oculos
927 4473 1092 4536 interiores
1122 4492 1193 4538 sero
1249 4478 1333 4558 quod
1359 4477 1500 4559 loquitur
1523 4475 1666 4538 Christus
1689 4474 1789 4556 judex
1805 4470 1900 4547 :Quod
1919 4467 2034 4528 bears

446 4576 549 4658 aperit
564 4593 668 4657 poeua,
680 4591 759 4656 quos
775 4573 808 4635 in
824 4572 889 4635 vita
904 4572 1052 4654 prasenti
1067 4573 1194 4635 damua-
1250 4574 1392 4640 minibus
1421 4575 1520 4637 altum
1549 4580 1608 4648 est,
1630 4572 1825 4636 abominatio
1846 4576 1886 4632 est
1903 4573 1956 4628 autc

446 4675 555 4739 biliter
586 4671 700 4736 clausit
730 4672 834 4754 eulpa.
861 4671 922 4735 Sed
956 4671 1123 4736 redeamus
1152 4672 1192 4734 ad
1248 4674 1586 4738 Deum.Verumtamcn
1602 4672 1763 4736 sacularis
1778 4676 1956 4754 potestasuou
2046 4745 2047 4748 Ἴ

446 4791 512 4848 eor,
530 4779 562 4835 et
583 4771 748 4835 sufficiant
769 4770 862 4834 nobis
885 4769 975 4853 signa
996 4778 1027 4834 et
1048 4770 1192 4852 prodigia
1248 4782 1295 4838 est
1325 4772 1532 4856 aspernanda,
1562 4772 1617 4834 scd
1645 4771 1837 4843 honoranda,
1860 4767 1956 4830 dicente

445 4893 465 4937 a
487 4872 612 4937 Christo
635 4878 667 4934 et
689 4870 847 4954 Apostolis
869 4889 906 4934 ac
930 4870 1044 4932 ceteris
1069 4871 1191 4934 Sanctis
1246 4871 1421 4984 Apostolo:
1436 4869 1504 4934 Non
1524 4877 1572 4935 est
1590 4878 1729 4952 potestas
1748 4870 1810 4932 uisi
1829 4887 1847 4930 a
1864 4865 1923 4936 lleo,
1934 4867 1956 4922 ti
1973 4869 2033 4956 ¹3⁸²

445 4975 539 5049 facta,
555 4972 692 5034 ultiones
708 4988 836 5053 quoque
852 4977 883 5032 ct
897 4987 1000 5051 poena
1014 4988 1092 5051 quas
1108 4970 1191 5033 Deus
1247 4973 1302 5056 qui
1319 4970 1465 5053 potestati
1485 4969 1614 5045 resistit,
1630 4969 1687 5032 Dei
1705 4965 1886 5033 ordinationi
1901 4939 1993 5024 resi-¹*⁸

446 5074 480 5136 iu
503 5071 604 5136 veteri
628 5087 774 5182 novoque
800 5067 1033 5132 Testamento
1024 5087 1057 5129 ru
1082 5067 1192 5130 multis
1247 5071 1319 5149 stit;
1345 5069 1496 5151 itemque,
1519 5066 1629 5131 Omnis
1653 5069 1761 5131 anima
1783 5060 2046 5151 potestatibus
1973 5065 2022 5114 td

445 5172 646 5256 apertissime
670 5170 768 5232 nimis
791 5167 943 5232 exercuit.
961 5167 1123 5249 Siquidem
1148 5166 1193 5229 fe-
1247 5117 1489 5230 sublimioribus
1504 5165 1631 5229 subdita
1650 5167 1702 5230 sit.
1719 5163 1887 5230 Honoraudi
1903 5165 1957 5222 suut

446 5270 491 5338 lix
512 5289 609 5355 quam
632 5267 755 5332 faciunt
777 5265 881 5330 alicua
904 5265 1020 5330 damna
1040 5264 1189 5346 peritum.
1247 5266 1410 5350 principes
1424 5273 1457 5329 et
1470 5265 1737 5350 pralati,judices
1753 5273 1786 5330 et
1798 5271 1926 5336 rectores,
1935 5256 1958 5319 it
