4214 6254
369 525 516 574 oorruuca
539 527 548 573 t
569 527 642 573 rosr
663 524 857 572 murmurari.
883 542 922 554 -
943 526 985 572 an
1005 525 1199 588 amrurosos3
1222 525 1320 572 sunno
1341 525 1478 582 culmus
1640 507 1699 570 tto

13 728 77 758 aaa
93 727 126 763 iv,
142 695 300 778 praevenit
321 713 390 769 nos,
407 693 558 776 quoniam
581 695 669 777 prior
691 694 803 757 dilexit
823 711 892 768 nos,
908 693 933 756 l
949 701 1061 776 terque
1086 693 1262 777 diligimus,
1287 713 1386 778 quum
1415 695 1516 756 simus
1546 695 1578 756 in
1604 693 1699 775 culpa

142 801 175 856 et
194 793 315 856 amavit
337 810 395 856 nos
415 792 513 873 gratis
533 793 710 854 secundum
731 792 893 874 praedcsti·
948 791 1071 854 mortali
1087 799 1232 874 tanquam
1249 791 1349 854 divini
1364 799 1608 872 transgressores
1624 809 1699 872 pra

143 893 306 955 nationem
321 901 484 965 eternam,
501 909 539 952 ex
555 909 612 952 sua
628 892 757 973 propria
772 889 893 952 bonita-
948 889 1033 971 cepti
1055 907 1119 972 quo
1147 898 1179 952 et
1207 890 1354 952 inimicos
1376 879 1530 971 jubemur
1552 888 1696 970 diligere.
1726 907 1843 962 carras,

142 999 185 1064 te,
201 1009 299 1073 quana
315 989 408 1052 nobis
425 989 528 1051 voluit
543 1007 579 1050 ac
595 989 737 1051 docrevit
753 1007 894 1052 commu·
989 987 1115 1062 Quinto,
1132 989 1170 1050 ad
1191 987 1390 1070 spiritualem
1410 1006 1551 1050 amorem
1572 1003 1629 1049 nos
1644 987 1697 1050 ad·
1711 973 1745 1015 ⁴⁸·

143 1089 251 1151 nicare
269 1107 276 1150 :
294 1089 337 1150 ita
358 1095 390 1150 et
411 1104 469 1150 nos
491 1085 646 1149 debemus
672 1086 811 1149 invicem
836 1103 894 1148 nos
949 1093 1067 1160 monet,
1085 1087 1236 1168 quoniam
1252 1093 1339 1149 tanta
1354 1093 1403 1148 est
1417 1085 1571 1168 perfectio
1586 1084 1697 1148 carita-

142 1203 250 1248 amarc
270 1185 369 1266 gratis
389 1192 519 1267 propter
532 1183 644 1256 Deum,
661 1202 843 1266 quanquam
862 1189 895 1245 et
948 1184 1001 1258 tis,
1017 1185 1102 1266 quod
1122 1184 1259 1266 ipsemet
1273 1183 1357 1247 Deus
1374 1185 1488 1246 caritas
1507 1184 1696 1266 appellatur.
1711 1202 1844 1259 ramo,

143 1290 276 1366 propter
300 1283 424 1357 merita,
450 1283 532 1345 dona
561 1300 598 1344 ac
623 1281 782 1344 benclicia
811 1301 893 1344 unus
950 1283 1059 1364 Diligit
1082 1301 1221 1365 namque
1245 1302 1278 1346 se
1303 1285 1408 1366 ipsum
1434 1291 1466 1345 et
1489 1291 1604 1345 cuncta
1626 1302 1698 1365 quae
1713 1269 1746 1310 ¹⁰·

142 1380 391 1462 aliumdiligere
407 1380 559 1462 possitae
575 1379 811 1462 debeatltaque
827 1379 895 1441 imi·
950 1381 1103 1454 condidit,
1129 1389 1285 1463 quantum
1315 1381 1354 1442 ad
1385 1381 1416 1443 id
1446 1381 1530 1464 quod
1559 1380 1599 1443 ab
1628 1381 1697 1463 ipso

141 1481 263 1542 tatione
283 1487 314 1540 ct
334 1478 482 1562 exemplo
501 1477 557 1541 Dei
578 1478 749 1560 diligamus
769 1496 827 1541 nos
848 1479 894 1540 in·
950 1479 1059 1541 sortita
1088 1487 1175 1553 sunt,
1200 1479 1470 1560 quemadmodum
1495 1477 1627 1560 Sapiens
1651 1477 1697 1540 di·

142 1578 260 1652 viccm,
277 1587 310 1641 et
331 1598 415 1641 unus
436 1578 535 1641 alium
559 1577 733 1660 praeveniat
754 1577 786 1639 in
809 1594 896 1640 amo-
950 1577 993 1638 cit
1015 1577 1045 1638 ei
1068 1594 1075 1638 :
1097 1577 1208 1658 Diligis
1232 1577 1432 1660 omniaque
1456 1584 1542 1652 sunt,
1563 1584 1595 1638 ct
1616 1575 1697 1638 nihil
1711 1591 1843 1650 sapitas.

142 1694 178 1737 re
206 1695 213 1739 :
241 1676 325 1738 servi
350 1677 437 1738 enirn
462 1683 494 1737 et
519 1675 638 1737 milites
667 1692 775 1756 regern
800 1693 893 1736 suum
949 1676 1044 1738 odisti
1066 1695 1177 1739 eorum
1200 1695 1270 1759 quae
1291 1676 1406 1738 iecisti.
1424 1676 1697 1749 Quemadmodum

142 1775 237 1857 sequi
266 1784 512 1850 consueverunt,
543 1773 721 1857 praesertim
751 1773 812 1835 lilii
844 1792 896 1854 pa-
950 1793 1089 1856 namque
1113 1775 1146 1837 in
1168 1776 1232 1837 Deo
1254 1775 1400 1838 consistit
1421 1775 1578 1847 voluntas,
1601 1775 1644 1835 ita
1668 1781 1700 1836 et

1 1894 11 1918 .-
62 1907 86 1936 ι.
101 1907 127 1943 a,
144 1881 238 1936 trem.
262 1873 384 1936 ldcirco
407 1881 439 1937 et
460 1873 576 1936 Paulus
602 1893 609 1937 :
635 1871 812 1935 imitatores
832 1872 894 1952 (in-
913 1876 936 1938 Β
952 1874 1083 1952 caritas;
1103 1881 1136 1937 et
1150 1874 1233 1936 sicut
1249 1875 1332 1936 Deus
1347 1882 1396 1935 est
1410 1892 1467 1936 sua
1482 1873 1640 1946 voluntas,
1658 1871 1701 1934 ita

142 1973 231 2054 quit)
254 1971 309 2034 Dei
339 1979 438 2035 estote
467 1973 551 2035 sicut
579 1972 641 2034 lilii
670 1971 839 2045 carissimi,
864 1978 896 2033 et
951 1980 982 2035 et
997 1973 1120 2034 caritas.
1138 1972 1269 2047 llursus,
1286 1971 1370 2034 sicut
1390 1973 1422 2033 in
1438 1971 1502 2034 Deo
1523 1979 1597 2034 sunt
1615 1971 1701 2034 idem

141 2070 306 2132 ambulate
331 2069 365 2132 in
390 2069 560 2133 dilectione
588 2069 671 2132 sicut
696 2077 728 2132 et
753 2069 896 2132 Christus
951 2072 1078 2154 sapiens
1094 2077 1125 2133 et
1140 2071 1358 2152 sapientia,ita
1372 2089 1482 2133 amans
1498 2078 1529 2133 et
1543 2087 1642 2133 amor.
1655 2071 1701 2132 Ex

143 2169 258 2232 dilexit
282 2187 350 2232 nos.
375 2168 420 2231 De
441 2169 502 2231 boc
526 2169 572 2232 sic
597 2169 629 2231 in
655 2169 808 2232 hodierna
831 2167 897 2249 epi·
951 2169 1011 2232 lroc
1034 2175 1141 2231 autem
1164 2169 1249 2251 quod
1274 2170 1388 2232 caritas
1410 2169 1540 2252 proprie
1562 2170 1626 2232 Deo
1647 2169 1702 2231 ad·

1 2285 4 2294 ’
57 2300 128 2336 ιω,
143 2267 227 2330 stola
247 2269 292 2330 ait
304 2269 440 2331 loannes
458 2285 465 2329 :
481 2268 516 2330 ln
536 2269 597 2330 boc
616 2267 765 2350 apparuit
782 2266 896 2328 caritas
951 2268 1113 2342 scribitur,
1137 2275 1225 2350 patet
1249 2269 1332 2350 quod
1357 2269 1471 2330 caritas
1496 2267 1573 2330 dicit
1598 2267 1701 2350 perlo-

30 2381 36 2391 ·
144 2367 204 2428 Dei
225 2366 257 2428 in
276 2366 380 2440 nobis,
397 2366 550 2448 quoniam
574 2365 688 2428 Filium
710 2383 804 2427 suum
827 2364 896 2426 uni·
952 2367 1090 2429 ctionem
1120 2366 1321 2450 simpliciter,
1352 2367 1622 2449 quemadmodum
1653 2385 1701 2429 sa·

142 2465 290 2545 genitum
312 2465 400 2528 misit
420 2465 503 2528 Deus
524 2465 556 2526 in
577 2464 745 2536 mundum,
762 2469 797 2523 ut
811 2463 897 2524 viva·
952 2465 1082 2547 pientia,
1099 2465 1221 2547 absque
1236 2464 1489 2547 imperfectionis
1511 2465 1698 2528 inclusione.

143 2581 220 2624 mus
240 2579 298 2644 per
316 2563 440 2644 ipsum;
457 2563 490 2625 in
509 2563 569 2626 boc
584 2569 633 2625 est
647 2561 759 2624 caritas
774 2561 820 2642 (id
836 2567 895 2634 est,
951 2563 1054 2637 Quum
1084 2580 1160 2644 ergo
1184 2569 1271 2624 tanta
1300 2562 1341 2624 sit
1369 2563 1508 2625 caritatis
1538 2561 1699 2636 nobilitas,

142 2661 275 2724 dilectio
290 2661 344 2723 Dei
358 2661 497 2742 gratuita
510 2668 603 2743 atquc
618 2660 761 2741 piissima
776 2659 814 2722 ad
829 2677 895 2732 nos,
951 2661 1105 2724 debemus
1121 2680 1191 2724 eam
1207 2679 1335 2743 semper
1352 2667 1416 2724 toto
1431 2661 1525 2724 corde
1540 2661 1700 2744 amplecti,

143 2758 179 2819 in
196 2758 256 2820 hoc
270 2758 435 2822 evidenter
448 2758 710 2841 apparuittquod
727 2759 794 2840 ipse
810 2757 897 2839 prior
952 2777 1139 2823 conservare
1154 2778 1190 2822 ac
1206 2758 1516 2842 prosequi,laciend0
1532 2759 1616 2842 quod
1633 2760 1702 2842 ipsa

141 2856 258 2918 dilexit
273 2875 330 2920 nos
347 2875 355 2919 :
372 2857 541 2932 carissimi,
559 2857 585 2919 si
602 2857 684 2919 Deus
699 2856 812 2918 dilexit
826 2873 895 2930 nos,
952 2858 1095 2940 requirit.
1113 2857 1268 2940 Operatur
1283 2858 1433 2940 equidem
1449 2876 1573 2938 magna,
1591 2859 1618 2920 si
1634 2866 1700 2938 est;

142 2963 176 3017 et
193 2973 250 3018 nos
269 2955 424 3019 debemus
444 2956 635 3019 alterutrum
654 2955 797 3037 diligere.
817 2955 896 3017 Ecce
951 2957 1080 3040 quodsi
1101 2965 1213 3020 renuat
1230 2958 1367 3040 operari,
1385 2976 1448 3020 non
1464 2976 1539 3020 vere
1553 2956 1699 3020 habetur.

142 3052 255 3115 omnia
268 3053 366 3116 verba
379 3055 448 3118 haec
464 3073 539 3116 vere
554 3053 833 3126 allectuosissima,
845 3053 933 3118 ‹te-u
996 3055 1100 3128 Sento,
1128 3057 1279 3139 quoniam
1310 3055 1342 3117 in
1374 3056 1505 3118 caritate
1529 3056 1699 3130 manendo,

142 3152 312 3215 votissima
335 3161 430 3236 atque
456 3152 645 3216 dulcissima
668 3159 753 3226 sunt,
779 3160 809 3214 et
835 3151 896 3234 piac
952 3171 1118 3216 manemus
1142 3155 1173 3216 in
1197 3155 1280 3232 De03
1302 3161 1334 3216 et
1354 3155 1532 3218 recedendo
1554 3154 1595 3217 ab
1615 3173 1702 3230 ea,a

143 3252 265 3314 mentis
279 3251 486 3315 vehementer
505 3250 750 3325 inflammativa,
768 3267 830 3313 non
849 3267 896 3314 so
951 3251 1015 3314 Deo
1035 3251 1224 3314 recedimus.

143 3351 216 3412 lum
235 3350 275 3412 ad
295 3351 515 3432 proximorum
535 3367 687 3423 amorem,
705 3349 759 3412 sed
780 3357 811 3412 et
831 3367 895 3410 ma·
992 3350 1111 3413 Deinde
1141 3350 1232 3432 ponit
1258 3351 1394 3414 loannes
1423 3351 1585 3434 apostolus
1609 3369 1702 3435 quos·

143 3449 235 3511 xime
258 3449 297 3510 ad
327 3447 559 3528 rediligendum
586 3447 756 3510 Dominum
783 3447 893 3509 Deum.
951 3449 1023 3510 dam
1052 3448 1193 3510 caritatis
1222 3447 1370 3524 allectus,
1396 3467 1454 3531 per
1479 3467 1559 3532 quos
1587 3468 1701 3531 cogno·

143 3546 286 3610 lulinitae
308 3564 447 3629 namque
469 3545 718 3628 ingratitudinis,
739 3545 895 3628 perversi·
951 3564 1039 3609 scere
1060 3545 1270 3629 probabiliter
1290 3564 1461 3629 possumus
1481 3565 1521 3609 an
1541 3547 1643 3610 simus
1668 3548 1701 3610 in

143 3645 235 3718 tatis,
251 3645 376 3708 duritiae
396 3651 492 3726 atque
514 3644 644 3708 malitiae
663 3651 711 3706 est
733 3651 895 3706 amantem
951 3645 1081 3707 caritate
1102 3644 1212 3707 divina
1234 3643 1379 3727 perlecti.
1401 3645 1525 3708 Primus
1548 3653 1607 3720 est,
1625 3663 1702 3728 quo·

143 3761 213 3806 non
229 3760 344 3816 amare,
354 3750 384 3804 et
400 3749 624 3824 praeamantem
640 3758 704 3804 non
720 3743 894 3814 redamare,
952 3743 1037 3804 niam
1059 3743 1200 3825 perlecta
1216 3743 1330 3805 caritas
1346 3742 1422 3805 lacit
1435 3743 1599 3805 bominem
1615 3744 1702 3807 diem

144 3841 289 3904 maxime
303 3840 398 3902 talem
415 3857 450 3902 ac
466 3847 590 3902 tantum
607 3847 780 3904 amatorem
798 3848 834 3901 ut
848 3847 897 3902 est
949 3841 1063 3922 judicii
1079 3841 1274 3904 iiducialiter
1288 3841 1474 3923 prestolari,
1491 3841 1641 3923 quoniam
1656 3842 1702 3904 la-

143 3941 245 4013 Deus,
261 3939 315 4020 qui
332 3948 364 4000 et
378 3957 472 4001 suum
492 3957 634 4002 amorem
650 3940 688 4001 ad
706 3957 764 4002 nos
779 3957 836 4022 per
852 3947 897 4001 tot
952 3940 996 4002 cit
1011 3939 1173 4002 bominem
1191 3940 1324 4002 filialem
1340 3939 1569 4003 confidentiam
1585 3939 1701 4003 babere

143 4047 180 4102 et
200 4046 288 4100 tanta
307 4036 467 4100 beneficia
486 4037 579 4100 nobis
599 4038 746 4101 ostendit.
952 4039 990 4100 ad
1014 4039 1114 4100 Deum
1139 4047 1290 4120 tanquam
1314 4039 1353 4101 ad
1372 4039 1532 4121 optimum
1555 4057 1591 4100 ac
1613 4037 1701 4101 beni·

189 4136 316 4210 Quarto‚
337 4136 482 4199 bortatur
505 4153 562 4198 nos
587 4137 625 4198 ad
651 4145 795 4199 mutuam
820 4136 898 4198 cari·
952 4137 1140 4218 guissimum
1157 4136 1460 4220 patrem;etbonam
1477 4129 1701 4201 eonscientiim

144 4242 260 4308 tatem,
276 4235 427 4316 quoniam
443 4235 606 4318 proximos
621 4235 783 4316 diligendo
799 4253 898 4296 mere·
912 4239 937 4302 D
953 4235 1046 4318 parit,
1067 4236 1143 4319 quia
1168 4235 1291 4298 inducit
1316 4236 1481 4299 hominem
1505 4237 1544 4298 ad
1568 4256 1698 4319 purum,

145 4354 225 4398 mur
246 4335 346 4398 amari
369 4342 401 4397 et
423 4333 592 4398 inhabitari
613 4352 633 4396 a
651 4335 723 4397 Deo.
742 4334 830 4397 Unde
851 4335 897 4396 sic
952 4334 1112 4397 fervidum
1142 4353 1178 4396 ac
1207 4333 1386 4417 perlectum
1416 4335 1470 4396 Dei
1495 4334 1696 4416 obsequium.

7 4467 49 4508 a.
83 4463 111 4504 a.
145 4433 268 4498 ait:Si
283 4433 453 4515 diligamus
472 4433 623 4507 invicem,
640 4433 722 4495 Deus
743 4441 850 4496 manet
864 4433 898 4495 in
953 4434 996 4496 Dc
1018 4433 1078 4496 boc
1103 4433 1149 4495 sic
1175 4433 1218 4494 ait
1238 4434 1450 4496 loannes:ln
1472 4433 1533 4496 boc
1557 4433 1845 4515 perlectaraoannnv,

146 4533 254 4596 nobis.
271 4533 359 4607 Quod
378 4533 405 4595 si
424 4532 626 4595 amiserimus
646 4532 821 4608 caritatem,
838 4540 899 4594 sta-
953 4541 1001 4596 cst
1015 4532 1130 4595 caritas
1150 4531 1205 4594 Dei
1226 4532 1404 4608 nobiscum,
1423 4540 1457 4594 ut
1472 4531 1625 4595 liduciam
1645 4533 1697 4596 ba·
1714 4517 1747 4560 ¹⁷·

146 4633 209 4695 tim
225 4630 370 4693 diabolus
384 4648 440 4693 cor
454 4639 595 4694 nostrum
611 4649 668 4712 pcr
683 4631 815 4694 mortale
831 4649 899 4713 pee-
953 4634 1085 4696 beamus
1105 4631 1138 4694 in
1160 4631 1212 4694 die
1230 4631 1354 4712 judicii.
1371 4632 1438 4693 lmo
1459 4633 1573 4694 caritas
1595 4633 1698 4714 perle-

144 4740 257 4796 eatum
287 4729 486 4792 inhabitabit.
514 4729 593 4792 Ecce
618 4737 737 4812 quanta
764 4749 814 4793 res
837 4738 896 4804 est,
953 4739 1000 4794 ota
1023 4731 1100 4794 lacit
1123 4730 1287 4792 bominem
1308 4729 1487 4793 desiderare
1508 4731 1638 4794 dissolvi
1663 4739 1698 4794 ut
1719 4749 1845 4807 rurippi,

145 4847 247 4912 quam
276 4827 486 4890 desiderabile
514 4837 546 4890 et
574 4829 775 4911 praeclarum,
801 4848 896 4911 quam
953 4831 994 4893 sit
1015 4849 1088 4892 oum
1111 4829 1246 4892 cbristo.
1711 4817 1746 4858 ²³·

144 4927 278 4992 salubre
295 4934 327 4989 et
343 4945 505 5008 magnum,
523 4928 623 4990 Deum
644 4926 761 4990 babere
780 4935 898 4990 amato·
994 4928 1159 4992 Secundus
1178 4926 1314 4990 ellectus
1336 4935 1394 5002 est,
1411 4929 1562 5010 quoniam
1584 4929 1699 4992 caritas

144 5045 219 5090 rem
239 5034 271 5088 et
291 5026 411 5108 proprii
431 5025 536 5088 cordis
555 5025 775 5089 habitatorem.
793 5026 825 5088 Si
844 5045 898 5088 au·
954 5027 1095 5110 perlecta
1119 5026 1323 5108 potissimum
1348 5027 1502 5089 assimilat
1526 5035 1556 5089 et
1578 5028 1701 5091 confor-

145 5135 216 5188 tem
237 5142 300 5187 non
320 5124 528 5188 dilexerimus
547 5141 677 5188 omnem
703 5127 897 5208 proximum,
955 5134 1019 5190 mat
1048 5144 1105 5188 nos
1130 5127 1193 5189 Deo
1219 5143 1226 5189 :
1253 5123 1329 5207 quia
1358 5143 1509 5206 peream
1537 5125 1703 5189 ellicimur

144 5223 388 5308 quantumlibet
405 5223 636 5298 adversarium,
653 5243 713 5287 nec
731 5223 832 5286 Deum
849 5245 899 5289 va·
953 5225 1105 5289 omnibus
1129 5224 1285 5299 benevoli,
1312 5231 1344 5286 et
1368 5224 1508 5286 inimicis
1533 5243 1570 5287 ao
1595 5244 1701 5309 perse-

145 5341 186 5386 re
208 5330 305 5406 atque
332 5339 390 5385 nos
419 5321 506 5406 ipsos
534 5321 744 5406 spiritualiter
771 5323 901 5388 sinceri·
955 5324 1120 5389 autoribus
1142 5324 1280 5388 amorosi
1304 5331 1399 5406 atque
1424 5322 1575 5400 benelici,
1591 5343 1702 5408 quem-

277 5457 310 5512 T.
328 5458 368 5508 30.
1540 5460 1571 5510 10
