4192 6258
493 813 908 942 DOMINICA
955 814 1083 939 XX
1130 813 1342 940 POST
1388 814 1902 941 TRINITATEM

1062 1143 1341 1160 *a

848 1489 1149 1578 ENARRATIO
1181 1488 1237 1576 IN
1270 1488 1561 1577 uvls'rotllt

746 1757 856 1805 vvnnrn
882 1757 1024 1814 ououono
1050 1757 1147 1804 utura
1173 1757 1351 1804 nunmnrrs.
1373 1739 1488 1823 Ephes.
1508 1758 1538 1815 v,
1560 1738 1663 1804 teat.

501 2036 599 2102 ocul
621 2054 678 2100 nos
704 2043 832 2099 sanctus
854 2034 1023 2117 Apostolus
1046 2033 1079 2096 in
1101 2051 1178 2115 prm
1191 2032 1217 2096 A
1232 2033 1305 2108 sint,
1331 2035 1387 2097 sed
1411 2035 1486 2117 quia
1509 2033 1577 2098 bmc
1600 2034 1712 2097 insunt
1734 2035 1909 2098 bominibus
1928 2037 1955 2099 in

514 2137 596 2200 senti
612 2135 757 2218 epistola,
769 2132 876 2198 verbis
891 2152 999 2216 parva,
1011 2133 1067 2195 sed
1081 2150 1177 2195 sensu
1232 2131 1345 2195 diebus
1360 2133 1434 2198 vitae
1449 2133 1623 2216 proesentis.
1640 2133 1804 2216 Scriptura
1817 2134 1895 2197 enim
1908 2134 1957 2198 fre

430 2235 629 2319 plenissima,
645 2241 681 2295 ut
701 2232 734 2294 in
750 2230 900 2295 omnibus
920 2231 1093 2313 prudenter
1107 2248 1177 2311 agn-
1232 2238 1366 2314 quenter
1380 2230 1534 2294 adscribit
1551 2232 1691 2314 tempori
1705 2251 1743 2295 ea
1762 2252 1832 2315 qum
1844 2233 1919 2296 finnt
1930 2234 1956 2296 in

432 2353 514 2409 mus,
531 2342 658 2415 tempus
672 2330 835 2393 fructuose
850 2329 1079 2412 expendamus,
1091 2329 1178 2391 vino-
1231 2336 1387 2412 tempore,
1404 2330 1675 2412 quemadmodum
1690 2333 1795 2414 primo
1809 2332 1958 2396 ldacbaba·
2070 2405 2071 2424 χ

431 2433 561 2497 lentiam
585 2447 712 2515 quoque
734 2429 882 2503 vitemus,
901 2434 933 2491 et
954 2428 987 2490 in
1007 2428 1177 2490 charisma·
1231 2445 1322 2491 orum
1356 2428 1518 2492 inducitur
1544 2444 1551 2490 :
1578 2428 1696 2491 Videns
1725 2429 1868 2493 Jonatbas
1894 2430 2047 2512 quierunt

430 2532 517 2596 tibus
541 2531 677 2613 Spiritus
702 2529 808 2592 Sancti
833 2545 986 2590 conemur
1008 2526 1176 2609 proficere,
1231 2533 1359 2609 tempus
1375 2544 1450 2589 eurn
1463 2526 1565 2608 juvet.
1582 2526 1726 2590 Christus
1741 2546 1863 2611 quoque
1879 2545 1885 2590 :
1901 2528 1956 2592 Cru-
1968 2521 2048 2618 ’ΜΛ

431 2632 495 2695 Deo
511 2636 648 2702 cantare,
665 2627 800 2710 psallere
816 2645 852 2689 ac
866 2626 982 2707 gratius
1002 2643 1105 2707 agere,
1122 2624 1177 2688 sed
1232 2625 1335 2688 stinus
1353 2625 1487 2708 (inquit)
1505 2625 1573 2690 dies
1592 2626 1748 2690 sollicitus
1762 2627 1823 2691 erit
1834 2627 1907 2708 sibi;
1919 2637 1954 2703 et,
1966 2643 1989 2682 u

431 2735 463 2792 et
478 2734 589 2790 mutuo
604 2724 770 2788 humiliter
784 2723 994 2805 timorateque
1012 2739 1178 2785 conversa·
1233 2723 1361 2788 Sufficit
1381 2724 1445 2787 diei
1467 2724 1589 2787 malitia
1603 2744 1669 2788 sua.
1980 2757 2039 2800 pe..

432 2826 557 2890 rillaco
581 2831 629 2888 est
652 2841 779 2888 summa
802 2822 967 2886 sententiaa
990 2821 1087 2902 hujus
1111 2819 1178 2902 epi·
1272 2827 1454 2900 Propterea
1469 2826 1570 2886 notite
1583 2827 1662 2902 fieri
1675 2825 1902 2903 imprudentes,
1914 2845 1957 2889 ve

432 2925 530 2990 stolae.
1233 2941 1267 2984 ra
1293 2922 1486 2986 discretione
1514 2923 1683 2986 carendo:
1709 2925 1957 3007 quemadmodum

470 3025 579 3106 ltaque
594 3023 661 3085 ait:
687 3023 807 3092 Videte,
824 3019 856 3082 id
876 3027 934 3094 est,
952 3037 1008 3102 per
1023 3017 1177 3081 rationem
1233 3020 1319 3084 enim
1346 3021 1517 3103 prudentia
1541 3027 1589 3085 est
1611 3022 1723 3104 auriga
1745 3041 1800 3086 seu
1827 3024 1958 3088 directrix

432 3122 594 3196 attendite,
604 3122 760 3201 quomodo
774 3128 867 3180 caute
881 3119 1065 3188 ambuietis,
1074 3116 1106 3178 id
1122 3122 1177 3190 est,
1234 3120 1388 3182 virtutum
1406 3119 1439 3182 in
1455 3139 1565 3207 aarum
1580 3120 1740 3203 operibus,
1748 3122 1793 3185 ita
1806 3123 1884 3205 quod
1900 3123 1961 3185 facit

432 3221 606 3305 prudenter
625 3237 662 3281 ac
682 3217 838 3281 custodite
855 3216 981 3290 vivatis,
997 3215 1179 3278 occasiones
1193 3213 1216 3276 B
1236 3219 1438 3282 moderamen
1456 3218 1488 3281 in
1504 3218 1655 3282 omnibus
1670 3219 1845 3299 observari3
1859 3221 1903 3284 sic
1916 3223 1963 3284 im·

432 3318 554 3403 peccati
570 3317 809 3398 vitando,utque
825 3315 857 3378 in
872 3313 924 3377 via
938 3314 1093 3377 virtutum
1108 3331 1179 3374 cum
1234 3316 1415 3399 prudentia,
1433 3325 1544 3393 mater,
1561 3316 1658 3380 fotrix
1673 3326 1706 3382 et
1723 3320 1812 3402 origo
1829 3319 1963 3402 plurimo

423 3417 521 3482 omni
541 3414 829 3497 circumspectione
849 3412 1010 3495 pergendo
1029 3429 1065 3474 ac
1083 3409 1180 3493 profi·
1236 3436 1308 3480 rum
1332 3423 1381 3480 est
1404 3417 1575 3498 vitiorum;
1591 3420 1648 3479 sed
1671 3419 1879 3497 inteilipectea
1903 3440 1963 3499 poc

285 3541 418 3595 mesmes,
434 3516 558 3590 ciendo,
580 3514 671 3596 juxta
695 3512 774 3575 illud
798 3510 1041 3574 Proverbiorum
1061 3528 1068 3572 :
1086 3508 1179 3573 Omni
1234 3517 1278 3576 sit
1294 3519 1445 3578 voluntas
1459 3516 1532 3587 Dei,
1544 3515 1576 3578 id
1590 3523 1649 3592 est,
1662 3516 1723 3579 boc
1738 3517 1961 3599 diligentissime

434 3615 577 3678 custodia
598 3611 721 3675 custodi
742 3627 796 3673 cor
816 3617 926 3690 tnnm;
942 3629 1006 3670 mon
1022 3611 1119 3689 quasi
1133 3609 1182 3669 ic·
1236 3613 1404 3696 inquiratis
1426 3621 1521 3696 atque
1544 3615 1695 3696 pensetis,
1713 3615 1789 3698 quid
1810 3616 1869 3680 Deo
1891 3634 1961 3679 oom-

433 3715 598 3790 sipientes,
610 3710 641 3773 id
657 3717 705 3772 est
720 3709 786 3772 sola
800 3708 988 3790 temporalia
1004 3713 1099 3789 atque
1115 3725 1181 3770 oar·
1237 3712 1369 3794 placeat,
1386 3719 1419 3774 et
1436 3711 1514 3794 quid
1532 3712 1674 3794 requirat
1693 3731 1712 3775 a
1731 3713 1830 3788 vobis,
1846 3723 1880 3776 ut
1896 3713 1961 3777 illud
2072 3745 2073 3768 s

434 3810 518 3874 nalia
532 3809 730 3872 attendentes
750 3825 808 3870 nec
822 3806 1006 3870 divinorum
1021 3806 1182 3869 internum
1237 3809 1449 3892 adimpleatis,
1465 3808 1548 3872 bona
1562 3811 1684 3891 agendo
1700 3819 1733 3874 et
1746 3811 1828 3875 mala
1840 3813 1960 3876 vitando.

435 3926 581 3991 saporem
597 3906 761 3980 habentes,
778 3908 833 3967 sed
848 3915 884 3966 ut
899 3907 1071 3982 sapientes,
1088 3905 1120 3966 id
1134 3913 1183 3968 est
1276 3911 1320 3971 Ei
1335 3910 1435 3969 nolite
1454 3909 1619 3969 inebriari
1635 3911 1724 3981 cino,
1741 3913 1777 3972 in
1795 3931 1855 3991 qao
1872 3921 1911 3972 est
1924 3915 1962 3970 la·

435 4028 473 4072 ea
487 4026 558 4090 quae
573 4005 629 4069 Dei
645 4012 720 4067 sunt
734 4023 807 4067 cum
822 4011 917 4085 gustu
935 4003 1065 4066 mentali
1080 4004 1183 4066 scien·
1236 4008 1340 4068 maria
1364 4005 1544 4080 causaliter,
1562 4006 1638 4088 quia
1661 4006 1796 4072 luxurie
1818 4009 1960 4072 materiam

434 4114 491 4170 tes.
510 4103 671 4188 Sapientia
695 4121 833 4185 namque
857 4101 947 4185 quusi
973 4101 1100 4184 sapiens
1124 4101 1183 4165 sci·
1236 4104 1498 4187 incentivumque
1524 4103 1653 4186 praebet.
1680 4105 1811 4188 Propter
1830 4107 1907 4189 quod
1926 4106 1961 4168 ait

436 4205 522 4268 entia
545 4202 672 4266 dicitur.
696 4203 904 4264 Redimentes
924 4210 1060 4277 tempus,
1083 4201 1182 4264 idest
1236 4203 1446 4286 Hieronymus
1472 4219 1479 4264 τ
1505 4201 1623 4265 Venter
1646 4203 1722 4266 vino
1746 4213 1888 4278 estuans,
1909 4205 1960 4266 cito

434 4313 562 4386 tempus
577 4301 650 4366 vitm
665 4299 756 4364 vobis
774 4316 962 4362 concessum
982 4299 1021 4361 ad
1039 4299 1120 4364 bone
1135 4300 1181 4362 vi·
1236 4309 1365 4384 spumat
1387 4301 1420 4362 in
1443 4299 1621 4363 libidinem.
1644 4300 1682 4363 lit
1706 4301 1851 4367 Salomon
1873 4313 1959 4386 prote

435 4403 586 4477 vendum,
611 4400 651 4464 ab
681 4398 888 4462 infructuosis
917 4398 1181 4480 occupationibus
1197 4401 1218 4466 C
1237 4405 1337 4462 statur
1349 4416 1356 4462 :
1367 4398 1542 4461 Luxuriosa
1558 4417 1608 4462 res
1623 4399 1748 4474 vinum,
1764 4407 1797 4463 et
1808 4402 1959 4465 tumultun
1969 4413 2044 4460 ren-1

434 4520 471 4566 ac
488 4500 579 4563 malis
595 4499 746 4582 operibus
762 4505 1008 4581 preservantes3
1024 4497 1086 4573 vel,
1104 4520 1121 4558 u
1137 4517 1182 4562 re·
1237 4518 1270 4561 sa
1285 4497 1437 4577 ebrietas3
1451 4497 1647 4580 quicumque
1661 4497 1712 4561 his
1726 4499 1959 4576 delectatur,non

435 4601 592 4663 dimentes
620 4605 799 4680 tempus»,
826 4597 858 4658 id
887 4604 935 4658 est
962 4603 1107 4678 tempora
1135 4598 1182 4660 in·
1236 4597 1297 4660 erit
1315 4596 1453 4678 sapiens.
1470 4599 1537 4658 Sed
1551 4599 1738 4673 implemini
1750 4601 1881 4676 Spiritu
1893 4603 1961 4662 San·

436 4701 598 4763 fructuose
615 4715 754 4779 expensa
773 4702 1009 4776 recuperantes,
1025 4703 1182 4777 quatenus
1236 4707 1297 4767 cto,
1314 4695 1418 4770 idest,
1436 4695 1467 4757 in
1483 4694 1584 4776 gratia
1598 4703 1630 4757 et
1648 4695 1741 4760 donis
1757 4698 1888 4782 Spiritus
1901 4699 1962 4761 San

436 4796 595 4882 praeterita
608 4795 690 4857 mala
701 4794 767 4876 jam
784 4793 1029 4876 recompensetis
1044 4812 1102 4876 per
1116 4813 1185 4858 con·
1236 4796 1279 4858 cti
1304 4793 1461 4877 proficere
1485 4812 1522 4856 ae
1547 4793 1663 4877 repleri
1689 4798 1848 4860 conemini
1868 4815 1874 4860 :
1894 4799 1962 4860 licus

435 4895 647 4962 versationem
662 4893 836 4956 virtuosam
850 4911 888 4955 ao
902 4891 1065 4966 fervidam,
1074 4899 1106 4954 et
1118 4899 1183 4954 tan·
1236 4893 1322 4957 enim
1339 4893 1514 4975 unicuique
1529 4891 1639 4955 influit
1658 4896 1834 4959 secundnm
1848 4897 1924 4979 quod
1936 4913 1963 4958 se

435 5005 467 5061 to
483 5013 569 5058 nunc
584 4991 801 5073 diligentiores
816 4990 886 5053 sitis
902 4990 934 5051 in
950 4988 1005 5051 Dei
1020 4988 1181 5072 obsequio,
1236 4991 1378 5074 disponit
1398 4997 1431 5052 et
1453 5008 1553 5072 capax
1572 4990 1725 5054 efficitur.
1741 4996 1913 5074 Loquentes
1925 5013 1964 5054 co

435 5101 550 5178 quanto
563 5089 806 5172 negligentiores
821 5087 1101 5156 fuistisoumriam
1113 5091 1183 5149 dies
1237 5091 1442 5166 eismetipsis,
1469 5089 1500 5151 id
1530 5097 1578 5152 est
1601 5107 1658 5153 vos
1682 5090 1770 5172 ipsos
1795 5101 1901 5156 mutuo
1921 5111 1963 5155 er·

434 5194 517 5254 maii
533 5200 621 5262 sunt,
639 5189 670 5251 id
691 5195 738 5250 est
757 5185 1014 5261 adversitatibus,
1030 5186 1183 5268 periculis
1235 5188 1401 5261 hortando,
1419 5189 1455 5248 im
1470 5189 1608 5264 psalmis
1627 5188 1667 5250 ad
1684 5189 1768 5253 bene
1786 5192 1964 5275 operandum

435 5310 471 5356 ac
490 5292 576 5354 vitiis
598 5287 695 5372 pleni.
712 5285 781 5349 Non
804 5284 889 5368 quod
910 5285 979 5347 dies
999 5284 1032 5348 in
1052 5303 1085 5348 so
1105 5285 1182 5348 mali
1236 5285 1447 5360 hortantibus,
1464 5295 1494 5346 et
1509 5287 1641 5364 hymnis
1660 5285 1718 5349 Dei
1738 5287 1863 5353 laudem
1881 5287 1964 5353 conti·
