4206 6258
319 546 467 594 noururoa
487 547 548 594 xxv
569 547 642 594 rosr
663 547 856 594 rnrurrarau.
876 565 916 578 -
937 548 978 594 aa
999 547 1193 610 nairorosos3
1216 549 1314 596 samm
1335 547 1479 596 succinus
1609 525 1667 594 oct
1751 611 1756 620 .

117 722 169 778 ter
192 716 346 798 diligitur,
363 724 436 781 ante
456 717 565 782 oculos
590 719 695 795 cordis
715 717 805 799 quasi
825 717 1048 800 incidasque
1067 718 1219 800 abjicere,
1236 727 1268 782 et
1284 719 1429 802 proprios
1446 717 1607 781 refrenare
1626 715 1670 778 af·

117 821 282 877 cessanter
303 815 448 889 habetur,
466 816 557 896 juxta
579 815 669 890 illud,
686 814 744 878 Ubi
769 833 868 889 amor,
924 815 1027 878 fectus
1047 836 1083 879 ac
1107 825 1221 880 motus.
1244 818 1332 892 Quod
1355 817 1388 880 in
1410 816 1570 899 principio
1594 814 1670 878 satis

117 911 166 974 ibi
189 913 303 976 oculus
326 933 332 977 :
356 913 440 976 sicut
463 914 610 976 videmus
635 913 789 996 quosdam
812 915 869 976 mi·
923 921 971 976 est
995 914 1143 989 difficile,
1168 916 1202 978 in
1226 923 1350 979 tantum
1375 923 1410 978 ut
1434 914 1601 978 Salomone
1626 920 1670 975 te·

115 1011 270 1075 serrimos
295 1012 414 1075 carnali
436 1029 544 1076 amore
570 1012 613 1075 ita
632 1029 812 1086 succensos,
835 1021 869 1073 ut
923 1021 1037 1087 stante,
1059 1014 1114 1096 qui
1136 1014 1319 1077 dominatur
1340 1012 1448 1076 animo
1469 1029 1538 1086 suo,
1557 1010 1671 1074 melior
1697 1025 1817 1076 rreum,

116 1109 276 1192 quidquid
296 1110 424 1184 faciant,
441 1110 487 1173 rei
503 1111 626 1174 dilecta
641 1110 788 1174 oblivisci
804 1129 868 1173 non
923 1131 960 1175 ac
975 1111 1087 1177 fortior
1103 1112 1144 1174 sit
1159 1112 1289 1194 urbium
1306 1118 1531 1194 expugnatore.
1548 1109 1670 1172 Dicitur
1685 1090 1719 1132 ³²·

116 1215 247 1288 queant.
265 1208 322 1281 Oui
343 1218 450 1272 autem
472 1209 505 1271 in
521 1209 576 1272 Dei
597 1227 704 1272 amore
725 1210 867 1272 nondum
923 1210 1054 1274 demum
1075 1211 1249 1273 monachus
1264 1217 1370 1273 custos
1391 1208 1580 1272 indeficiens
1600 1226 1670 1270 sen·

117 1313 167 1367 est
189 1306 361 1388 perfectus,
378 1308 417 1370 ad
441 1308 500 1370 ista
524 1309 645 1389 agenda
666 1309 868 1370 consuetudi·
923 1328 1018 1371 suum
1046 1326 1178 1371 suorum
1202 1309 1390 1371 interiorum
1411 1316 1443 1370 et
1464 1307 1669 1378 exteriorum,

117 1423 195 1467 nem
228 1405 289 1468 sibi
321 1406 475 1488 optimam
511 1406 615 1469 facere
646 1406 806 1480 moliatur,
837 1414 868 1469 et
923 1407 1140 1470 inordinatum
1156 1406 1284 1470 illorum
1301 1426 1396 1469 usum
1410 1406 1599 1479 vitandans
1614 1421 1672 1486 per

117 1503 221 1565 Deum
250 1503 432 1585 piissimum
464 1523 522 1587 pro
549 1505 668 1568 auxilio
697 1505 805 1586 gratiae
836 1505 867 1568 id
923 1507 1117 1569 exteriorum
1147 1523 1300 1568 sensuum
1330 1512 1436 1587 portas
1461 1522 1546 1566 mors
1571 1503 1672 1583 ingre·
1692 1519 1817 1570 aarum.

116 1603 233 1682 agendi
255 1602 450 1668 fiducialiter
471 1623 507 1666 ac
531 1604 685 1668 instanter
709 1613 865 1687 precetur.
923 1604 1038 1678 diatur,
1055 1622 1095 1666 ne
1115 1603 1201 1666 oculi
1223 1603 1351 1666 videant
1372 1602 1556 1675 vanitatem,
1573 1620 1613 1663 ne
1635 1599 1671 1662 fi·
1698 1619 1818 1668 maan,

118 1700 357 1764 Consuetudine
378 1720 454 1765 vero
475 1703 599 1785 adepta,
615 1704 677 1766 erit
698 1702 759 1767 sibi
783 1703 867 1765 istud
923 1710 1038 1784 gantur
1066 1703 1099 1765 in
1123 1701 1271 1775 feminas,
1297 1720 1337 1764 ne
1360 1719 1453 1762 aures
1483 1699 1669 1762 illicitorum
1686 1685 1720 1726 ³⁷·

118 1797 273 1880 perfacile
293 1806 324 1862 et
341 1799 532 1881 jucundum,
549 1801 614 1863 imo
633 1801 866 1864 dulcissimum.
924 1800 1096 1865 verborum
1120 1799 1243 1862 auditui
1269 1798 1479 1882 praebeantur,
1503 1798 1558 1860 sed
1580 1796 1671 1878 juxta
1754 1795 1760 1804 '

119 1896 193 1960 llaec
216 1917 355 1980 namque
376 1900 508 1980 agendo,
530 1900 712 1982 experietur
735 1897 906 1982 saepissi-B
926 1899 1132 1981 Scriptorum,
1155 1899 1318 1979 sepiantur
1342 1897 1455 1978 spinis,
1476 1914 1516 1958 ne
1540 1895 1670 1957 audiant
1711 1913 1783 1958 aaa

123 2013 175 2056 me
200 1996 431 2060 consolationes
455 1997 591 2071 divinas,
607 1998 869 2079 compunctiones
926 1998 1066 2079 linguam
1088 2015 1238 2078 nequam,
1253 2015 1294 2058 ne
1315 1995 1510 2059 audientiam
1529 1990 1757 2056 tribuant¹¹¹l¹l⁸
1771 1979 1805 2019 ²⁸·

124 2093 277 2168 internas,
304 2094 574 2160 inflammationes
599 2115 752 2178 supernas
778 2116 785 2158 ε
812 2097 871 2159 sic·
926 2095 1106 2169 detractori,
1137 2113 1240 2177 neque
1270 2093 1461 2157 discordiam
1490 2091 1671 2156 seminanti.

6 2221 49 2255 J,
65 2209 107 2250 ss.
124 2211 189 2273 que
213 2209 286 2254 cum
311 2193 418 2256 Enoch
443 2194 621 2258 ambulabit
645 2213 718 2256 cum
744 2195 818 2268 Deo,
840 2203 873 2257 et
927 2193 1152 2258 'lactusetiam
1172 2193 1333 2274 precipue
1353 2191 1532 2254 refrenetur
1550 2189 1590 2252 ab
1608 2207 1674 2251 om·

6 2317 107 2370 ream,
125 2309 201 2352 cum
217 2291 316 2354 David
330 2290 509 2356 ambulabit
525 2311 630 2356 coram
646 2293 873 2356 Dominolre
929 2293 962 2356 ni
986 2299 1134 2355 contactu
1163 2290 1379 2353 inordinatum
1410 2295 1532 2352 motum
1557 2305 1594 2348 ac
1619 2284 1675 2347 sti·

11 2385 54 2428 ¹⁴·
125 2396 223 2463 terea,
247 2397 370 2452 constat
393 2409 432 2452 ex
455 2390 506 2453 his
530 2410 626 2473 quam
651 2391 743 2472 longe
768 2392 832 2454 sint
855 2410 873 2452 a
929 2391 1054 2453 mulum
1084 2389 1273 2462 concitante,
1297 2406 1356 2450 nec
1386 2387 1419 2449 in
1448 2386 1521 2448 cibo
1547 2391 1579 2448 et
1600 2390 1676 2466 potu

126 2507 203 2550 vera
225 2487 373 2550 monachi
394 2488 525 2562 ratione,
541 2508 560 2552 a
575 2490 748 2552 monastica
771 2489 874 2571 perfe-
929 2498 1089 2573 queratur
1119 2487 1288 2551 delectatio
1318 2493 1442 2567 gustus,
1473 2484 1529 2548 sed
1558 2488 1678 2544 naturae

126 2587 243 2660 ctione,
260 2605 278 2648 a
298 2586 455 2668 spirituali
478 2587 634 2669 profectu,
651 2589 707 2670 qui
728 2587 872 2650 dissoluti
929 2587 1111 2651 necessitas.
1139 2583 1351 2649 conformiter
1375 2580 1574 2646 custodiendi
1604 2585 1679 2640 sunt

126 2692 203 2745 sunt
231 2684 375 2747 moribus
406 2685 653 2768 incustoditique
681 2687 793 2760 oculis,
819 2687 874 2768 qui
930 2686 1078 2768 religioso
1103 2703 1215 2747 sensus
1246 2683 1412 2746 interiores
1436 2680 1476 2743 ab
1500 2677 1677 2761 apprehen·

127 2791 193 2845 tam
221 2781 308 2845 facili
333 2785 500 2846 occasione
524 2785 562 2846 ad
593 2784 809 2867 loquacitates,
835 2786 874 2847 ad
929 2784 1074 2848 sionibus
1096 2782 1314 2865 phantasticis,
1335 2779 1375 2843 ab
1395 2774 1677 2859 imaginationibus

126 2881 417 2945 consolatiunculas
442 2883 581 2964 pueriles
600 2891 631 2944 ct
650 2882 752 2946 fatuas
774 2902 808 2945 se
830 2883 875 2946 ef·
930 2883 1035 2956 foedis,
1055 2902 1073 2945 a
1093 2880 1268 2963 phantasiis
1289 2877 1458 2961 protervis,
1479 2895 1497 2938 a
1518 2873 1678 2956 cogitatio

125 2980 277 3052 fundunt,
302 2987 398 3062 atque
422 2980 455 3042 in
481 2981 563 3042 risus
588 2987 619 3043 et
643 2981 814 3043 cachinnos
838 3000 875 3044 ac
931 2981 1026 3044 nibus
1042 2979 1141 3041 vanis.
1159 2978 1216 3040 llic
1236 2994 1311 3058 ergo
1330 2974 1497 3038 considera
1511 2981 1543 3036 te
1558 2973 1676 3054 ipsum,

126 3077 353 3142 dissolutiones
367 3085 544 3141 vertuntur.
557 3079 691 3142 Videant
705 3080 783 3142 tales
798 3099 874 3161 qua·
893 3079 914 3142 G
930 3098 949 3143 o
965 3078 1169 3159 religiosam
1185 3093 1260 3138 vere
1275 3075 1318 3137 sis
1334 3072 1567 3146 monachus,an
1584 3069 1679 3132 modo

125 3177 201 3238 liter
223 3195 288 3239 sua
309 3175 505 3238 satisfaciant
529 3175 731 3259 professioni,
752 3196 815 3259 qaia
835 3179 874 3240 ad
932 3176 1063 3261 praefato
1092 3174 1219 3254 frangas
1249 3179 1344 3254 atque
1375 3169 1534 3233 custodias
1564 3174 1678 3230 temet-

124 3273 358 3356 perfectionem
388 3274 530 3354 quotidie
556 3275 685 3337 tendere
714 3283 873 3348 tenentur,
932 3279 1038 3359 ipsum
1056 3293 1062 3336 :
1079 3273 1199 3354 alioqui
1223 3272 1305 3344 dole,
1327 3270 1512 3351 ingemisce,
1534 3275 1566 3330 et
1588 3267 1679 3348 juxta

125 3391 168 3434 ne
188 3379 339 3455 tanquam
359 3371 404 3434 rei
425 3378 457 3434 et
476 3380 723 3453 transgressores
738 3373 802 3435 voti
822 3374 875 3436 de·
930 3381 1078 3456 praetacta
1098 3381 1129 3433 te
1150 3371 1260 3451 dirige.

125 3489 227 3551 super
243 3469 438 3551 judicentur,
456 3469 717 3551 reprobenturac
733 3479 873 3552 pereant.
971 3469 1076 3534 'lertia
1099 3467 1272 3550 descriptio
1298 3465 1446 3528 monachi
1470 3471 1518 3527 est
1541 3481 1548 3525 :
1575 3463 1679 3525 llona·

169 3569 283 3630 lterum
299 3568 458 3631 Climacus
474 3569 664 3630 monachum
679 3569 874 3644 describens,
931 3569 1010 3631 chus
1026 3574 1074 3629 est
1088 3564 1324 3628 sanctificatum
1340 3567 1684 3645 eorpusexpurgatum.

125 3668 174 3730 ait
189 3684 196 3728 :
214 3667 384 3729 ldonachus
405 3674 453 3729 est
474 3666 627 3729 violentia
649 3675 769 3730 naturae
791 3668 877 3730 inde·
932 3685 978 3740 os,
995 3674 1026 3728 et
1041 3664 1219 3727 illuminata
1235 3681 1334 3724 mens.
1352 3663 1425 3735 Quae
1440 3657 1612 3741 descriptio
1628 3657 1680 3721 da·

124 3767 290 3838 sinens‚et
305 3765 448 3828 custodia
462 3783 614 3828 sensuum
630 3765 876 3828 indeficiensln
933 3774 985 3828 tur
1007 3763 1099 3846 quasi
1123 3779 1180 3843 per
1205 3767 1309 3843 partes
1335 3758 1514 3840 integrales,
1535 3763 1567 3818 et
1589 3756 1621 3818 in
1644 3775 1681 3818 ea

125 3884 193 3948 qua
210 3863 423 3945 descriptione
442 3864 635 3925 abstractum
656 3881 714 3945 pro
729 3872 877 3924 concreto
933 3863 1063 3946 ponitur
1084 3878 1156 3941 pars
1177 3876 1234 3941 pro
1255 3865 1331 3930 toto,
1349 3864 1384 3918 ut
1405 3856 1446 3918 sit
1467 3874 1579 3918 sensus
1596 3873 1603 3918 :
1620 3853 1681 3916 llo-

125 3971 179 4026 est
199 3962 350 4044 positum,
368 3971 402 4024 ut
421 3962 463 4023 sit
484 3981 596 4024 sensus
614 3982 620 4025 :
638 3963 808 4024 Monachus
830 3970 878 4026 est
933 3962 1055 4024 nachus
1079 3966 1127 4021 est
1152 3957 1248 4020 bomo
1277 3955 1398 4018 habens
1426 3971 1541 4036 corpus
1571 3953 1681 4014 divino

126 4061 314 4124 indesinens
334 4060 523 4123 violentator
542 4061 591 4123 sui
612 4060 724 4143 ipsius,
741 4067 773 4122 et
793 4061 878 4122 inde·
933 4058 1035 4121 cultui
1053 4064 1284 4128 consecratum,
1301 4073 1319 4115 a
1335 4051 1515 4116 carnalibus
1535 4050 1680 4132 inquina-

127 4159 244 4222 ficiens
260 4159 461 4242 propriorum
478 4177 629 4220 sensuum
646 4167 761 4221 eustos.
774 4160 876 4232 Quium
934 4157 1049 4220 mentis
1065 4153 1304 4227 mundatum,in
1320 4151 1437 4214 sanctis
1452 4149 1603 4231 operibus
1617 4149 1682 4210 ani-

10 4285 61 4326 m..
72 4295 106 4330 xl,
126 4277 270 4340 nemque
286 4257 410 4320 Christo
425 4265 567 4330 testante,
576 4275 707 4338 regnum
726 4257 877 4320 coelorum
893 4259 918 4320 h
936 4275 995 4318 mae
1015 4253 1188 4323 subditum,
1206 4250 1327 4312 habens
1348 4266 1475 4330 quoque
1490 4264 1525 4309 os
1540 4265 1558 4307 a
1573 4245 1680 4308 verbis

127 4357 198 4420 vim
222 4356 369 4438 patiatur,
385 4363 417 4417 et
438 4355 569 4418 violenti
592 4356 715 4437 rapiant
739 4355 829 4428 illud,
846 4363 878 4417 et
936 4352 1056 4416 illicitis
1077 4367 1194 4434 purum
1213 4367 1249 4409 ac
1265 4353 1374 4408 sancto
1389 4343 1517 4408 silentio
1532 4361 1679 4425 perorna·

10 4481 108 4529 ,ntra
127 4461 220 4518 arcta
240 4453 281 4515 sit
296 4453 347 4514 via
365 4451 476 4514 salutis
490 4452 538 4531 (in
558 4450 675 4534 quibus
692 4453 798 4514 verbis
817 4472 878 4515 coe·
934 4461 1014 4524 tum,
1038 4457 1070 4510 et
1094 4454 1233 4510 mentem
1258 4446 1395 4526 desuper
1419 4442 1619 4513 illustratam,
1641 4441 1680 4502 ad

127 4552 268 4616 lestibus
292 4550 422 4614 violenti
448 4558 602 4612 vocantur
624 4551 678 4632 qui
709 4551 878 4613 salubriter
934 4550 1117 4613 divinorum
1140 4541 1441 4624 contemplationem
1466 4539 1598 4620 limpide
1618 4539 1680 4600 ele-

125 4652 267 4716 vincunt
286 4668 319 4711 se
340 4649 436 4730 ipsos,
453 4655 484 4709 et
504 4648 674 4710 salutarem
691 4649 876 4711 violentiam
934 4655 1049 4710 vatam.
1068 4645 1130 4708 Cur
1144 4649 1251 4704 autem
1270 4658 1326 4721 per
1341 4639 1401 4700 tria
1417 4638 1484 4700 haec
1500 4635 1682 4719 specialiter

124 4749 275 4813 inferunt
295 4746 517 4828 sibimetipsis,
535 4765 631 4827 prava
650 4746 806 4809 desideria
829 4765 879 4809 su·
935 4743 1128 4808 describitur
1150 4738 1336 4810 monachus,
1352 4737 1415 4798 nisi
1438 4735 1589 4817 quoniam
1611 4753 1681 4816 spe-

125 4847 283 4932 parando,
293 4853 325 4907 et
339 4846 404 4908 Deo
419 4843 580 4926 propriam
597 4843 792 4906 voluntatem
809 4844 880 4906 sub·
936 4843 1058 4904 cialiter
1078 4846 1223 4922 spectant
1241 4837 1280 4898 ad
1297 4854 1382 4909 eum,
1399 4841 1431 4896 et
1449 4834 1481 4896 in
1497 4834 1547 4895 his
1566 4833 1629 4896 alia
1643 4834 1682 4896 ad

123 4945 260 5024 dendo),
277 4944 410 5026 patescit
424 4942 509 5024 quod
525 4949 644 5024 quanto
658 4942 796 5024 religiosi
814 4961 879 5023 prae
936 4941 1041 5023 ipsum
1057 4935 1234 5020 spectantia
1249 4934 1475 4996 includunturl
1490 4933 1598 5013 ltaque
1613 4949 1684 4994 con·

124 5043 247 5108 ceteris
276 5041 377 5122 magis
406 5040 645 5121 abnegaverunt
668 5059 702 5102 se
732 5039 818 5122 ipsos
848 5047 879 5102 et
936 5046 997 5102 stat
1011 5055 1106 5120 quam
1124 5035 1216 5116 longe
1231 5033 1350 5095 distent
1364 5051 1382 5092 a
1398 5031 1552 5093 monacho
1567 5029 1681 5110 gulosi,

124 5141 270 5227 propriis
286 5138 504 5202 voluntatibus
523 5137 797 5211 renuntiaverunt,
814 5146 880 5200 tan·
935 5135 1065 5219 garruli,
1083 5134 1261 5216 pertinaces
1282 5149 1319 5193 ac
1340 5129 1423 5191 duri.

126 5251 165 5304 to
184 5238 325 5320 amplius
343 5236 526 5317 obligantur
548 5236 708 5317 propriam
730 5254 879 5317 superare
907 5235 908 5238 ’
976 5235 1091 5306 Quarta
1119 5229 1292 5311 descriptio
1320 5234 1368 5289 est
1398 5246 1405 5290 ι
1436 5227 1607 5289 ldonachus
1635 5234 1684 5289 est

125 5345 292 5410 naturam,
309 5334 453 5417 proprias
473 5333 635 5396 libertates
655 5334 881 5416 concupiscen-
938 5350 1077 5396 moerens
1092 5338 1123 5394 et
1138 5330 1248 5392 dolens
1267 5327 1373 5390 anima
1392 5325 1585 5389 indesinenti
1604 5343 1685 5388 mor·
