4214 6254
424 493 483 564 {02
834 513 982 562 nonnum
1004 514 1047 559 ss.
1068 510 1309 558 minimus-
1330 509 1431 556 sunno
1450 508 1560 554 ramus

423 688 595 751 admodum
621 687 647 749 si
672 687 718 748 sol
744 687 813 770 ipse
836 685 876 748 ab
906 691 1023 748 aeterno
1047 682 1169 756 fuisset,
1184 678 1210 744 Α
1225 688 1273 744 est
1291 680 1452 762 generatio
1472 681 1598 763 penitus
1618 677 1765 761 simplex,
1781 674 1967 738 immateria-

425 786 577 868 splendor
590 784 630 847 ab
645 791 764 848 aterno
780 783 985 866 profluxisset
1001 801 1019 843 a
1034 780 1119 859 sole;
1140 787 1172 842 et
1226 779 1275 854 lis,
1292 778 1490 841 invariabilis
1509 785 1541 841 et
1560 777 1709 861 perfecta.
1732 775 1854 838 Idcirco
1874 773 1967 836 Filius

425 882 573 964 quamvis
588 881 720 945 haberet
739 900 808 944 esse
825 878 1169 961 originemqueasole,
1226 897 1388 960 nunquam
1419 877 1480 939 fuit
1508 878 1597 939 Patre
1626 875 1742 948 minor,
1768 873 1888 955 junior,
1918 878 1968 934 aut

425 987 531 1042 tamen
548 987 722 1043 coaeternus
738 979 905 1041 exsisteret
918 977 996 1040 soli:
1013 977 1060 1038 sic
1074 975 1172 1038 Filius
1226 977 1442 1058 impotentior,
1468 982 1522 1037 aut
1552 973 1754 1056 insipientior
1769 991 1778 1051 3
1804 971 1858 1034 sed
1884 972 1968 1034 Pater

425 1078 481 1142 Dei
502 1078 598 1141 babet
619 1097 688 1141 esse
711 1097 804 1140 suum
826 1078 951 1139 aPatre
971 1093 1097 1138 summo
1116 1093 1172 1157 per
1226 1082 1373 1146 aeternus,
1405 1073 1576 1156 perfectae,
1609 1072 1797 1145 immensus,
1827 1068 1968 1150 omnipo

424 1177 662 1258 generationem
682 1184 854 1254 aetcrnam3
874 1175 976 1238 nihilo
995 1174 1102 1236 minus
1121 1191 1172 1235 co·
1225 1178 1296 1234 tens
1321 1190 1510 1253 summeque
1535 1170 1673 1252 sapiens,
1697 1167 1917 1230 immaterialis
1941 1175 1969 1228 et

425 1282 562 1336 aeternus
578 1283 627 1336 est
640 1274 722 1337 Patri
737 1273 902 1336 altissimo.
921 1273 1055 1354 lnsuper
1074 1271 1172 1354 Spiri-
1227 1269 1374 1351 simplex,
1400 1269 1591 1332 eternaliter
1614 1267 1724 1349 genuit
1747 1266 1862 1328 fitium
1882 1272 1968 1327 aeter-

424 1382 477 1436 tus
502 1374 635 1436 Sanctus
658 1381 706 1436 est
727 1392 745 1435 a
767 1374 855 1435 Patre
876 1380 907 1434 et
928 1371 1017 1444 Filio,
1034 1371 1117 1432 sicut
1131 1369 1170 1431 ab
1227 1388 1316 1442 num,
1338 1367 1527 1450 perfectum,
1549 1367 1756 1438 immensum,
1773 1365 1969 1445 omnipoten-

426 1489 490 1534 uno
505 1471 617 1535 fontali
633 1471 803 1554 principio,
819 1471 850 1532 in
867 1477 1021 1553 quantum
1037 1469 1126 1530 Pater
1140 1474 1172 1529 et
1227 1473 1290 1528 tem
1311 1485 1500 1547 summeque
1519 1466 1707 1547 sapientem,
1729 1461 1968 1524 immaterialem

426 1571 524 1633 ditius
545 1589 645 1632 unum
667 1577 751 1644 sunt,
768 1570 828 1632 boc
848 1576 896 1632 est
914 1568 1010 1630 unius
1028 1566 1172 1629 substan·
1227 1583 1264 1625 ac
1289 1563 1479 1645 simplicem.
1502 1563 1539 1625 Et
1561 1564 1644 1625 idem
1669 1561 1843 1624 tenendum
1865 1567 1915 1622 est
1935 1559 1970 1620 de

424 1668 476 1731 tim
491 1686 528 1730 ac
543 1668 726 1742 voluntatis,
744 1676 775 1731 et
795 1687 877 1729 unus
896 1666 1051 1748 spirat0r;
1068 1671 1100 1726 et
1114 1665 1172 1725 sic·
1228 1661 1430 1745 processione
1450 1661 1587 1742 Spiritus
1607 1659 1724 1733 Sancti,
1741 1658 1826 1740 quod
1847 1657 1917 1740 ipsa
1934 1655 1972 1718 sit

426 1772 461 1829 ut
481 1767 579 1828 l'ilius
602 1774 777 1829 coaeternus
798 1773 847 1827 est
865 1765 959 1838 Patri,
977 1765 1017 1825 ita
1034 1763 1171 1844 Spiritus
1227 1768 1354 1833 aeterna,
1386 1759 1616 1832 immaterialis,
1647 1756 1799 1839 perfecta,
1828 1764 1860 1818 et
1889 1756 1970 1836 quod

424 1865 557 1928 Sanctus
572 1873 747 1940 coaternus
762 1870 810 1926 est
825 1863 907 1925 Patri
922 1881 958 1924 ac
975 1861 1062 1924 Filio.
1073 1860 1171 1940 Cujus
1188 1854 1212 1915 B
1228 1857 1363 1938 Spiritus
1386 1857 1519 1919 Sanctus
1541 1856 1582 1917 sit
1603 1856 1634 1916 in
1655 1856 1743 1918 omni
1764 1852 1970 1936 perfectione,

424 1960 607 2043 exemplum
632 1980 731 2022 unum
749 1961 815 2041 jam
839 1961 979 2042 positum
998 1966 1046 2020 est
1065 1958 1103 2020 de
1123 1975 1171 2020 so·
1227 1955 1379 2018 felicitate
1399 1963 1430 2018 et
1449 1955 1549 2036 gloria
1569 1955 1650 2016 Patri
1672 1953 1814 2034 Filioque
1834 1970 1972 2033 coaequa·

424 2058 453 2121 le
474 2066 505 2120 et
524 2058 595 2139 ejus
615 2058 793 2140 splendore.
811 2058 944 2120 Possunt
964 2074 1090 2138 quoquc
1110 2055 1172 2116 alia
1228 2054 1277 2127 lis³
1304 2054 1348 2116 ita
1372 2054 1456 2135 quod
1481 2053 1618 2134 Spiritus
1648 2051 1781 2113 Sanctus
1807 2058 1856 2112 est
1880 2067 1972 2112 verus

425 2157 525 2218 multa
540 2156 692 2237 assignari
711 2156 881 2238 exempla:
900 2156 974 2236 quia
991 2155 1017 2216 si
1035 2154 1116 2235 ignis
1132 2153 1171 2214 ab
1227 2153 1321 2224 Deus,
1348 2151 1505 2224 infinitus,
1532 2151 1744 2232 omnipotens,
1771 2148 1971 2230 simplicissi-

424 2261 542 2317 aaterno
562 2253 686 2327 fuisset,
703 2253 788 2317 calor
807 2271 934 2335 quoque
953 2253 1023 2332 ejus
1041 2261 1171 2314 aterna·
1229 2269 1310 2323 mus,
1329 2269 1518 2331 summeque
1538 2248 1676 2331 sapiens,
1697 2247 1888 2320 adorandus,
1909 2265 1973 2328 per·

424 2352 497 2413 liter
519 2351 702 2424 exstitisset,
722 2358 754 2412 et
776 2359 881 2412 tamen
904 2350 944 2411 ab
967 2351 1039 2430 igne
1060 2349 1171 2411 fluxis·
1227 2348 1340 2410 fectus.

424 2457 492 2528 set;
516 2449 676 2522 similiter,
700 2449 725 2510 si
749 2467 805 2530 pes
826 2449 866 2510 ab
891 2456 1009 2510 aeterno
1033 2448 1172 2509 stetisset
1266 2447 1437 2522 Postremo,
1454 2447 1492 2508 de
1514 2446 1607 2509 modo
1621 2442 1834 2526 generationis
1849 2461 1888 2505 ac
1904 2459 1972 2525 pro-

423 2547 456 2609 in
486 2546 630 2629 pulvere,
660 2546 831 2626 vestigium
865 2546 954 2627 pedis
985 2553 1068 2607 esset
1098 2545 1170 2626 pedi
1226 2545 1378 2608 cessionis
1391 2545 1507 2607 divinat
1519 2544 1639 2626 aliquid
1653 2541 1901 2625 superficialiter
1910 2542 1972 2623 jam

423 2645 621 2718 coaeternale,
644 2651 800 2708 ettamen
821 2651 940 2706 esseta
961 2645 1050 2726 pede.
1078 2643 1170 2706 Deni-
1226 2643 1393 2723 tangendo,
1418 2643 1585 2704 sciendum
1611 2642 1695 2723 quod
1720 2641 1802 2702 fleus
1826 2639 1918 2702 Pater
1942 2659 1972 2701 se

423 2763 485 2826 que
507 2743 539 2804 in
561 2742 654 2805 nobis
676 2743 754 2824 ipsis
780 2742 961 2808 invenimus
986 2741 1169 2823 exemplum
1226 2741 1331 2822 ipsum
1363 2741 1515 2802 intuendo
1544 2759 1581 2801 ac
1607 2739 1823 2819 intelligenda,
1850 2738 1973 2800 intelle-

422 2841 583 2923 quomodo
606 2840 743 2924 Spiritus
773 2841 906 2903 Sanctus
936 2841 1035 2922 possit
1059 2859 1127 2902 esse
1152 2859 1170 2900 a
1225 2839 1371 2901 ctualiter
1393 2839 1475 2901 intra
1495 2858 1527 2900 se
1548 2838 1688 2919 concipit
1706 2856 1742 2899 ac
1763 2836 1886 2919 profert
1906 2855 1972 2899 ver·

422 2938 511 3000 Patre
535 2945 566 3000 et
586 2937 676 3013 Filio,
693 2938 769 3019 quia
789 2937 821 2998 in
840 2937 947 2999 anima
967 2944 1074 2999 nostra
1096 2945 1171 2999 sunt
1226 2938 1302 2999 bum
1324 2956 1423 2998 unum
1447 2937 1583 2998 mentale
1605 2937 1644 2998 de
1665 2953 1703 2998 eo
1724 2935 1808 3017 quod
1830 2935 1973 2996 intuetur

423 3055 524 3110 mens,
547 3035 658 3098 notitia
681 3042 712 3098 et
733 3035 871 3097 dilectio.
892 3035 928 3096 Et
950 3035 1063 3097 notitia
1084 3045 1132 3097 est
1152 3056 1170 3097 a
1188 3035 1209 3098 G
1225 3042 1319 3116 atque
1336 3035 1494 3115 intelligit.
1518 3034 1555 3095 Et
1574 3034 1633 3097 boc
1653 3034 1786 3096 verbum
1804 3039 1971 3104 aeternum,

423 3141 547 3212 mente;
566 3133 695 3196 dilectio
714 3141 821 3196 autern
845 3140 893 3194 est
912 3151 930 3194 a
951 3139 1056 3195 mente
1077 3140 1108 3195 ct
1129 3133 1169 3194 ab
1225 3132 1415 3194 eternaliter
1438 3131 1759 3212 intellectualiterque
1777 3131 1971 3213 prolatuma

421 3233 492 3312 ejus
515 3232 635 3294 notitia.
659 3232 726 3294 Non
750 3232 836 3294 enim
859 3251 877 3293 a
899 3239 1005 3293 mente
1028 3231 1170 3313 procedit
1224 3231 1324 3303 Patre,
1346 3238 1393 3292 est
1418 3229 1601 3312 unigenitus
1624 3229 1722 3292 Filius
1743 3229 1825 3310 ejus,
1846 3231 1885 3291 de
1910 3247 1971 3311 quo

422 3329 551 3392 dilectio
573 3328 635 3391 nisi
660 3331 820 3392 mediante
842 3330 965 3402 notitia,
987 3330 1063 3411 quia
1084 3329 1169 3392 inco·
1225 3329 1380 3410 scriptum
1403 3336 1450 3390 est
1470 3347 1476 3390 :
1498 3329 1531 3390 ln
1553 3327 1712 3410 principio
1732 3336 1798 3390 arat
1817 3327 2078 3397 Verbummun.

422 3427 547 3508 gnitum
563 3445 626 3490 non
643 3435 747 3508 potest
761 3428 871 3500 amari,
889 3435 972 3488 etex
989 3427 1168 3507 cognitione
1224 3434 1257 3488 et
1273 3426 1411 3488 Verbum
1433 3434 1501 3488 erat
1519 3426 1604 3508 apud
1624 3427 1736 3500 Deum,
1754 3434 1785 3488 et
1804 3427 1888 3489 fleus
1906 3436 1972 3489 crat

422 3525 567 3608 procedit
587 3524 726 3587 affectio.
924 3515 925 3518 '
1223 3525 1373 3587 Verbum.
1387 3525 1598 3587 conformiter
1613 3525 1703 3587 Pate-r
1717 3532 1749 3587 et
1763 3524 1861 3587 Filius
1877 3544 1913 3588 se
1930 3527 1972 3587 in-

462 3624 625 3697 Praeterea,
642 3622 789 3703 quamvis
805 3622 920 3695 idiote,
939 3624 1033 3685 rudes
1049 3631 1080 3686 et
1094 3625 1169 3686 sim-
1224 3623 1329 3684 vicem
1346 3623 1518 3705 diligendo,
1535 3623 1631 3685 simul
1654 3623 1835 3704 producunt
1856 3631 1889 3684 et
1911 3623 1972 3705 spi·

422 3721 523 3805 plices
547 3721 694 3783 homines
719 3738 782 3782 non
813 3720 949 3783 debeant
973 3740 1006 3783 se
1032 3722 1168 3784 multum
1225 3728 1295 3782 rant
1318 3739 1458 3783 amorem
1487 3741 1587 3782 unum
1612 3719 1789 3802 perfectum
1815 3730 1847 3784 ct
1868 3722 1971 3783 subsi-

421 3837 579 3900 occupare
595 3818 680 3880 circa
696 3837 854 3880 summam
876 3825 906 3880 et
927 3819 1168 3902 incomprehen-
1224 3826 1372 3892 stentem,
1393 3820 1447 3900 qui
1466 3826 1597 3881 vocatur
1617 3826 1649 3881 et
1668 3827 1717 3881 est
1735 3819 1873 3901 Spiritus
1895 3821 1972 3883 San-

422 3917 550 3980 sibilem
568 3915 764 3990 Trinitatem,
782 3918 951 3979 scrutando
970 3926 1025 3979 aut
1043 3919 1168 3982 curiose
1224 3925 1302 3978 ctus.
1320 3918 1391 3979 llaec
1408 3918 1446 3979 de
1462 3917 1727 3999 superbenedicta
1740 3917 1894 3981 l'rinitate
1909 3919 1973 3980 sint

422 4015 590 4097 cogitando
615 4015 773 4096 quomodo
797 4022 860 4076 tres
884 4033 1025 4098 persona
1047 4018 1170 4098 possint
1223 4014 1471 4096 superficialiter
1484 4022 1575 4076 tacta.

422 4133 492 4176 esse
509 4131 591 4174 unus
607 4113 701 4186 Deus,
719 4112 768 4174 vel
785 4115 944 4194 quomodo
961 4113 1058 4176 Filius
1077 4134 1169 4196 gene·
1264 4113 1430 4194 Deinceps,
1448 4113 1599 4195 quoniam
1620 4113 1756 4176 Trinitas
1778 4115 1837 4177 ista
1855 4115 1972 4178 altissi-

421 4219 509 4274 retur
523 4231 541 4273 a
555 4212 655 4285 Patre,
665 4217 720 4273 aut
733 4211 870 4292 qualiter
884 4212 1018 4294 Spiritus
1035 4213 1167 4276 Sanctus
1184 4211 1209 4273 D
1224 4231 1276 4272 ma
1303 4219 1351 4273 est
1379 4218 1442 4272 tam
1475 4230 1562 4293 purae
1591 4210 1791 4293 infinitaequc
1820 4215 1972 4276 sanctita*

420 4310 571 4393 procedat
585 4308 625 4372 ab
641 4317 786 4391 utroque,
804 4311 858 4372 sed
875 4310 1018 4372 sufficiat
1032 4311 1078 4374 eis
1094 4312 1168 4374 sim·
1222 4309 1274 4382 tis,
1292 4309 1362 4371 ideo
1378 4309 1445 4370 vult
1461 4308 1577 4371 habere
1598 4310 1735 4371 cultores
1755 4318 1787 4372 et
1807 4311 1971 4374 ministros

420 4408 557 4490 pliciter,
581 4408 720 4470 firmiter
739 4415 834 4490 atque
854 4408 1019 4471 humiliter
1038 4410 1166 4472 credere
1223 4408 1368 4480 mundos,
1385 4408 1514 4470 devotos
1533 4426 1569 4468 ac
1589 4407 1755 4470 virtuosos.
1774 4409 1904 4491 Oportet
1923 4431 1970 4473 er-

420 4507 504 4588 quod
530 4506 573 4567 ita
597 4505 648 4580 sit,
672 4512 704 4567 et
728 4506 813 4587 quod
838 4505 883 4567 sic
908 4507 1102 4568 credendum
1126 4509 1167 4569 sit
1221 4523 1260 4584 go
1277 4512 1312 4565 ut
1325 4504 1414 4584 juxta
1429 4505 1606 4567 doctrinam
1621 4506 1774 4587 Apostoli,
1791 4527 1864 4570 cum
1880 4517 1968 4571 metu
1995 4527 2079 4572 Helen

419 4603 501 4664 sicut
519 4603 610 4666 docet
629 4609 738 4665 sancta
757 4603 919 4682 Ecclesia3
937 4604 1039 4666 nihilo
1059 4605 1166 4667 minus
1221 4611 1253 4666 et
1274 4603 1451 4665 reverentia
1472 4604 1648 4666 serviamus
1671 4604 1805 4668 Domino
1826 4607 1890 4669 Deo
1912 4609 1969 4669 uni
1983 4596 2012 4634 ²⁸·

419 4699 666 4782 superficialiter
689 4701 775 4781 tangi
805 4708 908 4782 potest
931 4719 968 4762 ac
993 4702 1086 4782 plane
1110 4703 1165 4764 ali·
1221 4721 1258 4764 ac
1273 4702 1356 4764 trino
1374 4719 1381 4762 :
1398 4703 1473 4784 quia
1494 4702 1682 4765 maledictus
1701 4704 1797 4766 bomo
1815 4705 1870 4787 qui
1891 4705 1967 4768 facit
1989 4726 2075 4768 taam

420 4799 497 4881 quid
522 4798 560 4860 de
585 4799 644 4860 ista
669 4799 810 4860 materia.
835 4799 954 4880 ltaque,
979 4799 1061 4860 sicut
1083 4800 1165 4862 fleus
1220 4820 1301 4883 opus
1317 4802 1371 4864 Dei
1388 4803 1594 4883 negligenter.
1608 4803 1646 4865 Ut
1660 4811 1767 4865 autem
1783 4805 1846 4868 Deo
1862 4805 1968 4869 taliter
1982 4792 2012 4831 ¹⁰·

419 4896 621 4979 omnipotens
637 4904 669 4958 et
684 4903 832 4971 aeternus,
850 4896 882 4958 in
900 4897 1027 4978 propria
1042 4916 1099 4960 sua
1114 4917 1166 4959 na·
1220 4900 1407 4973 serviamus
1424 4907 1548 4982 oportet
1567 4909 1601 4962 ut
1621 4920 1692 4963 cum
1713 4903 1831 4966 sanctis
1846 4905 1966 4967 anima·
1982 4915 2075 4977 xpc-rt

419 5005 489 5057 tura
517 5014 553 5056 ac
578 4994 693 5057 deitate
720 5001 768 5056 est
792 4993 1050 5076 simplicissimus
1075 4995 1166 5076 spiri·
1219 4997 1304 5059 libus
1329 4999 1430 5060 simus
1456 4999 1543 5080 pleni
1564 4999 1677 5072 oculis,
1701 5000 1732 5061 id
1755 5008 1810 5073 cst¹
1825 5002 1966 5076 discreti,

419 5102 481 5168 tus,
497 5100 529 5156 et
544 5112 600 5156 ens
616 5093 747 5155 omnino
766 5093 956 5175 perfectum,
975 5093 1166 5156 immateria-
1219 5095 1344 5178 providi
1370 5105 1401 5158 et
1425 5097 1649 5178 circumspecti
1682 5097 1713 5158 in
1738 5099 1900 5174 omnibus,
1928 5123 1968 5165 ne

419 5193 458 5266 le,
481 5191 689 5274 incorporale,
711 5190 918 5270 invariabile3
941 5191 984 5255 ita
1002 5193 1165 5273 generatio
1218 5194 1338 5276 aliquid
1355 5194 1509 5258 faciamus
1524 5196 1609 5277 quod
1625 5195 1716 5259 nobis
1732 5217 1750 5259 a
1769 5199 1835 5261 Deo
1853 5209 1909 5262 aut
1928 5201 1968 5264 ab

418 5310 481 5374 qua
505 5289 603 5353 Filius
623 5289 677 5351 llei
697 5297 866 5371 generatur
889 5309 907 5353 a
925 5291 1013 5353 Patre
1032 5299 1161 5368 aterno,
1218 5293 1358 5357 Ecclesia
1374 5294 1567 5376 prohibetur,
1576 5313 1632 5358 nec
1647 5295 1765 5376 aliquid
1782 5298 1968 5362 omittamus
