4192 6258
438 473 498 566 513⁰
771 491 918 539 noumrcx
938 493 991 539 xrx
1012 492 1085 539 rosr
1105 492 1298 538 mrurrxrnu.
1319 510 1359 520 —
1380 492 1478 540 scano
1499 493 1651 541 sncmnus

439 661 658 725 misericordia
673 661 728 725 Dei
745 663 778 724 in
794 671 957 727 eternum.
968 665 1035 728 lmo
1051 671 1083 726 et
1099 663 1186 726 Chri·
1200 664 1226 728 A
1240 663 1377 738 ritatem,
1394 671 1426 726 et
1441 663 1530 726 velut
1546 664 1645 728 clavis
1664 663 1842 746 configitur
1861 682 1913 745 per
1924 663 1967 726 Dei

440 768 507 824 stus
522 781 556 824 se
572 760 678 844 ipsum
695 763 775 824 dixit
790 763 892 826 viride
908 763 1043 845 lignum,
1059 763 1186 845 quando
1242 763 1407 842 timorem;
1433 769 1465 824 et
1488 781 1528 825 ne
1557 783 1614 846 per
1638 762 1780 826 occultas
1809 762 1968 824 daemonun

440 859 586 941 bajulans
602 861 664 924 sibi
680 880 809 924 crucem
825 862 934 936 exivit,
951 870 982 924 et
998 861 1187 924 mulieribus
1240 868 1323 922 artes
1338 860 1495 935 vincatur,
1507 860 1752 942 diligentissime
1768 859 1935 923 custoditur
1946 869 1969 924 et

306 976 425 1027 coeman.
441 957 547 1041 ipsum
569 958 795 1041 plangentibus
814 960 858 1023 ait
875 977 882 1022 :
899 961 986 1023 Pilia
999 959 1185 1034 Jerusalem,
1241 958 1521 1033 circummunitur,
1538 967 1602 1020 tam
1625 977 1682 1041 per
1699 959 1874 1022 Dominum
1892 957 1970 1020 salva·

293 1042 372 1090 '⁸¹³¹'
439 1057 538 1119 nolite
552 1056 632 1120 flere
648 1077 745 1140 super
760 1077 823 1134 me,
840 1060 895 1121 scd
916 1077 1012 1140 super
1027 1075 1083 1122 vos
1102 1058 1187 1140 ipsas
1241 1063 1354 1132 torem,
1375 1057 1441 1118 imo
1462 1063 1561 1119 totam
1586 1055 1903 1139 superbeatissimam
1921 1057 1971 1119 lri-

437 1155 515 1219 flete
530 1164 562 1220 et
576 1176 673 1239 super
687 1157 774 1220 filios
791 1165 932 1236 vestros;
954 1157 1029 1239 quia
1050 1157 1076 1218 si
1093 1156 1125 1218 in
1140 1155 1186 1219 vi·
1241 1155 1386 1228 nitatem,
1402 1174 1499 1237 quam
1519 1174 1577 1237 per
1590 1154 1721 1236 angelos
1740 1161 1878 1228 sanctos,
1893 1174 1970 1236 quan

439 1253 502 1317 ridi
516 1255 603 1336 ligno
617 1255 685 1319 hauc
701 1255 833 1330 faciunt,
851 1255 883 1318 in
898 1254 988 1317 arido
1008 1255 1085 1336 quid
1105 1253 1186 1316 fietl
1239 1252 1337 1315 etiam
1362 1271 1419 1335 per
1448 1253 1604 1335 praelatos.
1629 1253 1711 1315 llinc
1736 1252 1881 1315 Ecclesia
1906 1253 1971 1315 desi-

478 1352 635 1428 Secundo,
667 1353 809 1417 Ecclesia
837 1353 955 1416 dicitur
984 1352 1085 1426 navis,
1110 1369 1186 1434 quo·
1240 1359 1355 1432 gnatur
1384 1370 1441 1433 per
1469 1351 1627 1434 templum
1654 1369 1691 1413 ac
1725 1351 1887 1414 civitatem
1916 1370 1971 1432 qua

436 1450 524 1514 niam
544 1452 628 1514 sicut
648 1453 738 1516 navis
759 1452 911 1515 continue
927 1459 976 1514 est
992 1451 1025 1514 in
1044 1471 1137 1534 aqua,
1154 1457 1186 1513 et
1241 1449 1399 1511 Ezechieli
1425 1449 1458 1511 in
1484 1449 1607 1512 visione
1632 1455 1807 1512 monstrata
1830 1455 1910 1512 sunt.
1932 1449 1972 1510 l'i·

436 1550 554 1632 partim
577 1550 711 1632 tingitur
732 1569 780 1627 ea,
803 1551 846 1614 ita
868 1549 1010 1613 Ecclesia
1031 1548 1183 1622 militans,
1241 1547 1375 1610 debatur
1403 1547 1524 1630 quippe
1554 1548 1712 1629 templum
1746 1547 1867 1630 triplici
1896 1565 1971 1608 muro
1999 1567 2042 1608 ui

437 1666 494 1710 seu
518 1648 658 1731 populus
686 1648 879 1712 christianus
909 1647 974 1710 fide
1000 1655 1032 1709 et
1056 1647 1185 1710 caritate
1240 1645 1484 1720 circumdatum,
1505 1646 1545 1708 ad
1569 1645 1800 1708 insinuandum
1824 1646 1907 1728 quod
1928 1630 2062 1746 Ec-ffilff

437 1753 578 1822 ornatus,
605 1746 822 1811 indesinenter
845 1754 894 1809 est
918 1746 952 1808 in
975 1745 1186 1809 tribulationi·
1240 1741 1338 1806 clesia
1352 1742 1493 1806 militans
1508 1742 1629 1825 triplici
1645 1742 1806 1825 spirituali
1821 1743 2032 1806 maroch-tut.

439 1842 507 1918 bus,
515 1845 788 1927 persecutionibus
803 1844 1096 1926 tentationibusque
1110 1860 1186 1907 non·
1203 1839 1419 1916 Boumdatur,
1435 1841 1584 1904 firmatur
1602 1860 1639 1904 ac
1660 1842 1849 1905 custoditur.
1866 1841 1973 1904 Primus

292 1964 426 2016 termam.
439 1943 548 2020 nullis,
565 1962 666 2026 quum
682 1943 766 2007 dicat
779 1944 950 2027 Apostolus
967 1963 974 2008 :
990 1944 1048 2006 Per
1068 1942 1184 2005 multas
1241 1947 1289 2004 est
1316 1940 1470 2003 Dominus
1500 1940 1595 2016 Deus,
1621 1959 1678 2003 seu
1704 1940 1776 2022 ejus
1805 1941 1973 2003 adsistentis

439 2041 661 2107 tribulationes
689 2049 814 2126 oportet
842 2060 900 2105 nos
929 2043 1047 2106 intrare
1075 2042 1108 2103 in
1137 2059 1186 2103 re-
1238 2039 1386 2122 gratiosa,
1412 2039 1568 2122 protectio
1597 2040 1661 2122 pia,
1687 2039 1764 2122 quis
1793 2047 1828 2103 ut
1852 2040 1896 2103 uit
1916 2039 1974 2102 Pro

305 2155 424 2209 siriam,
438 2159 537 2222 gnum
568 2141 732 2205 coelorum.
760 2141 798 2202 Et
821 2141 927 2204 denuo
953 2160 960 2204 :
987 2140 1104 2203 Omnes
1124 2138 1186 2221 (in-
1238 2140 1345 2221 pheta,
1357 2139 1510 2201 Dominus
1529 2139 1562 2200 in
1582 2139 1721 2202 circuitu
1740 2139 1855 2222 populi
1873 2139 1935 2218 sui;
1948 2145 2063 2203 alrami

292 2219 326 2262 ¹²·
438 2240 522 2323 quit)
537 2241 593 2322 qui
606 2241 719 2303 volunt
733 2239 785 2322 pie
801 2239 909 2302 vivere
925 2240 958 2301 in
973 2238 1109 2313 Christo,
1117 2257 1186 2320 per·
1240 2238 1367 2314 iterum,
1392 2239 1461 2302 Nisi
1484 2238 1638 2302 Dominus
1668 2239 1857 2302 custodierit
1880 2238 2060 2301 cirita-nm«.

438 2339 634 2402 secutionem
650 2339 909 2421 patientur.Deus
924 2355 1051 2420 quoque
1067 2337 1184 2400 electos
1239 2345 1316 2412 tem,
1334 2337 1452 2400 frustra
1472 2336 1606 2418 vigilant
1625 2335 1680 2419 qui
1703 2338 1889 2400 custodiunt
1903 2356 1972 2400 eam.

437 2454 512 2500 suos
539 2437 571 2500 in
596 2437 712 2500 seculo
735 2437 796 2500 isto
822 2437 964 2500 adversis
991 2443 1127 2510 exercet,
1149 2443 1184 2499 ut
1238 2436 1319 2498 llinc
1343 2435 1377 2498 in
1401 2435 1481 2498 lsaia
1505 2435 1622 2516 legitur
1642 2436 1682 2499 de
1707 2435 1884 2500 Ecclesia:
1908 2436 1975 2499 Urbs
1989 2458 2060 2501 uer

436 2554 495 2618 per
510 2555 547 2599 ea
566 2542 744 2619 purgentur
757 2535 888 2612 avitiis,
905 2544 1001 2619 atque
1016 2537 1055 2599 ad
1070 2535 1183 2617 gratia·
1237 2533 1436 2598 fortitudinis
1455 2541 1571 2598 nostrae
1586 2534 1673 2609 Sion,
1691 2534 1835 2598 Salvator
1853 2541 1975 2618 ponetur

438 2653 510 2697 rum
524 2634 713 2698 charismata
727 2635 945 2717 disponantur.
954 2636 1085 2718 Propter
1099 2635 1183 2716 quod
1239 2634 1272 2696 in
1287 2653 1324 2696 ca
1339 2653 1452 2696 murus
1467 2641 1500 2696 et
1513 2633 1723 2697 antemurale.
1740 2635 1905 2698 Secundus
1920 2653 1976 2696 mn

289 2756 422 2814 spallit.
438 2731 580 2815 loquitur
601 2751 608 2796 :
630 2733 694 2816 Ego
717 2752 797 2817 quos
819 2753 902 2810 amo,
918 2751 1016 2816 arguo
1038 2741 1069 2796 et
1091 2733 1182 2795 casti·
1239 2753 1293 2795 rus
1316 2740 1365 2796 est
1393 2733 1580 2814 angelorum
1609 2731 1755 2796 custodia
1780 2753 1788 2796 :
1814 2735 1900 2797 unde
1922 2749 1976 2796 uno

436 2848 486 2914 go.
503 2831 666 2908 Preterea,
683 2832 779 2896 horno
793 2833 905 2896 volens
920 2832 1075 2896 veraciter
1093 2831 1184 2912 juxta
1239 2832 1333 2895 modo
1358 2831 1529 2914 exponitur
1551 2831 1638 2915 quod
1667 2832 1700 2894 in
1730 2833 1810 2895 lsaia
1833 2832 1976 2896 Dominus

437 2930 653 3012 evangelicam
668 2930 777 2994 vivere
792 2931 907 3013 legem,
924 2932 1108 2994 continuam
1129 2930 1183 2992 ba·
1239 2931 1390 3014 loquitur,
1422 2931 1524 3014 Super
1553 2949 1662 2994 muros
1692 2939 1776 3008 tuos,
1799 2933 1974 3005 Jerusalem,
1987 2951 2061 2996 tuno

437 3028 492 3092 bet
507 3046 647 3112 pugnam
663 3035 770 3092 contra
785 3030 886 3092 aciem
902 3029 1054 3092 vitiorum
1069 3047 1106 3091 ac
1121 3030 1181 3092 dae
1202 3024 1389 3093 (lconstitui
1405 3029 1563 3094 custodes.
1581 3029 1706 3093 Tertius
1722 3049 1835 3094 murus
1851 3039 1899 3095 est
1912 3051 1977 3114 pra

437 3145 580 3202 monum,
598 3134 707 3191 contra
724 3127 891 3210 proprium
912 3144 1028 3209 corpus
1045 3134 1077 3189 et
1092 3145 1181 3189 mun·
1238 3129 1375 3192 latorum
1387 3146 1425 3190 ac
1440 3129 1681 3211 predicatorum
1694 3129 1828 3193 directio
1843 3149 1900 3194 seu
1912 3148 1978 3212 pra

437 3227 523 3289 dum.
554 3226 685 3310 Propter
713 3228 798 3309 quod
826 3227 911 3309 apud
938 3226 996 3290 Job
1025 3227 1180 3309 scriptum
1237 3227 1384 3290 sidentia.
1401 3227 1489 3289 lstud
1508 3244 1638 3309 qnoque
1661 3235 1710 3290 est
1730 3227 1906 3310 figuratum
1927 3247 1978 3310 per

437 3325 924 3388 estzllilitiaestvitahominis
940 3333 1179 3408 superterram.
1237 3323 1298 3386 hoc
1323 3324 1408 3405 quod
1427 3323 1603 3386 Jerusalem
1627 3332 1772 3408 tempore
1797 3325 1976 3398 Salomonis,
2006 3329 2070 3377 ua:

476 3424 592 3498 Tertio,
609 3423 752 3486 Ecclesia
766 3424 856 3487 navis
872 3431 1014 3498 vocatur,
1030 3424 1182 3507 quoniam
1237 3421 1358 3504 triplici
1378 3438 1470 3484 muro
1491 3429 1558 3484 erat
1578 3423 1786 3487 circumdata.
1988 3400 2072 3516 Ἥ

437 3523 521 3586 sicut
553 3522 718 3604 navigium
752 3523 971 3605 supereminet
1004 3523 1107 3604 aquis,
1141 3523 1184 3584 ita
1278 3521 1404 3595 Quinte,
1434 3539 1492 3605 per
1519 3539 1635 3584 navem
1663 3522 1807 3604 signatur
1834 3523 1977 3594 Ecclesia,

437 3621 522 3704 quod
542 3621 588 3683 eis
608 3638 672 3683 non
691 3621 831 3684 totaliter
849 3621 1003 3703 operitur,
1022 3621 1065 3683 ita
1086 3640 1184 3703 quan·
1238 3619 1390 3702 quoniam
1412 3619 1497 3682 sicut
1515 3619 1547 3681 in
1568 3620 1643 3682 navi
1663 3639 1748 3682 unus
1765 3629 1816 3684 est
1831 3621 1978 3704 guberna-

436 3727 646 3802 tumcumque
668 3718 810 3782 Ecclesia
835 3719 867 3781 in
897 3720 957 3782 boo
986 3719 1106 3782 mundo
1130 3720 1184 3782 tri·
1238 3717 1399 3798 tor,cujus
1413 3717 1581 3780 directioni
1594 3717 1818 3802 obtemperant
1832 3719 1979 3794 catamito

437 3817 658 3881 bulationibus
676 3817 987 3900 adversitatibusque
1007 3825 1182 3901 prematur,
1239 3816 1272 3879 in
1288 3823 1352 3879 tota
1367 3815 1510 3878 Ecclesia
1524 3824 1573 3879 est
1588 3836 1671 3880 nnus
1687 3818 1832 3899 pontifex
1847 3837 1979 3882 summus

437 3936 603 3999 nunquam
626 3925 734 3979 tamen
758 3917 791 3978 in
815 3923 881 3980 toto
902 3917 1107 3998 demergitur,
1124 3934 1184 3979 nec
1239 3915 1493 3998 universalisque
1523 3923 1638 3991 rector,
1664 3915 1817 3980 videlicet
1839 3917 1979 3980 dominus

438 4015 630 4090 succumbit,
647 4016 722 4098 quia
737 4034 755 4078 a
770 4015 891 4097 Spiritu
910 4015 1025 4079 Sancto
1043 4016 1186 4098 omnipo
1238 4014 1332 4096 Papa,
1349 4013 1403 4076 oui
1417 4030 1529 4077 omnes
1546 4031 1583 4076 ac
1597 4013 1718 4096 singuli
1733 4014 1865 4079 obedire
1881 4025 1979 4079 tenen·

438 4121 524 4177 tonte
547 4114 677 4196 juvatur
701 4120 733 4176 et
758 4121 974 4188 conservatur,
995 4133 1036 4176 ne
1055 4131 1185 4197 prorsus
1239 4120 1302 4188 tur,
1319 4113 1373 4175 cui
1394 4112 1490 4175 etiam
1513 4112 1651 4195 quilibet
1669 4113 1870 4178 Christianus
1890 4114 1979 4196 magia

438 4212 577 4276 deficiat.
595 4212 675 4274 llinc
691 4212 834 4276 Christus
853 4212 1001 4294 predixit
1018 4213 1185 4294 discipulis
1200 4216 1225 4278 D
1240 4219 1366 4274 tenetur
1380 4210 1510 4274 obedire
1524 4230 1622 4293 quam
1637 4211 1832 4296 cuicumque
1846 4212 1981 4276 inferiori

439 4311 506 4374 suis
523 4331 530 4374 :
548 4311 582 4373 ln
598 4310 718 4373 mundo
733 4328 916 4392 pressuram
934 4309 1113 4390 habebitis3
1130 4311 1185 4374 sed
1240 4309 1379 4392 prelato.
1396 4308 1551 4383 Quaelibet
1568 4309 1700 4373 demum
1715 4313 1918 4393 particularis
1932 4311 1983 4374 tc-

323 4430 328 4443 ·
441 4409 604 4483 confidite,
620 4427 678 4490 ego
699 4408 763 4472 vici
785 4410 951 4471 mundum.
1240 4408 1338 4470 clesia
1360 4408 1526 4490 proprium
1551 4407 1647 4471 habet
1671 4410 1851 4491 praelatum,
1872 4429 1929 4473 nec
1952 4411 1980 4471 in

474 4509 597 4582 Quarto,
606 4508 755 4590 quoniam
771 4506 852 4569 sicut
865 4509 955 4570 navis
970 4515 1080 4571 contra
1093 4527 1186 4590 aqua·
1241 4507 1352 4570 eodem
1382 4524 1498 4587 genere
1528 4507 1724 4588 praelationis
1755 4528 1820 4572 uns
1848 4507 1981 4572 Ecclesia

353 4617 355 4622 ’
440 4626 512 4670 rum
527 4605 669 4688 pericula
684 4605 808 4669 fortiter
823 4607 1064 4689 compaginatur
1078 4614 1109 4670 et
1124 4607 1185 4670 cla·
1240 4603 1358 4666 habere
1374 4602 1469 4666 debet
1483 4603 1546 4665 nisi
1560 4622 1662 4667 unum
1682 4605 1860 4687 praelatum.
1878 4607 1981 4680 Quem

439 4707 488 4770 vis
513 4705 728 4786 connectitur3
753 4713 848 4788 atque
877 4725 918 4768 ne
942 4725 1031 4788 aque
1056 4706 1096 4769 ab
1123 4707 1186 4770 imo
1240 4703 1413 4766 admodum
1428 4717 1503 4782 crgo
1517 4718 1630 4765 omnes
1644 4703 1833 4767 exsistentes
1854 4705 1888 4767 in
1904 4703 1981 4776 navi,

439 4823 509 4868 eam
535 4803 726 4878 subintrent,
752 4803 888 4867 sollicite
913 4804 1090 4868 custoditur
1112 4825 1118 4870 :
1143 4806 1186 4869 ita
1240 4807 1537 4884 quantumcumque
1561 4801 1626 4863 sint
1647 4803 1766 4884 magni,
1782 4804 1983 4886 acquiescunt

439 4902 592 4978 Ecclesia,
608 4909 718 4966 contra
736 4901 949 4965 invisibilium
970 4903 1111 4966 hostium
1127 4905 1185 4966 im·
1240 4899 1456 4982 gubernatori,
1478 4908 1573 4982 atque
1596 4901 1635 4963 ad
1660 4902 1758 4984 pedes
1781 4903 1852 4983 ejus
1877 4923 1912 4966 se
1936 4920 1984 4986 po

439 5002 660 5085 pugnationes,
682 5007 791 5064 contra
812 5001 964 5064 vitiorum
988 5002 1133 5065 lesiones
1154 5010 1185 5064 et
1241 5007 1340 5078 nunt3
1361 4999 1408 5062 sio
1431 4998 1568 5082 quilibet
1592 5000 1803 5077 Christianus,
1819 5011 1984 5085 qnantum·

439 5109 548 5164 contra
571 5119 682 5165 omnes
710 5100 927 5176 adversitates,
953 5119 1011 5183 per
1038 5102 1183 5182 gratiam,
1240 5117 1379 5180 cumque
1403 5098 1445 5160 sit
1473 5098 1641 5174 litteratus,
1667 5107 1792 5182 potens,
1817 5102 1912 5166 dives
1937 5109 1986 5164 ant

440 5201 573 5264 virtutes
595 5220 632 5264 ao
654 5201 736 5263 dona
758 5199 895 5281 Spiritus
917 5201 1023 5263 Sancti
1047 5200 1186 5264 firmiter
1240 5197 1369 5273 nobilis,
1395 5197 1497 5260 nihilo
1523 5198 1631 5261 minus
1654 5217 1712 5263 suo
1741 5201 1873 5284 proprio
1897 5201 1986 5264 debet

441 5300 618 5364 edificatur
632 5320 669 5364 ac
684 5300 850 5376 adunatur,
866 5301 1043 5383 pracsertim
1063 5320 1121 5384 per
1135 5319 1184 5364 ca·
1239 5299 1406 5364 humiliter
1426 5300 1557 5364 obedire
1579 5302 1710 5386 praelato
1733 5303 1767 5366 in
1788 5304 1838 5367 his
1858 5324 1933 5388 qnae
1952 5303 1986 5367 ad
