4214 6254
441 445 481 509 at
664 469 695 514 ru
716 468 774 518 orn.
789 467 905 515 snuoro
925 466 1142 514 rnnrnrosrrs.
1163 485 1203 497 —
1224 467 1266 514 ,in
1287 467 1481 532 asarotosos;
1504 471 1603 517 sunno
1624 470 1770 517 snrrnrus

440 634 528 698 lectu
544 643 575 699 et
589 637 677 702 omni
694 639 788 702 modo
802 637 894 701 nobis
910 638 1056 720 possibili
1073 638 1189 721 imper·
1203 637 1228 700 Α
1244 639 1390 702 cedinem
1406 638 1489 702 inter
1505 639 1611 722 ipsum
1626 647 1658 702 et
1671 638 1794 702 Patrem
1809 657 1848 701 ac
1863 637 1983 712 Filium,

440 733 567 796 tientes.
591 735 750 818 Quidquid
775 735 1011 812 consolationis,
1032 735 1188 818 quidquid

442 831 688 909 informationis,
704 833 861 916 quidquid
879 834 1003 898 consilii
1026 842 1057 897 et
1078 833 1188 897 auxilii

441 947 623 1012 possumus,
650 933 774 995 eunctis
798 951 857 1015 pro
880 932 1003 995 viribus
1028 933 1190 1014 impenda-

442 1036 564 1104 mus,et
576 1029 657 1094 ultra
672 1049 768 1114 quam
781 1049 952 1113 possumus
964 1030 1069 1094 lacere
1085 1031 1190 1113 cupia-

441 1146 522 1190 mus.
536 1127 575 1190 Et
588 1129 673 1212 quod
688 1128 808 1192 ellectu
823 1147 888 1192 non
903 1148 1084 1212 possumus,
1096 1129 1190 1192 lacia-

442 1245 513 1288 mns
534 1226 664 1302 allectu,
682 1235 717 1290 ut
736 1227 782 1290 sic
802 1229 1022 1311 unusquisque
1044 1237 1188 1291 nostrum

440 1342 499 1389 suo
520 1327 613 1389 modo
633 1325 812 1410 paracletus
832 1327 895 1389 dici
915 1335 1027 1409 queat3
1044 1334 1076 1389 et
1095 1328 1188 1391 advo-

440 1431 529 1486 catus
553 1443 589 1487 ac
611 1425 730 1507 digitus
754 1425 822 1499 Dei,
848 1425 927 1488 alios
952 1426 1134 1506 dirigend03
1158 1433 1190 1489 et

440 1521 534 1603 ignis,
552 1524 638 1606 ipsos
656 1523 903 1603 inflammand03
924 1525 1033 1586 unctio
1049 1544 1187 1607 quoque,

440 1620 522 1682 dona
537 1620 630 1684 nobis
646 1622 759 1685 collata
775 1622 806 1684 in
823 1621 908 1704 ipsos
926 1622 1185 1686 administrando.

481 1719 561 1782 Ecce
584 1721 624 1784 ad
647 1720 715 1784 haec
739 1720 912 1783 obtinenda
935 1729 967 1783 et
987 1722 1189 1803 exsequenda

1244 736 1337 800 nobis
1360 737 1428 800 haec
1453 737 1560 800 omnia
1583 739 1732 820 dignetur
1754 736 1911 812 conferre,
1932 755 1986 819 per

1243 835 1405 917 Virginem
1430 836 1611 917 gloriosam,
1633 836 1843 918 omniumque
1867 834 1987 898 Sancto

1244 952 1315 994 rum
1340 952 1451 1015 preces
1473 953 1510 996 ac
1533 935 1660 1014 merita3
1682 933 1765 996 mala
1789 951 1916 1015 quoque
1936 933 1985 995 his

1244 1029 1337 1093 bonis
1353 1031 1510 1093 contraria
1526 1031 1722 1094 incessanter
1736 1030 1826 1094 tollat
1839 1049 1858 1093 a
1873 1029 1960 1093 nobis
1977 1050 1983 1094 :

1245 1128 1276 1190 in
1302 1129 1415 1210 primis
1439 1129 1599 1212 privatum
1629 1129 1720 1192 illum
1745 1147 1898 1204 amorem,
1923 1146 1986 1190 om-

1244 1227 1332 1288 nium
1355 1227 1505 1290 vitiorum
1528 1227 1701 1309 originem3
1722 1227 1838 1290 deinde
1862 1245 1986 1290 omnem

1243 1325 1424 1400 elationem,
1446 1327 1664 1408 cupiditatem,
1686 1325 1986 1408 concupiscentiam,

1243 1441 1372 1487 omnem
1398 1425 1489 1498 imm,
1513 1425 1678 1500 invidiam,
1700 1425 1856 1498 acediam,
1880 1443 1987 1506 cmpu-

1245 1523 1318 1598 lam,
1334 1542 1373 1586 ex
1393 1523 1541 1606 improbo
1556 1523 1611 1587 illo
1625 1525 1663 1587 ad
1682 1542 1716 1587 se
1731 1523 1854 1586 reflexo
1867 1523 1989 1605 privato

1242 1640 1350 1684 amore
1374 1630 1549 1686 nascentes.
1571 1623 1635 1686 Neo
1654 1623 1761 1693 ,solum
1785 1621 1826 1684 ab
1851 1621 1902 1684 his
1926 1641 1988 1684 ma-

1242 1722 1324 1802 gnis,
1336 1722 1454 1802 grossis
1468 1728 1501 1784 et
1515 1721 1725 1785 horribilibus
1741 1721 1834 1784 malis
1849 1738 1908 1784 nos
1921 1721 1988 1783 abs-

440 1834 605 1894 conemur,
621 1819 800 1893 tendamus,
817 1819 1018 1900 adspiremus
1034 1827 1066 1882 et
1079 1819 1226 1882 accen-B
1243 1820 1344 1883 tinere
1363 1827 1488 1903 oportet
1504 1829 1536 1883 et
1550 1821 1671 1902 lugere,
1688 1822 1744 1883 sed
1764 1821 1840 1882 itam
1861 1838 1987 1884 omnem

440 1916 586 1982 damur:
613 1917 795 1981 suavissimi
825 1918 961 2001 Spiritus
991 1919 1096 1981 Sancti
1126 1919 1186 1980 im·

441 2034 584 2080 mensam
600 2016 751 2098 pietatem
767 2016 917 2091 fideliter,
930 2017 1084 2080 instanter
1099 2017 1186 2080 inde-

439 2113 452 2174 l
455 2113 650 2196 icienterque
666 2123 861 2197 rogantes,ut
877 2121 1005 2198 propter
1020 2117 1068 2178 sui
1085 2115 1186 2198 ipsius

440 2210 614 2275 bonitatem
630 2213 831 2287 immensam,
849 2214 1085 2276 connaturalem
1102 2213 1188 2276 beni·

438 2309 604 2390 gnitatem,
621 2311 810 2374 immensam
828 2311 1042 2386 dulcedinem,
1055 2313 1185 2393 opulen-

437 2407 527 2482 tiam,
549 2409 803 2473 munificentiam
829 2409 1002 2484 inlinitum,
1023 2411 1185 2474 caritatem

438 2514 601 2582 aternam,
627 2517 659 2571 et
683 2517 814 2592 propter
838 2509 1071 2572 emanationem
1096 2529 1185 2572 suam

437 2623 455 2668 a
475 2605 564 2669 Patre
584 2615 614 2669 et
634 2607 725 2682 Filio,
742 2625 934 2690 omnemque
955 2615 1097 2670 mutuam
1118 2608 1186 2670 dul·

1242 1918 1464 2000 cogitationem
1486 1919 1643 1994 inutilem,
1660 1937 1755 1982 omne
1774 1917 1911 1982 verbum
1930 1918 1989 1981 illi-

1242 2018 1361 2092 citum,
1382 2036 1512 2080 omnem
1542 2017 1753 2081 inordinatam
1781 2017 1986 2080 allectionem

1241 2115 1391 2197 abjicere,
1408 2117 1529 2180 nullam
1550 2115 1703 2199 temporis
1724 2116 1870 2180 horulam
1891 2117 1989 2180 inlru-

1241 2221 1349 2276 ctuose
1377 2215 1522 2287 transire,
1552 2215 1607 2276 sed
1637 2214 1830 2288 meditando,
1857 2215 1987 2289 orando,

1241 2312 1416 2393 psallendo,
1433 2313 1688 2394 contemplando,
1709 2312 1910 2394 suspirando,
1927 2313 1988 2375 ler-

1241 2411 1354 2485 vendo,
1385 2410 1602 2476 indesinenter
1630 2412 1706 2474 lerri
1737 2413 1769 2474 in
1798 2412 1911 2486 Deum,
1936 2432 1988 2474 su-

1240 2528 1298 2591 per
1317 2509 1424 2572 omnia
1442 2508 1657 2583 benedictum,
1678 2528 1779 2572 unum
1801 2517 1833 2572 et
1854 2511 1986 2572 trinum.

1240 2609 1351 2671 Amen.
