4192 6258
431 494 491 559 bot
655 512 803 560 nomiman
823 513 864 558 xx
885 492 959 558 rosr
978 509 1172 557 rnurrrnrnu.
1193 525 1234 538 ·-
1253 509 1296 554 nn
1315 507 1512 574 nmrorosos3
1532 509 1630 558 smo
1650 509 1760 557 smnus

432 702 507 766 gere
528 685 727 769 semetipsos,
744 685 778 748 in
800 684 917 769 quibus
941 684 1008 746 sola
1032 681 1345 765 superbiallrursus
1373 682 1412 746 ad
1441 681 1529 746 aliud
1557 698 1622 765 quo
1646 689 1716 765 post
1744 681 1823 744 illud
1849 682 1953 763 gravius

433 783 569 845 destruit
586 784 704 847 omnia.
722 785 766 847 lle
788 783 859 846 aliis
881 800 1009 865 queque
1033 781 1066 842 in
1088 799 1183 842 evan·
1235 780 1442 862 impugnatur
1457 780 1714 863 expugnandum,
1724 799 1759 842 se
1775 779 1867 842 simili
1881 783 1954 844 modo

433 880 517 961 gelio
538 882 599 944 isto
619 883 772 945 asseritur
790 881 875 964 quod
897 881 1046 943 abierunt
1066 880 1105 941 ad
1130 897 1184 941 ne·
1237 885 1269 940 et
1284 897 1341 960 per
1358 880 1469 942 eadem
1489 897 1579 942 arma
1595 885 1758 943 convertat
1775 895 1782 940 :
1798 878 1899 960 sieque
1911 877 1956 943 ior·

433 979 649 1060 gotiationem.
662 980 719 1042 Per
734 998 813 1063 ques
829 987 980 1042 notantur
994 977 1092 1051 avari,
1103 994 1182 1059 quos
1237 977 1372 1039 tionibus
1392 977 1459 1039 suis
1479 977 1620 1060 peccatis
1638 977 1727 1060 prius
1745 977 1882 1050 devictis,
1896 978 1956 1039 cele
2057 975 2058 982 ’

433 1087 611 1160 sequuntur
626 1078 743 1142 curiosi
759 1086 792 1142 et
807 1078 884 1141 lauti
907 1077 1059 1159 religiosi,
1076 1093 1184 1138 neces·

434 1177 525 1240 sariis
550 1195 614 1241 non
639 1177 791 1252 contenti,
817 1195 922 1259 neque
948 1181 1118 1258 pensantes
1144 1172 1182 1235 ad

434 1282 585 1358 quantam
598 1275 702 1339 victus
716 1294 753 1338 ac
768 1275 902 1339 vestitus
916 1273 1104 1336 tenuitatem
1120 1271 1184 1333 sint

434 1373 576 1456 obligati.
603 1375 647 1437 De
674 1375 788 1437 ceteris
812 1373 844 1436 in
874 1371 1040 1454 evaugelio
1069 1369 1185 1452 legitur

436 1473 521 1554 quod
543 1490 651 1536 servos
675 1471 797 1535 domini
818 1478 1002 1544 tenuerunt,
1021 1477 1053 1531 et
1075 1475 1185 1530 contu-

436 1569 533 1633 melia
550 1570 683 1634 allectos
703 1569 942 1632 interfecerunt.
960 1569 1018 1630 Per
1032 1583 1111 1649 quos
1131 1566 1184 1628 de-

437 1669 603 1750 signantur
627 1669 742 1750 ingrati
767 1674 799 1731 et
822 1675 1042 1751 persecutores
1064 1663 1185 1746 superi-

437 1783 529 1828 orum
559 1784 700 1829 suorum.
733 1765 775 1828 lle
804 1764 922 1848 quibus
951 1763 1030 1826 dicit
1052 1764 1183 1825 Amos:

438 1963 580 2047 perfecte
603 1963 779 2027 abominati
804 1971 888 2025 sunt.
915 1961 1005 2026 Tales
1031 1967 1106 2024 suut
1129 1958 1185 2042 qui

438 2062 657 2145 superioribus
676 2062 743 2125 suis
758 2061 924 2125 detrahere
944 2078 1007 2124 uon
1023 2065 1184 2133 verentur,

438 2161 494 2243 qui
513 2178 599 2224 cosa
614 2160 733 2243 quibus
753 2158 972 2242 corripiuntur
986 2167 1019 2221 et
1037 2175 1186 2220 accusau-

437 2267 499 2334 tur,
509 2259 636 2340 gravius
651 2276 836 2321 reaccusare
851 2257 1004 2318 nituntur.
1017 2257 1052 2318 ln
1067 2255 1186 2338 quibus

439 2358 527 2420 nulla
541 2366 589 2420 est
605 2357 659 2419 lux
675 2357 839 2440 sapientia
854 2355 1013 2430 salutaris,
1030 2355 1085 2418 sed
1100 2362 1186 2417 tenc·

439 2456 505 2520 brar
525 2464 557 2519 et
578 2456 680 2538 caligo
701 2455 877 2519 involvens.

479 2555 694 2620 Emeudemus
718 2572 776 2618 nos
801 2555 908 2637 igitur,
934 2563 1029 2637 atque
1052 2553 1093 2616 ab
1118 2551 1186 2615 uni·

439 2654 541 2718 versis
556 2654 607 2716 his
622 2653 709 2716 vitiis
724 2653 869 2717 funditus
884 2669 1186 2736 expurgemuspraa

440 2753 550 2816 sertim
572 2751 612 2816 ab
632 2753 683 2816 his
703 2752 743 2815 ad
762 2772 833 2835 quae
853 2753 905 2816 vel
924 2771 963 2815 ex
985 2771 1057 2826 usn,
1073 2759 1128 2813 aut
1147 2768 1186 2812 ox

441 2851 583 2934 ingenita
610 2851 818 2933 dispositione
847 2852 1011 2934 proniores
1041 2849 1186 2913 consisti-

439 2969 524 3026 mus
541 2951 624 3012 sicut
646 2969 684 3013 en
705 2950 873 3013 collatione
897 2948 1021 3011 abbatis
1043 2947 1186 3030 Serapio-

1238 1075 1355 1139 riorem
1378 1083 1489 1138 centra
1508 1075 1571 1137 alia
1592 1075 1752 1139 obtinebit
1774 1075 1954 1158 triumphurn,

1238 1175 1314 1257 quia
1331 1181 1363 1237 et
1382 1193 1473 1237 meus
1488 1174 1693 1237 victoriarum
1711 1192 1841 1238 suarum
1858 1192 1956 1256 procas·

1239 1291 1277 1334 su
1299 1272 1338 1335 lit
1364 1273 1483 1335 fortior.
1501 1272 1565 1335 Nee
1586 1273 1764 1355 putandum
1786 1272 1865 1355 quod
1886 1291 1954 1335 mans

1239 1379 1349 1434 contra
1369 1390 1469 1433 unum
1489 1371 1605 1433 vitium
1624 1373 1670 1434 sic
1692 1371 1868 1454 specialiter
1883 1371 1954 1433 diui·

1240 1489 1326 1545 eans,
1342 1469 1382 1534 ab
1401 1469 1474 1533 aliis
1497 1469 1585 1532 vitiis
1609 1471 1774 1553 inopinato
1797 1471 1857 1532 ictu
1878 1470 1954 1552 possit

1239 1567 1365 1631 facilius
1387 1567 1533 1632 sauciari.
1554 1567 1758 1650 Impossibile
1779 1587 1902 1650 namque
1919 1575 1954 1629 ast

1240 1665 1381 1731 mentem
1396 1675 1506 1730 contra
1520 1686 1619 1729 unum
1636 1667 1752 1729 vitium
1765 1666 1886 1730 sollicite
1899 1685 1955 1748 pra

1241 1766 1383 1840 liantem,
1400 1773 1432 1828 et
1446 1764 1604 1828 desiderio
1623 1765 1774 1848 puritatis
1793 1765 1909 1828 iuterna
1920 1765 1954 1826 in·

291 1887 424 1940 namne.
438 1864 517 1929 Odio
528 1865 708 1936 ¹habuerunt
722 1863 954 1947 corripientem,
961 1871 992 1926 et
1008 1863 1186 1945 loquentem
1203 1863 1227 1926 B
1241 1865 1416 1928 tentionem
1441 1884 1532 1928 suam
1556 1872 1667 1929 contra
1695 1865 1778 1929 illud
1800 1872 1954 1938 armantem,

1240 1964 1392 2026 adversus
1421 1971 1525 2027 cetera
1550 1982 1678 2046 quoque
1704 1971 1832 2046 peccata
1856 1981 1955 2044 gancra-

1242 2061 1305 2125 lem
1321 2063 1494 2145 quemdam
1512 2063 1678 2126 horrorem
1696 2071 1794 2146 atqua
1810 2061 1953 2124 custodian

1241 2160 1381 2223 similem
1410 2178 1474 2223 non
1502 2160 1632 2234 habere,
1663 2161 1742 2243 quia
1771 2179 1827 2223 nec
1852 2161 1885 2222 de
1908 2178 1955 2220 um

1240 2258 1384 2341 qualibet
1412 2260 1559 2341 passione
1583 2268 1638 2322 aut
1662 2260 1761 2342 culpa
1789 2266 1882 2342 potest
1900 2258 1954 2339 quis

1241 2358 1419 2432 emundari,
1445 2357 1472 2420 si
1500 2357 1636 2422 alierum
1665 2358 1813 2440 contagio
1834 2357 1954 2418 uitiorum

1240 2454 1336 2517 faciat
1350 2473 1384 2518 se
1399 2455 1519 2518 auxilio
1533 2457 1641 2538 gratia
1655 2457 1714 2519 Dei
1732 2456 1892 2537 iudignum.
1901 2454 1954 2516 llao

1241 2553 1418 2616 Cassianus.

1280 2653 1452 2729 Postremo,
1479 2653 1555 2735 quia
1583 2661 1648 2716 tam
1677 2650 1954 2722 misericordissime,

1240 2759 1306 2814 tam
1330 2769 1473 2814 amorosa
1497 2760 1591 2835 atque
1616 2751 1803 2816 dulcissime
1823 2752 1879 2832 agit
1894 2750 1955 2812 bens

1242 2850 1416 2931 majestatis
1436 2850 1601 2916 immensae
1620 2851 1804 2924 nobiscum,
1820 2858 1851 2912 ut
1863 2849 1955 2911 anina·

1242 2968 1313 3011 rum
1329 2957 1509 3012 nostrarum
1525 2967 1661 3033 sponsus
1676 2968 1750 3013 esse
1765 2947 1955 3031 dignetur,iuo

440 3049 491 3112 nis
513 3049 625 3112 recitat
645 3049 812 3112 Cassianus
830 3066 836 3110 :
852 3050 899 3111 lta
918 3047 1011 3111 nobis
1035 3048 1186 3110 adversus
1204 3045 1226 3109 C
1242 3056 1274 3110 et
1287 3046 1398 3129 jubeat
1417 3055 1540 3110 nostras
1561 3048 1624 3111 sibi
1643 3049 1772 3112 animas
1793 3044 1954 3130 desponsari,

440 3147 519 3211 uitia
535 3148 717 3230 arripienda
736 3154 810 3210 sunt
829 3147 949 3230 praelia,
966 3153 1002 3208 ut
1016 3146 1187 3228 unusquis·
1242 3146 1442 3228 adspiremus
1457 3147 1496 3209 ad
1510 3147 1697 3227 gratiosum,
1716 3166 1832 3230 purum
1844 3153 1872 3208 et
1884 3142 1955 3206 loni·

441 3265 504 3329 que
518 3247 633 3310 vitium
653 3264 717 3329 quo
736 3245 875 3309 maxime
893 3245 1061 3308 infestatur
1080 3244 1188 3326 enplo
1243 3245 1319 3307 dum
1334 3244 1435 3328 ipsius
1450 3245 1634 3328 amplexum
1651 3245 1684 3309 in
1698 3247 1768 3310 vita
1781 3244 1918 3328 presenti,
1931 3249 1956 3302 ut

441 3364 526 3421 rans,
556 3346 708 3409 adversus
740 3345 819 3409 illud
850 3344 981 3426 arripiat
1010 3342 1187 3426 principale
1243 3343 1498 3425 peramplexum
1517 3343 1603 3406 hunc
1618 3343 1846 3427 incompletum
1862 3339 1955 3423 adple

443 3453 603 3508 certamen
620 3464 626 3508 :
644 3462 774 3508 omnem
793 3462 903 3506 curam
926 3443 1042 3506 mentis
1066 3461 1103 3504 ac
1126 3441 1187 3505 sol·
1242 3460 1321 3504 num
1336 3449 1369 3504 et
1383 3441 1564 3505 eternalem
1580 3443 1801 3525 pertingamus
1814 3441 1955 3524 ipsiusan·

443 3543 643 3607 licitudinem
665 3543 751 3605 circa
771 3541 858 3604 illius
880 3540 1134 3605 observationem
1156 3545 1188 3602 ct
1243 3541 1373 3622 plexum
1402 3540 1583 3616 unitivum,
1612 3541 1799 3622 gloriosum,
1827 3557 1954 3604 scaurun.

443 3643 718 3724 impugnationem
746 3639 901 3722 deligens,
927 3640 1079 3702 adversus
1108 3638 1189 3700 illud
1243 3639 1301 3702 llic
1319 3646 1426 3702 autem
1445 3639 1612 3722 amplexus
1632 3640 1666 3702 in
1681 3640 1750 3704 vita
1768 3641 1835 3716 hac,
1849 3646 1890 3702 est
1904 3655 1954 3699 san·

441 3741 629 3823 quotidiana
655 3739 855 3821 jejuniorum
883 3738 1023 3820 dirigens
1053 3737 1186 3820 spicula,
1245 3745 1302 3801 cta
1317 3738 1455 3801 caritatis
1472 3737 1609 3802 allectus
1624 3740 1664 3803 ad
1678 3741 1793 3815 Deum,
1806 3739 1904 3802 ardens
1917 3737 1954 3798 de·

444 3846 554 3902 contra
583 3838 662 3900 illud
687 3838 815 3905 ,cunctis
850 3836 1021 3900 momentis
1052 3835 1190 3917 suspiria
1245 3836 1399 3899 siderium
1416 3836 1498 3918 ejus,
1515 3837 1592 3900 uuio
1610 3855 1767 3902 amorosa.
1790 3839 1849 3902 Nec
1865 3853 1910 3899 noa
1925 3835 1955 3894 ita

441 3935 549 3999 cordis
573 3935 747 4017 crebraque
775 3935 953 4016 gemituum
984 3933 1046 3996 tela
1069 3941 1191 3997 contor-
1246 3935 1408 3998 eoelestem
1423 3935 1649 4018 amplectimur
1664 3935 1954 4019 Sponsumnisiipsc

444 4051 562 4116 quans3
583 4034 734 4096 adversus
759 4034 837 4096 illud
860 4032 1042 4115 vigiliarum
1067 4030 1190 4094 labores
1245 4032 1381 4113 gratiose
1401 4034 1575 4116 preveniat
1594 4053 1662 4110 nos,
1679 4043 1711 4098 et
1729 4045 1846 4100 nostras
1862 4033 1954 4096 animas

443 4152 481 4195 ac
497 4132 717 4195 meditationes
737 4133 786 4194 sui
804 4131 908 4195 cerdis
928 4131 1128 4213 impendens,
1146 4130 1192 4191 in·
1244 4132 1395 4214 primitus
1410 4132 1620 4215 amplexetur,
1636 4153 1690 4198 eas
1704 4137 1745 4198 ad
1761 4154 1794 4198 se
1807 4130 1953 4201 alliciendo,

444 4232 626 4296 desinentes
638 4249 765 4314 quoque
777 4231 956 4293 orationum
971 4229 1068 4293 fletus
1083 4229 1121 4292 ad
1134 4228 1191 4291 Do
1205 4234 1230 4296 D
1246 4230 1309 4294 sibi
1332 4229 1512 4306 alliciendo,
1534 4231 1567 4293 in
1588 4250 1622 4294 se
1646 4232 1877 4304 inflammando,
1894 4227 1954 4310 rapi·

445 4330 570 4392 minum
586 4329 737 4411 dirigens,
750 4337 781 4390 at
795 4328 866 4391 vitii
881 4327 931 4390 sui
946 4327 1190 4390 exstinctionem
1247 4329 1328 4391 eudo
1350 4336 1405 4391 aut
1424 4328 1634 4393 absorbendo,
1654 4331 1778 4396 ldcirco
1796 4333 1827 4394 in
1844 4329 1952 4398 caritate,

444 4427 484 4489 ab
509 4428 564 4491 illo
588 4427 819 4510 specialissime
842 4445 879 4488 ac
901 4426 1019 4507 jugiter
1044 4442 1189 4508 poscens,
1246 4445 1317 4508 quaa
1336 4427 1434 4490 vestis
1453 4434 1501 4490 est
1515 4429 1680 4511 nuptialis,
1697 4449 1822 4513 semper
1834 4441 1954 4492 conemur

446 4525 550 4588 sciens
569 4545 603 4588 se
622 4527 688 4588 suis
702 4525 825 4589 viribus
844 4523 1016 4607 praevalere
1035 4542 1099 4587 non
1120 4540 1190 4605 pos·
1245 4524 1414 4606 prolicere,
1431 4525 1470 4587 ad
1490 4524 1617 4589 laudem
1636 4536 1669 4589 et
1687 4528 1819 4609 gloriam
1837 4523 1953 4590 bonitatis

447 4639 490 4684 se.
503 4621 656 4704 Superato
672 4623 768 4704 igitur
781 4621 860 4685 vitio
875 4639 939 4684 uuo
956 4620 1080 4684 fortiori
1095 4621 1128 4682 in
1144 4636 1189 4695 se,
1246 4621 1373 4698 divinae,
1392 4623 1529 4688 inlinitae
1544 4631 1576 4687 et
1590 4625 1768 4691 adoranda.
1784 4628 1883 4690 Amen.
