4288 6264
547 510 696 558 nonnum
718 511 737 554 v
757 509 831 557 rosv
851 507 980 556 essens.
1002 527 1042 538 -
1063 509 1161 556 saeue
1183 510 1336 558 sneuunus
1678 495 1718 560 35

170 680 354 742 incustoditi
384 685 416 742 et
444 679 618 742 intinrorati
648 679 661 740 l
664 679 814 752 uerimus
844 696 917 740 ecce
932 678 958 741 Δ
973 678 1089 761 aliquis
1104 677 1274 743 lerelactor
1288 681 1490 763 ollensorque
1504 682 1587 762 regis
1602 682 1720 745 terreni

169 778 322 840 damnum
342 785 390 840 εει
410 776 654 850 irremediabile,
669 775 918 858 irrecuperabile
972 776 1012 837 ab
1029 775 1098 858 ipso
1113 776 1239 839 veniam
1255 785 1448 860 precaretur,
1458 798 1517 842 nec
1531 787 1637 842 tamen
1654 799 1719 842 ees·

170 882 201 937 et
223 876 428 946 immensum,
452 875 527 956 quia
551 892 613 936 nou
639 874 742 936 selum
768 881 917 936 aternam
973 882 1055 934 seret
1070 875 1099 936 ei
1116 876 1343 937 contumeliam
1360 877 1595 958 irrogarelline
1612 878 1643 940 in
1660 879 1722 960 pri·

170 971 401 1033 beatitudinem
433 971 609 1052 perdimuS,
643 969 698 1031 sed
730 976 916 1050 perpetuam
975 989 1025 1032 ma
1049 989 1106 1032 sua
1128 969 1285 1034 Canoniea
1308 973 1353 1034 ait
1374 973 1509 1036 loannes
1532 975 1719 1057 apostolus:

170 1087 298 1151 quoque
318 1068 555 1131 damnationem
578 1067 830 1148 infernalemque
852 1083 919 1147 pte
975 1067 1148 1143 carissimi,
1169 1069 1195 1130 si
1217 1087 1272 1132 eor
1296 1078 1439 1132 nostrum
1465 1090 1527 1134 non
1553 1073 1722 1156 repreben-
1736 1095 1866 1146 treunam,

171 1186 246 1229 nam
268 1165 471 1228 incurrimus.
488 1165 591 1238 Ouum
615 1165 720 1246 itaque
741 1164 772 1226 in
795 1163 920 1245 laqueo·
975 1165 1056 1226 derit
1072 1184 1139 1240 noS,
1156 1165 1308 1228 fiduciam
1330 1168 1485 1231 habemus
1503 1171 1542 1232 ad
1557 1171 1674 1251 Deum3
1690 1178 1721 1232 ct
1735 1161 1813 1209 ²¹³²·

172 1284 243 1326 rum
261 1263 365 1326 medio
379 1263 593 1338 ambulemus,
604 1264 704 1324 simus
720 1280 847 1344 semper
861 1261 921 1323 sol·
975 1263 1132 1344 quidquid
1153 1265 1350 1346 petierimus,
1366 1267 1572 1348 accipiemus.

173 1363 264 1436 liciti,
281 1381 321 1424 ne
340 1362 380 1424 ab
401 1360 611 1424 infernalibus
631 1360 806 1422 latronibus
825 1367 920 1442 atque
1016 1360 1142 1436 Quinto,
1162 1363 1335 1443 petendum
1356 1372 1405 1426 est
1424 1383 1498 1426 cum
1513 1365 1672 1448 prelunda
1690 1376 1722 1430 et

172 1460 353 1543 raptoribus
381 1460 589 1534 trucidemur,
620 1467 652 1521 ct
681 1460 713 1520 in
741 1458 920 1539 gebennam
977 1459 1722 1535 maximahumilitate,eensiderand0etintime

174 1560 345 1622 trahamur.
372 1559 498 1632 Quinto,
524 1559 564 1620 ad
587 1558 671 1620 idem
701 1575 758 1620 nos
784 1562 918 1630 moveat,
977 1556 1160 1621 confitendo
1175 1560 1320 1640 proprias
1335 1559 1724 1645 delectuesitates,iniqni·

173 1657 258 1740 quod
289 1665 374 1719 tanta
403 1663 452 1720 est
475 1657 524 1719 vis
551 1655 673 1720 devota
700 1655 863 1729 orationis,
889 1661 921 1716 et
977 1664 1066 1729 tates,
1083 1655 1280 1738 fragilitates,
1295 1659 1449 1722 miserias.
1467 1660 1554 1724 Unde
1570 1661 1602 1723 in
1618 1661 1724 1724 Eccle-

174 1765 260 1820 tanta
274 1757 411 1837 dignitas
431 1755 511 1836 ejus.
529 1755 606 1818 Nam
627 1754 667 1817 ab
686 1755 798 1836 angelo
813 1761 922 1816 saneto
976 1755 1105 1817 siastico
1125 1755 1280 1837 seriptum
1300 1764 1348 1819 est
1369 1774 1376 1818 ε
1397 1758 1502 1821 Oratio
1523 1759 1723 1823 humiliantis
1763 1778 1836 1824 neers.

174 1856 349 1936 suscipitur
369 1873 406 1916 ae
429 1854 492 1916 Dee
514 1853 660 1928 ollertur,
677 1861 787 1934 estque
809 1859 921 1935 petens
941 1855 1011 1918 Bse
1027 1852 1128 1916 nubes
1144 1854 1332 1936 penetrabit.
1344 1855 1530 1930 Sexto,eum
1547 1845 1844 1920 indesinen·¹¹¹'·²¹·

174 1955 213 2016 ad
234 1953 469 2034 impetrandum
490 1952 574 2034 quod
594 1951 734 2035 postulat
749 1969 756 2013 :
774 1951 845 2012 ideo
863 1949 924 2012 val·
978 1951 1001 2012 ti
1018 1952 1204 2026 constantia,
1222 1953 1265 2015 ita
1280 1961 1315 2015 ut
1328 1963 1624 2037 quantumcumque
1639 1957 1726 2019 vide-

175 2052 215 2115 de
231 2051 439 2114 iuellabiliter
459 2069 610 2131 magnum
628 2058 677 2112 est
696 2049 822 2112 lucrum
840 2048 922 2129 ejus,
978 2069 1071 2113 amur
1085 2069 1102 2111 a
1117 2050 1181 2114 Deo
1197 2051 1308 2134 repelli
1324 2071 1360 2114 ac
1376 2053 1509 2135 despici,
1526 2072 1589 2117 non
1604 2054 1727 2136 franga-

176 2160 208 2214 et
228 2149 468 2232 copiosissimus
492 2148 616 2211 lruetus
641 2149 751 2231 ipsius
980 2168 1064 2223 mur,
1085 2167 1144 2211 nce
1168 2150 1386 2232 desperemus,
1410 2171 1514 2235 neque
1537 2171 1723 2216 cessemus:

226 2249 378 2312 Praeterea
411 2247 677 2311 considerandum
710 2253 759 2310 est
788 2245 925 2328 qualiter
981 2247 1045 2309 irno
1069 2265 1143 2310 cum
1168 2257 1277 2312 saneto
1299 2249 1358 2312 Job
1388 2269 1427 2312 ex
1451 2251 1545 2314 eorde
1569 2251 1725 2328 dieamus,

176 2347 354 2410 exorandus
369 2347 411 2408 sit
425 2347 578 2409 DeusEst
593 2346 700 2427 itaque
716 2343 923 2406 invocandus:
981 2346 1084 2408 Etiam
1107 2346 1135 2408 si
1158 2347 1311 2410 occiderit
1335 2367 1397 2424 me,
1424 2351 1457 2412 in
1482 2369 1556 2412 eum
1580 2351 1724 2434 sperabo.
1739 2376 1874 2428 sauvis

176 2445 293 2520 Primo,
309 2464 384 2508 cum
407 2462 522 2526 magne
544 2443 684 2506 caritatis
706 2441 842 2516 fervore,
859 2450 925 2503 tau·
981 2445 1088 2525 ltaque
1102 2445 1192 2525 juxta
1211 2446 1297 2509 hunc
1318 2447 1448 2510 modum
1469 2449 1569 2512 Deum
1588 2448 1729 2512 fideliter

176 2563 274 2626 quam
291 2545 455 2627 piissimus
475 2552 574 2626 pater.
591 2544 669 2606 Nam
687 2542 727 2606 ab
742 2540 926 2605 hominibus
982 2542 1177 2607 invocemus.
1202 2544 1262 2606 Sed
1284 2545 1360 2626 quia
1378 2545 1483 2608 taliter
1503 2565 1566 2610 non
1588 2565 1727 2622 oramus,

178 2651 268 2725 pater
285 2643 391 2706 vocari
410 2643 568 2725 dignatur,
585 2650 617 2706 et
632 2642 738 2725 potius
754 2641 823 2704 vult
842 2658 926 2702 ame·
982 2642 1037 2704 sed
1053 2642 1122 2704 sine
1140 2643 1318 2706 reverentia
1338 2652 1370 2706 et
1387 2643 1518 2720 ellectu,
1538 2665 1578 2708 ex
1597 2663 1730 2710 eonsue-

178 2743 215 2812 ri,
229 2750 263 2804 ut
282 2749 382 2824 pater,
403 2761 500 2824 quarn
522 2741 688 2804 lormidari
710 2748 746 2803 ut
766 2740 924 2803 dominus.
983 2740 1093 2803 tudine
1114 2741 1262 2822 quadam,
1281 2761 1340 2805 nee
1360 2743 1473 2806 demus
1496 2762 1554 2807 nos
1572 2745 1611 2808 ad
1627 2763 1733 2807 ernen-

178 2841 267 2903 Unde
291 2841 471 2903 Orationem
495 2840 690 2902 dominicam
714 2839 858 2902 Christus
885 2837 928 2898 ita
983 2838 1732 2923 dationemproposse,laciend0quodinnobis

180 2938 318 3021 incepit:
331 2938 419 3001 Pater
434 2938 618 3020 noster,qui
634 2955 668 3000 es
685 2937 717 2998 in
734 2936 832 2999 eoelis.
846 2935 927 2998 Dum
984 2945 1052 3018 est;
1069 2937 1188 3000 idcirco
1208 2957 1227 3000 a
1246 2938 1478 3020 benignissimo
1499 2940 1587 3002 Patre
1609 2939 1732 3004 coelesti

179 3054 255 3118 ergo
274 3038 375 3099 neum
395 3055 545 3100 vocamus
565 3043 699 3118 patrem,
716 3052 865 3097 curemus
885 3051 930 3095 cs·
947 3039 969 3104 C
985 3053 1049 3098 nen
1070 3035 1269 3098 exaudimur.

180 3155 214 3198 se
239 3136 314 3199 boni
337 3155 373 3198 ac
398 3135 583 3199 obedientes
607 3134 669 3196 lilii
692 3134 773 3214 ejus,
795 3151 858 3196 nen
884 3151 929 3194 re·
1024 3133 1153 3214 Legitur
1173 3135 1212 3196 de
1233 3135 1268 3197 B.
1285 3133 1389 3198 Leone
1411 3136 1503 3219 Papa,
1519 3136 1575 3218 qui
1595 3136 1658 3198 luit
1679 3155 1732 3199 na·

180 3235 280 3298 belles
295 3255 332 3298 ae
346 3235 504 3316 injuriosi.
522 3233 678 3308 Secunde,
689 3233 867 3295 exorandus
882 3237 930 3292 cst
986 3232 1071 3294 tione
1095 3232 1265 3307 Romanus,
1286 3252 1323 3295 ae
1348 3234 1568 3296 nobilissimus
1591 3234 1732 3315 juvenis,

181 3334 264 3398 Deus
286 3353 360 3396 cum
384 3335 473 3398 omni
495 3332 625 3407 lidueia,
643 3339 679 3394 ut
700 3332 775 3394 satis
797 3330 864 3411 jam
885 3329 931 3392 di·
985 3337 1095 3412 utpote
1123 3331 1249 3412 patricii
1278 3330 1378 3405 lilius,
1409 3333 1494 3413 quod
1523 3332 1601 3396 dum
1629 3333 1733 3395 adhue

182 3441 270 3496 ctum
291 3441 348 3496 est.
371 3433 487 3507 Tertio,
508 3451 582 3495 cum
604 3431 716 3512 grandi
739 3428 929 3503 reverentia,
985 3427 1169 3490 adolescens
1183 3427 1254 3502 luit,
1264 3427 1424 3509 subjacuit
1439 3429 1676 3494 incontinentia
1693 3431 1735 3493 vi-

182 3539 333 3613 tanquam
354 3550 409 3593 rex
430 3530 605 3611 maiestatis
620 3537 651 3591 et
666 3528 863 3591 excellentia
883 3526 929 3588 in·
986 3527 1042 3601 tie,
1058 3526 1097 3589 ad
1112 3527 1197 3608 quod
1212 3545 1251 3588 ex
1266 3526 1464 3590 naturalibus
1485 3527 1551 3590 suis
1567 3535 1634 3592 erat
1652 3528 1734 3591 mul-

181 3629 362 3704 linitae,boe
378 3637 425 3692 est
440 3647 514 3691 eum
532 3628 652 3710 ingenti
667 3627 771 3690 cordis
787 3625 931 3688 custodia
985 3632 1054 3687 tum
1070 3624 1231 3706 proclivis.
1249 3625 1309 3687 Sed
1330 3625 1467 3687 multum
1487 3625 1653 3708 displicuit
1672 3626 1734 3688 sibi

182 3735 215 3790 et
235 3728 441 3802 advertentia,
462 3746 498 3790 ac
515 3726 634 3809 praevia
657 3725 756 3788 animi
778 3742 931 3806 praepara·
987 3723 1191 3786 immunditie
1205 3742 1273 3798 sua,
1288 3723 1453 3805 oravitque
1474 3724 1573 3787 Deum
1589 3743 1648 3806 pre
1665 3742 1734 3806 gra·

183 3827 281 3901 tione,
296 3825 515 3888 distractiones
534 3824 716 3905 abjiciendo
737 3831 769 3884 ct
790 3832 929 3885 mentem
987 3821 1030 3883 tia
1052 3821 1222 3900 eastitatis3
1247 3821 1451 3902 singulariter
1474 3839 1550 3885 vcro
1575 3822 1735 3886 invocavit

183 3925 222 3988 ad
235 3925 335 3988 Deum
350 3924 491 3997 levando,
499 3922 767 4005 quemadmodum
781 3921 815 3983 in
827 3920 933 3982 Eccle·
986 3919 1165 4002 piissimam
1180 3919 1295 3983 Christi
1311 3920 1624 4002 Matrem,Virginem
1641 3921 1735 3985 bene-

183 4023 311 4086 siastieo
325 4023 481 4105 seriptum
495 4023 650 4085 est:Ante
664 4021 840 4084 orationem
855 4037 932 4101 prae-
986 4019 1115 4094 dietam,
1133 4026 1168 4080 ut
1185 4037 1244 4100 pro
1264 4020 1334 4102 ipso
1353 4028 1477 4100 rogaret
1491 4019 1607 4082 Filium
1627 4040 1732 4084 suum.

183 4140 260 4205 para
279 4121 420 4183 animam
439 4127 537 4182 tuam.
559 4119 702 4182 Christus
722 4135 848 4200 quoque
869 4117 931 4178 dis·
986 4119 1154 4200 Quumque
1169 4118 1311 4199 quotidie
1327 4125 1430 4181 oraret
1445 4119 1653 4202 intente,post
1668 4119 1735 4183 bre·

55 4266 85 4295 Μ
136 4263 168 4300 Ν,
184 4219 284 4283 seruit
301 4236 308 4280 :
325 4219 397 4281 l'eri
416 4218 595 4281 adoratores
613 4216 791 4279 adorabunt
808 4215 930 4277 Patrem
947 4221 972 4284 D
987 4235 1025 4279 ve
1049 4224 1176 4297 tempus
1201 4217 1349 4298 apparuit
1377 4215 1407 4279 ei
1437 4217 1620 4280 beatissima
1644 4218 1734 4301 virge

184 4321 218 4382 in
239 4318 353 4402 spiritu
373 4325 405 4380 et
424 4317 577 4396 veritate;
599 4335 672 4378 nam
692 4322 724 4377 et
743 4315 832 4378 Pater
851 4314 930 4377 tales
986 4316 1092 4390 Maria,
1108 4323 1140 4378 et
1158 4315 1239 4378 dixit
1258 4315 1297 4377 ad
1317 4333 1391 4378 eum
1409 4315 1550 4397 :Rogavi
1569 4334 1627 4399 pro
1644 4323 1686 4392 te,
1703 4325 1735 4381 et

184 4413 932 4501 queritSpiritusestllcus3eteosquiadorant
985 4415 1119 4496 gratiam
1144 4415 1295 4478 castitatis
1320 4415 1488 4497 impetravi
1512 4414 1592 4494 tibi;
1617 4422 1650 4477 et
1673 4415 1734 4479 hoc

183 4537 270 4594 eum,
293 4517 326 4580 in
351 4515 465 4598 spiritu
489 4523 522 4578 et
542 4515 674 4578 veritate
692 4514 822 4576 adorare
841 4531 931 4596 opor·
986 4513 1044 4576 tibi
1059 4513 1208 4596 praedice,
1221 4513 1305 4595 qued
1321 4513 1416 4576 etiem
1432 4512 1471 4575 ad
1486 4513 1667 4596 apostolieae
1683 4516 1735 4578 Se-

182 4624 237 4680 tet.
255 4618 381 4690 Quarto,
398 4633 472 4677 eum
488 4615 560 4678 vitae
580 4613 797 4688 consonantia,
814 4621 849 4674 ut
862 4630 930 4675 era·
986 4613 1034 4676 dis
1057 4612 1244 4693 dignitatem
1268 4611 1312 4674 sis
1336 4612 1582 4694 promovendus.
1599 4615 1667 4688 Quo
1689 4613 1734 4674 di-

183 4716 263 4780 tioni
286 4713 485 4779 conversatio
509 4713 550 4775 sit
572 4713 779 4786 concordans,
799 4712 850 4774 vel
873 4711 931 4774 sal·
986 4721 1048 4787 ete,
1069 4711 1256 4774 dulcissima
1279 4711 1374 4793 Virgo
1398 4712 1564 4794 disparuit.
1589 4713 1628 4775 Et
1648 4713 1735 4776 dein·

182 4825 248 4879 tem
273 4816 313 4877 ad
334 4815 394 4878 lroe
413 4829 508 4876 orans
531 4811 652 4894 absque
675 4830 763 4875 mora
787 4816 928 4874 conetur.
986 4831 1061 4894 ceps
1076 4811 1138 4874 Leo
1153 4810 1331 4874 castissime
1347 4810 1734 4892 vixit,etque,auxiliante

183 4914 241 4989 Qui
266 4913 353 4976 enim
377 4932 395 4974 a
419 4912 483 4975 Deo
507 4911 759 4974 misericordiam
783 4909 874 4991 petit,
900 4916 931 4971 et
986 4911 1121 4974 Domina
1144 4917 1262 4985 nostra,
1286 4910 1368 4992 Papa
1392 4909 1527 4972 allectus
1552 4916 1620 4990 est;
1646 4918 1677 4971 et
1701 4910 1735 4973 in

184 5022 291 5077 umen
311 5031 442 5096 peccare
467 5028 530 5074 uon
553 5017 666 5084 cessat,
688 5029 747 5072 nee
768 5029 801 5072 se
824 5027 931 5072 emen·
987 5017 1104 5092 papatu
1124 5017 1231 5072 sancte
1253 5027 1287 5071 se
1306 5008 1429 5083 habuit,
1445 5026 1482 5070 ac
1505 5007 1680 5071 maximum
1701 5009 1734 5070 in

184 5116 259 5177 dare
274 5113 423 5198 proponit
437 5131 474 5175 ae
491 5111 614 5186 nititur,
631 5111 675 5172 ita
692 5129 726 5174 se
743 5109 839 5172 babet
853 5128 889 5172 ae
904 5109 932 5172 si
989 5109 1132 5172 Ecclesia
1152 5107 1230 5171 lecit
1250 5107 1402 5170 lructum.
