4192 6258
427 453 487 518 496
628 472 776 520 nounucs
797 472 861 518 xvu
883 471 956 518 rosr
976 469 1170 517 rmurrurnu.
1190 487 1230 498 -
1251 470 1292 518 sn
1313 469 1508 532 nunrorosos3
1530 469 1629 516 suavo
1649 469 1786 525 orsurus

427 662 532 725 genua
560 641 703 718 flectere,
729 661 845 726 corpus
870 649 972 706 totum
999 642 1031 704 in
1061 649 1177 704 terram
1194 641 1219 704 Α
1236 641 1346 716 lerare,
1369 647 1478 704 contra
1501 659 1575 704 eum
1600 657 1727 723 quoque
1751 638 1808 721 qui
1835 636 1915 700 mals
1934 637 1966 699 ir-

428 749 629 824 prosternere
648 761 686 804 ao
707 743 857 804 decenter
880 740 1034 804 inclinare
1056 739 1178 802 Altissi-
1234 747 1322 821 rogat
1345 739 1434 802 nullo
1463 738 1572 802 dolore
1596 738 1743 802 morderi.
1769 737 1880 818 ltaque
1902 745 1966 798 teste

428 857 490 902 mo.
509 839 569 902 Sed
586 847 737 903 eteorum
760 839 914 922 proximis
933 838 1050 901 nostris
1064 855 1101 900 ac
1116 837 1178 901 lra-
1233 837 1412 912 Ambrosio,
1434 837 1513 900 illud
1539 835 1749 920 magnificum
1774 842 1835 910 est,
1859 835 1884 896 si
1906 835 1967 896 sub

427 937 531 1000 tribus
553 937 709 1000 debemus
731 955 788 1000 nos
809 937 948 999 humiles
968 935 1120 998 exhibere
1145 935 1177 997 in
1231 939 1336 1019 jectus
1361 937 1576 1012 contumeliis,
1596 937 1756 1018 judicium
1779 935 1837 998 llei
1863 935 1965 1008 laudes,

427 1034 589 1109 omnibus,
607 1035 639 1098 in
664 1034 783 1109 verbis,
800 1035 893 1098 lactis
916 1041 948 1097 et
972 1033 1126 1107 moribus,
1144 1033 1177 1095 in
1233 1038 1260 1100 si
1279 1043 1411 1100 vexatus
1433 1036 1632 1118 egritudine,
1648 1042 1680 1098 te
1702 1035 1768 1097 Deo
1789 1034 1964 1097 committas.

428 1135 555 1198 incessu
580 1142 612 1197 et
634 1142 799 1217 apparatu,
820 1152 856 1196 ac
878 1132 1028 1196 omnibus
1053 1150 1110 1195 nos
1133 1132 1178 1194 vi·
1232 1135 1312 1198 Hinc
1334 1135 1378 1197 ait
1399 1142 1432 1198 et
1451 1134 1542 1216 llugo
1558 1153 1565 1198 ε
1583 1132 1737 1197 Patientia
1758 1131 1897 1213 religiosi
1917 1132 1965 1194 viri

280 1250 360 1357 19ιῑιιιι·
362 1264 412 1303 .....
429 1235 524 1297 liores
539 1241 663 1316 putare,
680 1241 776 1316 atque
796 1233 827 1296 in
844 1231 1090 1296 mansuetudine
1105 1249 1178 1314 ope·
1233 1241 1291 1308 est,
1309 1232 1454 1297 laborum
1470 1252 1506 1296 ac
1521 1232 1668 1296 dolorum
1686 1230 1844 1304 omnium,
1860 1249 1913 1312 spe
1925 1230 1964 1292 lo·

281 1447 413 1556 ¹parurn.
430 1431 476 1493 ira
497 1447 573 1493 vero
597 1431 629 1492 in
655 1430 728 1492 sinu
754 1428 842 1491 stulti
869 1428 1049 1511 requiescit.
1074 1429 1179 1491 Monet
1231 1438 1328 1512 grata.
1353 1430 1426 1494 llaec
1450 1437 1499 1493 est
1522 1429 1625 1492 virtus
1649 1448 1721 1512 quae
1749 1427 1857 1491 omnia
1879 1428 1964 1490 vincit

288 1573 413 1631 unroco.
428 1531 560 1592 demum
579 1527 750 1612 Apostolus
772 1535 808 1590 ut
827 1547 900 1590 cum
921 1527 1075 1610 patientia
1098 1526 1177 1589 invi·
1231 1530 1374 1604 adversa,
1390 1546 1454 1592 non
1477 1528 1689 1601 colluctando,
1707 1527 1762 1590 sed
1783 1525 1962 1599 sufferendo,

279 1377 413 1428 m„
429 1351 463 1394 ra
487 1339 595 1396 nostra
620 1329 786 1414 perlicere.
811 1331 897 1394 Beati
921 1331 1040 1393 etenim
1064 1330 1177 1409 mites3
1231 1340 1377 1394 turorum
1393 1331 1549 1395 bonorum
1566 1338 1599 1393 et
1612 1329 1668 1394 Dei
1683 1347 1802 1404 amore,
1814 1328 1965 1391 tolerantia
2081 1331 2082 1336 ’

280 1641 301 1683 ²·
429 1646 499 1691 cem
514 1634 752 1712 supportemus,
769 1645 809 1689 ne
825 1645 908 1688 unus
923 1645 962 1688 ex
977 1625 1104 1688 delectu
1123 1632 1178 1688 aut
1231 1645 1295 1690 non
1311 1628 1553 1701 murmurando,
1570 1627 1625 1689 sed
1641 1625 1889 1707 gratosagendo.
1905 1624 1963 1687 For
2081 1609 2082 1650 ³

426 1727 610 1810 gravamine
625 1725 831 1799 alterius,aut
846 1725 885 1786 de
901 1723 1018 1804 injuria
1032 1723 1094 1785 sibi
1110 1723 1177 1785 illa·
1231 1727 1272 1789 tis
1292 1733 1387 1810 atque
1408 1724 1534 1807 egregia
1553 1743 1604 1787 res
1619 1731 1678 1798 est,
1695 1723 1806 1788 audire
1826 1723 1964 1804 injuriose

427 1833 469 1902 ta,
486 1826 630 1889 tristetur
650 1824 838 1898 inordinate,
859 1823 1042 1903 indignetur
1061 1828 1094 1884 et
1118 1821 1176 1884 im·
1193 1820 1217 1882 B
1232 1844 1269 1886 ac
1284 1826 1378 1889 noxia
1391 1824 1564 1899 verba,nec
1579 1830 1687 1886 tamen
1703 1822 1891 1905 respondere
1904 1839 1964 1885 con

293 1951 412 2002 orooro,
428 1932 560 2008 petuose
584 1943 618 1987 se
642 1923 757 1986 babeat
779 1940 786 1985 ι
808 1921 884 2004 quia
909 1920 1079 2003 impatiens
1102 1937 1176 2003 ope·
1231 1923 1334 1985 traria

280 2017 314 2058 ¹⁷·
427 2030 515 2086 ratur
548 2021 727 2085 stultitiam.
762 2019 1036 2094 Quemadmodum
1069 2026 1175 2081 autem
1272 2020 1332 2084 Sed
1354 2020 1454 2102 quaeri
1475 2025 1590 2102 potest,
1608 2037 1665 2081 cur
1684 2017 1838 2101 patientia
1857 2017 1962 2100 specia-

428 2120 639 2184 mansuetudo
669 2120 760 2194 iram,
783 2119 830 2181 sic
857 2117 1010 2200 patientia
1038 2115 1178 2179 refrenat
1232 2119 1304 2183 liter
1333 2118 1496 2202 probatrix
1520 2117 1677 2180 virtutum
1701 2122 1842 2180 vocetur.
1866 2115 1901 2177 Et
1924 2133 1963 2178 re

427 2219 601 2282 tristitiam.
618 2218 736 2300 Estque
758 2216 911 2300 patientia
933 2215 993 2278 ista
1010 2214 1103 2278 nobis
1122 2234 1175 2278 ne·
1231 2217 1453 2301 spondendum
1468 2215 1553 2298 quod
1569 2215 1651 2290 ideo,
1667 2213 1744 2296 quia
1758 2214 1911 2297 patientie
1923 2221 1963 2276 cst

427 2318 564 2381 cessaria
585 2317 688 2391 valde,
705 2316 858 2399 quoniam
881 2334 918 2378 ea
942 2322 1095 2388 carentes,
1113 2313 1176 2376 cito
1231 2316 1412 2400 passionem
1427 2315 1564 2377 tristitias
1579 2312 1738 2377 moderari
1754 2331 1791 2376 ac
1806 2312 1960 2381 refrenare,

427 2433 463 2477 ac
484 2434 568 2497 sepe
588 2414 769 2489 turbantur,
787 2413 1005 2496 inquietantur
1026 2419 1057 2474 et
1076 2411 1174 2474 vitam
1231 2433 1271 2478 ne
1297 2415 1394 2477 bomo
1420 2430 1478 2496 pro
1506 2411 1634 2493 injuriis
1663 2410 1725 2473 sibi
1754 2410 1852 2473 illatis
1874 2417 1900 2474 el
1920 2409 1963 2472 ad·

427 2531 512 2596 saepe
527 2513 649 2575 ducunt
667 2529 819 2585 amaram,
837 2518 869 2573 et
888 2511 971 2573 ultra
986 2510 1053 2574 baeo
1068 2509 1176 2572 omnia
1230 2512 1434 2576 versitatibus
1451 2510 1596 2592 irrogatis
1613 2510 1863 2574 immoderanter
1876 2509 1961 2572 triste·

427 2618 578 2676 aeternam
601 2618 765 2673 merentur
785 2609 1033 2672 damnationem.
1230 2610 1574 2686 tur.Quemadmodum
1590 2616 1696 2672 autem
1712 2627 1751 2672 ex
1766 2609 1888 2692 privato
1899 2625 1961 2671 oon·

466 2711 561 2774 Porro
581 2709 636 2792 qui
657 2708 871 2771 humilitatem
895 2707 1036 2790 perfecte
1056 2706 1175 2789 ample·
1230 2710 1325 2791 tingit
1352 2727 1460 2773 amore
1489 2718 1584 2772 etex
1614 2707 1766 2791 superbia
1795 2708 1835 2770 de
1862 2707 1961 2770 talibus

427 2808 534 2882 ctitur,
552 2808 631 2870 iram
654 2814 686 2869 et
707 2806 940 2890 impatientiam
963 2805 1100 2868 faciliter
1124 2825 1175 2868 su·
1231 2809 1423 2884 contristari,
1441 2807 1625 2892 inquietari,
1642 2805 1785 2886 turbari;
1806 2806 1850 2869 ita
1871 2807 1904 2868 de
1923 2813 1960 2868 tr·

427 2925 538 2990 perare
559 2904 771 2987 cognoscitur,
788 2924 887 2987 quum
911 2923 945 2968 se
964 2903 1175 2967 tribulationi·
1231 2908 1316 2971 libus
1335 2925 1399 2971 non
1417 2906 1536 2969 tristari
1552 2924 1613 2970 neo
1629 2905 1835 2980 commoveri,
1851 2905 1959 2986 signum

427 3006 488 3068 bus
509 3024 545 3068 ao
565 3003 843 3088 persecutionibus
865 3003 974 3066 multis
995 3020 1032 3064 ac
1053 3002 1175 3084 magnis
1193 3002 1279 3069 (lest
1298 3005 1522 3069 eradicationis
1544 3005 1662 3087 privati
1681 3003 1800 3067 amoris
1821 3011 1853 3066 et
1870 3002 1960 3066 elatio

426 3104 559 3185 dignum
574 3121 644 3166 esse
659 3101 857 3185 proliteatur.
867 3101 922 3164 Est
935 3109 1040 3164 autem
1057 3101 1176 3184 paticn-
1230 3103 1290 3166 nis.
1307 3104 1411 3177 Quum
1427 3121 1502 3183 ergo
1516 3120 1606 3166 amor
1621 3101 1765 3186 privatus
1780 3101 1896 3165 dicatur
1907 3100 1959 3163 ori·

426 3203 470 3264 tia
489 3201 646 3264 virtutum
672 3200 835 3283 probatrix
854 3207 886 3263 et
907 3199 1082 3282 spiritualis
1104 3217 1175 3282 pro·
1230 3219 1270 3284 go
1297 3201 1443 3265 omnium
1472 3201 1638 3276 vitiorum,
1669 3200 1820 3283 superbia
1849 3215 1959 3282 qnoque

426 3301 531 3363 lectus
556 3306 780 3381 argumentum
803 3318 810 3362 :
833 3298 951 3360 idcirco
970 3317 1010 3361 an
1028 3317 1103 3361 vere
1124 3299 1176 3361 de·
1231 3309 1332 3364 mater
1361 3318 1484 3374 eorum,
1511 3299 1627 3362 merito
1656 3299 1820 3382 patientia,
1844 3317 1907 3380 qua
1926 3297 1958 3358 si·

424 3399 643 3475 voti,virtuosi
659 3397 928 3482 prolicientesque
944 3397 1052 3470 simus,
1060 3397 1175 3459 melius
1229 3418 1329 3482 gnum
1349 3407 1397 3462 est
1416 3397 1638 3461 eradicationis
1661 3397 1779 3480 privati
1799 3395 1906 3460 amoris
1920 3401 1958 3458 at·

425 3517 461 3562 ac
480 3497 599 3560 certius
619 3497 693 3559 sciri
714 3512 778 3559 non
798 3495 925 3578 poterit,
941 3496 1004 3558 nisi
1026 3514 1083 3578 per
1102 3495 1173 3570 boc,
1230 3517 1293 3581 que
1315 3496 1485 3581 superbie,
1502 3496 1621 3558 dicitur
1642 3513 1713 3558 esse
1734 3494 1887 3578 probatrir
1904 3494 1955 3555 vir-

425 3617 465 3660 an
488 3597 521 3658 in
543 3593 800 3669 adversitatibus,
818 3593 1089 3668 tribulationibus,
1106 3612 1175 3676 per·
1230 3603 1347 3670 tutum,
1364 3614 1436 3678 quaa
1453 3595 1564 3676 utique
1584 3593 1713 3677 copiose
1735 3593 1841 3656 insunt
1853 3590 1954 3672 bisqui

426 3686 655 3767 secutionibus',
665 3693 879 3767 irrisionibus,
891 3693 1018 3774 injuriis
1032 3711 1106 3756 vere
1122 3711 1175 3775 pa·
1230 3714 1248 3757 a
1262 3694 1385 3776 privato
1405 3709 1512 3756 amore
1528 3698 1560 3755 et
1574 3690 1727 3774 superbia
1746 3698 1821 3753 sunt
1837 3687 1950 3772 purgati.

425 3794 540 3855 tientes
566 3791 776 3854 inveniamur.
798 3792 928 3873 Propter
948 3791 1034 3874 quod
1060 3791 1091 3853 in
1116 3790 1174 3853 Ec·
1229 3793 1296 3856 lmo
1316 3791 1342 3854 si
1364 3791 1424 3854 rite
1444 3790 1684 3854 consideremus
1704 3808 1802 3872 quam
1822 3785 1952 3870 multipli-

277 3912 410 3965 neeunm,
425 3889 603 3952 clesiastico
617 3889 771 3971 scriptum
786 3889 939 3952 esttvasa
953 3888 1046 3969 liguli
1061 3888 1174 3970 probat
1229 3892 1308 3954 citer
1335 3889 1537 3954 fructuosum
1567 3889 1608 3952 sit
1631 3895 1664 3952 et
1689 3887 1818 3952 salubre
1843 3887 1951 3950 adversa

277 3979 298 4018 θ’
425 3987 548 4062 lornax,
565 3995 596 4050 et
611 3986 757 4051 homines
770 3986 873 4067 justos
893 3986 1026 4049 tentatio
1041 3986 1173 4049 tribula·
1228 3990 1336 4056 omnia
1359 3990 1582 4073 aequanimiter
1605 3987 1702 4064 ferre,
1724 4005 1789 4051 non
1814 3988 1904 4051 solum
1923 3984 1951 4046 li

424 4086 530 4150 tionis.
553 4085 825 4160 Quemadmodum
849 4103 925 4165 ergo
950 4084 1033 4147 mala
1055 4085 1118 4149 olla
1139 4085 1172 4147 in
1228 4089 1350 4163 benter,
1367 4088 1422 4151 sed
1443 4095 1475 4150 et
1490 4087 1634 4151 hilariter
1648 4105 1686 4149 ea
1704 4085 1880 4150 curabimus
1896 4101 1949 4146 sus

423 4183 553 4248 fornace
577 4183 699 4247 ardenti
726 4182 840 4266 posita,
865 4183 982 4258 exsilit,
1009 4189 1118 4265 crepat
1141 4190 1173 4246 et
1188 4186 1213 4249 D
1227 4187 1339 4250 tinere.

423 4282 544 4359 delicit,
566 4282 613 4346 sic
634 4282 731 4346 bomo
751 4287 942 4365 apparenter
962 4288 995 4344 et
1015 4280 1092 4344 ficte
1111 4281 1173 4344 vir·
1267 4286 1311 4348 De
1333 4285 1394 4348 hoc
1419 4284 1451 4346 in
1476 4283 1644 4365 Horologio
1666 4292 1793 4349 aterna
1812 4281 1948 4367 sapientie

422 4391 532 4447 tuosus
547 4390 578 4446 et
593 4383 737 4456 devotus,
755 4381 788 4443 in
804 4380 876 4462 igne
891 4380 1101 4455 adversitatis,
1119 4381 1172 4443 tri·
1228 4384 1274 4447 sio
1290 4383 1425 4446 babetur
1442 4402 1449 4448 :
1466 4382 1555 4446 Sicut
1572 4375 1605 4445 in
1621 4382 1744 4445 cithara
1763 4382 1878 4446 chordo
1892 4395 1947 4463 pro

423 4480 595 4544 bulationis
625 4477 927 4560 exercitationisque
956 4478 1089 4560 positus,
1115 4497 1172 4561 per
1228 4481 1484 4566 portionabiliter
1517 4487 1656 4545 extensos
1689 4499 1804 4545 sonum
1836 4479 1944 4544 reddunt

424 4579 655 4661 impatientiam
685 4596 775 4641 suam
801 4577 952 4659 erumpit,
978 4584 1010 4638 et
1033 4595 1091 4658 per
1115 4576 1172 4638 im·
1228 4599 1370 4656 suavem,
1392 4580 1438 4642 sio
1459 4579 1579 4642 electus
1603 4579 1742 4662 quisque
1766 4581 1839 4643 dum
1859 4577 1944 4640 adrer-

422 4677 585 4761 patientie
603 4677 701 4740 verba
723 4695 760 4740 ac
783 4676 883 4757 signa,
900 4675 1004 4757 qualis
1025 4676 1066 4737 sit
1085 4675 1171 4739 intus
1227 4679 1320 4742 sitate
1339 4678 1508 4761 premitur,
1525 4679 1616 4761 quasi
1632 4679 1663 4740 vi
1679 4680 1816 4761 quadam
1833 4685 1906 4741 extra
1919 4689 1943 4735 sc

422 4774 619 4859 proditldeo
634 4775 776 4858 loquitur
790 4773 1005 4855 Augustinus:
1019 4772 1171 4838 Perfacile
1227 4775 1379 4852 tenditur,
1401 4776 1477 4859 quia
1499 4775 1531 4839 in
1554 4777 1655 4841 Deum
1678 4795 1713 4840 se
1735 4777 1849 4860 dirigit,
1866 4782 1893 4838 ct
1910 4771 1944 4832 sit

422 4881 471 4938 est
485 4881 607 4937 vestem
622 4873 719 4937 vilem
740 4879 877 4956 portare,
895 4872 999 4955 capite
1019 4871 1172 4936 inclinato
1226 4876 1266 4939 ad
1290 4876 1489 4938 reddendum
1513 4874 1641 4938 dulcem
1666 4893 1704 4939 ao
1727 4877 1878 4941 coelssten
1896 4885 1944 4933 rue

424 4974 582 5048 incedere,
603 4973 711 5037 volum
736 4991 834 5056 super
856 4972 966 5035 oculos
985 4971 1170 5053 demittere3
1227 4974 1345 5038 lodiam
1365 4973 1492 5057 plenius
1511 4973 1708 5037 habilitetur.
1725 4969 1943 5038 Patientiaalu·

423 5074 479 5136 sed
494 5091 606 5136 verum
626 5071 783 5135 humilem
798 5070 938 5134 ostendit
951 5070 1105 5153 patientia
1118 5089 1172 5134 ve·
1227 5073 1298 5135 dice
1318 5089 1445 5136 summo
1463 5072 1696 5154 pretiosissima
1712 5080 1877 5157 reputatur.
1890 5069 1943 5149 lpsa

423 5171 618 5252 ra'injuriae.
644 5171 743 5245 Unde,
769 5169 946 5232 secundum
972 5169 1170 5250 Gregorium,
1227 5171 1347 5233 etenim
1370 5170 1491 5233 iudicis
1522 5170 1601 5234 iram
1631 5171 1815 5253 exstinguit,
1839 5165 1943 5246 atejus

423 5270 576 5358 patientia
591 5277 649 5346 est,
665 5269 770 5333 aliena
789 5267 873 5331 mala
889 5267 1111 5349 equanimiter
1125 5275 1171 5332 to·
1227 5269 1429 5333 severitatem
1461 5269 1493 5331 in
1525 5269 1755 5351 benignitatem
1784 5265 1942 5333 amicitiuu·
2061 5324 2070 5349 ‚
