4192 6258
431 460 492 526 590
677 478 825 526 uoululuu
845 479 911 525 xxu
933 478 1005 525 POST
1025 475 1219 524 mutirem.
1240 495 1281 506 -
1300 475 1475 525 ΙΝΑΜΚΑΤῙΟ
1496 478 1528 524 lu
1548 477 1741 526 evidentiori

431 651 524 710 eadat
544 669 630 720 eum,
646 649 777 712 vitalem
800 649 949 734 spiritum
976 649 1179 722 includendo,
1195 648 1221 713 Α
1236 648 1268 711 id
1292 656 1341 712 est
1364 649 1477 713 nocive
1501 649 1533 711 in
1557 649 1749 732 proximum,
1770 655 1802 711 et
1822 648 1895 711 mibi
1912 657 1955 716 tuo

432 765 473 809 ne
497 746 678 829 respiraret,
694 749 805 809 dicens
824 770 836 808 .·
855 751 967 810 Redde
991 747 1070 810 mihi
1095 749 1181 826 quod
1234 747 1365 810 domino
1385 747 1537 821 infidelis,
1554 767 1646 808 omne
1659 749 1804 808 debitum
1821 753 1954 810 tuumdi-

432 845 533 906 debes.
549 845 615 908 lloc
629 854 727 927 agunt
743 846 899 920 crudeles,
917 846 972 928 qui
993 844 1180 928 persolutio
1234 848 1312 908 misi
1326 848 1397 918 tibi,
1414 848 1568 926 quoniam
1584 847 1709 924 rogasti
1721 865 1769 906 me
1783 862 1840 927 pro
1853 847 1954 911 dilatio

431 960 506 1004 nem
525 943 626 1006 debiti
645 951 700 1006 aut
715 962 772 1027 pro
792 943 911 1024 injuria
930 942 1179 1006 satisfactionem
1233 950 1324 1016 ne,et
1338 943 1401 1006 leci
1417 943 1476 1006 tibi
1492 943 1662 1025 plusquam
1678 943 1954 1026 postulasti3aanne

431 1039 514 1102 ultra
533 1041 617 1104 vires
641 1049 696 1104 aut
717 1041 873 1106 violenter
893 1060 911 1103 a
934 1041 1089 1123 proximis
1112 1040 1179 1102 suis
1233 1061 1309 1118 erpo
1323 1043 1468 1117 oportuit
1488 1050 1517 1100 et
1539 1050 1580 1110 te,
1595 1041 1651 1122 qui
1672 1041 1790 1104 teneris
1809 1040 1903 1104 lacere
1920 1043 2010 1106 al-ueu
2023 1081 2042 1111 e.

430 1137 612 1220 exquirunt.
636 1141 680 1201 uc
700 1141 876 1216 procidens
899 1159 1072 1199 conservos
1095 1139 1178 1215 ejus,
1233 1139 1293 1200 teri
1312 1139 1395 1200 siout
1415 1138 1473 1200 tibi
1494 1139 1542 1200 vis
1561 1137 1646 1213 lieri,
1662 1141 1815 1200 misereri
1832 1145 1954 1201 conserui
1964 1132 1985 1170 ¹²·

431 1239 564 1314 repebat
579 1239 787 1308 eum,dicens
802 1239 1031 1300 :Patientiam
1048 1239 1128 1296 liobe
1143 1238 1179 1296 ia
1234 1238 1296 1308 tui,
1312 1238 1396 1297 sicut
1416 1246 1445 1298 et
1465 1257 1520 1314 epo
1540 1239 1593 1297 tui
1610 1239 1766 1298 misertus
1781 1239 1874 1298 sum?
1884 1239 1953 1300 Istud

429 1354 491 1405 me,
512 1344 542 1394 et
565 1337 675 1395 omnia
698 1338 834 1396 reddam
860 1337 932 1405 tibi,
954 1335 985 1396 id
1009 1341 1067 1409 est,
1085 1333 1178 1417 plene
1233 1335 1344 1416 utique
1359 1335 1501 1416 oportuit
1515 1341 1545 1396 te
1561 1334 1666 1398 lacere
1681 1335 1791 1399 debito
1805 1338 1953 1398 condecen-

430 1431 624 1496 satisleciam
642 1433 712 1496 tibi.
729 1435 792 1494 Itte
807 1444 915 1495 autem
930 1435 1036 1494 notuit
1051 1432 1178 1515 acquie·
1233 1431 1285 1494 tire
1299 1451 1336 1494 ao
1351 1433 1514 1514 praecepti,
1531 1433 1785 1516 necessitatesque
1802 1431 1882 1508 linis,
1895 1434 1954 1516 quir

430 1549 519 1594 scere
540 1531 735 1614 deprecanti,
756 1535 812 1592 sect
831 1533 925 1603 abiit,
945 1541 975 1592 et
995 1533 1178 1592 misticum
1233 1530 1324 1593 aliter
1345 1549 1407 1594 non
1427 1538 1518 1613 potes
1538 1531 1663 1594 salvari.

431 1631 468 1690 ira
482 1650 655 1701 carcerem,
670 1633 770 1691 donee
787 1633 936 1690 redderet
955 1633 1101 1691 debitam
1116 1652 1128 1690 .·
1144 1630 1177 1693 iu
1272 1632 1317 1691 Et
1331 1632 1441 1690 iratus
1454 1632 1607 1692 dominus
1626 1632 1708 1708 ejus,
1726 1630 1872 1694 videlicet
1888 1630 1955 1694 ttri-

430 1746 493 1810 quo
509 1735 596 1810 patet
616 1747 730 1810 magne
751 1728 822 1808 ejus
844 1728 1026 1790 crudelitas.
1233 1736 1311 1804 stus,
1328 1728 1384 1811 qui
1400 1728 1560 1803 irascitur,
1572 1748 1635 1792 non
1652 1748 1710 1811 per
1724 1729 1878 1813 passionis
1889 1748 1955 1792 oom-

473 1827 621 1888 Videntes
642 1836 752 1888 autem
773 1828 921 1888 conservi
939 1828 1011 1904 ejus
1031 1847 1104 1904 quw
1121 1831 1177 1904 fie-
1192 1822 1216 1885 B
1234 1827 1419 1902 motionem,
1437 1828 1491 1890 sed
1514 1847 1572 1910 per
1591 1827 1723 1908 justitie
1744 1829 1955 1891 exsecutionem

402 1995 407 2003 Ι
430 1927 507 1986 bant
522 1925 562 1988 ab
582 1925 644 1988 isto
663 1924 785 1988 crudeli
806 1924 838 1986 in
859 1943 953 1987 suum
974 1942 1176 1999 conservum,
1233 1943 1289 1988 seu
1309 1944 1412 2008 poenae
1427 1925 1651 2000 inflictionem,
1669 1929 1814 1988 tradidit
1828 1937 1954 1987 eantar-

429 2025 618 2083 eoatristati
636 2033 712 2084 sunt
728 2027 822 2083 valde
836 2044 848 2082 .·
863 2023 1015 2104 quoniam
1036 2021 1119 2085 sicut
1138 2024 1177 2085 ad
1234 2025 1370 2094 toribus,
1394 2031 1472 2106 puta
1494 2023 1704 2098 demonibus,
1725 2023 1782 2106 qui
1807 2032 1875 2087 sunt
1893 2023 1955 2086 inla-

430 2121 593 2183 caritalem
614 2120 753 2203 pertinet
772 2120 927 2202 proximis
947 2121 980 2182 in
1002 2120 1087 2184 bono
1106 2139 1179 2184 con·
1231 2122 1379 2204 tigabiles
1403 2123 1578 2204 impiorum
1599 2123 1779 2205 punitores,
1795 2123 1896 2184 saltem
1914 2142 1954 2182 us·

428 2219 592 2300 gratulari,
613 2220 660 2282 sic
682 2221 821 2302 pertinet
842 2220 881 2282 ad
902 2219 1046 2283 eamdem
1072 2220 1177 2302 proxi·
1233 2239 1295 2302 que
1318 2222 1357 2284 ad
1382 2221 1467 2284 diem
1495 2221 1621 2302 judicii,
1645 2228 1717 2304 post
1745 2241 1838 2304 quem
1865 2238 1955 2283 omnes

430 2319 491 2379 mis
516 2319 655 2400 compati
677 2319 709 2380 in
732 2319 892 2398 adversis3
907 2328 938 2379 et
960 2328 1131 2390 uenerunt,
1146 2328 1177 2380 et
1232 2318 1360 2400 reprobi
1385 2319 1480 2382 simul
1504 2319 1734 2382 cruciabuntur
1760 2320 1859 2401 poenis
1880 2318 1955 2380 inler-

429 2425 654 2477 narraverunt
669 2419 800 2476 domino
812 2419 988 2477 suoornraia
1003 2437 1074 2496 quse
1087 2419 1178 2494 facta
1231 2417 1276 2491 ni,
1293 2435 1356 2481 non
1378 2436 1397 2479 a
1416 2437 1450 2480 se
1473 2417 1623 2492 invicem,
1641 2425 1676 2480 ut
1697 2417 1831 2500 plurimi
1851 2417 1954 2496 dicunt;

428 2515 566 2590 fuerant
591 2514 674 2576 inter
697 2513 755 2577 hos
777 2515 865 2578 duos.
888 2515 946 2578 Per
966 2533 1074 2578 servos
1100 2515 1177 2578 istos
1232 2519 1440 2596 quoadusque
1451 2518 1601 2576 redderet
1616 2519 1811 2578 uniuersam
1824 2517 1954 2584 mittum,

281 2635 413 2686 mosen.
429 2610 564 2692 intelligi
592 2619 727 2694 possunt
754 2611 859 2693 angeli
888 2613 1001 2686 sancti,
1025 2612 1079 2694 qui
1109 2630 1176 2675 om·
1232 2613 1264 2676 id
1280 2620 1328 2675 est
1343 2613 1376 2674 in
1392 2614 1642 2695 aetcrnum,quia
1657 2613 1800 2676 damnati
1816 2631 1953 2695 nunquam
2063 2669 2064 2686 ,

429 2727 485 2772 nes
501 2709 852 2772 suntadministratorii
867 2710 1022 2792 spiritus:
1040 2727 1175 2791 quorum
1231 2711 1403 2774 salubriter
1417 2711 1673 2794 poenitentunde
1688 2730 1751 2774 nec
1766 2711 1899 2774 debitum
1912 2709 1956 2772 sol

288 2832 356 2888 ΑΜ
363 2846 413 2884 m,
429 2827 512 2870 unus
532 2807 565 2868 in
585 2807 775 2890 Apocalypsi
795 2808 839 2869 ait
858 2808 980 2882 loanni,
998 2808 1176 2872 Conservus
1231 2817 1311 2872 vunt
1325 2809 1548 2872 satislaciendo
1563 2828 1621 2893 pro
1636 2810 1753 2892 culpis.
1763 2813 1861 2872 Sicet
1873 2813 1956 2873 Puer

428 2913 502 2968 tuus
518 2925 601 2980 sum,
618 2913 650 2968 et
665 2905 800 2968 lratrum
815 2914 953 2969 tuorum.
970 2906 1008 2968 lli
1023 2915 1175 3053 tanquam
1232 2926 1321 2968 meus
1335 2928 1379 2968 coe
1381 2909 1482 2977 iestis,
1497 2908 1552 2990 qui
1567 2915 1616 2970 est
1631 2907 1721 2970 Pater
1742 2927 1833 2971 meus
1851 2926 1902 2990 per
1915 2925 1955 2987 ge·

428 3110 492 3165 stra
513 3103 717 3166 considerent
735 3102 833 3183 lacta3
849 3111 881 3166 et
902 3103 985 3166 siout
1006 3104 1045 3166 de
1067 3112 1175 3169 nostro
1231 3107 1329 3175 vobis,
1350 3104 1562 3187 mancipando
1583 3122 1639 3168 vos
1663 3105 1772 3186 poenis
1795 3053 1919 3176 steinis,
1934 3104 1956 3162 si

426 3202 626 3282 gratulantur
641 3201 797 3284 profectu,
814 3202 857 3264 ita
871 3203 910 3264 dc
926 3209 1033 3266 nostro
1048 3203 1174 3266 delectu
1230 3223 1296 3263 aon
1316 3205 1511 3264 remiseritis
1532 3205 1761 3283 unusquisque
1781 3205 1882 3281 fratri
1900 3221 1955 3270 sao,

426 3319 483 3362 seu
507 3301 585 3362 vitio
611 3300 826 3382 metaphorice
855 3301 1035 3364 contristari
1063 3300 1173 3364 dicun·
1231 3301 1262 3364 id
1283 3309 1331 3364 cst
1349 3302 1507 3384 proximo,
1525 3305 1566 3362 de
1586 3303 1742 3364 cordibus
1765 3303 1887 3371 vestris,
1902 3317 1955 3362 cor·
2062 3363 2063 3382 ,

426 3399 580 3481 lungula
602 3417 659 3481 per
679 3398 810 3462 modum
830 3399 966 3462 dolentis
990 3417 1023 3461 se
1042 3399 1172 3475 habent,
1229 3399 1355 3462 dialiter
1383 3399 1545 3481 diligendo
1573 3399 1796 3480 injuriantem,
1822 3408 1852 3463 et
1873 3398 1956 3480 eulpa

426 3498 502 3561 dum
524 3507 638 3562 nostrae
659 3499 706 3562 eis
725 3497 897 3580 displicent
916 3497 1028 3580 culpae.
1045 3499 1083 3560 lli
1103 3518 1173 3562 nar·
1228 3497 1386 3562 ollensam
1412 3498 1604 3561 dimittendo
1625 3498 1742 3562 eidem.

425 3604 496 3659 rant
517 3597 652 3670 Christo,
669 3614 733 3660 non
754 3603 790 3657 ut
808 3597 977 3677 ignoranti,
994 3596 1049 3659 sed
1072 3605 1107 3658 ut
1124 3597 1173 3678 ju·
1268 3597 1429 3660 Postremo
1449 3597 1577 3660 videtur
1599 3597 1652 3660 bio
1673 3597 1781 3672 innui,
1802 3597 1881 3680 quod
1899 3613 1956 3676 per·

425 3693 663 3767 dicanti,vcrba
678 3703 710 3756 ct
724 3712 820 3776 opere
835 3701 953 3768 nostra,
970 3694 1053 3755 sicut
1067 3694 1172 3760 Tobioe
1229 3702 1297 3758 cata
1319 3695 1451 3759 dimissa
1469 3696 1602 3758 redeant
1621 3696 1654 3756 in
1679 3696 1882 3768 recidivante,
1896 3693 1956 3776 quia

279 3815 409 3868 rosam,
426 3791 567 3873 loquitur
590 3793 722 3873 angelus
748 3810 756 3854 :
782 3793 847 3874 Ego
868 3792 970 3855 obtuli
995 3793 1172 3856 orationem
1228 3795 1267 3856 de
1292 3811 1383 3857 servo
1406 3793 1467 3856 boo
1492 3811 1630 3875 nequam
1659 3793 1786 3856 dietum
1810 3801 1865 3867 est,
1887 3790 1954 3872 quod
2061 3815 2062 3840 t

425 3897 512 3951 tuem
527 3890 671 3952 Domino.
681 3889 837 3963 Secundo,
845 3908 902 3971 per
916 3907 1023 3953 servos
1035 3891 1171 3972 intelligi
1227 3892 1376 3954 dominus
1400 3890 1530 3953 tradidit
1553 3909 1627 3954 eum
1654 3892 1840 3963 tortoribus,
1859 3907 1953 3973 quous·

425 3995 560 4070 possunt
578 3987 724 4050 homines
743 3987 833 4068 justi,
847 3987 973 4069 judices
993 4008 1029 4051 ac
1049 3990 1171 4071 praelati
1227 4009 1289 4072 quc
1311 3988 1448 4052 solveret
1466 3989 1610 4052 debitum
1634 3989 1835 4064 universum,
1850 3997 1878 4052 et
1895 3987 1953 4050 sub

423 4087 492 4150 zelo
513 4086 653 4150 caritatis
677 4095 709 4149 el
732 4087 889 4169 equitatis
913 4089 1059 4150 succensi
1081 4107 1088 4152 :
1114 4089 1171 4170 qui
1227 4089 1314 4152 ditur
1330 4105 1337 4150 :
1355 4087 1406 4150 Sic
1421 4089 1510 4150 Pater
1529 4087 1625 4150 faciet
1639 4088 1742 4151 vobis.
1761 4089 1822 4152 Sed
1841 4095 1873 4150 ut
1885 4103 1954 4150 com·

423 4185 568 4248 videntes
588 4184 748 4268 quomodo
768 4204 852 4247 unus
873 4186 1034 4268 opprimat
1057 4186 1168 4262 alium,
1186 4185 1210 4250 D
1226 4187 1365 4250 muniter
1380 4205 1467 4248 nunc
1480 4193 1753 4270 tenetur‚peccata
1767 4187 1893 4250 dimissa
1904 4203 1954 4248 nou

423 4284 487 4348 Deo
511 4284 543 4346 id
563 4290 813 4366 conqueruntur,
834 4301 898 4346 non
922 4284 990 4348 zelo
1009 4285 1169 4362 vindicta,
1225 4286 1360 4350 redeunt
1388 4286 1510 4360 cadem,
1536 4304 1596 4348 nco
1623 4286 1728 4368 quoad
1759 4287 1884 4370 culpam
1907 4301 1953 4348 nac
2060 4339 2061 4362 ,

423 4384 478 4446 sed
500 4401 608 4446 amore
631 4382 775 4462 justitiae,
791 4388 887 4463 atque
909 4382 996 4444 utin
1021 4385 1170 4465 prasenti
1225 4386 1329 4469 quoad
1351 4403 1490 4467 poenam,
1506 4385 1626 4448 directe
1648 4393 1680 4448 et
1701 4385 1837 4468 integre,
1853 4385 1901 4448 sed
1921 4384 1954 4445 in·

422 4483 593 4563 castigetur
612 4481 712 4556 lerox,
729 4499 768 4544 ne
788 4487 897 4563 percat
915 4481 947 4543 in
964 4490 1127 4546 eternum.
1225 4485 1344 4547 directe
1367 4491 1399 4546 et
1417 4484 1526 4565 aliquo
1548 4484 1652 4558 modo,
1669 4485 1702 4546 in
1723 4493 1877 4566 quantum
1896 4500 1953 4564 pec-

469 4585 571 4650 Tuac,
598 4579 667 4642 istis
696 4579 820 4642 scilicet
849 4580 1019 4662 perceptis,
1045 4584 1169 4644 vocavit
1225 4592 1294 4646 cata
1322 4582 1489 4665 sequentia
1517 4583 1662 4663 graviora
1686 4591 1719 4645 et
1742 4582 1953 4646 damnabiliora

422 4680 517 4740 iilam
534 4697 663 4741 servum
679 4678 841 4741 crudelem
856 4681 1009 4739 dominns
1024 4701 1114 4750 suos,
1126 4681 1170 4743 vi·
1224 4689 1299 4744 sunt
1320 4688 1450 4764 propter
1470 4681 1731 4763 ingratitudinem
1754 4682 1883 4745 indulta
1901 4679 1953 4762 pie·

422 4777 538 4839 delicet
559 4776 712 4838 Dominus
731 4777 821 4839 lesus
843 4776 997 4852 Christus,
1014 4777 1069 4859 qui
1092 4796 1169 4860 quo·
1224 4781 1296 4843 tatis
1321 4789 1353 4843 et
1376 4780 1495 4862 gratiae,
1521 4788 1553 4844 et
1577 4788 1707 4864 propter
1731 4781 1903 4844 recidivum
1927 4777 1952 4838 in

421 4876 499 4939 tidie
514 4875 668 4958 quosdam
689 4894 746 4957 per
763 4883 898 4939 mortem
914 4882 1005 4938 vocet
1019 4878 1058 4939 ad
1073 4878 1168 4959 parti·
1223 4880 1334 4942 eadem
1351 4880 1443 4954 mala,
1461 4880 1545 4943 siout
1562 4887 1595 4942 et
1614 4880 1749 4945 vulnera
1765 4878 1902 4963 corporis
1915 4891 1953 4938 re·

421 4974 527 5038 culare
540 4974 754 5056 judicium3ec
765 4976 814 5034 ait
824 4976 879 5034 illi
886 4995 897 5034 .·
905 4977 1006 5036 Serve
1015 4995 1166 5055 nequam,
1223 4978 1335 5041 iterata
1354 4986 1428 5041 sunt
1446 4978 1685 5061 periculosiora.
