4140 6258
328 513 477 560 oourtttoa
497 514 540 560 vll
560 513 634 561 POST
653 513 847 560 tutulum.
867 529 908 541 ·-
928 513 970 559 ΑΙ)
989 511 1184 576 mtoloso83
1206 513 1304 562 amo
1324 514 1437 562 smus
1596 495 1657 559 289

104 681 203 762 ipsos,
215 689 248 744 et
262 683 517 748 emendationem
534 683 725 766 condignam
739 681 894 746 firmisrl
911 681 1049 744 vanitate
1071 689 1103 744 et
1123 681 1211 744 omni
1236 680 1354 745 carnali
1377 679 1492 743 avertit
1514 677 1656 742 affectio

103 779 185 843 sime
215 799 443 865 proponamus,
468 801 504 846 ac
529 783 675 866 protinus
702 799 854 864 exsequa-
909 799 959 844 ne.
981 779 1079 843 Docet
1101 779 1189 843 enirn
1214 779 1388 863 Scriptura,
1406 797 1503 862 quam
1528 777 1656 840 infinite

104 896 194 958 mur3
220 899 321 962 quum
346 898 422 944 vero
446 881 485 944 de
509 880 602 944 bonis
626 899 698 962 qum
721 879 853 943 forsitan
908 885 941 940 et
962 876 1257 961 incomparabiliter
1280 877 1394 952 bonus,
1412 875 1571 950 amabilis,
1587 873 1656 937 dul-

103 975 213 1038 insunt
235 976 329 1041 uobis
350 978 473 1061 aliquid
496 977 541 1040 ibi
563 977 713 1041 audimus
737 984 792 1040 eut
813 976 855 1040 le·
908 977 966 1050 cis,
989 976 1135 1059 pulcher,
1158 975 1297 1058 sapiens,
1319 975 1419 1050 dives,
1443 982 1567 1057 potens,
1587 990 1657 1055 pcr-

101 1072 219 1154 gimus,
241 1075 307 1139 Deo
331 1077 551 1157 regratiamur,
576 1083 607 1140 et
636 1093 672 1138 ea
698 1074 854 1138 custodia·
908 1074 1012 1138 fectus
1027 1081 1059 1137 et
1073 1073 1186 1136 beatus
1201 1074 1243 1136 sit
1258 1075 1352 1147 Deus,
1367 1091 1464 1155 quam
1480 1070 1656 1134 ineffabilis

104 1187 186 1246 nans,
211 1180 308 1256 atque
337 1173 370 1236 in
400 1174 479 1257 ipsis
505 1171 663 1256 proficere
693 1190 756 1237 nen
787 1191 853 1234 ces·
908 1172 950 1236 sit
969 1172 1188 1236 misericordia
1209 1173 1280 1254 ejus
1302 1171 1335 1234 in
1357 1170 1460 1246 nobis,
1476 1176 1595 1253 quanta
1614 1170 1657 1231 sit

103 1289 223 1350 minus.
909 1271 1040 1351 eiusad
1063 1288 1120 1335 nos
1142 1271 1384 1353 earitas,quam
1408 1269 1520 1344 multa,
1541 1285 1656 1350 magua

140 1369 279 1444 Quintus
294 1371 431 1434 effeetus
451 1379 510 1446 est,
527 1371 612 1455 quod
632 1369 855 1452 multipliciter
908 1377 941 1432 et
962 1369 1091 1452 copiosa
1115 1369 1178 1432 sint
1201 1367 1362 1432 beneficia
1385 1368 1468 1450 ejus,
1488 1385 1585 1453 quarn
1610 1366 1656 1428 in·

103 1486 137 1529 ac
152 1468 327 1533 salubriter
347 1487 405 1533 nos
424 1469 576 1532 informat
594 1469 634 1532 de
653 1468 771 1530 divinis
787 1487 853 1550 my·
908 1466 1110 1532 aestimabilia
1129 1467 1212 1530 bona
1236 1466 1329 1531 nobis
1353 1466 1501 1549 promisit
1521 1483 1558 1528 ac
1579 1483 1657 1547 prae·

105 1567 222 1642 storiis,
238 1568 279 1631 de
300 1568 431 1631 secretis
456 1567 512 1630 Dei
537 1565 719 1640 effectibus,
741 1566 780 1629 de
805 1583 854 1627 ec·
909 1566 1033 1648 paravit
1053 1567 1087 1628 in
1107 1565 1206 1630 eoelis.
1228 1563 1274 1627 Ex
1294 1565 1411 1647 quibus
1433 1564 1584 1628 omnibus
1603 1563 1657 1626 de·

104 1663 294 1730 clesiasticis
317 1666 536 1742 sacramentis,
561 1664 735 1746 multisque
758 1663 854 1728 rebus
909 1662 1023 1726 bemus
1064 1663 1134 1745 ejus
1171 1680 1281 1726 amore
1315 1663 1524 1738 validissime,
1560 1669 1656 1744 atque

103 1769 199 1845 atque
214 1763 384 1828 eventibus
400 1782 458 1828 uos
473 1765 559 1846 ipsos
575 1761 852 1826 concernentibus.
908 1763 1048 1826 ‘totaliter
1073 1763 1441 1846 inexstinguibiliterque
1461 1762 1603 1836 accendi,
1624 1769 1657 1823 et

104 1861 183 1926 Dino
198 1863 244 1926 ait
259 1862 564 1946 chrysostomuszln
581 1861 754 1944 Scripturis
771 1860 892 1941 ignoB
909 1880 1074 1944 nunquam
1102 1862 1142 1924 ab
1172 1879 1210 1926 eo
1238 1861 1350 1936 averti,
1374 1869 1407 1925 et
1430 1879 1558 1943 semper
1585 1877 1656 1923 esse

104 1979 176 2024 rans
207 1961 332 2024 invenit
360 1961 446 2044 quod
475 1961 640 2039 addiscat;
670 1967 852 2034 contumax,
910 1959 1038 2023 solliciti
1062 1979 1102 2022 ne
1124 1961 1372 2044 praevaricemur
1394 1960 1426 2022 in
1448 1978 1533 2022 eum.

104 2057 189 2142 quod
204 2059 374 2139 formidet;
391 2059 711 2144 laborans,prmmia;
727 2057 856 2140 pusilla·
949 2059 1111 2142 Septimus
1134 2060 1270 2122 effeetus
1295 2067 1354 2134 est,
1380 2059 1561 2122 sublimitas
1585 2075 1657 2122 con·

104 2158 214 2230 nimis,
236 2157 413 2222 mediocres
435 2158 567 2240 justitie
589 2157 689 2232 cibos,
715 2155 771 2238 qui
794 2155 853 2218 etsi
909 2159 1138 2241 templationis‚
1173 2167 1206 2221 et
1237 2159 1446 2221 exuberantia
1480 2157 1656 2241 spiritualis

105 2256 259 2339 pinguem
275 2275 339 2321 non
353 2256 476 2321 faciunt
490 2257 646 2331 animum,
663 2274 727 2319 non
747 2263 854 2318 tamen
910 2257 1135 2321 consolationis
1159 2276 1195 2320 ac
1219 2256 1451 2332 delectationis,
1471 2275 1551 2338 quas
1573 2256 1657 2319 Deus

105 2355 185 2418 mori
202 2357 394 2440 permittunt
412 2357 571 2418 eumdem.
588 2355 648 2430 Qui
667 2361 773 2417 autem
790 2372 854 2415 ma·
910 2375 968 2438 per
990 2357 1169 2438 Scripturas
1194 2363 1344 2439 operetur
1369 2356 1402 2418 in
1431 2353 1533 2418 nobis.
1561 2355 1658 2418 Docet

104 2454 266 2535 gnanimis
281 2461 340 2528 est,
356 2454 539 2537 spirituales
555 2453 600 2516 ibi
616 2452 739 2516 invenit
753 2469 852 2524 escas,
910 2473 1049 2536 namque
1071 2472 1129 2519 nos
1151 2473 1240 2518 sacra
1261 2454 1436 2537 Scriptura,
1454 2454 1658 2537 quomadmo-

105 2571 175 2634 quae
195 2553 377 2634 perducunt
397 2570 471 2615 eum
492 2569 591 2634 pmpe
610 2551 649 2614 ad
668 2549 854 2632 angelorum
909 2554 986 2617 dum
1006 2571 1025 2616 a
1044 2553 1191 2628 terrenis,
1208 2553 1336 2616 caducis
1359 2561 1390 2616 et
1409 2550 1591 2616 carnalibus
1613 2569 1659 2612 rc-

104 2657 271 2730 naturam;
286 2650 342 2734 qni
358 2667 434 2714 vero
449 2650 634 2712 vulneratus
650 2655 699 2712 est
712 2667 730 2710 a
745 2646 854 2710 diabe
909 2650 970 2714 bus
990 2651 1164 2715 debeamus
1183 2670 1237 2714 eor
1252 2659 1397 2715 nostrum
1415 2650 1609 2725 abstrahere,
1626 2657 1659 2713 et

105 2748 145 2823 lo,
163 2749 288 2812 invenit
310 2748 355 2812 ibi
375 2749 464 2812 cibos
485 2747 703 2822 medicinales,
719 2755 751 2810 et
773 2747 854 2808 salu·
877 2782 882 2788 -
909 2751 950 2813 ab
977 2751 1066 2814 omni
1096 2751 1275 2814 inordinata
1304 2750 1476 2813 affectione
1505 2756 1537 2812 et
1565 2765 1657 2812 occu-

103 2855 168 2910 tem
185 2865 244 2930 per
262 2847 495 2930 poenitentiam.
513 2847 631 2910 lterum
646 2846 690 2908 ait
706 2863 713 2908 :
731 2845 854 2919 Quanto
910 2848 1037 2932 petione
1057 2849 1141 2911 eirca
1161 2867 1214 2911 eas
1233 2867 1291 2912 nos
1309 2848 1469 2930 elongare,
1485 2847 1595 2928 sicque
1617 2846 1656 2908 ad

104 2947 177 3029 plus
197 2946 271 3030 quis
291 2947 324 3008 in
344 2946 443 3009 saeris
463 2945 606 3028 llloquiis
626 2944 772 3008 assiduus
788 2945 854 3008 fue·
909 2947 1092 3011 divinorum
1113 2947 1363 3021 meditationem,
1379 2945 1419 3008 ad
1438 2945 1558 3008 summi
1580 2943 1657 3008 boni

103 3046 155 3120 rit,
172 3052 261 3108 tauto
280 3063 319 3108 ex
338 3044 385 3107 eis
405 3043 587 3108 uberiorem
609 3042 852 3125 intelligentiam
870 3043 892 3107 C
909 3046 1212 3129 contemplationem
1240 3052 1336 3128 atque
1359 3044 1399 3106 ad
1424 3043 1586 3106 assiduam
1610 3061 1657 3106 re-

103 3144 200 3227 capit.
212 3143 319 3219 Porro,
329 3142 467 3225 qualiter
481 3143 520 3206 ad
535 3142 771 3225 Scripturarum
789 3159 855 3204 me-
909 3144 1126 3208 eerdationem
1146 3160 1322 3224 assurgere,
1338 3149 1370 3204 et
1387 3142 1420 3203 in
1439 3141 1495 3204 Dei
1515 3148 1656 3203 contem-

102 3243 236 3318 dullanr,
252 3243 291 3306 ad
307 3241 500 3326 profundam
514 3260 625 3306 earum
641 3241 798 3316 notitiam,
814 3241 853 3305 ad
909 3241 1049 3325 platione
1072 3241 1221 3324 gaudere,
1243 3239 1411 3314 consolari,
1433 3247 1465 3302 et
1485 3240 1524 3302 ad
1548 3238 1657 3302 omnia

102 3342 276 3405 veritatum
294 3348 478 3404 sanctarum
498 3358 644 3423 saporem
664 3340 769 3423 aptius
785 3357 854 3423 per·
909 3339 973 3404 Deo
991 3339 1150 3422 placentia
1170 3337 1448 3423 promptissimum
1468 3335 1551 3400 fieri.
1568 3337 1656 3399 Unde

103 3441 262 3514 veniatur,
278 3440 372 3504 docet
391 3438 483 3521 llugo
496 3439 535 3501 de
554 3438 585 3502 S.
601 3438 727 3502 Victore
746 3438 852 3502 dicen·
908 3437 953 3499 ait
971 3437 1150 3500 Bemardus
1167 3456 1175 3502 :
1191 3437 1293 3511 Duum
1314 3434 1536 3499 invirtutibus
1556 3433 1656 3497 fueris

103 3539 221 3602 do:rld
237 3556 334 3602 sacrae
349 3537 522 3620 Scriptura
537 3537 853 3620 cognitionem,opus
908 3535 1029 3600 diutius
1047 3536 1250 3611 exercitatus,
1267 3533 1416 3616 rogatibi
1434 3533 1543 3597 lumen
1563 3534 1657 3596 devo

101 3645 151 3700 est
167 3637 281 3700 intima
294 3635 543 3720 compunctione
557 3635 657 3718 magis
673 3654 767 3719 quarn
783 3653 854 3718 pro-
909 3635 1005 3699 tienis
1028 3635 1107 3710 dari,
1124 3635 1210 3698 diem
1231 3633 1473 3698 serenissimum
1493 3639 1525 3696 et
1544 3631 1657 3695 sabba-

100 3733 203 3798 funda
216 3733 472 3816 investigatione,
488 3733 636 3817 suspiriis
651 3753 748 3817 quam
763 3751 853 3816 argu·
908 3741 977 3796 tum
1006 3733 1135 3810 mentis,
1164 3733 1198 3796 in
1227 3750 1292 3816 quo
1321 3739 1473 3814 unquam
1502 3731 1655 3794 emeritus

98 3833 356 3908 mentisorebris
369 3832 538 3915 gemitibus
553 3851 645 3915 quam
659 3833 793 3916 copiosis
808 3851 854 3895 aa·
909 3830 1013 3906 miles,
1030 3831 1063 3893 in
1078 3829 1241 3894 laboribus
1257 3829 1416 3893 universis
1431 3829 1520 3892 vivas
1534 3827 1656 3911 absque

98 3931 402 4014 gumentationibus,
411 3931 552 3994 lacrimis
566 3950 660 4016 quam
676 3931 851 4006 sententiis,
909 3929 1026 4004 labore,
1049 3929 1179 3993 dilatato
1202 3929 1269 4010 jarn
1294 3928 1389 3991 corde
1413 3946 1545 3991 currens
1568 3927 1654 3990 viam
1680 3957 1801 4012 ἥψω,

98 4032 245 4096 oratione
259 4049 358 4114 mana
374 4031 521 4107 lectione,
532 4031 634 4113 gratia
648 4029 852 4095 lacrimarum
908 4029 1128 4092 mandatorum
1146 4027 1213 4101 Dei,
1226 4034 1260 4089 ut
1274 4027 1360 4110 quod
1375 4026 1465 4109 prius
1480 4044 1555 4089 curn
1570 4044 1654 4089 ama·
1668 4023 1702 4067 ⁸²·

99 4149 200 4214 quam
220 4131 355 4194 scientia
374 4129 563 4204 litterarum,
580 4129 760 4194 coelestium
780 4146 853 4193 con·
908 4127 1048 4190 ritudine
1067 4134 1099 4189 et
1118 4125 1303 4209 gravamine
1323 4123 1473 4200 faciebas,
1490 4124 1529 4187 de
1548 4131 1653 4188 cetero

98 4229 310 4314 templatione
326 4229 426 4311 magis
441 4247 538 4312 quam
554 4229 752 4292 terrestrium
765 4245 854 4292 oeeu-
867 4229 892 4292 D
908 4244 982 4289 cum
1001 4243 1128 4288 summa
1146 4222 1316 4287 dulcedine
1335 4240 1409 4304 agas
1428 4229 1460 4284 et
1473 4222 1654 4286 delectatio

98 4328 241 4414 patiore.
258 4328 403 4411 Denique
418 4327 516 4409 hujus
531 4327 577 4390 rei
597 4327 725 4409 signum
745 4327 852 4390 certis-
908 4343 958 4388 ne.
968 4324 1085 4387 Verum
1101 4323 1140 4386 ad
1155 4322 1237 4384 hane
1252 4319 1483 4404 perfectionem
1502 4321 1607 4404 pauci,
1619 4321 1653 4384 ni

98 4429 224 4492 simum
238 4435 298 4503 est,
313 4427 399 4510 quod
414 4427 476 4490 viri
491 4425 696 4502 sanctissimi,
705 4428 852 4510 quamvis
908 4423 1011 4498 fallor,
1022 4421 1215 4506 perveniunt
1229 4420 1263 4484 in
1277 4421 1337 4483 hac
1351 4419 1425 4483 vita.
1442 4419 1551 4502 Neque
1566 4419 1654 4483 enim

97 4527 340 4612 quodammode
361 4527 479 4602 idiotae,
496 4534 602 4590 tamen
625 4544 682 4609 per
702 4526 852 4609 predicta
908 4523 934 4585 si
954 4522 1126 4605 aliquande
1144 4519 1261 4602 aliquis
1280 4519 1362 4582 hane
1381 4519 1500 4583 babere
1515 4519 1652 4596 videtur,

96 4627 138 4690 ad
156 4644 341 4708 saporosam
356 4643 392 4688 ac
408 4624 693 4708 profundissimam
711 4624 851 4708 Scriptu·
908 4622 1060 4686 continuo
1080 4621 1188 4683 credat
1206 4618 1268 4682 sibi
1290 4637 1420 4682 necesse
1439 4627 1498 4695 est,
1514 4620 1654 4683 maxime

96 4745 212 4788 rarum
232 4725 478 4806 intelligentiam
499 4732 724 4808 pervenerunt,
740 4743 851 4807 quem·
907 4722 934 4785 si
958 4721 1103 4786 novicius
1127 4728 1186 4784 eat.
1209 4720 1283 4784 Pius
1307 4719 1394 4782 enim
1419 4721 1572 4784 Dominus
1596 4740 1654 4805 pu-

94 4825 275 4889 admodum
290 4825 330 4887 de
344 4823 538 4887 beatissimis
556 4822 699 4907 patribus
718 4823 852 4887 llartino
907 4821 995 4885 sillos
1014 4819 1132 4884 talibus
1151 4819 1316 4884 blanditiis
1336 4819 1417 4883 solet
1434 4819 1573 4884 allicere.
1591 4820 1653 4883 Sed

94 4932 130 4987 et
150 4923 324 4987 Francisco
343 4922 492 4998 refertur,
508 4928 541 4985 et
560 4922 598 4984 de
618 4921 735 4984 sanctis
757 4922 851 5005 patri·
906 4921 1054 4986 neverint
1068 4919 1124 5003 qui
1139 4919 1321 5002 hujusmodi
1337 4919 1555 5002 suntgratiam
1570 4920 1652 4982 hanc

94 5023 163 5086 bus
185 5038 320 5105 quorum
341 5021 526 5085 collationes
546 5019 714 5084 Cassianus
733 5021 850 5084 deseri·
906 5021 953 5084 eis
977 5037 1174 5094 concessam,
1194 5037 1258 5082 non
1283 5019 1470 5102 prestitam,
1491 5027 1526 5081 ut
1545 5019 1579 5083 in
1599 5019 1651 5082 die
1664 5033 1800 5092 scateam.

94 5121 160 5196 bit,
186 5121 398 5202 cognoscitur.
906 5120 1064 5186 bonorum
1094 5136 1253 5184 memores
1276 5120 1340 5182 sint
1370 5119 1536 5194 malorum,
1562 5128 1593 5184 et
1617 5119 1651 5182 in

139 5221 259 5284 Sextus
281 5219 418 5283 effectus
442 5225 502 5294 est,
528 5218 613 5302 quod
637 5217 769 5282 Deitatis
793 5237 851 5284 nos
906 5221 957 5284 die
973 5219 1130 5282 malorum
1145 5236 1302 5282 memores
1318 5219 1383 5280 sint
1397 5217 1652 5282 bonorumbon-

93 5318 285 5385 inflammat
311 5336 431 5396 amore,
456 5325 489 5380 et
517 5335 575 5402 per
602 5317 673 5394 hoo,
699 5336 718 5380 a
741 5319 851 5383 seculi
906 5337 945 5402 ge
968 5319 1060 5383 aliter
1082 5317 1139 5403 qui
1167 5317 1355 5381 exercitatos
1385 5316 1503 5381 habent
1526 5336 1649 5394 sensus,

231 5451 263 5506 Τ.
280 5455 319 5508 SD.
1496 5455 1527 5504 ts
