4288 6264
542 516 574 563 ru
594 515 647 562 ors
669 514 784 563 saucro
806 513 1022 562 ramncosrrs.
1044 531 1084 542 -
1104 514 1204 562 senno
1223 514 1347 562 rannus
1683 497 1723 560 83

212 687 318 750 'l'ertio
339 686 422 749 Deus
441 685 581 749 ostendit
600 685 775 758 caritatem,
799 684 920 746 bonita-
935 685 960 748 Α
976 691 1088 746 venter
1102 691 1198 757 estet
1211 683 1266 766 qui
1283 683 1515 766 turpitudinem
1531 702 1621 746 suam
1637 683 1722 764 puri-

171 793 284 848 temet
303 784 526 846 liberalitatem
547 802 637 846 suam
658 784 742 845 circa
761 781 919 855 homines,
975 781 1031 844 tati
1052 789 1243 864 praeponunt
1260 781 1396 864 Spiritus
1416 781 1532 844 Sancti.
1549 781 1584 842 ln
1604 779 1721 861 quibus

172 883 277 946 dando
297 883 343 946 eis
363 882 446 944 dona
469 882 578 964 gloriae
601 881 633 943 in
653 881 772 955 futuro,
789 879 849 942 hoo
873 887 921 942 est
975 881 1084 943 omnia
1100 887 1176 942 sunt
1190 897 1349 962 perversa,
1367 879 1517 961 quoniam
1533 877 1721 941 sensualitas

170 981 358 1044 felicitatem
387 987 537 1043 aeternam
563 979 597 1040 iu
622 979 713 1053 coelo,
740 978 795 1040 ubi
826 977 919 1040 electi
975 979 1158 1041 dominatur
1173 979 1204 1040 in
1221 979 1268 1040 eis
1284 978 1492 1050 rationi,oaro
1507 975 1721 1058 spiritui,dia·

171 1078 425 1144 inamissibiliter
440 1086 472 1140 et
486 1078 581 1161 plene
595 1077 635 1139 ad
650 1077 777 1138 libitum
794 1077 859 1138 Deo
872 1075 921 1156 ju·
975 1075 1067 1140 bolus
1083 1077 1193 1140 menti.
1205 1077 1294 1139 Tales
1310 1083 1385 1139 sunt
1398 1075 1495 1138 ceteri
1511 1073 1722 1148 vitiosi,vide-

172 1176 368 1240 cundissime
384 1175 604 1258 perfruuntur,
620 1183 652 1236 et
667 1174 829 1256 possident
845 1191 918 1235 eum
975 1176 1049 1238 licet
1064 1173 1722 1248 invidi,acediosi,fraudulenti,simulato

171 1275 371 1359 possessione
394 1291 523 1356 prorsus
545 1291 667 1346 secura,
684 1272 869 1336 beatissime
889 1278 921 1334 et
975 1293 1025 1336 res
1041 1281 1073 1336 ct
1086 1273 1204 1346 callidi,
1218 1280 1250 1335 et
1265 1291 1376 1336 omnes
1391 1272 1447 1354 qui
1462 1272 1506 1335 ita
1521 1290 1583 1335 non
1599 1271 1722 1335 faciunt

171 1373 338 1456 completa.
975 1371 1130 1455 proximis
1151 1377 1185 1432 ut
1205 1370 1275 1432 fieri
1297 1371 1409 1434 volunt
1424 1370 1643 1451 sibimetipsis.
1660 1369 1721 1434 Ab

209 1474 314 1537 Prima
328 1472 467 1535 ostensio
483 1470 792 1544 bonitatis,caritatis
806 1476 837 1531 et
853 1487 920 1530 mu·
972 1469 1123 1550 jiciamus
1143 1467 1239 1549 igitur
1258 1469 1404 1532 universa
1419 1469 1486 1532 baec
1501 1467 1589 1541 vitia,
1606 1475 1638 1531 et
1653 1485 1719 1530 cor·

170 1571 345 1634 nificentiae
365 1570 420 1633 Dei
441 1571 525 1632 circa
545 1569 703 1642 homines,
721 1576 768 1630 est
785 1583 918 1648 magna3
974 1568 1023 1630 dis
1047 1567 1145 1630 nostri
1169 1567 1344 1649 hospitium
1358 1567 1490 1650 Spiritui
1507 1566 1622 1629 Sancto
1642 1566 1721 1629 invi-

170 1669 310 1732 secunda
336 1669 459 1750 major3
482 1667 576 1730 tertia
597 1667 745 1730 maxima.
769 1665 919 1740 Quamvis
974 1667 1105 1740 olatum,
1123 1665 1219 1728 fidele
1239 1684 1276 1728 ac
1298 1665 1468 1748 pulchrum
1491 1665 1718 1728 custodiamus.

170 1767 290 1830 etenim
311 1768 394 1830 Deua
419 1766 499 1829 nihil
521 1765 625 1846 majus
650 1765 750 1848 possit
774 1763 918 1826 conferre
1017 1763 1146 1846 Legitur
1169 1763 1252 1845 quod
1281 1782 1380 1846 quum
1410 1763 1471 1827 filii
1496 1763 1590 1826 lsrael
1614 1770 1721 1826 essent
1752 1782 1867 1837 numni,

169 1865 356 1929 horninibus
376 1884 472 1947 quam
497 1883 531 1926 se
556 1864 661 1946 ipsum
687 1881 743 1926 seu
764 1861 917 1944 Spiritum
932 1863 956 1925 B
976 1862 1008 1924 in
1025 1862 1160 1936 deserto,
1177 1869 1207 1924 et
1223 1861 1419 1925 invenissent
1435 1861 1605 1944 quemdam
1620 1880 1659 1924 ex
1674 1861 1721 1924 eis
1735 1849 1804 1891 ³²⁴⁵·

170 1965 333 2036 Sanctum,
354 1962 514 2026 tamenin
536 1979 634 2042 regno
656 1961 777 2024 coelesti
802 1958 918 2022 exube-
976 1958 1060 2040 ligna
1075 1959 1207 2022 sabbato
1222 1959 1633 2041 colligentem,obtulerunt
1646 1979 1720 2023 eum

171 2062 293 2125 rantius
315 2062 369 2124 dat
388 2061 470 2124 Deus
491 2079 525 2122 se
546 2059 651 2142 ipsum
669 2059 772 2122 Beatis
790 2058 829 2120 ad
850 2077 920 2140 per·
975 2058 1082 2141 bloysi.
1100 2059 1158 2132 Oui
1184 2058 1313 2120 reclusit
1334 2077 1408 2120 eum
1432 2058 1463 2120 in
1489 2076 1720 2139 carcereque

169 2160 355 2234 fruendum,
369 2177 466 2243 quarn
483 2159 515 2220 iu
531 2159 679 2242 praesenti
696 2157 818 2220 exsilio.
837 2155 918 2218 Ecce
974 2176 1076 2240 usque
1099 2159 1182 2220 [leus
1203 2157 1264 2220 sibi
1286 2157 1441 2220 revelaret
1461 2157 1539 2239 quid
1563 2158 1721 2240 agendum

170 2277 268 2341 quam
291 2256 626 2339 incomprehensibilis
644 2265 693 2318 est
714 2255 848 2324 bonitas,
870 2274 919 2318 ca·
974 2264 1059 2318 esset
1074 2274 1146 2318 cum
1169 2256 1298 2319 homine
1319 2256 1392 2336 illo;
1406 2257 1566 2339 jussitque
1585 2258 1667 2320 Deus
1684 2256 1720 2319 il-

170 2359 246 2420 ritas
268 2365 300 2420 et
323 2356 545 2418 munificentia
569 2355 624 2418 Dei
649 2355 735 2417 circa
757 2354 915 2427 homines,
975 2356 1042 2418 lum
1074 2355 1233 2438 lapidibus
1263 2355 1355 2418 obrui
1385 2363 1418 2420 et
1444 2357 1556 2420 occidi.
1588 2359 1721 2440 lnsuper

170 2474 267 2538 quarn
288 2454 463 2518 ineffabilis
485 2471 613 2536 quoqne
635 2461 683 2516 est
705 2453 841 2534 dignitas
863 2453 918 2515 ho·
974 2455 1057 2516 Deus
1078 2455 1230 2536 praecepit
1249 2473 1305 2538 per
1325 2455 1452 2539 Moysen
1475 2455 1553 2518 filiis
1572 2455 1666 2519 lsrael
1686 2462 1721 2518 ut
1735 2469 1868 2520 taccu-m

170 2553 295 2616 minum
312 2553 526 2616 virtuosorum
541 2559 574 2616 et
587 2553 651 2615 Deo
666 2559 919 2633 gratorumquo
973 2552 1114 2615 facerent
1128 2553 1189 2616 sibi
1206 2553 1350 2616 fimbrias
1365 2562 1500 2636 quatuor
1514 2573 1572 2636 per
1586 2561 1721 2636 quatuor
1735 2533 1801 2638 fff'·
1818 2544 1869 2582 ‘¹¹¹'

170 2671 242 2714 rum
259 2651 463 2725 inhabitator,
479 2668 652 2733 possessor,
669 2651 796 2733 hospes,
815 2657 919 2713 rector
973 2651 1105 2732 angulos
1121 2651 1303 2734 palliorum,
1320 2660 1537 2734 ponerentque
1553 2652 1584 2714 in
1601 2651 1648 2716 eis
1662 2652 1721 2714 vit-

168 2759 200 2813 et
222 2750 333 2812 doctor
353 2757 402 2812 est
422 2748 559 2832 Spiritus
579 2748 722 2812 Sanctus.
974 2757 1020 2812 tas
1040 2750 1272 2833 hyacinthinas,
1290 2758 1326 2812 ut
1344 2769 1397 2812 eas
1416 2750 1564 2825 videndo,
1580 2750 1723 2814 recorda·

210 2848 271 2911 Sed
291 2866 366 2911 ecoe
386 2853 504 2931 quanta
525 2853 573 2909 est
595 2845 798 2928 negligentia,
816 2846 918 2926 ingre·
973 2855 1084 2910 rentur
1106 2848 1225 2930 jugiter
1244 2849 1389 2911 omnium
1418 2847 1638 2910 mandatorum
1664 2849 1722 2912 Do-

169 2946 273 3009 titudo
287 2954 382 3029 atque
398 2944 589 3028 perversitas
605 2945 789 3028 impiorum,
802 2945 857 3027 qui
873 2951 919 3007 tot
973 2947 1057 3021 mini,
1065 2965 1124 3010 nec
1138 2953 1345 3029 sequerentur
1359 2946 1562 3028 cogitationes
1575 2953 1607 3008 et
1619 2945 1724 3010 oculos

171 3043 341 3107 beneficiis
356 3043 513 3108 Creatoris
528 3051 602 3106 sunt
618 3043 743 3124 ingrati,
754 3051 786 3106 et
802 3061 859 3125 pro
874 3050 919 3105 tot
934 3044 956 3109 G
974 3063 1032 3126 per
1052 3065 1103 3108 res
1122 3046 1225 3109 varias
1244 3045 1448 3109 fornicantes.
1465 3045 1583 3108 lterum
1600 3045 1721 3128 Moyses

171 3142 265 3206 bouis
288 3142 439 3223 injuriam
461 3149 491 3204 et
513 3140 739 3204 contumeliam
761 3142 918 3220 reddunt;
975 3143 1127 3227 praecepit
1148 3142 1320 3208 israelitico
1343 3143 1486 3226 populo:
1504 3143 1604 3206 Erunt
1624 3142 1869 3216 verbenacae-o.

170 3239 226 3322 qui
248 3247 334 3303 tanta
353 3239 507 3322 dignitate
526 3258 561 3303 se
580 3241 718 3323 privant,
733 3247 765 3303 et
780 3247 920 3303 oontem-
975 3241 1101 3304 Domini
1122 3242 1154 3304 in
1175 3244 1269 3305 corde
1288 3250 1354 3316 tuo,
1371 3250 1403 3304 et
1422 3241 1565 3305 narrabis
1584 3260 1622 3304 ea
1642 3241 1721 3305 filiis

170 3347 226 3421 pto
252 3339 371 3422 Spiritu
402 3339 527 3414 Sancto,
552 3339 701 3422 spiritum
725 3337 919 3401 diabolicum
974 3339 1049 3413 tuis,
1075 3345 1108 3402 et
1132 3340 1336 3404 meditaberis
1366 3359 1403 3403 ea
1426 3340 1540 3402 sedens
1570 3340 1602 3402 in
1627 3340 1722 3403 domo

170 3437 315 3500 cordium
332 3454 462 3500 suorum
478 3435 873 3510 habitatoremdominum
889 3442 922 3499 et
974 3445 1038 3512 tua,
1056 3445 1088 3500 et
1111 3438 1279 3502 ambulans
1304 3439 1337 3501 in
1363 3438 1487 3514 itinere,
1504 3445 1536 3501 et
1559 3438 1721 3501 dormiens

169 3541 327 3598 rectorem
344 3533 642 3616 suscipiunt,atque
657 3534 789 3617 Spiritui
805 3534 921 3597 Sancto
973 3544 1069 3617 atquc
1090 3553 1302 3617 consurgens3
1319 3543 1351 3598 et
1372 3536 1485 3617 ligabis
1506 3555 1543 3599 ea
1565 3537 1656 3618 quasi
1680 3536 1721 3598 si-

168 3651 206 3695 ac
222 3632 493 3715 praestantissimis
508 3631 729 3715 spiritualibus
744 3632 836 3696 donis
851 3632 920 3714 ejus
974 3653 1072 3717 gnum
1089 3634 1122 3696 in
1138 3653 1234 3696 manu
1248 3640 1313 3707 tua,
1330 3642 1487 3716 eruntque
1503 3640 1534 3696 et
1549 3634 1722 3697 movebun-

170 3731 232 3793 ista
247 3738 438 3812 praeponunt
452 3730 590 3792 carnalia
604 3749 641 3793 ac
657 3731 783 3794 caduca.
793 3730 837 3792 lle
853 3729 918 3812 qui·
975 3739 1028 3794 tur
1054 3731 1136 3794 inter
1161 3731 1271 3795 oculos
1300 3738 1383 3806 tuos,
1407 3731 1592 3814 scribesque
1622 3751 1659 3795 ea
1688 3733 1721 3794 in

170 3828 232 3892 bus
257 3828 342 3911 apud
367 3827 548 3890 Zachariam
571 3829 778 3912 conqueritur
800 3828 884 3891 Deus
911 3845 918 3891 :
976 3830 1086 3892 limine
1109 3837 1141 3892 et
1162 3831 1195 3892 in
1216 3829 1306 3892 ostiis
1327 3829 1441 3892 domus
1462 3837 1534 3894 tua.

51 3967 65 3994 a
98 3966 153 4004 aa,
169 3927 348 3992 Noluerunt
366 3926 539 4002 attendere,
556 3935 588 3990 et
605 3933 790 3990 averterunt
808 3945 920 4009 scapu—
1016 3929 1096 3991 Ecce
1120 3948 1159 3990 ex
1184 3927 1235 3990 bis
1258 3927 1427 3990 innotescit
1451 3947 1546 4010 quam
1572 3927 1719 4004 sollicito,

170 4028 216 4090 las
232 4026 425 4099 recedentes,
433 4033 465 4088 et
479 4043 570 4088 aures
585 4044 658 4088 suas
672 4033 922 4108 aggravaverunt
976 4028 1135 4090 ferventer
1154 4036 1186 4090 et
1205 4027 1327 4112 integre
1345 4027 1410 4089 sint
1428 4026 1626 4090 observanda
1640 4027 1720 4091 divi·

169 4144 211 4189 ne
225 4125 372 4188 audirent
386 4124 488 4205 legem
496 4141 570 4203 ;oor
584 4142 679 4186 suum
695 4131 871 4206 posuerunt
885 4132 920 4186 ut
975 4145 1015 4187 na
1039 4134 1207 4207 precepta,
1233 4132 1266 4188 et
1293 4143 1389 4207 quam
1420 4132 1602 4190 reverenter
1625 4134 1720 4208 atqua

169 4224 382 4298 adamantem,
399 4240 440 4285 ne
453 4222 620 4287 obedirent
634 4223 811 4305 preceptis.
829 4223 918 4286 Tales
934 4225 959 4289 D
975 4223 1087 4286 devote
1112 4222 1293 4284 celebrandi
1315 4223 1380 4284 sint
1403 4223 1471 4286 dies
1495 4223 1612 4286 festivi.
1639 4224 1719 4298 Ouid

169 4331 245 4386 sunt
264 4339 375 4385 omnes
396 4320 579 4395 intimorati,
597 4320 727 4404 superbi
745 4328 777 4383 ct
796 4321 918 4385 iracun-
974 4339 1048 4402 ergo
1064 4321 1120 4384 fiet
1138 4322 1178 4384 de
1199 4320 1248 4382 his
1267 4321 1323 4403 qui
1338 4321 1459 4405 absque
1478 4320 1592 4384 timore
1607 4341 1719 4406 perpe·

170 4421 214 4496 di,
238 4420 293 4502 qui
319 4419 433 4483 nolunt
451 4419 574 4482 discere
598 4419 767 4484 lectionem
788 4420 875 4483 illam
900 4440 918 4484 a
973 4427 1057 4484 trent
1072 4419 1166 4494 mala,
1182 4427 1213 4482 et
1233 4418 1379 4483 letantur
1397 4439 1498 4503 quum
1517 4420 1617 4503 impie
1636 4421 1719 4485 feca·
1733 4447 1865 4502 rammi,

170 4519 306 4593 Christo,
323 4537 419 4601 quam
434 4518 522 4580 omui
538 4519 704 4601 proposuit
718 4519 915 4582 Christiano:
973 4520 1048 4594 rint,
1064 4519 1120 4602 qui
1146 4520 1202 4582 hos
1226 4535 1331 4582 sacros
1355 4518 1423 4581 dies
1446 4539 1483 4582 ae
1507 4528 1628 4584 ceteros
1650 4522 1718 4584 dies

53 4655 68 4684 a
109 4674 114 4686 .
148 4617 288 4693 ,Discite
302 4617 590 4700 (inquiens)ame,
606 4617 681 4700 quia
697 4618 784 4680 mitis
799 4637 871 4681 sum
886 4626 918 4682 et
974 4618 1105 4681 festivos
1120 4617 1233 4680 vitiose
1249 4617 1444 4700 expendunt,
1462 4617 1717 4701 loquacitatibus,

48 4738 53 4747 ·
169 4716 303 4780 humilis
324 4716 428 4779 corde.
450 4715 540 4778 Tales
561 4734 689 4798 quoque
711 4725 785 4779 sunt
805 4734 917 4780 omnes
974 4716 1103 4792 risibus,
1131 4717 1225 4798 iocis,
1250 4716 1374 4780 choreis
1403 4726 1563 4794 vacantes,
1594 4719 1658 4782 imo
1688 4726 1720 4781 et

170 4815 270 4889 avari,
286 4813 341 4897 qui
358 4813 473 4877 Christi
488 4813 671 4897 despiciunt
685 4821 915 4897 paupertatem,
972 4815 1117 4898 graviora
1137 4822 1276 4898 argentee,
1297 4815 1382 4890 vani,
1403 4817 1518 4898 gulosi,
1536 4817 1657 4890 lascivi,
1675 4817 1720 4879 in-

70 4935 74 4944 ·
92 4947 122 4977 s
170 4933 230 4977 nec
247 4920 382 4995 pensant
396 4913 481 4996 quod
496 4913 541 4976 ait
553 4930 560 4976 :
571 4912 722 4976 Volucres
738 4914 810 4976 coeli
827 4914 918 4977 nidos
973 4915 1050 4990 vidi,
1066 4914 1216 4991 acediosi,
1233 4923 1265 4977 et
1288 4916 1402 4978 ceteris
1424 4917 1512 4979 vitiis
1539 4915 1718 4999 inquinatif

83 5011 155 5050 “⁶³¹²
170 5013 300 5088 habent,
317 5019 349 5076 et
363 5012 476 5094 vulpes
494 5018 586 5076 terras
606 5012 729 5092 foveas3
746 5013 844 5075 Filius
863 5033 918 5076 au·
973 5014 1018 5077 De
1040 5014 1157 5096 quibus
1181 5013 1385 5076 beatissimus
1409 5015 1530 5098 lloyses
1551 5016 1595 5078 ait
1612 5033 1619 5078 ε
1637 5015 1719 5079 Gens
1734 5039 1865 5092 amaran,

170 5121 236 5176 tem
252 5111 391 5174 hominis
405 5129 468 5174 non
484 5110 580 5174 habet
594 5111 649 5174 ubi
666 5118 761 5194 caput
776 5112 916 5176 reclinet.
973 5113 1093 5195 absque
1109 5113 1244 5175 consilio
1258 5119 1305 5174 est
1320 5120 1352 5175 et
1366 5113 1435 5176 sine
1450 5113 1619 5197 prudentia
1637 5130 1643 5176 :
1661 5113 1720 5174 uti·
1734 5105 1768 5155 ²⁸·
1779 5105 1813 5148 ²⁹·

59 5266 84 5307 Η
117 5279 146 5308 ,ω
170 5212 261 5275 Tales
276 5211 407 5274 demum
427 5218 502 5273 sunt
518 5228 631 5274 omnes
652 5211 756 5293 gulosi
776 5220 807 5274 et
828 5213 918 5277 luxu·
974 5229 1047 5274 nam
1063 5218 1222 5294 saperent,
1239 5219 1271 5273 et
1290 5211 1514 5292 intelligerent,
1530 5231 1567 5274 ac
1586 5211 1721 5275 novissi-

47 5359 54 5374 .
149 5297 260 5386 'riosi,
271 5310 610 5393 quorum(secundum
625 5311 827 5392 Apostolum)
838 5312 918 5374 dens
976 5329 1027 5372 ma
1050 5310 1263 5392 providerent.
