4154 6258
459 499 607 549 norrmrcs
627 500 680 548 ιιι
700 501 774 548 rosr
793 499 986 550 mmnarrrr.
1007 519 1047 532 -
1067 501 1167 551 annuc
1186 502 1297 551 armos
1585 482 1646 547 tot

102 689 277 753 annorum3
297 671 402 747 tertio,
423 678 522 736 totam
545 672 745 736 durationem
770 691 848 768 praa-
862 679 888 744 Α
902 693 968 737 ιοιιι
989 681 1199 754 eternorum
1215 681 1314 748 sexto,
1332 690 1514 736 mensuram
1533 689 1645 754 perpe·

102 779 225 835 sentem
254 773 417 855 usquead
447 771 559 835 mnndi
583 771 699 852 finem3
724 780 847 855 quarto,
902 781 1049 854 tuorum;
1067 774 1215 856 septimo,
1230 772 1371 854 singulas
1389 777 1512 853 septem
1533 769 1645 834 mundi

103 873 200 935 vitam
222 871 364 935 futuram
386 871 420 934 in
441 871 560 953 patria3
582 872 705 955 quinto,
722 890 849 934 mensn-
903 878 1020 934 etates.

650 1297 842 1386 SERMO
880 1297 1100 1386 PRIMUS

179 1567 324 1626 ΟΠΟΙΟΒΟ
346 1565 494 1614 llADlGAlll
514 1564 547 1612 nt
566 1564 619 1610 Dlll
639 1563 679 1611 AG
699 1563 825 1611 rltoxm
846 1563 996 1611 clamas
1016 1563 1189 1621 nablum,
1208 1563 1506 1621 tarentasiensem
1528 1563 1567 1610 AG

499 1661 718 1710 ssrtsuAtrrAvt
737 1661 876 1709 notitam
897 1661 1115 1719 molissimum
1136 1661 1244 1709 Pllllllli.

169 1947 258 2008 ΕΗΒ
279 1946 384 2008 Pater
404 1945 457 2004 det
481 1943 573 2003 nobis
595 1944 773 2004 secundum
796 1942 846 2002 di·
863 1941 886 2004 B
901 1940 1125 2024 adipiscantur.
1143 1942 1231 2004 Unde
1251 1941 1285 2005 in
1304 1941 1383 2005 lsaia
1402 1941 1544 2024 loquitur
1563 1944 1646 2007 Deus

184 2045 284 2105 vitias
299 2043 416 2120 plorioe
433 2062 512 2113 suae,
527 2043 683 2102 virtutem
703 2041 847 2100 corrobo-
901 2039 940 2100 de
960 2057 1033 2120 rege
1052 2040 1253 2122 Assyriorum
1271 2057 1278 2101 :
1295 2041 1347 2102 Vae
1365 2040 1474 2116 Assur,
1491 2042 1579 2123 virga
1598 2041 1647 2104 fu·
1674 2063 1767 2116 raas.

101 2147 176 2206 rari
194 2145 231 2204 tn
250 2143 409 2204 interiori
431 2142 571 2202 homine.
593 2139 708 2221 Ephes.
730 2156 775 2212 111,
796 2137 844 2200 tt.
901 2137 981 2200 roris
1006 2137 1069 2200 mei
1093 2145 1126 2201 et
1149 2138 1282 2202 baculus
1307 2139 1376 2221 ipse
1399 2147 1456 2202 est.
1478 2140 1647 2222 Gregorius

141 2243 178 2305 ln
208 2239 340 2305 exordio
368 2239 465 2320 hujus
497 2237 639 2321 epistola
668 2237 761 2299 docet
789 2253 846 2298 nos
901 2253 1029 2318 quoque
1051 2243 1185 2300 testatur
1201 2257 1208 2301 :
1225 2236 1305 2300 Abel
1326 2255 1395 2300 esse
1419 2238 1526 2301 renuit
1549 2257 1646 2321 quem

99 2349 227 2404 sanctus
246 2337 417 2422 Apostolus
439 2357 479 2401 ne
501 2345 689 2410 terreamur,
706 2353 848 2416 nequeo
901 2333 978 2397 Cain
1001 2335 1122 2397 malitia
1139 2353 1202 2398 non
1220 2343 1355 2398 exercet.
1376 2337 1520 2420 Insuper,
1542 2337 1649 2400 sciunt

99 2439 191 2502 bonis
216 2456 379 2502 cessemus
403 2434 567 2518 operibus,
587 2453 646 2498 nec
668 2451 726 2515 per
747 2433 846 2515 impu·
902 2434 987 2515 quod
1004 2434 1088 2496 [lens
1107 2452 1161 2497 eos
1181 2451 1260 2516 quos
1280 2442 1376 2509 amat,
1393 2437 1497 2517 arguit
1511 2444 1543 2499 et
1558 2437 1649 2500 casti·
1662 2459 1796 2516 spirantis.

99 2537 256 2610 tientiam,
276 2543 331 2598 aut
355 2533 654 2618 pusillanimitatem
676 2532 727 2594 vel
748 2530 847 2594 admi·
901 2539 964 2613 gat,
990 2533 1076 2614 quod
1100 2533 1177 2596 item
1202 2551 1259 2616 per
1284 2531 1400 2596 multas
1422 2534 1647 2599 tribulationes
1663 2558 1795 2610 aaran.

100 2637 256 2698 rationem
277 2633 472 2716 frangamur,
489 2632 565 2694 dum
581 2631 727 2694 videmus
745 2630 847 2692 bomi-
902 2637 1027 2712 oportet
1048 2648 1105 2693 nos
1131 2631 1249 2694 intrare
1271 2631 1303 2695 in
1325 2650 1459 2714 regnum
1481 2634 1647 2710 coelornm,

100 2753 155 2798 nes
187 2734 359 2806 virtuosos,
393 2738 519 2794 sanctos
552 2738 584 2793 et
614 2731 774 2812 sapientes
807 2729 847 2792 ab
902 2736 934 2790 et
950 2729 1033 2811 quod
1053 2730 1253 2812 praecipuum
1272 2731 1400 2811 signum
1416 2732 1648 2814 reprobationis

99 2829 270 2895 insensatis
291 2847 328 2891 ac
348 2827 458 2910 impiis
477 2827 510 2889 in
531 2826 652 2889 mundo
670 2827 730 2888 hoc
749 2825 848 2887 tribu·
902 2827 1018 2890 divinae
1033 2845 1070 2889 ac
1085 2827 1201 2891 futurae
1220 2829 1433 2891 damnationis
1448 2837 1584 2906 aeternae,
1601 2839 1649 2894 est

100 2929 156 2991 lari
177 2948 215 2991 ac
235 2926 385 3009 opprimi.
403 2925 512 2988 Solent
526 2943 664 3006 namque
684 2922 795 3006 pusilli
811 2941 848 2984 ac
902 2926 935 2987 in
951 2925 1011 2988 boc
1027 2926 1143 2989 saeculo
1157 2929 1336 3009 prosperari
1352 2945 1411 2990 nee
1427 2929 1583 3010 castigari,
1593 2929 1648 2992 sed

98 3026 283 3110 imperfecti
312 3025 450 3088 multum
479 3023 601 3099 mirari,
629 3023 742 3086 terreri
771 3029 803 3085 et
830 3041 848 3084 a
902 3024 1041 3106 propriis
1055 3024 1336 3088 adinventionibus
1351 3026 1583 3110 desideriisque
1598 3047 1648 3092 re·

98 3127 183 3191 bono
204 3143 341 3198 cessare,
357 3124 434 3186 dum
456 3131 592 3186 cernunt
612 3122 715 3203 justos
738 3121 779 3184 ab
800 3121 884 3188 inf}
903 3123 1017 3206 linqui,
1033 3123 1302 3206 quemadmodum
1318 3125 1357 3187 de
1372 3124 1491 3188 talibus
1505 3126 1588 3190 Deus
1603 3125 1649 3190 fa·

95 3225 191 3306 justis
215 3221 357 3306 opprimi
378 3230 412 3284 et
429 3221 544 3294 occidi,
561 3220 652 3303 quasi
672 3218 848 3282 infructuo·
901 3228 986 3283 tetur
1017 3239 1024 3284 :
1057 3221 1170 3285 Dimisi
1200 3239 1254 3285 eos
1284 3223 1459 3286 secundum
1490 3224 1648 3290 desideria
1662 3248 1795 3298 remmia

96 3342 168 3387 sum
194 3330 228 3387 ct
251 3340 371 3384 vanum
395 3319 438 3382 sit
461 3320 527 3382 Deo
549 3318 680 3391 servire,
700 3335 739 3380 eo
762 3317 846 3400 quod
902 3319 1007 3383 cordis
1035 3338 1157 3395 eorum,
1183 3319 1277 3383 ibunt
1304 3321 1336 3382 in
1365 3322 1648 3388 adinventionibus

96 3421 181 3486 servi
204 3421 277 3502 ejus
296 3438 315 3482 a
334 3419 434 3482 servis
456 3417 575 3480 diaboli
595 3417 629 3479 in
647 3416 708 3480 boc
728 3417 848 3479 mundo
902 3419 977 3481 suis.
990 3419 1108 3481 lterum
1125 3418 1231 3481 sciunt
1246 3428 1278 3482 et
1292 3429 1427 3501 pensant
1442 3429 1560 3503 quanta
1576 3423 1649 3486 Uni·

95 3521 142 3585 sic
164 3519 400 3604 opprimantur.
417 3516 496 3580 llinc
518 3516 552 3578 in
573 3532 708 3597 persona
732 3515 848 3597 imper·
901 3515 1027 3597 genitus
1042 3516 1099 3578 Dei
1113 3535 1132 3578 a
1146 3517 1400 3580 sceleratissimis
1420 3519 1461 3582 sit
1477 3537 1648 3602 perpessus

96 3619 256 3682 lectorum
277 3617 351 3680 inde
372 3614 558 3678 mirantium
577 3603 656 3676 dicit
673 3612 820 3676 llabacuc
838 3631 845 3675 τ
901 3614 1103 3694 bominibus3
1118 3616 1203 3697 quod
1222 3617 1351 3680 demum
1367 3617 1462 3681 electi
1477 3618 1533 3681 Dei
1549 3638 1648 3700 quan·

8 3741 81 3785 aaa.
95 3717 211 3792 Quare,
237 3715 381 3788 Domine,
406 3732 470 3777 non
494 3711 628 3794 respicis
652 3719 848 3794 contempto·
901 3721 934 3776 to
949 3712 1080 3775 fuerunt
1094 3714 1229 3776 Domino
1244 3714 1392 3789 cariores,
1409 3722 1496 3779 tanto
1512 3717 1604 3799 plura
1618 3724 1649 3780 et

8 3808 39 3856 ¹⁴·
95 3836 158 3892 res,
175 3823 210 3878 et
228 3822 314 3877 taces
335 3813 541 3876 conculcante
561 3812 661 3894 impio
678 3812 846 3893 justiorem
900 3811 1046 3894 graviora
1061 3820 1135 3874 sunt
1150 3813 1183 3874 in
1198 3812 1258 3877 boc
1274 3812 1390 3877 saeculo
1405 3815 1489 3897 passi
1506 3817 1646 3880 adversa.

96 3919 159 3978 set
190 3915 323 3995 Propter
350 3912 411 3974 boc
441 3911 576 3974 lacerata
604 3917 653 3973 cst
679 3910 740 3972 lex.
767 3899 847 3974 llinc
901 3912 1031 3992 Propter
1055 3911 1140 3993 quod
1168 3910 1250 3974 dixit
1272 3912 1442 3995 Apostolus
1469 3929 1477 3976 :
1501 3913 1648 3987 Quicum·
1674 3938 1794 3994 ruriam,

94 4015 195 4077 ctiam
220 4011 304 4094 apud
329 4010 513 4074 blalacblam
542 4009 587 4072 ait
609 4009 692 4072 Deus
716 4009 754 4072 de
778 4009 847 4072 istis
901 4027 964 4093 que
987 4010 1100 4072 volunt
1124 4010 1177 4092 pie
1200 4009 1308 4073 vivere
1329 4011 1362 4073 in
1385 4010 1519 4087 Christo,
1543 4031 1648 4095 perse·
1663 4004 1696 4047 ¹²·

8 4131 79 4186 uam,
94 4110 299 4196 imperfectis
313 4107 497 4172 hominibus
511 4125 518 4170 ε
533 4108 738 4171 lnvaluerunt
752 4124 848 4190 super
901 4109 1062 4171 cntionem
1083 4109 1253 4190 patientur.
1278 4109 1323 4170 Ex
1345 4109 1394 4172 his
1416 4111 1521 4192 itaque
1546 4113 1648 4175 consi-

8 4199 25 4239 l.

95 4231 146 4275 ιιιο
171 4209 275 4274 verba
297 4215 413 4282 vestra,
436 4213 468 4270 et
491 4206 616 4268 dixistis
639 4223 646 4267 :
671 4206 775 4268 Vanus
799 4214 848 4268 est
901 4206 1118 4269 derationibns
1138 4205 1287 4280 roborati,
1308 4208 1383 4270 dum
1402 4216 1531 4270 cernunt
1549 4209 1647 4273 bonos

92 4311 150 4393 qui
178 4308 281 4372 servit
303 4307 386 4385 lleo;
411 4313 443 4368 et
467 4305 551 4386 quod
580 4304 845 4379 emolumentum,
861 4305 886 4367 l)
901 4304 1081 4370 conculcari
1100 4323 1118 4366 a
1138 4305 1230 4366 malis
1251 4324 1313 4369 non
1334 4305 1572 4388 perturbantur,
1588 4327 1647 4371 nec

92 4410 170 4491 quia
193 4405 428 4470 custodivimus
447 4410 605 4486 precepta
624 4403 705 4483 ejus,
722 4409 754 4466 et
772 4405 848 4486 quia
900 4403 1026 4468 abonis
1048 4401 1251 4464 retrahuntur
1270 4403 1439 4484 operibus3
1455 4404 1520 4467 imo
1540 4407 1646 4488 potius

90 4504 337 4570 ambulavimus
357 4502 465 4566 tristes
487 4519 593 4566 coram
615 4501 773 4565 Dominot
900 4501 1062 4566 occultum
1078 4500 1134 4562 liei
1154 4498 1350 4562 benedicunt
1367 4501 1538 4583 judicium,
1555 4512 1587 4567 et
1600 4504 1647 4566 di·

132 4608 235 4669 Porro
259 4601 422 4665 exercitati
449 4601 481 4663 in
504 4601 555 4664 via
579 4599 635 4662 Dei
657 4607 689 4663 et
710 4601 848 4684 desuper
901 4607 978 4663 cunt
997 4598 1082 4680 quod
1103 4599 1148 4660 ait
1170 4597 1335 4661 Salvator:
1351 4599 1438 4663 Beati
1460 4601 1517 4683 qui
1541 4621 1646 4685 perse·
1673 4629 1792 4682 natast,

89 4701 261 4776 illustrati,
277 4701 315 4764 de
338 4719 372 4763 re
393 4699 454 4762 ista
478 4717 541 4762 non
562 4699 771 4772 admirantur,
788 4718 847 4762 nee
901 4699 1062 4762 cntionem
1078 4697 1242 4779 patiuntur
1257 4705 1387 4780 propter
1399 4698 1649 4784 justitiamque·
1661 4696 1695 4737 ¹⁰·

88 4800 341 4873 conturbantur,
372 4817 476 4880 neque
505 4797 704 4878 franguntur.
737 4797 848 4861 Sciunt
901 4799 987 4860 niam
1010 4797 1152 4879 ipsorum
1175 4803 1223 4856 est
1244 4814 1378 4877 regnum
1400 4799 1564 4863 coelorum.

88 4918 239 4983 namque
265 4897 348 4980 quod
372 4898 456 4960 Deus
485 4895 517 4958 in
546 4896 605 4958 hac
630 4896 695 4959 vita
720 4903 846 4958 exercet
940 4896 1096 4975 Deinceps
1124 4892 1221 4956 abbas
1246 4894 1426 4970 Cassianus,
1451 4897 1648 4964 insecundo

86 5008 120 5063 et
144 5005 268 5082 purgat
288 4996 406 5059 electos
429 5013 465 5058 ac
488 4993 587 5058 bonos
612 5013 669 5077 per
694 4994 845 5076 reprobos
901 4994 983 5056 libro
997 4993 1208 5057 collationum
1223 4992 1362 5067 Patrum,
1372 4995 1524 5059 describit
1539 5018 1648 5080 quem-

87 5107 120 5162 et
146 5113 332 5181 perversos,
354 5101 389 5156 ut
412 5093 459 5156 sic
483 5093 576 5156 electi
601 5093 633 5155 in
657 5093 757 5174 gratia
781 5112 846 5156 cre·
901 5092 1072 5156 admodum
1095 5109 1152 5154 suo
1173 5098 1316 5173 tempore
1335 5093 1435 5175 aliqui
1455 5096 1648 5161 sanctissimi

84 5205 195 5270 scant,
214 5202 249 5258 et
263 5213 281 5256 a
295 5193 412 5256 futuris
434 5199 588 5256 eruantur
609 5191 787 5265 tormentis,
803 5199 846 5255 at·
901 5192 1041 5254 eremitae
1063 5189 1195 5253 fuerunt
1216 5209 1234 5252 a
1255 5190 1435 5255 Sarracenis
1458 5192 1526 5256 dira
1548 5204 1648 5260 morte

86 5314 153 5382 quc
175 5293 325 5358 coelestia
344 5292 459 5374 gaudia
478 5291 614 5354 celerius
632 5309 670 5355 uc
687 5290 846 5373 copiosius
900 5289 1008 5353 occisi.
1034 5290 1165 5371 Propter
1189 5289 1273 5372 qnod
1297 5290 1397 5373 aliqui
1421 5292 1543 5356 Fratres
1572 5311 1649 5358 ncn-
