4192 6258
427 478 488 545 ote
708 497 856 546 nouimus
874 499 929 544 xxi
949 499 1022 546 rosc
1041 498 1235 546 rnrmrxrnx.
1255 517 1295 528 -
1315 498 1489 546 axanaano
1510 499 1542 546 m
1562 497 1757 547 nrauaumnu

428 674 464 732 ut
488 668 613 732 flumen
640 668 719 732 illud
748 669 935 752 adspiceret.
963 669 1043 733 Ecce
1067 669 1173 734 Sancti
1189 669 1215 735 Α
1229 669 1284 754 qui
1305 689 1363 754 per
1377 669 1584 752 cogitationes
1598 689 1696 735 vanas
1715 688 1753 733 ac
1768 669 1895 734 frivolas
1911 690 1958 734 un·

428 770 481 832 isti
501 789 597 853 quam
618 770 768 834 custoditi
784 770 915 833 fuerunt
935 770 1002 832 suis
1021 769 1054 831 in
1075 769 1175 832 cordi·
1229 770 1326 852 dique
1348 769 1510 833 mentibus
1535 787 1719 851 evagamur,
1735 778 1768 832 et
1788 769 1905 852 absque
1923 789 1959 833 re

818 1308 1122 1395 adleuatio
1155 1308 1210 1395 IN
1243 1307 1578 1398 EVhNGELIUM

567 1575 647 1621 naar
669 1574 786 1631 outoxx
806 1574 953 1630 nanctus,
974 1574 1063 1621 curus
1084 1573 1181 1621 rrnrus
1203 1573 1443 1635 rnrrnuaaxrun,
1464 1575 1528 1624 ure.
1544 1561 1654 1623 Joann.
1672 1579 1714 1637 xv,
1730 1561 1832 1628 toea.

500 1872 667 1939 OlllEllNO
683 1872 713 1935 in
729 1871 894 1952 evangelio
910 1871 1058 1933 recitatur
1074 1869 1208 1932 unumB
1225 1870 1305 1934 abiit
1323 1872 1409 1936 fama
1428 1874 1498 1955 ejus
1520 1874 1552 1937 iu
1573 1881 1670 1939 totam
1687 1875 1823 1959 Syriam,
1838 1895 1907 1958 que
1922 1876 1961 1937 fn-

515 1973 703 2058 praeclarum
721 1970 844 2063 'Christi
871 1968 1073 2044 miraculum,
1097 1989 1171 2051 qua·
1225 1979 1293 2033 erat
1309 1990 1443 2053 regnum
1459 1991 1619 2056 magnum.
1638 1973 1755 2056 Sisque
1771 1974 1898 2056 regulus
1911 1974 1960 2036 iste

426 2073 498 2136 liter
520 2073 673 2153 juvenem
703 2069 839 2132 letaliter
864 2088 920 2132 seu
952 2067 1171 2130 incurabiliter
1226 2070 1480 2133 erediditlesum
1501 2089 1594 2153 posse
1613 2091 1726 2135 curare
1741 2071 1848 2135 filium
1868 2091 1959 2134 sunm.

424 2191 482 2254 per
497 2179 642 2234 naturam
660 2177 864 2252 aegrotantem
881 2167 1013 2230 curavit.
1030 2168 1083 2230 Ait
1096 2185 1171 2248 ergo
1225 2169 1452 2231 Verumtamen
1477 2170 1700 2252 imperfectam
1724 2171 1839 2233 habuit
1862 2171 1960 2245 fidem,

423 2270 619 2351 evangelista
639 2269 774 2332 Ioannes
791 2287 798 2331 :
815 2271 900 2329 Erat
921 2268 1056 2346 quidam
1077 2285 1170 2343 repo·
1225 2267 1301 2348 qnia
1325 2286 1388 2330 non
1414 2269 1549 2331 credidit
1571 2269 1679 2331 lesum
1705 2288 1840 2352 corpore
1863 2271 1961 2332 absen-

425 2373 489 2440 lus,
504 2370 599 2445 cujus
617 2368 709 2445 filius
731 2367 967 2444 infirmabatur
985 2367 1172 2441 Capherea·
1225 2372 1298 2437 tem,
1306 2365 1472 2428 sanitatem
1489 2383 1582 2448 posse
1599 2366 1786 2448 impendere
1801 2366 1871 2432 titio
1884 2385 1963 2448 aegro

425 2488 491 2528 um.
517 2466 738 2548 capharnaum
762 2463 824 2525 fuit
849 2461 1044 2545 metropolis,
1068 2462 1099 2524 id
1124 2469 1172 2524 est
1225 2463 1315 2525 tanti.
1332 2464 1477 2526 Nondum
1499 2464 1586 2525 enim
1609 2465 1759 2546 cognovit
1776 2467 1884 2528 lesum
1902 2485 1961 2528 esse

425 2563 612 2649 principalis
642 2562 729 2638 urbs,
760 2561 913 2640 Galilaeae3
940 2562 971 2624 in
1001 2581 1064 2644 qua
1092 2561 1171 2623 urbe
1225 2580 1337 2624 verum
1357 2561 1458 2624 Deum
1479 2561 1600 2644 ubique
1618 2571 1822 2644 presentem,
1839 2571 1871 2626 et
1888 2565 1961 2647 quod
2076 2581 2077 2644 t

423 2661 579 2725 habitavit
599 2660 727 2742 regulus
753 2659 811 2721 iste
832 2678 905 2721 cum
927 2658 997 2721 filio
1019 2676 1077 2720 suo
1096 2658 1170 2720 leta·
1225 2659 1330 2740 angeli
1346 2660 1445 2722 sancti
1461 2668 1567 2723 essent
1582 2660 1653 2741 ejus
1669 2661 1823 2735 ministri,
1839 2680 1961 2744 quomm
1983 2683 2051 2724 rear

425 2761 497 2823 liter
518 2760 730 2823 febricitante.
748 2759 902 2840 Denique,
920 2758 1096 2819 secundum
1114 2757 1170 2819 Be·
1225 2757 1321 2820 etiam
1338 2758 1515 2821 ministerio
1530 2759 1632 2840 potuit
1644 2777 1744 2840 agros
1760 2761 1961 2834 sanare.0ued
1973 2745 2049 2786 Μ’*
2076 2759 2077 2798 ³

423 2860 508 2934 dam,
533 2866 665 2922 vocatur
689 2857 817 2938 regulus
847 2855 1052 2930 diminutive,
1079 2856 1169 2937 quasi
1226 2857 1374 2936 cognovit
1394 2856 1585 2919 venerabilis
1609 2857 1664 2919 ille
1684 2858 1832 2921 centurio
1853 2860 1905 2941 qui
1925 2859 1963 2920 di-

423 2977 478 3020 rex
493 2976 620 3040 parvus.
639 2956 880 3038 chrysostomus
895 2971 971 3016 vero
985 2954 1073 3029 dicit,
1085 2955 1168 3035 quod
1225 2953 1317 3016 cebat
1334 2971 1340 3015 :
1358 2953 1503 3028 Domine,
1520 2972 1583 3018 non
1604 2973 1676 3018 sum
1691 2956 1810 3037 dignus
1826 2965 1861 3020 ut
1875 2957 2056 3018 incastus-

424 3074 488 3119 non
509 3055 571 3119 fuit
585 3074 640 3117 rex
661 3073 789 3136 parvus,
807 3053 861 3115 sed
877 3059 1010 3114 vocetur
1028 3052 1168 3133 regulus,
1188 3053 1285 3118 tlsub
1300 3059 1421 3114 tectum
1437 3071 1556 3126 meum,
1574 3053 1627 3115 sed
1647 3060 1774 3115 tantum
1794 3054 1848 3116 dic
1862 3055 1960 3123 verbo,
1973 3032 1989 3070 ᾗ·

302 3207 304 3212 ,
423 3155 575 3237 quoniam
603 3153 698 3233 regiae
727 3151 836 3234 stirpis
865 3151 936 3213 fuit.
961 3151 1022 3213 Alii
1046 3152 1168 3225 dicunt,
1225 3159 1256 3213 et
1277 3151 1440 3213 sanabitur
1461 3170 1542 3232 puer
1563 3171 1665 3214 meus.
1681 3154 1868 3229 Incipiebat
1888 3157 1963 3214 enim

293 3275 408 3319 minema
424 3253 508 3335 quod
525 3253 567 3314 ita
582 3259 724 3325 vocatur,
742 3251 817 3333 quia
832 3249 1016 3313 officiatus*
1031 3250 1093 3312 fuit
1108 3250 1170 3314 Ca·
1225 3252 1320 3309 mori.
1338 3249 1402 3311 Hoc
1424 3248 1598 3331 interponit
1615 3248 1819 3330 Evangelista
1834 3267 1842 3312 :
1859 3251 1963 3332 primo,

424 3352 514 3424 saris,
531 3351 569 3412 ad
590 3349 767 3412 custodiam
789 3367 825 3410 ac
846 3348 988 3428 regimen
1009 3348 1097 3411 urbis
1118 3348 1171 3411 (la-
1225 3347 1263 3409 ad
1280 3347 1506 3410 insinuandum
1522 3365 1579 3408 cur
1594 3347 1721 3428 regulus
1735 3346 1965 3411 festinavittam

424 3450 602 3532 pharnaum
618 3448 797 3530 deputatus.
809 3447 869 3510 Sed
885 3446 1041 3529 quidquid
1056 3448 1170 3509 borum
1226 3445 1375 3520 maxime,
1392 3453 1522 3527 tamque
1537 3445 1654 3508 obnixe
1670 3447 1809 3526 rogavit,
1827 3449 1965 3518 secundo,

423 3548 557 3621 dicatur,
574 3553 697 3610 constat
711 3546 795 3627 quod
817 3545 944 3626 regulus
966 3544 1025 3606 iste
1042 3544 1103 3606 fuit
1119 3563 1171 3608 ex·
1226 3545 1263 3606 ad
1280 3544 1512 3606 ostendendum
1530 3544 1785 3624 magnitudinem
1804 3546 1901 3629 hujus
1916 3546 1965 3608 mi-

422 3645 542 3708 ccllens
563 3662 709 3726 persona,
728 3663 810 3705 unus
830 3643 869 3705 de
889 3642 1171 3724 principalioribus
1226 3643 1338 3717 raculi,
1356 3643 1430 3724 quia
1450 3642 1594 3723 ejusdem
1618 3643 1770 3725 potentiae
1789 3653 1841 3707 est
1860 3653 1966 3708 mortu·

424 3751 523 3806 terrae.
1227 3761 1281 3804 um
1298 3741 1462 3816 suscitare,
1479 3748 1511 3803 et
1526 3740 1612 3805 letali
1629 3741 1821 3806 infirmitate
1836 3744 1966 3806 laboran-

462 3843 635 3921 Hicqctum
651 3842 794 3901 audisset
806 3842 985 3919 quz'alesus
1001 3840 1172 3899 adveniret
1226 3848 1291 3902 tem
1314 3857 1434 3902 curare.

421 3945 641 4022 aludoea,per
657 3939 887 4012 Samariam,in-
900 3941 1067 4000 Galiloeam
1077 3938 1172 4019 :quia
1265 3940 1363 4001 Dixit
1377 3957 1453 4016 erpo
1466 3941 1559 3999 Iesus
1573 3941 1617 3997 ad
1631 3958 1705 3998 eum
1713 3959 1724 3998 .·
1733 3941 1813 4002 Nisi
1827 3942 1930 4018 signa,
1940 3939 1965 4000 id

273 4056 403 4110 coenant
421 4047 456 4102 ut
471 4039 627 4121 scriptum
647 4045 694 4100 est
710 4037 800 4111 alibi,
817 4056 917 4118 quum
934 4037 1076 4100 Christus
1097 4055 1171 4099 con·
1226 4043 1273 4099 est
1289 4037 1446 4098 miracula
1459 4036 1576 4099 divinae
1591 4037 1742 4117 potentiae
1759 4039 1965 4111 ostensivas!

273 4124 351 4176 Μ·
420 4138 568 4202 vertisset
579 4156 693 4219 aquam
710 4136 742 4197 in
755 4135 868 4198 vinnm
884 4135 916 4196 in
930 4135 1014 4197 Cana
1026 4134 1168 4208 Galilaeae,
1222 4137 1391 4213 prodigia,
1408 4135 1439 4196 id
1463 4141 1511 4196 est
1533 4134 1687 4197 miracula
1712 4136 1835 4219 aliquid
1860 4137 1891 4199 in
1912 4137 1968 4198 lon·

287 4254 345 4298 roae.
362 4259 395 4299 ra.
420 4237 516 4319 paulo
537 4242 607 4319 post
623 4235 681 4297 ivit
700 4234 785 4295 circa
800 4233 917 4295 Pascha
936 4233 968 4294 in
983 4232 1169 4306 Jerusalem,
1186 4237 1211 4298 D
1226 4252 1302 4314 gum
1332 4240 1364 4296 et
1393 4241 1555 4315 posterum
1585 4233 1772 4308 indicantia,
1798 4236 1967 4298 secundum

420 4355 491 4417 quac
506 4335 568 4396 fuit
585 4331 770 4413 metropolis
791 4331 823 4392 in
838 4331 952 4394 Judaea.
971 4331 1139 4411 Quumque
1154 4351 1172 4393 a
1225 4333 1344 4395 Bedam
1354 4350 1363 4412 ;
1379 4333 1430 4394 vel
1450 4332 1557 4414 potius
1580 4332 1737 4395 miracula
1756 4333 1915 4415 signantia
1928 4334 1966 4395 di-

419 4432 594 4496 Jerusalem
616 4438 647 4494 et
668 4431 775 4494 Judaea
796 4436 1019 4503 reverteretur,
1040 4429 1172 4510 contigit
1226 4430 1334 4492 vinam
1354 4430 1620 4512 omnipotentiam
1641 4431 1753 4513 procul
1774 4450 1792 4493 a
1812 4451 1908 4496 sensu
1923 4451 1967 4493 ex-

420 4531 504 4613 quod
520 4529 572 4591 hic
588 4529 715 4602 dicitur,
729 4527 852 4589 scilicet
867 4527 950 4608 quod
968 4527 1096 4607 regulus
1112 4528 1171 4591 iste
1227 4529 1391 4591 sistentem
1422 4547 1486 4591 non
1516 4529 1595 4602 loco,
1622 4529 1676 4591 sed
1707 4529 1968 4613 incomprehensi-

419 4627 1173 4709 aoiitacapbamaumacteum,ecropaeareum
1227 4627 1367 4706 bilitate;
1393 4629 1558 4698 videritis,
1580 4647 1644 4688 non
1668 4631 1806 4689 creditis
1830 4647 1967 4692 measse

421 4736 458 4788 ut
475 4729 692 4796 descenderet,
708 4725 739 4786 id
756 4730 814 4797 est,
831 4724 870 4785 ad
886 4723 1106 4805 Capharnaum
1121 4744 1173 4787 ve·
1226 4725 1479 4807 omnipotentem
1505 4724 1620 4787 Filium
1644 4725 1712 4800 Dei,
1728 4727 1785 4808 qui
1806 4725 1967 4809 corporali·

420 4825 594 4906 uiret,quae
609 4822 671 4884 fuit
685 4822 810 4885 bassius
825 4822 885 4884 sita
899 4841 995 4903 quam
1012 4822 1100 4885 locus
1115 4822 1171 4885 ubi
1226 4830 1274 4886 ter
1295 4822 1420 4898 absens,
1442 4824 1619 4886 secundum
1640 4823 1843 4887 divinitatem
1868 4825 1966 4888 omnia
1987 4841 2048 4884 ren

419 4923 549 5005 regulus
573 4922 632 4984 iste
653 4921 772 5003 reperit
793 4920 965 4994 Christum,
987 4929 1018 4980 et
1040 4931 1172 4982 sanaret
1226 4923 1356 5006 impleo,
1373 4931 1405 4987 et
1420 4930 1535 4986 cuncta
1552 4923 1673 5006 ubique
1686 4923 1792 4988 facere
1808 4943 1892 5008 queo
1907 4909 2002 4986 solo²l

418 5025 528 5101 fitium
543 5021 623 5099 ejus.
641 5020 708 5083 Jam
725 5018 812 5081 enim
828 5018 914 5081 fama
932 5019 1048 5082 Christi
1069 5019 1171 5082 fuerat
1226 5021 1371 5104 imperio.
1394 5021 1562 5103 Gregorius
1583 5021 1697 5105 quaerit
1719 5021 1783 5096 bie,
1798 5041 1859 5084 cur
1878 5021 1968 5086 verba

421 5137 535 5202 magna
551 5125 680 5201 propter
695 5117 907 5200 praecedentia
922 5116 992 5199 ejus
1008 5117 1168 5191 miracula,
1224 5121 1292 5183 haec
1314 5119 1458 5183 Christus
1482 5119 1598 5184 dixerit
1617 5119 1738 5200 regulo,
1755 5122 1909 5203 quoniam
1926 5139 1969 5182 re

279 5268 359 5314 M
377 5282 397 5313 w
421 5227 453 5285 et
478 5226 608 5302 propter
632 5215 891 5280 testificationem
915 5215 1043 5278 loannis
1068 5217 1171 5299 bapti·
1224 5217 1319 5300 gulus
1341 5218 1486 5294 credidit,
1503 5218 1581 5281 alias
1600 5217 1671 5282 filio
1691 5235 1749 5281 suo
1772 5219 1969 5282 sanitatema

274 5333 308 5374 tt·
363 5299 368 5312 ⁵
400 5300 478 5383 'stae
498 5318 538 5382 de
559 5334 606 5382 eo.
625 5315 713 5380 Unde
734 5314 766 5377 in
782 5314 927 5378 Mattbao
942 5313 1068 5394 legitur,
1086 5316 1170 5397 quod
1226 5314 1350 5380 Christo
1382 5335 1445 5380 non
1480 5315 1686 5399 poposcisset.
1721 5316 1760 5380 Et
1791 5318 1967 5402 respondet,
