4154 6258
338 472 487 521 nonnum
507 472 551 518 xrr
572 471 645 519 rosr
664 468 860 518 rmmrarnar.
879 487 919 500 -·
939 469 982 517 ao
1001 469 1195 536 mrorosos3
1219 471 1318 520 annuo
1339 471 1450 521 snxrus
1608 450 1669 516 393

123 645 178 709 illa
200 644 316 710 Christi
340 644 505 727 conspexit
530 643 693 720 miracula,
711 643 750 707 do
772 649 818 706 tot
837 640 908 705 etii
924 661 999 706 cum
1012 643 1131 724 juvene
1146 643 1212 717 illo,
1229 651 1261 706 et
1274 661 1364 707 orare
1379 662 1437 726 pro
1453 645 1537 726 ipso;
1553 649 1586 706 et
1599 641 1668 725 ipse

15 763 109 814 ame,
123 743 220 806 tantis
241 743 442 806 mirabilibus
462 750 605 826 stupens,
625 743 706 805 dixit
722 759 729 804 ι
752 763 769 800 a
783 741 868 803 Bene
923 742 1089 806 Pacomius
1104 760 1162 824 pro
1177 743 1290 805 eodem
1305 742 1460 805 instanter
1474 740 1584 806 oravit.
1593 741 1669 804 Pau-

15 827 23 870 '¹
123 841 231 905 omnia
244 841 322 904 fecit
335 863 363 902 n.
380 841 530 924 Dixitque
545 841 605 904 boc
620 841 724 905 solum
740 847 869 924 propter
923 841 954 904 lo
970 849 1041 924 post
1056 841 1138 904 Deus
1154 841 1356 923 omnipotens
1371 850 1403 904 et
1418 841 1586 922 benignus,
1603 846 1670 902 tan·

123 940 279 1003 exteriora
296 939 350 1002 illa
369 939 529 1002 mirabilia
546 957 553 1002 :
570 940 672 1004 multo
691 940 791 1021 magis
810 955 868 1002 nos
921 947 953 1002 ta
969 940 1214 1021 compunctione
1229 948 1262 1003 et
1275 940 1383 1021 gratia,
1390 947 1477 1004 tanto
1492 937 1670 1003 devotionis

123 1039 207 1102 idem
221 1038 327 1102 dicere
341 1056 511 1121 possumus
526 1045 559 1102 et
573 1039 726 1102 debemus
739 1045 870 1120 propter
923 1038 1059 1113 fervore,
1069 1045 1133 1100 tam
1149 1038 1401 1119 profundissima
1415 1038 1596 1102 bumilitate
1612 1037 1670 1100 im·

124 1135 274 1220 mysteria
288 1138 321 1199 in
337 1137 434 1218 hujus
454 1137 542 1200 surdi
558 1145 590 1200 et
606 1137 684 1199 muti
705 1137 868 1199 curatione
924 1137 1025 1219 plevit
1050 1143 1190 1200 mentem
1220 1137 1360 1210 Silvani,
1387 1137 1471 1219 quod
1494 1137 1613 1218 jugiter
1637 1136 1671 1197 in

124 1235 254 1316 signata.
277 1235 340 1298 (fur
363 1235 484 1298 etenim
508 1235 662 1309 Christus,
685 1235 741 1317 qui
766 1241 869 1317 prote·
924 1235 1009 1298 omni
1025 1235 1094 1298 loco
1108 1235 1319 1317 ploravit,neo
1334 1243 1475 1318 tempore
1489 1233 1673 1297 refectionis

15 1349 109 1400 mm,
124 1341 225 1396 sunta
243 1333 362 1396 loanne
380 1333 534 1416 apostolo,
551 1342 600 1397 est
619 1353 713 1397 verus
735 1334 818 1396 Deus
839 1339 870 1394 et
924 1354 942 1397 a
962 1333 1102 1396 lacrimis
1122 1353 1156 1396 se
1176 1333 1280 1415 potuit
1299 1333 1471 1406 refrenare,
1489 1333 1531 1395 ita
1550 1341 1586 1394 ut
1604 1351 1673 1395 san·

15 1415 188 1524 lamam
202 1439 331 1506 aeterna,
343 1431 437 1513 cujus
452 1431 592 1513 perfecta
606 1440 681 1494 sunt
695 1449 802 1513 opera,
813 1431 869 1512 qui
925 1439 995 1495 ctus
1024 1439 1113 1515 pater
1141 1432 1307 1495 Pacomius
1335 1430 1510 1494 testabatur
1538 1432 1578 1492 de
1606 1429 1672 1504 illo,

124 1530 190 1594 solo
204 1529 315 1604 verbe,
333 1530 400 1594 solo
421 1538 511 1604 nutu,
528 1529 596 1593 solo
616 1529 752 1612 imperio
767 1529 870 1611 potuit
925 1531 1009 1613 quod
1040 1529 1147 1592 nullus
1174 1530 1205 1591 in
1231 1537 1296 1593 toto
1325 1547 1383 1592 suo
1407 1529 1599 1592 monasterio
1627 1529 1673 1591 sic

123 1628 208 1690 bunc
223 1647 346 1700 curare,
362 1635 447 1690 tanta
463 1628 527 1709 egit
542 1628 575 1690 in
595 1629 665 1709 ejus
685 1627 870 1690 curationef
925 1635 1009 1692 esset
1030 1627 1244 1691 humilitatem
1265 1635 1405 1702 secutus,
1426 1635 1461 1689 ut
1486 1626 1583 1690 frater
1607 1622 1673 1690 Sil·

123 1725 199 1789 llam
216 1727 308 1790 duxit
322 1745 395 1790 eum
416 1744 571 1800 seorsum,
589 1727 739 1810 misitque
755 1726 869 1807 digitos
926 1747 1036 1790 vanus.
1060 1727 1126 1800 Quo
1149 1735 1220 1808 post
1241 1743 1359 1808 paucos
1380 1744 1479 1789 annos
1505 1725 1671 1800 moriente,

123 1843 195 1887 suos
211 1824 245 1886 in
260 1825 419 1888 auriculas
434 1824 522 1906 ejus;
537 1832 569 1888 et
583 1843 752 1906 exspuens,
766 1824 870 1904 tetigit
889 1826 912 1889 B
926 1827 1007 1889 dixit
1035 1825 1200 1889 Pacomius
1229 1825 1368 1887 animam
1398 1825 1468 1905 ejus
1498 1843 1572 1886 cum
1600 1842 1674 1905 gau-

124 1932 216 2005 sputo
231 1942 290 1988 suo
306 1924 446 2006 linguam
462 1923 580 2005 ipsius;
593 1931 687 2006 atque
703 1925 735 1986 in
752 1925 868 1988 coelum
926 1926 978 1988 dio
993 1925 1032 1988 ab
1047 1923 1169 2006 angelis
1184 1924 1302 1986 sanctis
1318 1941 1388 1986 esse
1407 1931 1598 2004 susceptam.
1615 1923 1673 1985 lta-

124 2021 353 2103 suspiciensac
374 2021 598 2102 ingemiscens,
614 2021 705 2095 dixit,
721 2021 871 2104 Adaperi·
925 2043 988 2108 que
1019 2024 1199 2087 consideret
1229 2022 1367 2106 quilibet
1398 2029 1543 2085 nostrum
1575 2040 1672 2103 qnam

123 2137 173 2197 re;
190 2119 307 2182 deinde
328 2119 480 2201 praecepit
498 2118 708 2200 presentibus
727 2138 766 2182 ne
785 2119 869 2182 istud
925 2122 1169 2185 misericorditer
1183 2141 1219 2185 ac
1235 2120 1464 2205 patientissime
1480 2119 1578 2201 egerit
1592 2119 1673 2182 Deus

123 2218 217 2280 alicui
233 2216 438 2300 propalarent
452 2218 652 2281 miraculum.
667 2217 747 2280 Ecce
762 2218 871 2282 omnia
925 2239 1046 2294 seeum,
1062 2228 1094 2283 et
1117 2220 1266 2282 similiter
1287 2226 1358 2300 agat
1382 2219 1478 2282 etiam
1505 2218 1574 2300 ipse
1598 2236 1673 2279 cum

124 2315 181 2379 ista
204 2317 238 2378 in
260 2317 372 2398 grandi
394 2315 545 2400 mysterio
567 2316 630 2398 egit
652 2315 802 2380 Salvator.
925 2319 1079 2402 proximis
1100 2319 1168 2382 suis
1189 2317 1380 2380 errantibus.

160 2415 316 2498 Denique,
332 2433 390 2496 per
404 2414 464 2478 boc
479 2415 563 2496 quod
580 2413 672 2476 turba
691 2415 822 2476 surdum
839 2422 870 2476 et
964 2419 1107 2500 lnsuper,
1123 2435 1181 2498 per
1201 2416 1261 2478 boc
1276 2415 1361 2498 quod
1382 2414 1524 2478 Salvator
1539 2414 1672 2476 surdum

125 2521 250 2576 mutum
264 2514 372 2588 istum,
390 2531 495 2597 perse
512 2513 616 2595 ipsum
635 2513 806 2576 Dominum
821 2513 869 2576 Je-
924 2523 956 2578 et
972 2524 1096 2578 mutum
1113 2514 1205 2577 duxit
1218 2532 1375 2588 seorsum,
1393 2512 1574 2574 insinuatur
1588 2513 1673 2594 quod

123 2632 191 2674 sum
205 2613 357 2675 accedere
372 2629 436 2675 non
451 2611 717 2686 valentemduxit
731 2613 768 2674 ad
785 2631 870 2686 eum,
924 2614 1049 2697 eosqui
1065 2613 1177 2676 volunt
1199 2619 1305 2674 mente
1325 2611 1430 2673 curari
1451 2618 1483 2674 et
1499 2609 1672 2690 gratiarum

122 2709 312 2772 instruimur
330 2711 415 2792 quod
433 2710 473 2772 de
489 2711 595 2772 Fratre
611 2711 758 2774 indurato
777 2711 869 2793 spiri·
924 2710 1169 2775 charismatibus
1184 2709 1506 2792 adimpleri,necesse
1521 2709 1563 2770 sit
1577 2727 1674 2789 prava

123 2809 314 2891 tualiterque
343 2809 439 2872 surdo
463 2827 500 2871 ao
525 2815 627 2892 muto·
642 2827 705 2872 non
732 2808 870 2872 faciliter
923 2820 956 2873 et
978 2810 1133 2873 dissoluta
1158 2809 1258 2870 vitare
1280 2808 1448 2880 consortia,
1466 2814 1498 2868 et
1520 2807 1584 2868 Deo
1608 2825 1674 2869 cre-

123 2909 340 2990 desperemus,
357 2925 416 2970 neo
434 2925 493 2989 pro
512 2907 582 2987 ejus
600 2908 807 2970 conversione
827 2908 869 2971 la·
922 2909 1012 2971 brius
1036 2908 1067 2970 in
1090 2914 1212 2970 secreto
1234 2924 1356 2979 vacare,
1374 2905 1502 2979 orando,
1519 2905 1672 2966 meditan-

122 3005 231 3070 borare
249 3023 409 3068 cessemus
427 3023 434 3066 ε
451 3005 516 3067 imo
531 3024 631 3087 quum
646 3006 792 3087 videmus
810 3025 867 3069 nos
885 3007 973 3080 Cdo,
999 3027 1033 3069 sc
1063 3005 1169 3088 ipsum
1200 3004 1411 3078 discutiendo,
1436 3011 1466 3065 et
1495 3002 1670 3086 peculiaria

122 3104 208 3167 nullo
222 3104 319 3167 modo
336 3121 428 3186 posse
442 3121 516 3165 eum
533 3111 728 3178 convertere,
745 3104 868 3167 hortan-
922 3105 1100 3169 devotionis
1127 3105 1278 3168 exercitia
1307 3104 1496 3187 peragendo,
1522 3103 1670 3186 exemplo

122 3202 170 3275 do,
195 3201 410 3283 corripiendo,
441 3199 676 3274 comminando,
706 3202 864 3276 terrendo,
922 3204 1056 3267 dicentis
1075 3221 1081 3266 :
1099 3203 1179 3266 Ecce
1194 3203 1338 3283 elongavi
1361 3201 1497 3282 lugiens,
1514 3207 1547 3263 et
1566 3201 1668 3264 mansi
1696 3220 1814 3271 reama.

122 3299 319 3381 corrigendo,
337 3297 511 3361 offeramus
527 3317 601 3360 eum
617 3299 750 3372 coelesti,
766 3301 867 3362 omni·
922 3302 954 3364 in
970 3301 1160 3380 solitudine3
1177 3301 1329 3382 itemque,
1346 3299 1467 3362 Similis
1482 3298 1584 3362 factus
1599 3319 1668 3361 sum
1696 3319 1735 3362 rs.
1746 3331 1773 3368 a,
1785 3319 1805 3360 r.

122 3399 253 3481 potenti,
269 3397 514 3480 superpiissimo
533 3397 712 3459 animarum
730 3399 864 3474 medico,
923 3401 1081 3483 pellicano
1100 3399 1290 3462 solitudinis.
1308 3398 1387 3461 Hine
1409 3397 1538 3460 vitanda
1559 3405 1607 3460 est
1626 3398 1670 3460 fa·

121 3497 210 3559 illum
225 3497 349 3558 intente
364 3514 400 3558 ae
415 3494 576 3558 ferventer
590 3495 709 3558 orando
722 3515 781 3578 pro
796 3497 866 3559 Fra·
922 3499 1088 3562 miliaritas
1104 3515 1214 3560 eorum
1230 3497 1285 3578 qui
1302 3497 1333 3558 in
1351 3497 1504 3578 religione
1520 3496 1670 3578 irreligio

121 3604 165 3657 tre
195 3611 356 3676 perverso.
387 3592 534 3668 lfultum,
565 3593 629 3656 imo
657 3593 867 3657 ineffabiliter
922 3615 955 3659 sc
981 3615 1014 3658 se
1039 3595 1168 3668 habent,
1187 3595 1337 3657 videlieet
1361 3594 1569 3676 negligenter,
1590 3613 1669 3676 prae·

121 3692 257 3756 multum
274 3691 452 3774 complacet
470 3699 502 3756 et
519 3693 721 3756 commendat
739 3710 796 3756 nos
817 3712 865 3756 ea·
921 3696 1031 3757 sertim
1066 3693 1319 3756 inobedientium
1349 3701 1381 3756 et
1410 3693 1667 3776 practieantium,

121 3792 205 3864 ritas,
235 3789 470 3864 benevolentia,
495 3790 658 3873 patientia,
685 3790 866 3854 sollicitudo
921 3793 976 3876 qui
999 3792 1157 3874 superiori
1180 3809 1237 3854 suo
1257 3792 1297 3854 de
1317 3791 1404 3854 facili
1426 3790 1562 3855 rebelles
1581 3801 1665 3866 sunt,

120 3907 154 3952 ae
169 3889 299 3954 devotio
314 3889 384 3962 ista,
400 3890 465 3953 Deo
480 3890 535 3971 qui
551 3908 591 3952 ex
605 3908 663 3953 sua
677 3891 793 3972 pictate
810 3891 866 3954 im·
921 3911 984 3955 non
1007 3898 1177 3974 pensantes
1198 3891 1282 3972 quod
1307 3890 1462 3972 scriptum
1485 3897 1534 3954 est
1550 3907 1556 3952 :
1574 3891 1667 3965 Quasi
1694 3911 1810 3966 impu.

121 4007 239 4062 mensa,
261 3994 294 4051 et
318 3988 433 4051 merito
458 3989 501 4051 ita
523 3989 697 4070 agentium,
718 3989 865 4070 frequen·
921 3999 1087 4074 peccatum
1103 3989 1257 4052 ariolandi
1272 3996 1320 4051 est
1335 3997 1562 4077 repugnareet
1576 3989 1667 4071 quasi
1682 3978 1715 4018 ²³·

121 4094 165 4150 ter
178 4085 391 4170 spiritualiter
405 4095 496 4150 curat
509 4087 694 4169 hujusmodi
711 4087 864 4162 Fratrem,
921 4090 1026 4153 scelus
1042 4087 1238 4162 idololatriae,
1255 4088 1339 4150 nolle
1359 4088 1571 4169 acquiescere.
1589 4088 1669 4162 Ono·

119 4184 391 4268 quemadmodum
414 4184 452 4247 ad
473 4184 656 4247 instantiam
676 4183 776 4249 turbae
799 4203 867 4249 cor·
881 4186 906 4249 ll
922 4191 1006 4252 eirca
1021 4189 1065 4250 ait
1080 4187 1260 4267 Gregorius,
1273 4194 1305 4248 et
1319 4184 1455 4248 habetur
1470 4186 1502 4248 in
1518 4186 1667 4249 Decreta:

119 4285 271 4366 puraliter
286 4283 409 4346 sanavit
428 4283 514 4346 hunc
534 4283 667 4346 surdum
682 4291 714 4346 et
728 4292 863 4348 mutum.
921 4287 1042 4348 Vitium
1058 4283 1247 4368 paganitatis
1267 4282 1413 4356 incurrit,
1431 4282 1486 4363 qui
1500 4282 1670 4364 superiori·

118 4383 204 4445 Unde
225 4383 260 4445 in
275 4381 341 4445 vita
357 4381 386 4445 S.
403 4382 539 4446 Pacomii
561 4381 686 4463 legitur,
703 4383 788 4464 quod
805 4383 867 4446 fuit
922 4386 982 4447 bus
998 4385 1064 4447 suis
1081 4383 1198 4462 injuste
1215 4380 1342 4444 resistit.
1360 4379 1517 4461 Amplius,
1534 4398 1592 4462 per
1609 4379 1669 4443 hoe

118 4480 149 4545 in
174 4481 324 4546 coenobio
346 4481 402 4544 illo
423 4481 559 4546 Pacomii
584 4482 714 4565 quidam
737 4481 866 4564 juvenis
922 4483 1007 4565 quod
1036 4479 1189 4543 [lominus
1213 4479 1304 4542 lesus
1328 4479 1462 4540 surdum
1487 4484 1519 4540 et
1543 4485 1669 4540 mutum

118 4581 295 4643 monachus
311 4579 440 4642 nomine
456 4578 621 4654 Silvanus,
631 4581 770 4644 multum
786 4581 867 4644 inor·
922 4581 1013 4643 duxit
1032 4596 1186 4652 seorsum,
1204 4578 1296 4640 datur
1316 4576 1451 4658 intelligi
1470 4578 1554 4660 quod
1573 4577 1669 4641 bomo

117 4679 223 4741 dinate
248 4696 282 4740 se
311 4676 431 4740 babens
456 4686 488 4740 et
516 4677 605 4752 levis,
631 4678 709 4741 alios
738 4697 865 4762 quoque
922 4678 1065 4742 societati
1098 4676 1280 4759 iniquorum
1313 4675 1582 4766 populariumque
1612 4678 1668 4738 ad-

117 4777 272 4858 qoosdam
288 4775 431 4858 juniores
447 4775 508 4838 sibi
523 4775 666 4838 alliciens
681 4783 775 4858 atque
792 4778 865 4840 infi-
923 4777 1052 4849 mixtus,
1070 4793 1132 4838 non
1148 4782 1196 4838 est
1210 4774 1348 4837 faciliter
1362 4792 1462 4856 capax
1477 4775 1585 4855 gratie
1600 4774 1667 4849 Dei,

118 4875 214 4938 ciens.
248 4876 379 4956 Propter
409 4874 494 4954 quod
526 4875 665 4937 seniores
695 4875 865 4939 voluerunt
921 4877 976 4939 sed
999 4875 1040 4939 ab
1060 4874 1124 4937 illis
1144 4892 1177 4936 se
1199 4873 1362 4937 retrahens
1384 4891 1420 4935 ac
1440 4891 1474 4936 se
1495 4873 1601 4954 ipsum
1621 4891 1668 4935 rc-

117 4975 259 5036 Fratrem
285 4971 378 5034 illum
402 4971 574 5054 expellere,
591 4979 622 5033 et
640 4972 679 5034 de
699 4972 759 5035 boc
781 4993 864 5056 sepe
921 4975 1086 5055 colligens,
1102 4972 1141 5034 fit
1160 4979 1251 5053 aptus
1271 4972 1309 5033 ad
1330 4971 1601 5035 illuminationem
1616 4991 1667 5034 su-

118 5071 332 5154 loquebantur
346 5071 503 5133 Pacomio.
520 5069 579 5142 Qui
595 5068 797 5133 beatissimus
813 5090 865 5152 pa·
920 5091 1064 5155 pernam.
1095 5071 1215 5134 Rursus
1248 5070 1325 5132 fecit
1357 5071 1416 5134 hoo
1446 5070 1601 5144 Christus,
1633 5077 1667 5131 ut

117 5177 164 5233 ter
187 5180 220 5234 ct
245 5169 296 5233 vir
321 5168 502 5251 apostolicae
531 5167 717 5242 sanctitatis,
743 5170 865 5249 rogavit
920 5173 1048 5235 doceret
1062 5189 1176 5232 vanam
1195 5169 1328 5250 gloriam
1348 5187 1418 5231 esse
1433 5169 1606 5242 vitandam,
1622 5176 1666 5229 at-

117 5272 240 5334 Fratres
256 5269 327 5332 illos
342 5268 528 5351 patientiam
547 5267 586 5330 ad
602 5275 727 5350 tempus
746 5268 863 5332 babere
920 5289 982 5351 que
1011 5271 1049 5332 ad
1082 5267 1312 5349 designandum
1342 5268 1426 5349 quod
1457 5266 1666 5348 spiritualiter
