4154 6258
360 511 507 560 nouimus
527 512 592 558 xvu
613 513 686 560 rosr
705 512 898 559 minumum
918 531 958 544 -
979 513 1153 562 mmmrro
1174 515 1205 562 m
1226 515 1420 563 zvaramma
1604 495 1663 559 l87

506 925 810 1013 ENARRATIO
844 926 899 1013 IN
933 927 1274 1015 uvtuautluu

240 1193 324 1248 annu
345 1191 498 1239 mraaaar
518 1191 607 1238 usus
628 1191 660 1236 m
681 1190 788 1237 norun
809 1189 966 1237 cuiusnaa
987 1191 1137 1238 rainonis
1159 1193 1383 1240 rnaarsaonuar
1404 1195 1540 1249 sanaim

548 1289 737 1337 munerans
758 1289 873 1346 amaa,
893 1287 957 1336 nro.
974 1272 1049 1335 Luc.
1067 1291 1130 1347 xiv,
1148 1272 1230 1336 l-ll.

176 1572 274 1635 UCAS
294 1571 488 1652 evangelista
504 1571 536 1632 in
556 1569 721 1650 evangelio
740 1567 902 1632 bodier-rl
957 1573 1001 1632 Et
1022 1591 1090 1630 ecce
1108 1572 1199 1632 bomo
1218 1573 1354 1651 quidam
1376 1574 1575 1650 hydropicus
1594 1582 1666 1634 erat

189 1688 232 1734 no
253 1669 405 1733 describit
425 1669 562 1751 qualiter
576 1667 720 1732 Christus
741 1667 865 1730 curavit
918 1678 994 1728 ante
1018 1671 1126 1740 ittam,
1144 1669 1175 1731 id
1201 1677 1258 1744 est,
1277 1670 1471 1752 hydropicus
1496 1671 1555 1734 iste
1578 1672 1667 1735 venit

112 1768 339 1849 hydropicum,
370 1767 530 1850 quomodo
561 1766 657 1828 etiam
688 1765 866 1828 confutavit
918 1766 957 1828 ad
980 1767 1087 1828 Jesum
1114 1774 1149 1829 ut
1173 1775 1337 1830 sanaretur
1360 1768 1400 1830 ab
1428 1785 1476 1831 eo.
1502 1770 1597 1832 Porro
1626 1770 1665 1832 ab

112 1865 370 1928 adversariorum
390 1883 523 1928 suorum
542 1881 694 1938 errorem,
711 1871 743 1925 et
764 1863 865 1946 quali·
919 1868 1003 1950 ὕδωρ,
1025 1866 1110 1948 quod
1135 1874 1183 1929 est
1206 1885 1297 1948 aqua,
1319 1867 1436 1930 dicitur
1459 1868 1665 1951 hydropisis:

112 1971 163 2026 ter
187 1962 404 2026 humilitatem
433 1964 543 2026 docuit
566 1981 636 2026 esse
664 1962 862 2024 servandam.
919 1981 990 2044 quae
1008 1971 1057 2026 est
1076 1964 1207 2026 morbus
1226 1981 1376 2046 aquosus,
1393 1985 1431 2028 ex
1453 1967 1566 2030 vesica
1589 1967 1667 2031 vitio

112 2063 224 2144 ltaque
249 2063 294 2124 ait
317 2079 324 2124 :
350 2065 454 2131 Quum
478 2064 621 2122 intraret
641 2064 734 2122 Iesos
757 2061 792 2120 io
811 2064 865 2120 cto-
919 2068 1023 2134 natus,
1040 2079 1113 2124 cum
1139 2062 1304 2126 inflatione
1326 2070 1473 2145 turgente
1494 2070 1589 2145 atque
1611 2064 1667 2129 fra

112 2181 206 2220 mum
227 2161 401 2237 cujusdam
420 2161 586 2236 principis
605 2159 864 2227 Pharisreorum,
919 2165 1005 2221 lente
1020 2160 1174 2222 anhelitu.
1189 2161 1233 2222 De
1248 2161 1407 2242 spirituali
1422 2168 1529 2224 autem
1545 2163 1667 2242 signifi-

114 2258 269 2320 invitatus
293 2257 334 2320 ab
364 2257 430 2330 illo,
456 2259 596 2326 sabbato,
623 2256 677 2339 qui
708 2255 770 2317 fuit
797 2255 866 2318 dies
920 2257 1044 2320 catione
1065 2258 1231 2341 hydropici
1254 2258 1287 2320 in
1308 2277 1454 2322 sermone
1476 2260 1609 2322 dicetur.

113 2355 253 2419 celebris
267 2356 349 2438 apud
363 2354 769 2437 fudaos,qucmadmodum
783 2354 866 2436 apud
959 2359 1003 2417 Εῖ
1020 2360 1214 2432 respondeas
1226 2360 1331 2427 lesus,
1348 2375 1412 2420 non
1432 2358 1471 2420 ad
1487 2356 1595 2432 verba,
1611 2358 1666 2420 sed

113 2473 173 2518 nos
197 2455 266 2518 dies
288 2455 458 2528 dominica,
475 2457 676 2514 manducare
688 2471 818 2528 panem,
835 2452 866 2515 id
919 2453 959 2515 ad
991 2454 1160 2516 insidiosas
1191 2455 1397 2535 cogitationes
1424 2455 1665 2531 Pharisaeorum,

112 2561 164 2614 est
180 2552 365 2615 cibumPer
379 2570 495 2635 panem
511 2551 629 2614 etenim
646 2551 678 2613 in
695 2550 866 2632 Scripturis
920 2571 999 2634 quas
1021 2552 1214 2626 intuebatur,
1230 2555 1319 2614 ctr'cit
1340 2557 1384 2614 cd
1406 2556 1618 2631 legisperitos,
1635 2555 1667 2618 id

113 2651 308 2732 intelligitur
322 2649 459 2733 quilibet
473 2648 667 2723 cibus,sicut
682 2666 739 2731 per
753 2667 867 2730 aquam
921 2656 968 2712 est
1000 2649 1125 2712 Scribas
1157 2669 1212 2712 seu
1243 2651 1387 2714 doctores
1417 2652 1609 2726 ludaeorum,
1637 2663 1668 2712 et

112 2749 255 2831 quilibet
277 2756 370 2830 polus
388 2766 394 2810 :
412 2755 446 2808 ut
466 2754 589 2809 constat
610 2765 647 2808 ex
668 2763 705 2808 eo
725 2746 810 2828 quod
833 2745 864 2806 in
881 2747 903 2809 Β
921 2749 1106 2810 Phorisoeos
1121 2769 1132 2808 .·
1146 2751 1188 2808 Si
1202 2751 1275 2808 ficet
1291 2751 1419 2808 sabbato
1433 2769 1590 2820 curare,a
1605 2767 1669 2813 cor·

114 2848 211 2909 libris
233 2849 353 2928 Regum
376 2845 500 2908 Eliseus
520 2845 587 2925 regi
611 2844 707 2906 lsrael
727 2843 808 2905 dixit
826 2846 865 2906 de
921 2844 1021 2926 porali
1046 2844 1234 2907 infirmitate
1256 2845 1539 2926 supernaturaliter
1560 2853 1591 2909 et
1611 2847 1669 2909 mi·

30 2979 98 3011 m..
114 2947 205 3028 Syris
223 2963 229 3006 :
246 2947 329 3009 Pone
352 2963 466 3026 panem
488 2952 518 3005 et
539 2962 655 3026 aquam
678 2960 783 3005 coram
807 2943 862 3004 eis.
920 2942 1083 3004 raculosef
1102 2942 1170 3005 Non
1196 2961 1235 3004 ex
1257 2943 1433 3023 ignorantia
1457 2943 1517 3006 boc
1541 2944 1665 3027 petivit,

1 3060 14 3132 ;,
32 3126 36 3135 Ι
52 3097 84 3134 ὲ,
114 3045 155 3106 Εῖ
171 3043 320 3106 subditur
335 3042 379 3105 ibi
397 3059 404 3103 :
421 3041 574 3123 apposita
592 3048 640 3102 est
654 3040 700 3102 eis
720 3039 862 3102 ciborum
921 3040 975 3102 sed
993 3047 1025 3101 ut
1044 3039 1170 3102 illorum
1192 3056 1332 3102 errorem
1352 3040 1532 3121 corrigeret.
1550 3041 1667 3104 Taliter

114 3161 232 3222 magna
251 3141 448 3223 preparatio.
465 3143 508 3201 Et
529 3141 605 3216 ipsi,
620 3137 743 3200 scilicet
762 3138 865 3200 Phari·
920 3139 1040 3220 qnippe
1056 3157 1178 3212 curare,
1195 3145 1243 3200 est
1258 3155 1338 3219 opus
1353 3138 1510 3212 divinum,
1528 3139 1618 3220 pium
1634 3147 1665 3202 et

112 3241 182 3315 saei,
214 3241 424 3300 observabant
453 3257 538 3308 euru,
568 3237 705 3318 qualiter
735 3243 863 3318 possent
916 3236 1132 3309 caritativum,
1154 3237 1192 3297 ad
1217 3235 1272 3297 Dei
1295 3235 1460 3309 bonorem,
1477 3237 1602 3299 laudem
1627 3255 1663 3298 ao

111 3358 190 3400 enm
223 3336 455 3418 reprehendere
485 3335 517 3397 in
547 3333 654 3398 verbis
676 3342 730 3396 aut
759 3333 862 3406 factis,
918 3335 1121 3397 dilectionem
1146 3333 1361 3406 inflammans,
1384 3334 1423 3396 ad
1448 3335 1564 3398 divina
1588 3355 1664 3418 quo

112 3435 292 3518 praesertim
315 3453 355 3496 an
377 3433 498 3514 aliquid
522 3434 640 3495 faceret
662 3439 770 3495 contra
794 3431 864 3493 sab-
918 3451 980 3514 que
995 3431 1234 3514 omnipotentia
1254 3431 1556 3513 contemplationem
1574 3434 1664 3497 indu-

112 3535 180 3596 bati
213 3531 442 3595 celebritatem.
469 3531 612 3594 Christus
641 3548 790 3610 namque,
817 3547 864 3592 se·
918 3549 1002 3604 cens,
1011 3549 1074 3593 non
1090 3549 1109 3592 a
1123 3530 1287 3593 vacatione
1302 3531 1367 3604 Dei,
1377 3531 1415 3593 ad
1431 3549 1523 3612 quam
1540 3531 1663 3595 sabbati

111 3633 258 3696 cundum
278 3631 484 3704 Bernardum,
503 3631 534 3692 in
555 3629 646 3691 factis
666 3630 732 3692 suis
750 3647 861 3710 passus
918 3630 1086 3692 celebritas
1107 3628 1325 3703 ordinabatur,
1342 3629 1529 3710 impediens.
1545 3635 1590 3693 At
1609 3633 1664 3691 illi

109 3741 160 3794 est
181 3730 414 3803 observatores,
431 3729 463 3790 in
479 3727 585 3790 verbis
602 3727 859 3800 contradictores,
918 3727 1190 3808 tucrtcruttt:quia
1204 3726 1410 3789 subtilitatem
1426 3746 1462 3789 ao
1476 3729 1664 3810 sapientiam

110 3831 143 3891 in
172 3827 340 3892 tormentis
366 3826 520 3888 illusores.
547 3825 689 3907 Denique
714 3825 861 3887 Pharisaei
917 3826 1032 3890 Christi
1048 3825 1201 3899 sciebant,
1220 3825 1290 3888 ideo
1307 3825 1492 3888 metuebant
1506 3828 1663 3890 confutari

107 3926 292 3991 avidissimi
315 3933 405 3988 erant
427 3923 529 3986 landis
549 3924 706 3997 humanae,
724 3932 755 3986 et
776 3921 898 3986 alu-C
916 3925 956 3986 ab
981 3942 1019 3986 θο
1048 3923 1204 4006 quidquid
1229 3924 1467 4005 responderent.
1494 3929 1566 4001 Ipse
1590 3947 1663 3986 cero

108 4027 189 4090 daeis
221 4025 361 4107 reputari
390 4030 624 4086 consueverunt
654 4040 718 4104 prae
747 4023 861 4084 ceteris
917 4025 1152 4099 apprehensum
1179 4024 1309 4082 sonoru't
1332 4043 1417 4092 eom,
1439 4023 1470 4084 id
1495 4031 1553 4098 est,
1573 4024 1663 4086 lesus

108 4124 255 4206 religiosi
271 4131 303 4186 et
318 4122 393 4185 boni
411 4139 418 4183 :
436 4122 508 4184 ideo
522 4120 646 4184 (lbristo
662 4121 799 4183 maxime
816 4121 861 4182 in·
917 4121 1124 4203 hydropicum
1146 4120 1236 4182 illum
1256 4138 1349 4182 manu
1369 4121 1538 4202 accipiens,
1555 4142 1663 4205 super-

109 4224 277 4296 videbant,
295 4221 370 4303 quia
389 4219 556 4302 sapientia,
574 4220 751 4292 sanctitate,
770 4219 861 4281 mira·
917 4219 1104 4282 naturaliter
1134 4227 1165 4280 et
1197 4219 1387 4282 miraculose
1421 4221 1544 4282 curavit
1574 4241 1663 4284 eum-

108 4323 204 4394 erilis,
215 4319 396 4403 eloquentia
410 4326 442 4380 et
456 4317 541 4380 fama
556 4317 641 4399 ipsos
656 4317 860 4390 transcendit,
917 4319 1001 4392 dem,
1026 4316 1234 4399 imperialiter
1258 4324 1289 4379 et
1313 4326 1453 4398 repente,
1474 4339 1512 4378 oc
1535 4323 1663 4381 dimisit

109 4431 142 4484 et
168 4439 235 4502 praa
256 4419 302 4481 eis
326 4416 541 4481 honorabatur
565 4436 583 4478 a
607 4416 735 4498 populo.
755 4417 862 4497 ltaque
916 4415 1014 4488 abire,
1032 4422 1067 4476 ut
1086 4415 1232 4495 expedite
1248 4414 1462 4495 velociterque
1482 4416 1597 4490 eundo,
1614 4434 1663 4480 os-

108 4519 287 4582 Pbarisaeos
302 4534 388 4578 nunc
405 4515 496 4576 multi
517 4521 695 4596 sequuntur
714 4515 790 4575 ficte
809 4515 860 4575 de·
916 4515 1060 4575 tenderet
1084 4533 1118 4575 se
1139 4531 1213 4575 vere
1238 4532 1307 4574 esse
1332 4520 1488 4588 curatum,
1505 4523 1599 4597 atque
1623 4517 1663 4579 ad

109 4617 179 4678 voti
196 4622 228 4678 et
243 4614 319 4676 false
338 4613 428 4694 justi,
445 4613 501 4694 qui
518 4631 581 4694 prae
599 4612 713 4673 ceteris
728 4611 863 4692 cupiunt
917 4612 972 4673 Dei
995 4612 1122 4673 laudem
1143 4611 1223 4673 alios
1245 4619 1439 4692 provocaret.

109 4714 275 4786 honorari,
297 4711 489 4794 promoveri,
506 4719 538 4772 et
561 4711 721 4792 sapientes
746 4709 863 4773 virtuo-
951 4714 993 4773 ut
1005 4713 1200 4786 respondens
1213 4709 1303 4771 lesus
1319 4710 1357 4772 ad
1374 4712 1578 4791 cogitationes
1593 4716 1664 4778 Pba·

109 4815 208 4895 sique
227 4811 392 4892 reputari:
411 4809 528 4871 idcirco
551 4808 695 4870 invident
714 4808 763 4871 bis
782 4826 862 4890 quos
918 4809 1081 4872 risaeorum
1101 4827 1138 4870 ac
1156 4808 1422 4889 legisperitorum,
1440 4811 1495 4891 qui
1515 4813 1585 4876 viso
1604 4815 1664 4877 boc

110 4919 252 4975 cernunt
267 4929 300 4972 se
319 4908 488 4981 doctiores,
505 4906 726 4988 prudentiores
741 4925 777 4968 ac
798 4925 862 4968 me·
917 4907 1019 4988 signo,
1036 4914 1203 4988 coeperunt
1221 4907 1359 4987 cogitare
1378 4916 1411 4970 et
1429 4910 1512 4973 intra
1531 4931 1564 4974 se
1579 4913 1664 4994 judi-

111 5012 223 5083 liores,
240 5015 272 5070 et
290 5025 343 5069 eos
363 5006 545 5079 observant,
563 5013 598 5066 ut
613 5023 721 5067 eorum
745 5005 862 5067 famam
918 5025 989 5068 care
1004 5006 1089 5087 quod
1103 5005 1193 5068 lesus
1208 5005 1375 5068 sabbatum
1391 5007 1540 5072 violasset
1555 5027 1678 5075 curan-'

111 5109 243 5173 valeant
258 5106 431 5186 denigrare.
443 5104 557 5167 (lontra
572 5120 651 5184 quos
668 5103 701 5164 in
717 5102 798 5165 libro
813 5104 902 5167 Sa·D
918 5107 958 5167 do
974 5104 1194 5187 hydropicum.
1213 5105 1247 5166 ln
1262 5123 1326 5186 qno
1345 5115 1477 5189 apparet
1496 5127 1607 5189 magna
1628 5111 1663 5172 il-

13 5227 93 5272 ,θεῖε
112 5206 247 5291 pientiae
278 5205 432 5286 scriptum
463 5211 511 5266 est
538 5221 545 5265 :
571 5203 649 5266 Cum
682 5203 863 5265 tabescente
919 5202 1018 5263 lorum
1037 5201 1665 5288 perversitas,quodvisotantoprodigio

113 5305 241 5370 invidia
261 5321 325 5368 non
347 5301 600 5367 communicabo.
919 5318 981 5363 non
1002 5301 1132 5363 luerunt
1150 5301 1317 5380 aedificati3
1334 5320 1447 5382 magna
1466 5322 1592 5387 quoqne
1608 5325 1664 5370 caa-
