4206 6258
350 524 499 572 noumrex
519 525 596 570 xxm
617 523 690 570 rosr
709 521 902 569 mmmmm.
924 539 964 549 -
984 521 1027 566 an
1046 521 1241 584 nnnrcrosos;
1262 522 1361 568 sanxo
1382 522 1493 568 saurus
1637 502 1697 568 623

144 694 278 758 obedire
302 695 460 778 religiosis
488 716 525 760 ac
553 695 773 779 spiritualibus
798 693 895 777 patri·
909 692 936 757 t
949 693 996 756 eis
1012 693 1138 774 ingrati,
1155 694 1210 756 sed
1225 693 1463 776 praecordialem
1479 693 1694 766 dilectionem,

144 793 218 868 bus,
240 812 277 856 ea
301 814 373 877 quae
394 795 434 858 ad
458 795 636 876 regularem
661 793 895 858 observantiam
950 792 1145 874 praecipuam
1170 791 1370 867 fidelitatem,
1387 791 1577 874 obsequium
1600 799 1696 854 'omne

145 899 293 972 spectant
312 892 524 973 jubentibusf
539 892 693 966 Quocirca
713 891 745 953 id
769 908 896 972 quoque
950 889 1043 953 nobis
1064 890 1216 972 possibile
1236 892 1447 974 rependamus
1467 891 1600 963 eisdem,
1615 890 1697 972 jugi-

146 991 359 1070 pensandum,
388 992 472 1073 quod
503 991 677 1072 superioris
705 989 897 1071 praeceptiva
950 996 1062 1071 terque
1078 989 1287 1071 deprecemur
1302 1009 1361 1073 pro
1375 990 1464 1073 ipsis,
1482 997 1514 1054 et
1528 989 1699 1072 compatia-

144 1088 304 1164 voluntas,
326 1090 603 1173 qualitercumque
625 1090 812 1162 innoteseat,
829 1089 895 1151 vim
951 1105 1024 1150 mur
1038 1089 1301 1171 occupationibus
1316 1090 1531 1172 oneribusque
1546 1090 1697 1172 ipsorum,

144 1185 242 1249 babet
257 1189 409 1270 praecepti
425 1197 457 1252 et
471 1188 591 1270 obligat
606 1188 665 1251 sub
682 1188 815 1251 mortali.
824 1188 898 1250 llur-
951 1186 1027 1268 quia
1042 1193 1073 1249 et
1088 1187 1150 1268 ipsi
1166 1188 1277 1270 quoin
1293 1187 1408 1262 altiori,
1425 1206 1464 1251 eo
1480 1195 1512 1251 et
1527 1188 1560 1250 in
1576 1188 1699 1270 pericu·

143 1304 211 1359 sus,
233 1294 269 1348 ut
293 1286 452 1350 Climacus
476 1294 679 1369 protestatur,
699 1285 895 1368 quicumque
953 1285 1060 1350 losiori
1090 1287 1188 1367 gradu
1218 1294 1394 1349 versantur.
1426 1287 1513 1350 Unde
1541 1295 1573 1348 et
1601 1305 1699 1368 quan·

144 1403 349 1468 quacumque
380 1386 580 1449 machinatur
603 1384 726 1448 cautela
749 1392 803 1446 aut
828 1403 896 1466 pra·
951 1392 1156 1466 tumcumque
1173 1385 1491 1468 corripuerintatque
1506 1385 1701 1448 correxerint

144 1485 228 1546 ctica
243 1491 278 1545 ut
294 1484 325 1546 id
342 1485 427 1567 quod
442 1486 510 1568 ipse
526 1484 622 1547 babet
638 1483 670 1546 in
685 1483 793 1546 animo
807 1490 839 1544 et
853 1480 897 1544 af·
951 1500 1020 1557 nos,
1037 1483 1138 1546 nihilo
1153 1484 1260 1546 minus
1281 1503 1408 1567 semper
1422 1484 1551 1566 plenam
1569 1502 1605 1546 ac
1620 1483 1701 1546 filia·

145 1581 245 1654 fectu,
262 1583 325 1644 sibi
347 1602 366 1645 a
387 1590 476 1665 patre
497 1583 710 1666 precipiatur,
727 1579 896 1644 beatitudi·
952 1582 1014 1644 lem
1030 1601 1178 1664 geramus
1193 1583 1232 1644 ad
1247 1601 1301 1646 eos
1318 1584 1483 1658 fiduciam,
1501 1582 1698 1646 confidentes

144 1680 196 1742 nis
221 1681 354 1763 praemio
382 1682 496 1764 spoliat
526 1681 745 1763 semetipsum,
771 1679 896 1742 etiamsi
952 1681 1036 1762 quod
1052 1701 1090 1743 ex
1106 1681 1236 1744 caritate
1251 1689 1283 1744 et
1298 1681 1406 1746 debito
1421 1682 1470 1745 sui
1486 1681 1588 1745 officii
1604 1701 1641 1744 ac
1656 1681 1700 1744 in·

145 1777 225 1842 foris
247 1779 378 1842 simulet
400 1781 431 1842 id
454 1779 516 1842 sibi
538 1799 608 1843 esse
629 1779 810 1842 molestum.
953 1779 1072 1842 stinctu
1093 1779 1230 1862 Spiritus
1251 1780 1357 1843 Sancti
1379 1781 1488 1844 omnia
1507 1780 1561 1843 illa
1580 1779 1699 1843 faciant

186 1877 350 1952 Praeterea,
367 1896 430 1942 non
453 1886 577 1941 tantum
599 1877 825 1949 obedientiam,
842 1875 896 1938 sed
915 1873 938 1936 B
953 1878 1055 1941 nobis.

145 1977 360 2039 reverentiam
376 1995 505 2060 quoque
521 1977 715 2060 praecipuam
731 1974 900 2057 praesiden-
992 1977 1154 2051 Praeterea,
1171 1977 1341 2040 reddamus
1360 1978 1424 2040 Deo
1446 1997 1517 2060 quae
1536 1977 1592 2040 Dei
1613 1985 1698 2052 sunt,

144 2074 169 2135 ti
186 2082 337 2137 tenemur
351 2082 501 2158 tanquam
522 2074 680 2158 spirituali
701 2074 782 2156 patri
803 2080 898 2154 atque
953 2093 1023 2156 quae
1043 2074 1072 2137 ei
1096 2075 1315 2157 promisimus,
1331 2095 1402 2158 quae
1423 2077 1453 2138 ei
1473 2083 1631 2153 tenemur,
1648 2076 1700 2139 cui

146 2173 269 2235 vicario
294 2173 431 2253 Christi3
451 2181 483 2236 et
506 2191 570 2257 quo
594 2173 707 2253 majori
731 2171 897 2253 sapientia,
953 2173 986 2234 in
1003 2173 1071 2255 ipsa
1086 2180 1193 2236 nostra
1208 2173 1405 2255 professione
1421 2192 1479 2238 nos
1497 2175 1582 2257 ipsos
1597 2175 1631 2237 in
1646 2175 1700 2238 bo

144 2271 372 2335 abundantiori
393 2272 522 2347 virtute,
539 2270 743 2354 paternaliori
765 2268 898 2349 diligen·
954 2271 1130 2335 locaustum
1146 2267 1332 2346 obtulimus,
1349 2279 1385 2334 ut
1404 2273 1505 2335 simus
1524 2273 1594 2354 ejus
1610 2272 1700 2335 obse-

144 2370 192 2431 tia
216 2370 395 2444 decoratur,
416 2378 448 2433 et
469 2371 646 2434 amerosius
669 2389 705 2432 ac
729 2367 898 2431 sollicitius
954 2370 1029 2452 quio
1049 2370 1188 2432 totaliter
1203 2370 1387 2452 mancipati,
1405 2371 1475 2452 ejus
1495 2371 1625 2434 caritate
1650 2389 1700 2433 ac·

145 2466 246 2530 babet
269 2487 303 2531 se
319 2469 408 2536 circa
428 2469 601 2550 subjectos,
619 2486 657 2531 eo
680 2467 828 2549 ampliori
852 2485 899 2528 re·
954 2469 1052 2543 censi,
1075 2468 1116 2530 ab
1140 2467 1228 2530 omni
1252 2469 1367 2544 alieno,
1391 2469 1521 2544 carnali,
1545 2469 1699 2544 saeculari,

145 2567 293 2630 verentia
323 2575 371 2630 est
400 2567 588 2648 condignus,
615 2565 899 2646 detestabiliusque
953 2566 1130 2640 immundo,
1153 2566 1273 2647 injusto
1295 2566 1415 2629 affectu
1440 2568 1568 2650 penitus
1592 2567 1698 2631 alieni.

147 2665 297 2727 consistit
316 2667 401 2728 circa
423 2684 497 2729 eum
518 2665 690 2735 cervicose,
707 2664 786 2725 dure
808 2670 840 2724 et
859 2664 899 2724 ir·
954 2663 1075 2746 Corpus
1091 2672 1212 2745 ergoet
1230 2665 1381 2740 animam,
1399 2666 1543 2728 membra
1558 2675 1590 2728 et
1604 2667 1700 2741 vires,

146 2771 333 2826 reverenter
348 2783 381 2826 se
401 2763 563 2825 exhibere.
581 2761 754 2826 lnnotescit
771 2777 846 2841 ergo
861 2779 899 2822 ex
953 2770 985 2824 et
1000 2763 1155 2845 quidquid
1168 2763 1626 2839 valemus,sumus,babemus,
1633 2766 1701 2846 ejus

146 2861 368 2944 praeinductis,
385 2881 480 2945 quam
504 2860 683 2944 periculose
702 2860 811 2923 vivant
832 2859 900 2941 qui·
954 2859 1207 2924 honorificentie
1226 2860 1411 2936 offeramus,
1427 2862 1467 2924 de
1486 2862 1536 2924 bis
1551 2863 1702 2926 omnibus

146 2960 223 3022 dam
238 2960 374 3023 audaces
390 2960 452 3022 sibi
473 2960 646 3042 placentes,
663 2959 702 3021 de
722 2958 789 3020 suis
808 2977 900 3039 supe·
956 2959 1062 3041 ipsum
1081 2959 1208 3022 assidue
1224 2969 1421 3036 venerantes,
1438 2968 1534 3043 atque
1553 2961 1620 3024 baec
1635 2978 1702 3024 om-

145 3057 289 3121 rioribus
304 3077 418 3141 parum
433 3065 488 3120 aut
501 3057 582 3120 nibil
603 3063 761 3130 curantes,
778 3055 899 3118 eisdem
915 3055 937 3119 C
956 3057 1009 3118 nia
1034 3056 1184 3120 inviolate
1209 3058 1368 3120 custodire
1393 3067 1554 3134 conantes,
1581 3078 1620 3122 ne
1645 3078 1703 3141 per

148 3156 334 3220 intimarate
362 3157 539 3239 loquentes,
566 3175 678 3238 aspere
708 3154 900 3237 responden·
956 3174 993 3217 ea
1009 3155 1114 3237 ipsum
1131 3155 1163 3216 in
1178 3155 1286 3236 aliquo
1300 3154 1513 3232 offendamus,
1531 3177 1570 3219 ne
1586 3158 1702 3221 damo-

146 3262 209 3329 tes,
240 3255 284 3318 ita
315 3262 350 3316 ut
381 3254 579 3337 superiorem
613 3252 778 3316 sollicitari
808 3270 900 3335 opor·
956 3252 1301 3335 niplacitafaciamus,
1318 3253 1465 3316 nealteri
1482 3273 1578 3336 quam
1594 3255 1702 3319 Omni-

147 3360 215 3417 teat
229 3353 367 3435 qualiter
382 3371 494 3416 eorum
510 3351 683 3416 satisfaciat
697 3351 854 3414 voluntati
870 3358 901 3413 et
956 3350 1077 3434 potenti
1096 3352 1136 3413 de
1155 3351 1205 3413 his
1225 3351 1376 3415 omnibus
1395 3352 1625 3416 sacrificemus.
1643 3354 1703 3418 Cu·

147 3450 228 3533 quid
249 3451 296 3513 eis
316 3450 472 3532 injungat,
490 3469 530 3513 ne
550 3449 630 3512 forte
650 3449 751 3530 magis
773 3467 902 3531 exaspe-
956 3451 1073 3513 stodire
1089 3467 1163 3531 ergo
1180 3459 1212 3513 et
1230 3450 1392 3515 refrenare
1411 3459 1559 3516 tenemur
1573 3471 1702 3516 omnem

147 3558 262 3612 rentur
275 3569 313 3612 ac
328 3550 525 3632 peJ'orentur.
542 3548 566 3612 Ο
582 3567 678 3631 quam
694 3567 809 3630 parum
824 3566 901 3630 pen·
955 3568 1085 3611 sensum
1101 3549 1289 3612 exteriorem
1306 3558 1337 3612 et
1353 3550 1702 3633 interioremdinguam,

147 3657 223 3712 sant
237 3649 269 3712 bi
286 3648 434 3714 excecati
451 3648 528 3731 qnid
543 3664 654 3711 eorum
674 3647 815 3728 requirat
830 3664 902 3728 pro·
955 3655 1112 3722 ventrem,
1129 3666 1252 3723 manus,
1269 3649 1377 3730 pedes,
1395 3656 1427 3712 et
1449 3657 1554 3713 cetera
1576 3658 1702 3726 cuncta,

147 3746 261 3821 fessio,
276 3747 309 3808 in
330 3746 416 3828 quali
437 3746 501 3808 sint
519 3753 614 3820 statu,
631 3753 662 3807 et
683 3744 760 3826 quid
776 3744 817 3806 sit
833 3744 902 3826 ipsa
957 3766 997 3808 ne
1016 3765 1074 3828 per
1093 3765 1131 3808 ea
1149 3747 1323 3829 quidquam
1343 3765 1514 3830 operemur
1530 3749 1701 3831 culpabile,

43 3875 49 3884 ·
149 3845 351 3908 monachalis
370 3845 502 3925 religio!
519 3844 718 3926 Resipiscant
737 3842 902 3924 ergoala-
957 3845 1011 3907 sed
1027 3863 1063 3906 ea
1078 3864 1149 3927 quse
1164 3844 1219 3908 Dei
1240 3852 1325 3920 suni,
1342 3865 1413 3928 quaa
1432 3847 1461 3908 ei
1480 3854 1555 3909 sunt
1574 3848 1701 3930 placita,

149 3944 246 4028 queis
265 3942 508 4024 diaboli,aquo
528 3942 711 4004 detinentur
731 3940 859 4022 captivi.
956 3943 1096 4005 fideliter
1123 3962 1336 4024 exsequamur
1362 3962 1369 4006 :
1397 3953 1430 4008 et
1458 3945 1528 4020 boc,
1559 3947 1702 4028 quotidie

193 4044 443 4125 insuper,quam
458 4039 641 4123 specialiter
654 4038 827 4102 debeamus
842 4038 904 4121 spi·
957 4042 1057 4122 magis
1082 4041 1233 4124 perfecte,
1255 4049 1290 4104 ut
1313 4042 1395 4104 nihil
1416 4043 1515 4106 debiti
1537 4044 1702 4108 subtraha-

150 4141 285 4205 rituales
306 4147 412 4222 patres
435 4146 559 4202 nostros
581 4138 725 4218 diligere,
742 4136 835 4200 facile
855 4144 903 4199 est
957 4157 1038 4214 mus,
1055 4140 1130 4221 quia
1145 4139 1334 4202 maledictus
1352 4141 1407 4221 qui
1427 4159 1507 4223 opus
1523 4142 1578 4204 Dei
1598 4143 1702 4206 efficit
1728 4167 1849 4222 neura,

149 4257 300 4325 pensare,
317 4246 349 4300 et
369 4238 485 4320 partim
508 4236 639 4299 evidens
662 4243 710 4297 est
731 4254 769 4298 ex
792 4235 902 4317 praedi-
917 4240 941 4302 D
956 4237 1184 4301 fraudulenter.
1717 4233 1749 4274 ¹⁰·

149 4340 223 4402 ctis.
241 4337 305 4420 lpsi
325 4354 465 4418 namque
486 4342 560 4397 sunt
575 4341 690 4416 patres,
707 4334 851 4396 doctores
871 4341 902 4396 et
994 4337 1167 4413 Postremo,
1184 4338 1221 4400 ad
1245 4338 1329 4400 istud
1353 4339 1577 4420 complendum
1604 4342 1701 4423 exigi·

149 4444 295 4520 pastores
311 4435 423 4508 nostri,
440 4453 458 4496 a
473 4432 591 4515 quibus
608 4432 793 4514 quotidiana
808 4431 902 4494 bene·
955 4445 1007 4498 tur
1026 4444 1062 4498 ut
1080 4455 1244 4518 nunquam
1268 4454 1324 4499 nos
1343 4437 1593 4519 apprehendisse
1611 4449 1701 4522 pute·
1716 4463 1849 4522 astrapen,

145 4535 229 4598 ficia
244 4552 357 4615 magna
371 4531 578 4613 suscipimus,
593 4537 703 4612 utpote
723 4529 902 4592 instructio
957 4553 1039 4608 mus,
1066 4535 1120 4596 sed
1149 4553 1220 4616 quaa
1249 4543 1333 4597 retro
1362 4542 1437 4597 sunt
1464 4534 1700 4614 obliviscentes,
1717 4531 1750 4571 ¹³·

146 4653 238 4708 nem,
255 4631 476 4704 directionem,
491 4628 902 4710 correptionemprovisic
956 4651 1083 4714 semper
1105 4632 1137 4694 in
1158 4633 1314 4695 anteriora
1335 4634 1554 4709 extendamur,
1571 4637 1703 4700 meliora
1730 4652 1848 4708 rocam

147 4751 227 4796 nem
243 4737 274 4794 et
294 4728 493 4812 spiritualem
516 4727 690 4806 medelem;
707 4727 769 4808 ipsi
788 4734 902 4790 nostra
957 4731 1142 4795 aemulantes
1165 4731 1365 4804 charismata,
1382 4739 1413 4794 et
1432 4733 1587 4797 viciniora
1609 4735 1702 4799 saluti
1717 4721 1848 4832 {Je'mq

146 4831 247 4896 saluti
265 4829 489 4910 multipliciter
504 4835 761 4909 cooperantur,et
775 4827 904 4889 anxian-
958 4830 1240 4911 quaerentestluod
1256 4830 1402 4911 quamvis
1418 4831 1457 4892 ad
1472 4850 1582 4896 omnes
1597 4834 1704 4917 aliquo

147 4941 207 4995 tur
229 4947 287 5011 pro
309 4927 402 4990 nobis
425 4946 465 4989 ne
488 4942 672 5007 pereamus;
690 4925 722 4986 in
741 4924 904 4988 exteriori·
958 4929 1052 4991 modo
1072 4927 1239 5009 pertineat,
1256 4945 1294 4990 eo
1313 4929 1398 5011 quod
1413 4947 1475 4992 non
1496 4934 1643 5012 progredi
1662 4935 1704 4997 sit

147 5031 215 5094 bus
238 5044 366 5110 quoque
389 5023 534 5086 laborant
553 5041 611 5104 pro
633 5022 736 5096 nobie,
757 5024 799 5084 ita
819 5024 903 5104 quod
958 5025 1092 5107 regredi,
1109 5025 1312 5108 potissimum
1336 5033 1442 5089 tamen
1464 5028 1503 5089 ad
1527 5029 1702 5111 religiosos,

148 5134 286 5214 propter
307 5143 365 5188 nos
388 5122 572 5204 frequenter
592 5121 770 5204 spiritualia
789 5122 906 5184 exerci·
959 5125 1013 5205 qui
1039 5143 1077 5185 ex
1101 5142 1157 5185 sua
1184 5123 1381 5205 professione
1405 5124 1444 5187 ad
1473 5126 1702 5207 perfectionem

149 5230 198 5291 tia
215 5226 465 5304 interrumpunt,
482 5221 692 5294 omittunt,ac
709 5219 804 5282 variis
822 5220 906 5283 solli·
959 5221 1089 5284 tendere
1113 5221 1304 5302 obligantur.
1328 5223 1407 5285 Hinc
1431 5223 1476 5286 ait
1498 5224 1702 5290 Bernardus:

150 5322 356 5392 citudinibus
372 5326 617 5403 praegravantur.
632 5318 700 5381 Non
715 5336 790 5398 ergo
804 5319 904 5382 simus
957 5319 1038 5382 Vera
1050 5320 1149 5384 virtus
1164 5318 1261 5382 finem
1278 5320 1385 5396 nescit,
1393 5339 1454 5386 non
1468 5329 1612 5406 tempore
1627 5325 1707 5390 clau·
