4154 6258
450 455 510 518 tat
792 471 941 520 noumroa
961 473 1026 519 nvn
1047 473 1120 519 rosr
1139 471 1333 518 rammamu.
1355 491 1395 502 -
1415 473 1515 522 sunno
1535 475 1659 522 rannus

449 640 558 706 caecati
581 659 618 704 ac
642 641 752 706 miseri
776 650 932 707 amatores
957 643 1065 708 saculi
1087 642 1196 723 hujus,
1212 641 1237 705 Α
1252 642 1472 726 glorificemur
1486 645 1525 710 ab
1540 663 1578 710 eo
1595 663 1602 708 :
1619 645 1771 728 quoniam
1793 645 1858 727 ipse
1873 645 2049 726 glorilimaas,

449 740 505 823 qui
525 759 626 824 quum
645 741 742 804 variis
763 742 849 805 vitiis
869 742 933 804 sint
954 741 1079 824 repleti,
1095 741 1198 804 nihilo
1252 749 1360 805 cantas
1375 761 1409 806 se
1428 744 1658 826 temporaliter,
1673 743 1833 826 glorificat
1845 745 1963 806 atemali-
2048 765 2049 768 ¹

450 839 557 902 minus
577 840 713 922 cupiunt
731 841 803 903 aliis
822 840 957 923 pratici,
975 841 1144 922 praesidere
1160 859 1197 902 ac
1251 849 1317 920 tcr;
1332 858 1387 904 cos
1402 860 1477 906 vero
1497 843 1645 924 quicum
1666 849 1879 916 contemnunt,
1892 843 1962 904 etiau

449 937 625 1020 imperare;
642 945 674 1001 et
698 938 754 1020 qui
778 939 927 1003 nesciunt
949 957 1059 1020 regere
1082 946 1197 1002 semet·
1251 938 1436 1021 frequenter
1453 941 1486 1003 in
1506 941 1655 1024 praesenti
1676 940 1794 1004 saeculo
1815 939 1964 1003 terrihihter

448 1036 545 1118 ipsos,
563 1036 714 1118 ingerunt
728 1055 761 1100 se
776 1038 816 1100 ad
831 1038 1006 1119 regendum
1025 1037 1114 1113 alios,
1131 1038 1197 1101 imo
1251 1037 1355 1119 punit,
1380 1040 1651 1120 quemadmodum
1677 1039 1819 1102 secundo
1843 1038 1964 1120 Paralipo

447 1134 527 1198 alios
551 1135 679 1210 multos,
696 1153 834 1217 quorum
858 1153 921 1199 non
945 1143 1093 1218 quaerunt
1113 1137 1195 1199 salu·
1252 1153 1369 1199 menon
1385 1136 1501 1217 legitur
1514 1137 1554 1200 dc
1567 1138 1684 1212 loram,
1700 1138 1756 1219 qui
1774 1135 1837 1199 luit
1848 1135 1964 1199 liliuslo

448 1240 524 1308 tem,
541 1251 601 1296 nec
616 1233 672 1296 Dci
691 1233 856 1310 honorem,
873 1235 928 1297 sed
944 1235 1106 1316 propriam
1125 1252 1196 1317 pro·
1251 1234 1363 1316 saphat
1384 1236 1477 1317 regis.

449 1333 635 1408 motionem,
661 1333 912 1396 dominationem
937 1341 1032 1416 atque
1065 1334 1194 1409 similia,
1290 1331 1349 1405 Qui
1372 1332 1522 1416 iosaphat
1549 1334 1612 1397 luit
1636 1335 1687 1398 vir
1710 1333 1803 1397 valde
1824 1333 1961 1408 virtuosus,
1970 1357 2047 1401 mm

449 1448 513 1493 non
538 1437 709 1514 pensantes
732 1430 812 1494 illud
837 1433 869 1493 in
894 1430 976 1495 libro
1001 1431 1193 1514 Sapientia:
1248 1429 1354 1511 justus
1375 1449 1412 1494 ac
1436 1432 1632 1495 timoratus:
1654 1439 1784 1517 propter
1807 1433 1884 1515 quod
1901 1433 1990 1496 [leusu

313 1541 432 1598 Sap-vno.
446 1528 608 1593 iudicium
628 1529 837 1594 durissimum
858 1531 890 1592 in
911 1531 961 1594 his
979 1532 1034 1614 qui
1055 1538 1196 1613 praesunt
1250 1529 1347 1592 etiam
1362 1529 1395 1592 in
1414 1530 1474 1592 hac
1493 1531 1560 1594 vita
1579 1532 1715 1594 contulit
1733 1531 1763 1594 ei
1785 1531 1962 1613 multiplicem

300 1607 321 1648 ⁷·
447 1627 516 1702 liet,
542 1635 574 1692 et
603 1635 748 1711 potentes
778 1636 935 1694 tormenta
965 1637 1110 1711 potenter
1139 1649 1194 1712 pa·
1250 1629 1505 1712 prosperitatem,
1528 1630 1667 1705 divitias,
1691 1631 1871 1713 potentiam,
1889 1631 1963 1694 ricto

448 1725 577 1790 tientur.
1251 1727 1312 1790 rias
1328 1734 1360 1790 ct
1374 1728 1697 1812 honores.0unmque
1714 1729 1880 1792 moriturus
1891 1737 1962 1802 esset,
1971 1745 2027 1785 imin
2036 1750 2049 1786 ι

487 1825 649 1888 Postremo
672 1832 720 1888 est
748 1825 865 1909 aliquis
888 1825 1087 1908 principatus
1112 1826 1233 1889 salu-B
1250 1825 1338 1888 dedit
1352 1826 1430 1889 liliis
1446 1828 1513 1890 suis
1532 1834 1699 1909 argentum
1713 1835 1745 1890 et
1765 1846 1873 1890 aurum
1885 1828 1965 1910 capio
2048 1829 2049 1900 l

448 1922 514 1986 bris
534 1942 630 2005 quem
653 1924 737 1987 Deus
758 1925 828 1986 vult
846 1942 904 1987 nos
923 1932 1073 2007 appetere
1093 1933 1125 1986 et
1143 1925 1195 1988 ha·
1250 1944 1333 2000 sum,
1355 1943 1392 1988 ac
1416 1926 1656 2007 pensitationes,
1673 1945 1747 1989 cum
1773 1927 1964 1989 munitissimis

448 2021 534 2095 herc,
570 2029 606 2085 ut
638 2023 761 2086 scilicet
795 2041 852 2105 per
885 2023 1041 2086 rationem
1075 2031 1194 2086 rectam
1250 2024 1433 2087 civitatibus
1463 2025 1496 2087 in
1526 2042 1624 2107 regno
1647 2043 1714 2088 suo.
1741 2026 1835 2089 Porro
1859 2043 1964 2106 regnum

448 2120 631 2202 evangelica
654 2121 798 2184 doctrina
821 2121 1010 2184 instructam
1035 2122 1076 2184 sit
1099 2124 1195 2188 homo
1249 2123 1338 2186 dedit
1362 2122 1431 2186 lilio
1453 2141 1511 2186 suo
1531 2124 1648 2198 loram,
1669 2124 1745 2206 quia
1766 2125 1964 2206 primogenitus
2048 2131 2049 2200 l

449 2226 553 2282 rector
581 2220 629 2282 sui
662 2219 775 2301 ipsius,
807 2220 968 2302 propriam
997 2220 1195 2286 voluntatem
1251 2221 1386 2295 luitdui
1403 2241 1503 2303 quum
1519 2222 1729 2286 confirmatus
1743 2232 1827 2286 essct
1839 2223 1868 2285 in
1880 2241 1962 2303 regne,
1980 2211 2049 2297 arn}

447 2315 622 2397 lraugendo
637 2324 668 2379 et
682 2335 752 2379 eam
767 2319 832 2380 Deo
847 2318 880 2379 in
898 2318 1048 2381 omnibus
1069 2339 1195 2402 semper
1250 2340 1288 2384 ex
1305 2319 1498 2384 intolerabili
1517 2320 1694 2384 ambitione
1707 2329 1740 2384 et
1754 2321 1878 2384 avaritia
1890 2313 2000 2382 inter-’⁸l

447 2414 624 2490 subdendo,
640 2417 731 2479 vanis
750 2416 994 2497 cogitationibus
1015 2417 1121 2480 locum
1140 2439 1195 2482 ne·
1249 2419 1327 2482 lecit
1341 2437 1452 2482 omnes
1468 2418 1581 2482 iratres
1598 2438 1672 2483 suos
1686 2438 1822 2484 numam
1837 2439 1894 2493 sex,
1908 2439 1964 2501 qua-
2048 2439 2049 2514 p

447 2513 560 2595 gando.
577 2514 686 2596 ltaque
706 2533 852 2596 regamus
872 2522 903 2577 et
923 2515 1129 2580 cohibeamus
1149 2519 1194 2580 vi·
1249 2526 1343 2581 tenus
1365 2517 1449 2580 bona
1471 2517 1601 2580 illorum
1623 2518 1863 2582 devolverentur
1877 2518 1910 2580 ad
1925 2535 1963 2593 sr;
2048 2515 2049 2610 l

447 2630 498 2675 res
526 2614 642 2678 animae
673 2621 788 2678 nostra
816 2621 849 2676 et
877 2614 1021 2677 membra
1053 2617 1194 2699 corporis
1251 2617 1382 2699 insuper
1414 2616 1538 2679 cultum
1571 2616 1627 2679 Dei
1661 2618 1803 2700 reliquit,
1831 2635 1865 2680 ac
1894 2616 1964 2678 idolis
2048 2613 2049 2688 l

447 2715 558 2788 nostri,
575 2734 616 2777 ne
630 2715 790 2796 appetitus
811 2716 982 2778 sensitivus
1003 2718 1111 2798 cupiat
1125 2737 1195 2781 sen·
1250 2714 1432 2778 deservivit.
1463 2714 1585 2777 Idcirco
1614 2715 1828 2778 electissimus
1854 2715 1901 2776 ille
1923 2713 1964 2775 llei

445 2811 561 2886 sibilia,
579 2812 718 2875 carnalia
737 2820 769 2876 et
786 2821 912 2876 terrena
933 2815 995 2876 nisi
1017 2817 1194 2880 secundum
1250 2812 1453 2875 beatissimus
1468 2811 1553 2874 Elias
1572 2812 1659 2874 misit
1674 2813 1714 2875 ad
1732 2814 1835 2876 loram
1850 2813 1965 2894 increpa·

445 2911 577 2974 raticnis
595 2912 766 2986 dictamen,
783 2931 824 2975 ne
844 2913 952 2994 lingua
971 2913 1112 2995 prolerat
1126 2935 1195 2978 ver·
1249 2911 1363 2975 loriam
1380 2911 1721 2992 comminatoriamque
1736 2911 1906 2993 epistolam;
1920 2928 1964 2972 nec

446 3009 487 3072 ba
510 3011 621 3085 otiosa,
644 3013 805 3084 mendosa,
826 3011 1027 3087 detractoria,
1045 3031 1194 3095 provoca·
1213 3010 1326 3074 Gtunc
1341 3028 1416 3072 vere
1430 3009 1581 3092 poenituit
1597 3027 1604 3071 ε
1621 3010 1692 3073 idco
1708 3012 1804 3092 paulo
1816 3019 1890 3093 post,
1901 3011 1965 3072 sicut

446 3109 527 3172 toria
541 3117 596 3171 aut
610 3108 738 3184 lasciva,
755 3129 796 3173 ue
811 3110 908 3192 pedes
928 3119 1056 3173 currant
1071 3113 1109 3174 ad
1125 3133 1194 3196 spe·
1249 3109 1334 3172 Elias
1365 3107 1513 3191 praedixit
1544 3107 1714 3190 impletum
1743 3116 1799 3173 cst.
1828 3109 1963 3190 Siquidem

446 3207 570 3270 ctacula
583 3215 639 3270 aut
653 3207 840 3284 choreas,nc
856 3227 969 3271 manus
984 3211 1195 3274 extendantur
1247 3206 1399 3270 Philistai
1413 3213 1445 3268 et
1458 3205 1577 3269 Arabes
1592 3207 1790 3270 intraverunt
1804 3225 1918 3289 regnum
1929 3207 1964 3268 lo

445 3305 484 3368 ad
503 3323 600 3387 opera
615 3306 739 3380 vitiosa,
756 3325 816 3368 nee
835 3325 927 3370 aures
946 3308 1078 3370 audiant
1097 3310 1193 3373 verba
1248 3324 1327 3380 ram,
1349 3312 1444 3387 atque
1467 3305 1507 3366 ad
1531 3303 1660 3367 libitum
1680 3312 1892 3384 vastaverunt;
1904 3304 1962 3365 diri·

444 3403 642 3468 oblocutoria
666 3411 698 3466 ct
722 3405 853 3486 iniqua3
876 3405 922 3467 sic
946 3424 1074 3489 quoquc
1098 3408 1194 3471 relre-
1249 3412 1389 3487 puerunt
1411 3421 1540 3486 qnoque
1563 3421 1675 3467 omnes
1701 3405 1861 3468 thesauros
1879 3405 1963 3466 loran

445 3502 540 3565 nandi
558 3510 632 3564 sunt
651 3502 747 3576 oculi,
764 3521 805 3564 ue
825 3521 882 3585 per
901 3521 956 3566 eos
972 3523 1058 3568 mors
1078 3524 1193 3569 concu-
1248 3511 1279 3566 et
1294 3521 1408 3566 uxores
1424 3502 1495 3583 ejus
1510 3520 1547 3564 ac
1566 3501 1664 3578 lilios,
1681 3510 1714 3565 et
1729 3503 1763 3566 in
1782 3502 1962 3584 magniscam

445 3601 609 3683 piscentiae
633 3601 768 3664 introeat
788 3601 940 3663 animam.
961 3602 1052 3665 Hunc
1076 3605 1194 3686 princi·
1246 3600 1447 3683 reliquerunt
1470 3599 1645 3664 doloribus.
1662 3601 1799 3684 Insuper
1816 3602 1891 3664 llens
1910 3617 1962 3682 par-

444 3705 554 3779 patum
580 3699 663 3761 Deus
688 3698 781 3762 nobis
805 3699 977 3774 commisit,
999 3701 1089 3781 juxta
1113 3702 1193 3765 illud
1247 3700 1347 3762 cussit
1362 3718 1436 3762 eum
1459 3698 1629 3762 insanabili
1650 3699 1715 3762 alvi
1737 3700 1849 3775 dolore,
1865 3699 1894 3761 in
1913 3708 1962 3759 tan

444 3794 658 3858 Ecclesiastici
676 3813 682 3858 :
700 3797 783 3859 Deus
798 3797 838 3859 ab
854 3797 946 3860 initio
961 3799 1126 3862 constitnit
1140 3801 1194 3864 ho
1246 3806 1315 3861 tum
1338 3798 1423 3881 quod
1445 3797 1595 3861 interiora
1616 3817 1676 3860 sua
1698 3816 1736 3861 ac
1759 3799 1859 3861 vitalia
1877 3814 1961 3878 egere

325 3916 332 3929 ·
446 3895 578 3969 minam,
595 3902 628 3957 et
647 3895 777 3978 reliquit
797 3915 871 3959 eum
895 3897 927 3958 in
948 3915 1044 3960 manu
1066 3899 1192 3962 consilii
1247 3897 1318 3977 bat3
1335 3897 1445 3979 sicque
1467 3915 1526 3980 per
1546 3897 1626 3959 duos
1648 3914 1749 3960 annos
1770 3903 1959 3978 consumptus,

444 3993 505 4056 sui.
522 3995 586 4057 Hoc
602 3994 723 4057 etenim
742 3995 825 4058 Deus
845 3996 980 4077 requirit
999 4015 1017 4058 a
1036 3996 1140 4072 nobis,
1157 4005 1193 4060 ut
1246 3997 1311 4060 vita
1323 3995 1444 4079 pariter
1457 3994 1557 4058 camit
1571 4001 1603 4057 el
1618 3994 1812 4077 languorelu
1825 4012 1884 4077 quo
1895 3993 1960 4056 lacto

443 4092 595 4156 omnibus
615 4091 770 4156 membris
789 4111 826 4156 ac
845 4093 969 4156 viribus
989 4095 1105 4158 nostris
1125 4103 1191 4159 uta·
1246 4093 1440 4157 considerari
1461 4101 1565 4177 potest
1586 4094 1785 4176 providentia
1804 4093 1867 4169 Dei,
1881 4100 1907 4156 ct
1920 4091 1958 4174 ju·

444 4209 517 4254 mur
540 4191 579 4255 ad
605 4191 731 4255 laudem
756 4197 789 4254 et
816 4191 949 4274 gloriam
974 4193 1055 4274 ejus,
1082 4193 1191 4276 sicque
1206 4195 1231 4259 D
1246 4192 1424 4257 stissimum
1446 4191 1517 4274 ejus
1535 4192 1707 4274 judicium.
