4192 6258
429 497 489 562 584
644 513 792 562 ΒΟΜΙΝΙΟΔ
811 515 865 561 XXI
885 513 957 594 POS'l'
976 511 1171 560 minitatur.
1192 527 1230 540 -··
1251 511 1294 558 ΑΒ
1313 511 1508 575 natlotosos;
1530 511 1629 559 Sfflo
1650 511 1762 558 surus

282 706 416 758 amana,
430 704 529 751 onum
544 685 677 750 inducit.
695 684 793 760 Unde,
809 691 890 748 teste
905 683 1078 766 Scriptura,
1094 681 1177 745 sicut
1190 680 1217 746 A
1232 681 1339 744 minus
1356 681 1446 746 vobis
1463 681 1612 765 promisit
1626 682 1679 762 (do
1698 700 1762 765 qua
1779 681 1825 745 ait
1842 681 1961 764 Prophe·

285 772 318 813 ¹⁴·
430 787 548 850 ostium
570 784 705 848 vertitur
726 784 759 846 in
781 783 910 846 cardine
934 800 1003 855 suo,
1020 781 1066 844 sic
1088 781 1178 862 piger
1231 786 1263 842 ta
1289 797 1295 842 :
1320 779 1419 844 Credo
1442 780 1550 843 videre
1574 779 1659 843 bona
1681 781 1808 843 Domini
1833 780 1865 842 in
1892 788 2056 842 termarum

431 885 464 947 in
481 883 596 947 lectulo
612 900 680 958 suo,
690 883 750 946 hoc
765 881 860 944 estin
875 900 933 944 sua
947 879 1177 943 consuetudine
1231 877 1447 960 viventium)l
1462 886 1495 942 et
1509 880 1593 961 quod
1611 879 1656 942 ait
1668 877 1868 952 Ambrosius,
1878 877 1961 942 Nemo

430 1002 528 1065 prava
542 990 574 1044 et
588 981 809 1063 repausatione
825 980 952 1042 carnali.
970 980 1074 1053 Quum
1090 977 1178 1041 enim
1232 994 1306 1039 cum
1330 975 1453 1039 desidia
1476 977 1590 1059 quaerit
1614 976 1785 1040 Christum.
1807 977 1866 1050 Oui
1888 978 1960 1039 enin

431 1081 464 1144 in
479 1079 701 1164 spiritualibus
715 1096 780 1142 non
795 1078 980 1152 delectetur,
998 1078 1030 1140 in
1045 1075 1178 1139 carnali·
1232 1075 1279 1137 sic
1295 1075 1418 1157 querit,
1435 1092 1498 1138 non
1514 1074 1670 1139 veraciter
1682 1075 1798 1157 quaerit
1816 1093 1876 1138 nec
1888 1075 1962 1140 inre

431 1178 491 1242 bus
506 1177 756 1241 consolationem
772 1176 922 1259 exquirit,
939 1183 970 1239 ct
984 1194 1095 1258 agrum
1111 1193 1179 1258 pro·
1233 1173 1381 1248 niteam,
1397 1192 1498 1254 quum
1513 1181 1545 1236 et
1558 1173 1680 1257 Moyses
1696 1172 1834 1238 fateatur
1850 1191 1857 1236 :
1873 1174 1961 1248 Qum
1971 1190 2056 1234 reuss.

431 1278 493 1360 prii
509 1277 614 1341 cordis
629 1294 693 1340 non
713 1277 790 1340 colit
803 1275 988 1350 virtutibus,
1005 1292 1068 1339 non
1089 1281 1180 1338 omat
1233 1271 1396 1353 quesieris
1412 1271 1583 1335 Dominum
1597 1272 1699 1334 Deum
1713 1279 1819 1347 tuum,
1835 1272 1962 1336 invenies

432 1377 550 1440 sanctis
566 1375 837 1450 meditationibus,
854 1393 917 1438 non
937 1373 1088 1437 fecundat
1102 1373 1178 1435 acti·
1233 1388 1319 1444 eum,
1336 1369 1363 1432 si
1384 1377 1491 1433 tamen
1512 1377 1579 1435 toto
1601 1370 1695 1434 corde
1716 1370 1881 1452 quesieris
1901 1389 1963 1434 eum

431 1475 492 1538 bus
511 1474 674 1548 virtuosis,
691 1474 747 1537 sed
766 1473 878 1536 urticis
900 1472 1177 1554 negligentiarum,
1233 1476 1265 1532 et
1284 1474 1348 1530 tota
1366 1467 1572 1532 tribulatione
1592 1467 1708 1532 animae
1728 1474 1803 1532 tuae.
1820 1468 1879 1532 Sed
1900 1488 1964 1551 quo

430 1572 532 1654 spinis
552 1571 749 1653 passionum,
765 1570 918 1652 vepribus
937 1570 1089 1633 vitiorum
1109 1588 1180 1652 per·
1233 1565 1320 1628 niam
1335 1566 1431 1629 horno
1446 1565 1501 1628 diu
1515 1585 1586 1628 esse
1605 1583 1669 1628 non
1690 1573 1796 1649 potest
1813 1567 1881 1629 sine
1893 1585 1965 1630 amc

431 1670 530 1733 mittit
558 1669 697 1752 impleri,
729 1669 881 1751 relinquit
912 1669 1084 1751 corrumpi,
1116 1685 1179 1730 non
1234 1682 1279 1738 re,
1297 1663 1330 1725 in
1345 1663 1464 1746 quihus
1479 1663 1608 1727 divinus
1627 1665 1805 1728 exstinctus
1819 1671 1866 1728 est
1879 1684 1964 1741 amor,

431 1769 516 1832 dolet
547 1787 652 1850 neque
681 1767 818 1831 advertit
848 1768 990 1850 undiquc
1019 1766 1176 1829 demoliri.
1234 1762 1519 1825 carnalisallectus
1534 1763 1874 1838 accenditur,ovaritiae
1887 1773 1966 1827 astus

429 1867 598 1950 Propterea
632 1867 671 1929 de
703 1867 772 1948 ipso
804 1865 1010 1946 conqueritur
1041 1865 1178 1947 Spiritus
1196 1859 1437 1934 Bllammescit,
1454 1860 1511 1934 ira,
1533 1860 1744 1944 impatientia,
1761 1863 1909 1945 superbia
1929 1863 1966 1925 iu·

323 1982 327 1991 ·
358 1995 415 2034 mv,
431 1966 564 2029 Sanctus
582 1982 589 2026 τ
606 1966 663 2028 Per
683 1983 795 2045 agrum
814 1963 953 2026 hominis
976 1962 1058 2045 pigri
1077 1969 1178 2024 trans-

430 2064 486 2138 ivi,
503 2071 535 2126 et
558 2081 616 2146 per
634 2063 763 2126 vinearn'
783 2062 844 2124 viri
868 2061 974 2140 stulti3
991 2068 1023 2123 et
1041 2079 1115 2123 ecce
1134 2068 1178 2122 to·

429 2169 498 2224 tum
521 2161 726 2245 repleverunt
746 2161 865 2223 urticae.

470 2261 604 2342 Insuper
619 2261 651 2321 in
668 2259 785 2322 talibus
800 2266 921 2321 tremor
936 2265 994 2332 est,
1010 2264 1120 2338 utpote
1140 2257 1177 2319 ti-

432 2375 501 2420 mor
525 2357 693 2438 multiplex
718 2357 926 2430 inordinatus,
950 2355 1096 2429 carnalis,
1123 2375 1178 2418 sae·

431 2455 559 2528 cularis,
576 2461 608 2516 ct
622 2454 755 2536 puerilis
770 2463 865 2536 atquc
882 2455 1052 2527 humanus,
1069 2473 1179 2535 quem-

1233 1957 1429 2032 ilammatur,
1443 1966 1475 2021 et
1489 1976 1577 2021 amor
1592 1957 1760 2021 invalescit
1774 1959 1922 2040 privatus,
1931 1959 1966 2019 ita

1234 2055 1318 2136 quod
1341 2055 1482 2136 corporis
1502 2056 1679 2129 commoda,
1696 2055 1904 2138 temporalem
1921 2056 1965 2118 bo·

1233 2171 1344 2215 norem
1360 2159 1393 2214 et
1406 2153 1544 2235 propriae
1559 2154 1732 2216 voluntatis
1747 2154 1901 2216 desideria
1913 2153 1967 2214 ari-

1233 2251 1365 2314 dissime
1393 2259 1551 2333 quaernnt,
1578 2252 1701 2315 lervide
1730 2252 1965 2334 amplectuntur,

1234 2349 1473 2430 inlatigabilitcr
1492 2358 1712 2432 exsequuntur
1727 2367 1735 2411 :
1753 2351 1864 2432 sicque
1883 2350 1911 2412 in
1929 2351 1967 2411 eis

1234 2448 1394 2512 interioris
1408 2455 1520 2528 gustus
1535 2447 1676 2530 palatum
1692 2448 1850 2522 inlicitur,
1866 2455 1896 2511 et
1908 2467 1966 2530 pes-

294 2572 415 2623 rsaus.
431 2554 600 2616 admodum
616 2553 770 2635 scriptum
785 2553 926 2616 estzlllic
942 2552 1179 2634 trepidaverunt
1233 2547 1313 2609 sime
1340 2545 1496 2627 judicant,
1516 2547 1592 2629 quia
1620 2547 1759 2609 carnalia
1785 2547 1858 2629 plus
1884 2566 1965 2628 qnam

282 2670 417 2726 aventu
431 2654 557 2728 timore,
574 2653 630 2715 ubi
646 2669 709 2716 non
724 2659 791 2714 crat
805 2652 918 2729 timor;
934 2658 967 2713 et
980 2652 1107 2724 iterum,
1120 2651 1177 2712 Fu·
1233 2643 1412 2727 spiritualia
1436 2644 1564 2726 sapiunt
1586 2645 1643 2719 cis,
1662 2652 1694 2707 et
1712 2663 1788 2709 snos
1808 2645 1968 2708 defendunt

284 2737 303 2776 ¹·
430 2752 477 2833 git
499 2751 629 2833 impius,
651 2751 779 2812 nemine
800 2756 1020 2831 persequente.
1038 2749 1082 2810 lta
1104 2755 1178 2811 sunt
1233 2759 1366 2816 errores,
1389 2742 1499 2824 culpas
1523 2761 1596 2805 suas
1620 2751 1784 2806 excusant.
1803 2743 1919 2819 Quibus
1940 2743 1965 2804 in

425 2849 524 2911 'multi
540 2847 690 2930 religiosi,
703 2847 803 2928 magis
818 2847 985 2908 hominum
1006 2865 1101 2929 quam
1122 2847 1177 2908 Dei
1233 2841 1312 2903 lsaia
1325 2841 1477 2903 asseritur
1494 2859 1500 2902 :
1518 2841 1570 2904 Vra
1585 2841 1641 2922 qni
1655 2840 1763 2904 dicitis
1780 2841 1898 2906 bonum
1913 2861 1966 2903 ma·
1987 2859 2052 2906 aas

430 2946 659 3028 omnipotentis
689 2952 834 3008 verentes
863 2945 1060 3026 adspectum,
1090 2963 1178 3007 vere·
1234 2937 1312 3012 lum,
1330 2946 1361 3000 et
1384 2938 1503 3000 malum
1524 2938 1655 3001 bonum.

431 3045 606 3107 enodantes
628 3061 734 3106 coram
757 3042 942 3105 bominibus
966 3043 1218 3124 negligentinsll
1275 3037 1335 3099 Sed
1357 3035 1583 3118 resipiscamus
1604 3045 1636 3098 et
1657 3055 1829 3100 careamus
1849 3038 1888 3102 ab
1909 3040 1967 3100 uni-

432 3161 524 3224 agere
539 3161 576 3204 ac
591 3141 676 3204 fatue
698 3141 796 3222 loqui,
813 3159 872 3202 nec
893 3147 999 3203 amen
1015 3141 1048 3203 in
1063 3142 1180 3204 divinae
1235 3134 1335 3198 versis
1353 3134 1404 3196 his
1424 3134 1522 3208 vitiis,
1538 3133 1579 3196 ab
1598 3135 1685 3197 omni
1706 3154 1861 3198 sensnum
1880 3145 1909 3200 et
1923 3137 1970 3199 lin-

433 3240 608 3322 majestatis
629 3239 806 3321 prasentia,
825 3239 935 3320 iniqua
949 3258 985 3301 ac
1009 3241 1114 3322 turpia
1132 3258 1181 3303 co·
1235 3251 1305 3314 811ae
1327 3251 1365 3294 αθ
1389 3232 1493 3294 cordis
1522 3232 1702 3296 incustodia
1725 3235 1916 3298 detestanda.
1940 3235 1970 3296 lit

433 3340 533 3420 gitare
563 3357 660 3420 seque
692 3337 890 3418 negligenter
918 3338 1036 3400 habere
1067 3338 1181 3401 erube·
1236 3331 1320 3392 sicut
1340 3329 1374 3392 in
1399 3329 1622 3404 lebrientibus,
1644 3333 1800 3413 sanguine
1825 3334 1866 3396 ad
1887 3352 1972 3396 mem-

436 3444 570 3501 scentcs.
592 3436 712 3511 Quibus
738 3436 893 3516 contingit
917 3436 1002 3517 quod
1026 3436 1181 3519 scriptum
1237 3427 1294 3490 bra
1308 3435 1497 3502 revertente,
1515 3427 1554 3490 lit
1569 3428 1656 3491 calor
1670 3429 1833 3511 intensus3
1850 3431 1904 3505 sic,
1918 3433 1972 3494 Deo

332 3543 484 3609 :mest
510 3553 517 3598 :
542 3535 601 3610 Qui
629 3535 721 3597 timet
749 3534 925 3608 hominem,
952 3534 1016 3596 cito
1045 3543 1180 3597 corruet.
1237 3527 1419 3601 miserante,
1446 3526 1556 3590 divino
1585 3528 1727 3609 quotidie
1752 3528 1971 3593 insolescamus

317 3647 324 3660 ·
437 3635 517 3698 Sunt
532 3635 627 3697 etiam
643 3633 774 3716 quidam
789 3639 854 3694 tam
874 3632 1033 3713 frigefacti
1048 3640 1079 3696 et
1098 3634 1181 3709 duri,
1236 3643 1354 3698 amore,
1370 3624 1428 3687 Dei
1451 3629 1483 3686 Ol
1507 3625 1727 3707 proximorum
1752 3629 1971 3690 succendamnr

437 3733 523 3815 quod
546 3733 644 3795 instar
665 3731 917 3794 febricitantium
942 3749 1004 3794 non
1031 3731 1183 3794 caleliunt
1237 3722 1418 3797 dileetiffllfl,
1435 3730 1530 3805 alque
1545 3723 1578 3785 in
1594 3724 1682 3787 omni
1698 3725 1906 3806 proficiamus
1919 3726 1970 3787 vir·

437 3829 627 3911 igncdivini
646 3829 850 3904 amerianae
870 3836 986 3891 sanctae
1006 3829 1182 3892 devotionis
1236 3827 1323 3900 tute3
1349 3821 1447 3901 agiles
1477 3828 1508 3884 et
1531 3821 1665 3902 jucundi
1691 3823 1724 3886 in
1749 3824 1860 3890 divino
1884 3827 1970 3888 simus

436 3928 562 3991 lervent
584 3926 756 4000 alacritate,
772 3927 928 4009 quidquid
949 3927 995 3989 eis
1013 3927 1183 3990 salubriter
1236 3919 1401 4002 obsequio,
1417 3927 1451 3982 θῖ
1471 3938 1508 3982 ⁰³
1527 3939 1598 4001 (1¹1ae
1617 3920 1744 3984 Ordinis
1763 3933 1841 3986 sunt
1858 3923 1970 3986 assidue

438 4027 637 4109 predicetur.
654 4025 774 4099 Quibus
794 4026 873 4087 illud
894 4025 988 4088 tosne
1010 4033 1058 4089 est
1077 4027 1183 4089 dicen·
1236 4036 1467 4102 prosequamur
1481 4018 1578 4080 ctiam
1595 4037 1667 4080 cum
1684 4020 1800 4101 majori
1818 4023 1970 4085 devotione

290 4143 423 4198 rosacum,
438 4125 515 4186 dum
532 4142 539 4187 :
558 4125 726 4206 Usquequo
746 4124 894 4186 marcetis
913 4124 1048 4204 ignavia,
1066 4131 1097 4187 et
1118 4143 1182 4188 non
1235 4136 1272 4180 ac
1293 4117 1439 4199 puritate.
1456 4116 1504 4179 Ad
1526 4116 1652 4180 landem
1671 4125 1704 4180 et
1723 4119 1861 4200 gloriam
1880 4121 1971 4185 Omni·

292 4209 312 4250 ³·
437 4223 562 4286 intratis
576 4223 615 4285 ad
635 4222 859 4305 possidendam
878 4231 995 4286 terram
1012 4242 1108 4305 quam
1123 4225 1181 4287 llo-
1196 4220 1220 4283 D
1236 4215 1384 4300 potentis.
