4140 6258
784 487 932 536 oculatus
952 490 973 536 X
993 489 1066 536 rosh
1086 489 1280 537 remiserunt.
1300 509 1340 520 -
1361 492 1459 540 sunno
1480 491 1590 540 numos

958 901 1150 988 SERMO
1189 902 1408 990 PRIMUS

469 1165 509 1214 bs
530 1166 653 1215 onusto
673 1165 824 1214 EGGIAESIAE
843 1165 1093 1222 mucharione
1114 1167 1222 1224 IPSIUS,
1243 1166 1281 1213 ut
1301 1167 1340 1214 DE
1362 1165 1563 1214 GERTITUDINB
1583 1167 1668 1216 stunt
1689 1167 1881 1218 cantemus.

473 1449 561 1511 ΕΗΒ
592 1455 749 1526 operatur
780 1445 891 1507 omnio
924 1447 961 1505 iu
991 1445 1149 1506 omuibus.
1166 1443 1290 1508 Arium
1306 1445 1570 1510 excitantisllcce
1585 1456 1705 1530 quanta
1718 1455 1768 1512 est
1781 1449 1936 1532 indigentia

488 1546 583 1611 lGor.
599 1563 655 1622 ιιιι,
671 1543 700 1608 6.
1206 1550 1300 1625 atque
1329 1542 1503 1607 infirmitas
1533 1545 1650 1608 mentis
1678 1546 1833 1611 humane.
1862 1549 1936 1611 Unde

441 1644 476 1706 ln
500 1643 648 1726 praesenti
671 1641 805 1726 epistola
826 1643 919 1705 docet
943 1660 1000 1705 nos
1025 1647 1152 1703 sanctus
1207 1640 1304 1720 igitur
1318 1641 1613 1724 superbimuleur
1625 1643 1807 1708 extollimus
1818 1655 1937 1709 nosmet·

401 1742 582 1825 Apostolus,
594 1750 712 1825 quanta
727 1740 769 1803 sit
783 1741 909 1803 bonitas
924 1759 961 1803 ac
979 1739 1152 1803 liberalitas
1207 1739 1315 1821 ipscsl
1335 1739 1397 1804 Cur
1422 1741 1520 1804 miser
1543 1743 1640 1806 homo
1662 1751 1753 1826 putat
1777 1763 1809 1807 se
1831 1745 1935 1828 aliquid
2056 1811 2057 1834 χ

401 1839 469 1915 Dei,
485 1848 603 1923 quanta
625 1840 723 1902 etiam
746 1839 787 1902 sit
808 1838 1033 1902 delectuositas
1057 1845 1152 1919 atque
1206 1841 1297 1900 esset
1312 1839 1482 1923 Nunquam
1499 1839 1606 1924 itaque
1621 1841 1660 1904 de
1675 1842 1814 1926 pmpriis
1828 1844 1936 1907 viribus
2056 1839 2057 1894 l

401 1937 590 2020 impotentia
611 1937 762 2002 hominis.
779 1937 957 2000 Bonitatem
981 1936 1152 1999 liberalita-
1206 1954 1448 2017 praesumamus,
1473 1956 1579 2020 neque
1607 1939 1746 2002 inaniter
1769 1940 1936 2022 gloriemur,

400 2045 530 2121 temque
554 2038 609 2100 Dei
639 2037 779 2101 ostendit
802 2037 984 2119 Apostolus,
1010 2054 1068 2118 per
1090 2035 1151 2098 hoc
1205 2052 1264 2095 nec
1288 2034 1410 2118 aliquid
1434 2035 1511 2098 boni
1536 2035 1629 2099 nobis
1651 2037 1869 2103 attribuamus.
1883 2039 1936 2103 lieo

400 2137 484 2220 quod
506 2145 593 2200 tanta
612 2139 786 2219 grallarum
807 2135 997 2199 charismata
1016 2143 1079 2196 tam
1100 2153 1151 2198 co·
1204 2132 1320 2213 aliquis
1341 2133 1439 2214 jactet
1459 2153 1493 2196 se
1515 2134 1632 2216 ipsum,
1649 2155 1751 2219 quum
1770 2137 1853 2200 dicat
1868 2140 1936 2220 Apo

399 2236 489 2319 piose
504 2255 541 2298 ac
556 2236 718 2318 sapienter
735 2235 823 2298 dedit
842 2233 1046 2312 bominibus3
1062 2233 1149 2296 delc—
1204 2231 1304 2294 stolus
1321 2248 1327 2294 :
1345 2233 1425 2306 onio
1440 2232 1539 2295 babes
1555 2234 1640 2315 quod
1656 2252 1720 2298 uon
1735 2238 1898 2319 accepisti?
1910 2237 1936 2300 Si
1947 2257 2030 2300 ronst

399 2335 600 2397 ctuositatem
615 2352 691 2397 vero
706 2353 741 2396 ac
757 2333 973 2415 impotentiam
987 2333 1150 2395 hominum
1203 2338 1310 2392 autem
1332 2331 1495 2413 accepisti,
1512 2331 1590 2413 quid
1611 2332 1758 2413 gloriaris
1777 2336 1866 2417 quasi
1883 2353 1937 2399 non

401 2440 566 2507 monstrat,
594 2451 652 2515 per
674 2432 734 2496 hoc
759 2432 843 2513 quod
867 2431 988 2513 absque
1018 2431 1150 2513 speciali
1202 2428 1387 2510 acceperis?
1402 2429 1482 2491 Hinc
1505 2429 1621 2492 iterum
1644 2431 1690 2493 ait
1705 2449 1713 2494 :
1730 2431 1795 2495 Soli
1816 2433 1877 2496 Deo
1893 2433 2027 2497 bouso

400 2530 544 2594 subsidio
559 2530 696 2614 Spiritus
711 2530 818 2594 Sancti
836 2529 881 2593 nil
902 2529 978 2592 boni
993 2530 1146 2593 valemus.
1203 2544 1262 2588 nor
1281 2533 1312 2589 ct
1331 2526 1442 2608 gloria.
1458 2527 1539 2590 Ilinc
1558 2529 1672 2592 asserit
1685 2529 1749 2594 Leo
1767 2531 1849 2614 Papa
1864 2549 1871 2593 :
1886 2533 1938 2594 llu-

400 2631 508 2713 lthue
524 2649 563 2693 ex
584 2628 837 2693 consideratione
857 2627 1008 2692 bonitatis
1029 2635 1061 2690 ct
1079 2648 1149 2691 rnn-
1163 2626 1187 2688 B
1203 2624 1293 2686 bium
1308 2642 1373 2688 non
1387 2632 1436 2688 est
1450 2645 1711 2709 unumquemque
1725 2648 1744 2691 a
1759 2629 1824 2694 Deo
1837 2629 1939 2694 babere

399 2727 575 2792 nilicentiae
590 2727 658 2802 oei,
674 2726 784 2790 divido
799 2726 1012 2790 accendamur
1028 2743 1147 2803 amore,
1203 2725 1309 2806 operis
1329 2723 1405 2788 boni
1427 2724 1557 2788 initium
1579 2732 1610 2788 et
1630 2729 1937 2792 consummationem.

399 2835 495 2910 atque
523 2826 562 2891 ad
587 2825 826 2909 pracordialem
855 2825 911 2887 Dei
936 2825 1150 2888 honorilicen-
1203 2822 1296 2885 Omni
1321 2823 1427 2906 itaque
1450 2823 1539 2898 hore,
1564 2825 1621 2888 Dei
1645 2825 1804 2890 auxilium
1828 2828 1939 2892 invoce-

292 2938 294 2944 ’
400 2925 477 2988 tiam
499 2942 721 3008 provocemur,
736 2923 827 3005 juxta
849 2923 929 2985 illud
951 2924 1148 2988 Ecclesiasti·
1204 2940 1286 2996 mus,
1312 2940 1386 2984 cum
1416 2922 1571 3005 Propheta
1600 2923 1743 2989 dicentes
1768 2943 1775 2988 :
1798 2927 1889 3002 Deus,
1910 2926 2028 2988 ineius:

253 3043 387 3100 nocituro.
401 3024 430 3086 ci
448 3023 601 3105 :Diligite
623 3023 806 3098 Dominum,
825 3030 855 3086 et
880 3021 1150 3086 illuminabuntur
1202 3020 1398 3100 adjutorium
1413 3037 1522 3083 meum
1538 3021 1668 3084 intende
1675 3041 1684 3103 ;
1697 3023 1884 3099 Domine,ad
1896 3025 1941 3088 ad·

400 3122 495 3186 corda
514 3129 630 3208 vestra.
648 3121 694 3185 Ex
714 3120 966 3185 consideratione
981 3138 1058 3184 vero
1076 3139 1150 3204 pro·
1184 3206 1186 3212 Α
1201 3118 1380 3199 juvandum
1396 3117 1588 3182 melestina.
1605 3120 1774 3204 Itemque:
1792 3122 1860 3187 Cito
1872 3123 1940 3186 anti·
1951 3133 2027 3177 eurr

400 3220 478 3302 priae
497 3218 748 3284 defectuositatis
768 3227 799 3283 ct
818 3218 1025 3302 impotentia,
1043 3219 1148 3282 bumi—
1203 3217 1310 3299 cipent
1325 3233 1383 3279 nos
1403 3216 1631 3282 misericordiae
1651 3225 1724 3293 tua,
1741 3221 1817 3302 qula
1835 3200 1967 3304 paupek
2055 3249 2056 3334 p

400 3319 517 3382 liemus
538 3336 595 3382 nos
619 3319 717 3402 ipsos,
733 3325 765 3381 et
786 3317 966 3381 Divinitatis
989 3318 1147 3382 auxilium
1203 3333 1253 3378 res
1276 3314 1353 3377 lacti
1374 3333 1486 3377 sumus
1507 3315 1615 3378 nimis.
1638 3315 1791 3393 Subinde,
1811 3320 1941 3382 ntitas
2055 3335 2056 3390 l

399 3419 572 3499 gratIosum
593 3417 713 3500 jugiter
732 3416 952 3499 Imploremus,
970 3435 1044 3479 cum
1065 3417 1147 3480 Psal-
1202 3414 1268 3476 Deo
1296 3431 1477 3476 mereamur
1499 3412 1617 3495 juvari,
1641 3417 1735 3497 proni
1764 3435 1889 3500 semper
1915 3425 1941 3478 et

265 3537 371 3592 euna:
400 3517 495 3579 mista
508 3523 634 3580 orantes
647 3532 654 3578 ε
668 3515 816 3578 Miserere
831 3514 1060 3590 mei,Domine,
1073 3533 1149 3598 quc
1201 3512 1321 3576 alacres
1341 3512 1442 3575 simus
1461 3512 1501 3574 ad
1521 3512 1777 3578 subveniendum
1796 3516 1941 3599 proximis

400 3615 487 3677 niam
511 3614 661 3678 infirmus
682 3633 764 3676 sum.
1202 3610 1421 3692 indigentibus
1443 3617 1476 3672 et
1499 3610 1641 3674 infirmis
1658 3629 1665 3675 :
1682 3613 1759 3695 qula
1781 3622 1817 3676 ut
1840 3614 1942 3678 asserit

439 3712 545 3775 Primo
564 3729 639 3793 ergo
658 3711 751 3774 docet
769 3729 827 3775 nos
847 3711 957 3774 beatus
977 3712 1147 3794 Apostolus
1201 3710 1408 3791 Augustinus,
1424 3709 1550 3772 Justum
1570 3710 1742 3774 consilium
1761 3720 1822 3788 est,
1839 3720 1873 3775 ut
1892 3711 1941 3795 qni

253 3826 386 3882 remma.
401 3811 431 3872 in
448 3811 601 3874 hodierna
616 3810 851 3893 epistola,qnod
867 3810 987 3893 absque
1002 3811 1145 3893 speciali,
1163 3812 1186 3877 G
1202 3827 1235 3870 sc
1255 3827 1273 3870 a
1293 3807 1464 3890 potentiori
1484 3807 1553 3869 vult
1573 3807 1690 3889 juvari,
1707 3810 1839 3891 adjuvet
1860 3810 1941 3873 inlir·

400 3907 634 3991 supernaturali
654 3927 689 3970 ac
709 3908 847 3989 gratioso
864 3909 1029 3990 juvamine
1049 3909 1146 3992 Spiri-
1202 3905 1347 3979 miorem,
1364 3905 1397 3967 in
1419 3921 1483 3987 quo
1502 3912 1551 3968 est
1572 3905 1641 3988 ipse
1663 3909 1834 3989 potentior.

400 4015 451 4070 tus
473 4007 579 4071 Sancti
602 4006 648 4068 nil
673 4006 794 4069 bonum
815 4026 852 4069 ac
876 4007 1076 4070 meritorium
1096 4029 1147 4071 va·
1241 4005 1387 4068 Secundo
1402 4004 1496 4066 docet
1509 4004 1690 4087 Apostolus,
1707 4007 1847 4088 qualiter
1861 4007 1941 4071 Chri·
1962 4021 2033 4065 roa.

400 4107 521 4170 leamus
541 4106 689 4188 cogitare,
707 4105 794 4187 loqui
815 4114 869 4167 aut
890 4123 993 4186 agere,
1010 4107 1094 4169 sicut
1115 4114 1146 4169 et
1200 4110 1268 4166 stus
1288 4101 1495 4185 spiritualiter
1513 4103 1675 4167 decoravit
1693 4103 1870 4168 Ecclesiam
1889 4089 1992 4168 mi·*¹¹'

253 4205 474 4278 clarmanum
497 4211 690 4287 protestatur
712 4221 718 4265 :
740 4205 823 4266 Deus
848 4204 972 4286 estqui
996 4214 1147 4286 operatur
1201 4203 1356 4276 litantem,
1386 4209 1418 4263 et
1447 4200 1663 4283 pulcherrime
1691 4203 1863 4279 ordinavit,
1890 4223 1942 4287 per

255 4286 287 4327 ¹³·
399 4303 432 4366 in
452 4302 543 4366 vobis
563 4311 595 4366 et
613 4302 695 4366 velle
717 4309 750 4364 et
769 4301 934 4384 perlicere.
952 4303 1046 4366 Porro
1066 4303 1145 4366 ratio
1199 4302 1325 4364 dlversa
1348 4319 1385 4362 ac
1409 4299 1653 4383 praeclarissima
1673 4301 1782 4382 gratiae
1808 4303 1900 4376 dona,
1913 4307 1941 4365 et

398 4401 494 4482 hujus
510 4401 722 4482 estquoniam
737 4401 777 4462 ad
793 4400 1062 4481 supernaturalem
1076 4401 1147 4464 bea·
1201 4420 1258 4482 per
1271 4399 1396 4462 diverse
1410 4398 1530 4473 officia,
1547 4417 1605 4481 per
1621 4399 1785 4464 ministros
1802 4401 1836 4465 in
1851 4403 1941 4466 meris

398 4499 660 4580 titudinem,quse
674 4505 723 4562 est
737 4499 819 4562 visio
834 4497 890 4560 Dei
906 4498 989 4561 clara
1003 4518 1061 4581 per
1075 4519 1145 4582 spe·
1200 4498 1366 4563 ordinibus
1401 4497 1600 4573 constitutos,
1631 4517 1688 4581 per
1719 4500 1884 4584 principes
1914 4509 1942 4564 et

398 4596 492 4670 ciem,
509 4596 628 4658 conditi
649 4615 770 4659 sumus.
792 4596 913 4659 Idcirco
930 4598 969 4658 ad
989 4615 1058 4659 eam
1080 4617 1143 4662 non
1199 4598 1353 4680 praelatos.
1380 4597 1458 4660 Nam
1484 4597 1638 4679 quosdam
1667 4597 1744 4660 lecit
1767 4599 1939 4682 Apostolos,
1962 4615 2039 4671 spo«.

397 4693 459 4755 nisi
484 4711 543 4776 per
565 4695 817 4776 supernaturalia
842 4694 957 4768 media,
974 4714 1045 4777 quae
1069 4704 1144 4759 sunt
1199 4697 1352 4779 quosdam
1382 4693 1562 4777 Prophetas,
1587 4696 1760 4760 nonnullos
1789 4685 1978 4773 doctoresl·

396 4790 531 4853 virtutes
547 4797 578 4852 et
597 4791 690 4865 done,
709 4808 883 4874 eorumque
903 4809 1009 4875 opera,
1026 4794 1144 4875 pertin·
1197 4795 1321 4876 aliquos
1336 4810 1464 4875 quoque
1480 4799 1630 4874 pastores.
1648 4793 1687 4855 Et
1703 4813 1806 4877 usque
1822 4797 1857 4860 in
1872 4817 1941 4880 pree

397 4906 471 4969 gere
489 4905 661 4971 possumus
673 4905 681 4952 ε
693 4907 768 4950 nam
786 4890 891 4951 media
910 4891 1142 4972 proportionari
1198 4911 1270 4955 sens
1286 4891 1404 4954 diversi
1420 4890 1533 4954 lideles
1547 4891 1645 4954 variis
1664 4893 1775 4972 gratiis
1794 4896 1942 4959 edoman-

398 4993 522 5069 oportet
536 4986 606 5049 lini.
623 4986 687 5050 Nec
702 4987 805 5050 solum
822 4987 1002 5069 indigemus
1017 4989 1141 5052 virtuti·
1157 4991 1182 5053 D
1197 4999 1265 5071 tnr3
1275 4998 1371 5072 atque
1387 4996 1423 5051 ut
1437 4989 1540 5052 sidera
1555 4990 1740 5065 coelum,sic
1756 4992 1822 5075 ipsi
1836 5001 1941 5058 ornant

397 5084 458 5148 bus
473 5091 505 5147 et
518 5083 610 5147 donis
626 5084 752 5160 inlusis,
764 5086 819 5148 sed
834 5086 929 5148 etiam
944 5087 1060 5149 actuali
1077 5105 1142 5150 mo·
1198 5089 1383 5152 Ecclesiam.
1962 5117 2038 5161 ιιι-ι..

397 5184 484 5247 tione
513 5182 651 5266 Spiritus
675 5183 781 5246 Sancti
810 5184 843 5246 in
868 5184 955 5246 omni
981 5186 1142 5250 meritorio
1238 5186 1342 5251 Tertio
1361 5187 1454 5250 docet
1471 5186 1651 5268 Apostolus,
1668 5194 1704 5250 ut
1723 5183 2021 5274 unusquisquam*
2054 5175 2055 5238 l

398 5289 481 5358 actu,
503 5288 644 5345 mentem
667 5287 807 5344 nostram
829 5283 867 5344 ad
889 5291 994 5345 aetum
1016 5284 1143 5347 merito·
1197 5284 1330 5367 gratiam
1352 5285 1415 5348 sibi
1437 5306 1456 5348 a
1475 5286 1538 5349 Deo
1557 5285 1810 5350 misericorditer
1828 5290 1940 5363 dnum,
1953 5239 1999 5347 1¹·st
2054 5239 2055 5308 l
