4154 6258
429 466 490 532 uc
630 485 779 533 nouimus
798 486 855 533 xm
874 485 948 534 rosr
967 486 1161 533 rnmrrsrnu.
1181 505 1221 516 -
1240 485 1283 534 sn
1302 486 1477 534 nstrarosos
1487 487 1497 550 ;
1519 486 1617 534 annno
1637 485 1774 543 cataros

431 655 608 733 crantibus,
630 665 785 740 praesante
808 657 989 741 vigilantio.
1016 657 1362 742 Epictetushcoelum.
1388 660 1460 722 Post
1488 658 1652 723 modicum
1674 663 1803 740 tempus
1829 667 1947 741 parcum

432 761 539 819 autem
563 756 824 839 apprehendebat
845 763 878 820 et
900 756 1104 821 osculabatur
1128 777 1181 840 pa·
1233 757 1373 822 hstionis
1401 763 1595 840 acceperunt
1621 757 1794 840 baptisma,
1817 761 1848 820 et
1870 759 1947 825 radic

433 861 515 918 hcm
529 854 687 934 dationis3
707 855 818 919 Astion
834 873 910 919 vcro
929 855 1181 938 amplectebatur
1233 863 1310 919 runt
1332 857 1372 919 ad
1395 873 1470 936 sua3
1495 864 1590 938 atque
1613 853 1752 919 feliciter
1774 855 1892 918 tandem
1909 858 1947 922 oh

433 959 465 1016 et
488 953 691 1016 osculabatur
719 962 855 1018 matrem
885 973 985 1016 suam.
1012 954 1180 1037 Quumque
1233 953 1432 1019 dormierunt
1447 955 1480 1016 in
1495 953 1639 1018 Domino.
1657 953 1713 1016 Est
1726 959 1830 1016 autern
1843 954 1948 1036 legenda

432 1051 488 1114 diu
509 1049 600 1114 allati
619 1060 652 1115 et
672 1052 825 1116 consolati
846 1050 985 1115 luissent
1004 1070 1041 1115 ac
1063 1051 1180 1116 instru-
1233 1053 1294 1116 ista
1313 1053 1344 1117 S.
1361 1051 1497 1135 Epicteti
1513 1058 1544 1116 et
1558 1051 1745 1117 B.Asticnis
1764 1051 1949 1134 pulcherrim

432 1149 553 1214 xissent
584 1149 732 1233 praelatos
763 1157 922 1233 parentes,
953 1150 1119 1216 redierunt
1146 1151 1180 1214 in
1234 1158 1267 1214 et
1285 1151 1497 1216 consolatoria
1515 1151 1617 1216 valde.

872 1509 988 1592 AD
1036 1508 1537 1594 RELIGIOSOS

981 1933 1156 2020 SERMO
1190 1933 1434 2036 QUARTUS

472 2172 614 2229 OUOllOOO
635 2173 693 2220 l'lill
714 2172 808 2218 tibull
830 2173 861 2218 lit
882 2172 977 2219 insuti
997 2172 1148 2218 ClilllS'l'Ul
1167 2172 1294 2219 rinctus
1314 2172 1552 2229 cousucuumuu
1573 2174 1712 2221 uultum
1733 2175 1770 2221 ΕΤ
1789 2175 1914 2222 ticum.

496 2427 714 2489 ONCLUSIT
721 2427 899 2502 Scriptura
914 2427 1024 2486 omnia
1039 2427 1097 2486 sub
1107 2444 1178 2502 pec·
1194 2426 1217 2488 B
1233 2425 1384 2508 princeps
1413 2425 1637 2508 Apostolorum
1667 2428 1714 2490 ait
1744 2428 1776 2491 in
1805 2426 1920 2492 Actibus
1943 2447 1949 2489 :

502 2533 629 2594 cotuuc
641 2525 815 2600 promissio
830 2545 871 2584 eoa
885 2528 1040 2602 fidelesu
1055 2525 1179 2586 Christi
1232 2525 1315 2586 licus
1339 2525 1565 2607 praenuntiavit
1591 2545 1648 2608 per
1673 2545 1709 2589 os
1736 2526 2035 2591 omniumPrcstr.=÷,1s

432 2626 573 2684 claretur
591 2624 808 2684 credentibus.
825 2623 923 2686 Galat.
941 2641 986 2697 ru,
1002 2621 1050 2684 22.
1232 2623 1414 2705 phetarum‚
1437 2624 1503 2705 pati
1525 2624 1687 2688 Christum
1710 2644 1814 2688 suum.

471 2721 506 2782 ln
536 2719 690 2783 hodierna
718 2721 853 2803 epistola
880 2722 973 2784 docet
996 2721 1176 2803 Apostolus,
1273 2722 1367 2784 Porro
1387 2721 1454 2784 haec
1473 2721 1566 2796 iides,
1583 2723 1777 2805 aprincipio
1795 2723 1897 2785 mundi
1912 2740 1951 2782 us·

431 2819 516 2901 quod
541 2835 605 2880 non
628 2819 771 2882 llosaicm
793 2819 871 2900 legis
892 2819 1020 2894 virtute,
1042 2819 1097 2881 sed
1121 2837 1179 2900 per
1233 2838 1295 2901 que
1312 2819 1344 2880 in
1360 2839 1510 2901 praesens,
1527 2839 1585 2902 per
1598 2829 1730 2884 cunctas
1747 2821 1855 2884 mundi
1867 2827 1952 2884 etates

433 2916 531 2980 iidem
555 2917 629 2979 lesu
656 2916 773 2980 Christi
802 2924 1038 2998 consequantur
1065 2917 1177 2979 fideles
1233 2917 1346 2979 hahuit
1366 2918 1586 2981 testimonium
1607 2919 1664 2983 Dei
1686 2939 1744 2983 seu
1765 2919 1953 2982 attestationes

432 3015 566 3097 gratiam
587 3016 620 3077 in
641 3015 788 3097 prasenti
805 3023 837 3078 et
850 3016 983 3097 gloriam
1006 3017 1039 3078 in
1058 3017 1175 3077 futuro.
1234 3015 1370 3090 divinas,
1387 3023 1554 3098 putavere
1569 3025 1601 3080 et
1616 3017 1676 3081 soli
1691 3036 1768 3081 vero
1783 3017 1955 3099 omnipoten-

432 3113 512 3176 Nam
532 3113 668 3176 Trinitas
690 3132 826 3188 summa,
843 3121 979 3177 aeternus
999 3133 1035 3176 ac
1057 3113 1178 3195 simpli·
1232 3115 1322 3195 tique
1344 3114 1408 3177 Deo
1431 3114 1598 3196 possibilia
1619 3116 1784 3191 miracula,
1804 3135 1872 3198 quse
1890 3115 1954 3176 Deus

432 3211 580 3274 cissimus
601 3213 695 3286 Deus,
713 3213 854 3282 decrevit
874 3231 930 3295 per
950 3231 1051 3274 unum
1071 3218 1176 3293 caput,
1233 3212 1310 3275 iecit
1325 3213 1358 3274 in
1374 3213 1593 3276 testimonium
1608 3215 1752 3277 veritatis
1767 3214 1844 3276 iidei
1857 3213 1954 3293 hujus:

431 3309 581 3373 videlicet
604 3312 711 3374 lesum
737 3311 908 3384 Christum,
932 3312 1054 3374 salvare
1077 3328 1178 3391 genus
1233 3311 1309 3393 quia
1337 3328 1449 3373 eorum
1479 3313 1656 3375 doctrinam
1686 3313 1743 3395 qui
1770 3312 1867 3375 iidem
1891 3311 1954 3372 hanc

432 3406 618 3470 humanum.
637 3408 675 3470 Et
690 3409 774 3471 sicut
788 3409 958 3471 Christiani
976 3409 1041 3489 jam
1060 3415 1178 3490 tempo
1233 3409 1421 3484 docuerunt,
1441 3410 1640 3493 approbavit,
1656 3420 1689 3474 et
1710 3411 1913 3483 confirmavit,
1928 3426 1956 3469 so

432 3524 466 3568 re
487 3507 595 3586 gratiae
620 3507 782 3569 salvantur
805 3507 839 3569 in
864 3507 929 3569 lide
952 3506 1067 3570 Christi
1092 3525 1178 3568 nunc
1233 3506 1410 3588 divulgavit
1433 3526 1491 3590 per
1518 3509 1703 3590 hujusmodi
1729 3510 1856 3592 copiosa
1880 3508 1956 3570 mira·

432 3604 598 3679 incarnati,
616 3604 706 3667 missi
725 3624 761 3667 ac
783 3603 941 3680 crucifixi,
958 3604 1004 3667 sic
1026 3605 1119 3667 electi
1139 3605 1178 3666 li·
1197 3603 1316 3680 Ccula,
1342 3625 1414 3688 quaa
1441 3614 1549 3670 umen
1578 3607 1612 3670 in
1642 3608 1827 3690 evangelica
1852 3607 1912 3688 lege
1933 3613 1957 3666 ct

432 3701 519 3764 deles
543 3703 599 3784 qui
627 3701 668 3764 ab
693 3704 822 3766 exordio
851 3703 961 3765 mundi
991 3703 1121 3765 luerunt
1146 3704 1178 3765 in
1234 3711 1379 3787 ternpore
1407 3705 1526 3786 gratias,
1557 3707 1685 3789 quando
1714 3706 1783 3770 haec
1811 3706 1887 3768 iidas
1913 3721 1956 3786 per

434 3800 504 3880 lege
533 3799 669 3862 naturali
699 3807 730 3862 et
759 3801 886 3882 scripta,
913 3800 1117 3863 salvabantur
1146 3802 1179 3864 in
1234 3803 1422 3865 universum
1446 3803 1566 3866 dillusa
1589 3812 1637 3867 est
1659 3804 1784 3880 orbem,
1809 3803 1956 3886 copiosius,

433 3897 499 3960 lide
515 3897 660 3979 ejusdem
676 3897 792 3961 Christi
808 3905 884 3959 tunc
900 3898 1096 3973 incarnandi,
1114 3916 1179 3962 mo·
1235 3902 1300 3964 imo
1330 3901 1422 3985 quasi
1451 3902 1746 3984 incomparabiliter
1774 3900 1956 3966 excellentius

433 3997 526 4058 rituri
555 4015 591 4058 ac
620 3994 842 4077 crucifigendi,
874 4004 905 4058 et
936 3996 1092 4079 quidquid
1122 4015 1179 4061 nos
1234 4009 1329 4082 atque
1344 3999 1544 4083 frequentius
1564 4007 1639 4064 suut
1658 4009 1798 4083 peracta,
1813 4019 1869 4062 nec
1884 3999 1958 4062 aliter

433 4095 528 4158 modo
552 4095 591 4157 de
616 4093 742 4158 Christo
767 4094 927 4157 credimus
956 4095 1177 4177 adimpletum,
1235 4099 1414 4181 potuissent
1429 4099 1574 4163 hemines
1589 4100 1627 4162 ad
1643 4099 1726 4162 hanc
1741 4098 1840 4162 iidem
1858 4093 1956 4160 induci.

431 4193 479 4255 illi
495 4192 699 4255 crediderunt
715 4192 747 4253 in
764 4192 888 4255 Christo
902 4199 934 4254 ct
949 4211 1006 4275 per
1021 4192 1179 4256 Christum
1234 4197 1402 4280 Deinceps,
1423 4204 1494 4280 post
1512 4197 1684 4272 diluvium,
1702 4197 1884 4261 hominibus
1905 4193 1960 4256 uhi·

432 4291 643 4375 implendum.
661 4292 699 4354 Et
719 4291 899 4374 superiores
919 4292 952 4354 in
975 4292 1050 4367 illis,
1068 4292 1179 4355 videli-
1235 4315 1297 4379 que
1312 4296 1350 4359 ad
1366 4297 1573 4360 idololatriam
1588 4297 1705 4379 passim
1721 4295 1959 4370 ruentibusllcus

388 4423 399 4439 ·-
430 4398 480 4454 cet
498 4391 685 4453 Patriarchre
704 4409 741 4452 ac
760 4383 935 4472 Prophetae,
956 4409 994 4452 ex
1015 4391 1179 4453 revelatio·
1235 4395 1380 4457 excelsus
1401 4403 1434 4457 et
1454 4394 1610 4477 gloriosus
1635 4395 1732 4477 elegit
1753 4403 1786 4459 ct
1809 4390 1959 4474 assumpsit

431 4508 471 4551 ne
491 4489 609 4562 divina,
628 4508 684 4571 per
699 4488 825 4551 diversa
843 4489 981 4565 oracula,
998 4509 1056 4571 per
1071 4491 1180 4554 divina
1235 4493 1296 4556 sihi
1326 4493 1482 4576 populum
1511 4512 1624 4570 unum,
1651 4494 1685 4556 in
1715 4513 1780 4577 quc
1807 4495 1873 4558 haec
1894 4491 1959 4554 iides

432 4587 592 4670 mysteria,
610 4606 668 4669 per
682 4588 832 4650 vaticinia
851 4595 882 4650 et
900 4588 1021 4671 figuras
1040 4590 1179 4672 plurima
1235 4592 1394 4674 uniusque
1419 4592 1474 4656 Dei
1497 4592 1602 4654 cultus
1624 4599 1822 4666 manserunt,
1844 4597 1913 4674 puta
1929 4588 1961 4651 ls-

431 4687 471 4749 de
486 4685 610 4749 Christo
624 4686 1003 4767 praenuntiaverunt,imo
1019 4708 1101 4771 pene
1116 4707 1180 4752 cm·
1235 4691 1410 4754 raeliticam
1430 4690 1568 4774 plebem.
1587 4691 1624 4752 Et
1639 4691 1672 4752 in
1692 4692 1814 4774 populo
1829 4691 1881 4753 illc
1894 4689 1961 4752 Deus

431 4784 485 4846 nia
507 4803 578 4866 quae
597 4785 636 4846 de
656 4784 726 4866 ipso
746 4786 838 4848 modo
859 4787 1041 4849 creduntur.
1058 4788 1179 4851 ldciroo
1194 4793 1219 4856 ll
1234 4797 1371 4854 aeternus
1392 4790 1493 4854 multo
1511 4789 1692 4854 evidentius
1716 4809 1813 4873 quam
1838 4797 1905 4852 autc
1920 4787 1962 4848 do

432 4883 544 4946 eadem
572 4889 621 4946 cst
648 4883 730 4945 lides
760 4883 888 4947 illorum
913 4892 945 4948 et
970 4895 1086 4949 nostra.
1109 4889 1180 4952 Pro·
1235 4890 1302 4952 cuit
1330 4889 1477 4952 homiues
1506 4889 1545 4952 de
1574 4888 1690 4953 Christi
1719 4890 1859 4952 adventu
1884 4893 1962 4967 atque

433 4989 503 5065 pter
519 4982 603 5064 quod
619 4981 822 5064 evangelicus
838 4984 1002 5048 Zacharias
1018 4986 1177 5069 loquitur:
1236 4987 1407 5071 mysteriis,
1424 5007 1481 5069 per
1500 4987 1628 5070 angelos
1647 4988 1836 5051 instruendo
1849 4984 1962 5066 Pmphc·

295 5098 416 5151 taraa.
433 5080 542 5146 Erexit
563 5097 662 5144 comu
685 5081 795 5144 salutis
819 5081 923 5158 nohis,
945 5083 1029 5146 sicut
1053 5085 1178 5150 locutus
1235 5095 1294 5162 tas,
1310 5095 1341 5150 et
1357 5105 1414 5169 per
1428 5086 1599 5168 Prophetas
1619 5085 1749 5168 plebem
1764 5099 1961 5150 communem.

282 5163 316 5205 ⁷⁰·
431 5187 481 5244 est
499 5199 556 5263 per
575 5197 610 5242 cs
630 5187 824 5256 sanctorum,
841 5181 896 5263 qui
916 5201 934 5244 a
953 5184 1070 5247 saeculo
1092 5193 1176 5261 sunt,
1232 5187 1321 5251 Unde
1340 5186 1503 5268 Prophetae
1522 5186 1562 5249 de
1581 5185 1707 5250 Christo
1725 5193 1758 5249 et
1774 5185 1847 5268 ejus
1865 5183 1962 5246 adren-

431 5279 660 5363 Prophetarum
695 5278 775 5362 ejus.
810 5279 1016 5346 Beatissimus
1050 5297 1178 5367 quoque
1232 5293 1278 5362 tu,
1296 5285 1443 5368 passione
1465 5304 1501 5349 ac
1524 5283 1684 5368 mysteriis
1708 5283 1837 5367 copiose
1858 5301 1893 5348 ao
1913 5277 1963 5344 ari·
