4214 6254
449 461 509 526 l30
824 481 972 530 nounvrca
993 483 1004 528 1
1025 483 1098 529 rosr
1117 481 1313 529 mmrrarsrr.
1333 499 1374 510 -
1394 480 1493 529 ssnrro
1514 482 1625 529 ramus

311 672 378 716 nom.
392 682 436 721 uu,
450 649 532 713 illud
546 649 689 732 Apostoli
706 669 713 713 :
729 651 799 716 Non
814 660 888 716 sunt
903 653 1068 734 condignae
1083 652 1202 735 passio
1215 649 1241 715 Α
1253 651 1408 715 trahendo
1427 653 1603 715 secundum
1623 652 1709 734 quod
1728 657 1831 732 potest
1848 657 1879 714 et
1896 657 1976 712 status

304 741 338 783 ¹⁸·
453 768 510 812 nes
534 749 630 830 hujus
653 751 806 834 temporis
830 750 868 814 ad
891 751 1031 814 futuram
1053 751 1198 832 gloriam.
1254 770 1331 813 suus
1353 751 1509 834 permittit
1528 759 1585 813 aut
1605 750 1712 832 exigit.

493 848 588 910 Sexto
620 849 735 912 caritas
768 850 1019 923 commendatur,
1052 849 1128 930 quia
1162 848 1199 909 ad
1294 851 1456 924 Praeterea,
1473 850 1623 932 quoniam
1647 849 1716 911 sine
1738 847 1904 912 dilectione
1923 866 1978 930 pro

451 947 597 1009 omnium
627 946 861 1010 observantiam
892 954 1124 1030 praeceptorum
1154 947 1201 1008 in·
1256 949 1333 1010 simi
1357 965 1420 1011 non
1445 955 1549 1031 potest
1570 946 1681 1010 haberi
1706 946 1834 1010 dilectio
1858 947 1921 1019 Dei,
1938 965 1978 1008 ne·

451 1044 549 1107 ducit.
565 1045 624 1118 Qui
652 1045 740 1108 enim
770 1045 926 1109 veraciter
955 1045 1059 1126 diligit
1087 1045 1199 1118 Deum,
1255 1066 1416 1129 quaquam
1438 1047 1621 1109 omittamus
1643 1063 1754 1108 omnes
1774 1043 1904 1124 diligere
1925 1063 1979 1126 pro·
2070 1059 2071 1066 ¹

451 1143 541 1226 cupit
556 1142 626 1225 ejus
640 1143 807 1218 honorem,
825 1145 896 1206 ideo
910 1144 981 1226 ejus
997 1143 1109 1226 implet
1124 1163 1202 1226 prae
1256 1145 1371 1218 simos,
1386 1153 1683 1228 quantumcumque
1700 1161 1877 1226 perversos,
1892 1142 1981 1204 adver·

451 1249 553 1324 cepta.
1256 1243 1356 1306 sarios
1380 1243 1448 1306 sive
1474 1242 1655 1306 incredulos
1679 1260 1686 1304 :
1710 1242 1826 1324 primo,
1851 1241 1980 1323 quonian

491 1339 594 1413 Quum
615 1357 690 1421 ergo
710 1347 776 1402 tam
796 1340 1019 1423 multipliciter
1038 1356 1200 1402 commen·
1257 1341 1340 1403 Deus
1364 1341 1424 1402 hoc
1446 1340 1543 1422 jussit
1566 1348 1598 1402 et
1620 1341 1736 1421 exigit3
1757 1339 1905 1411 secundo,
1923 1337 1983 1417 quia

451 1435 567 1500 dabilis
583 1437 623 1500 sit
639 1437 754 1501 caritas
769 1445 889 1512 sancta,
899 1456 969 1500 eam
986 1437 1060 1500 totis
1076 1436 1200 1499 viribus
1258 1439 1394 1522 proximi
1410 1457 1521 1503 omnes
1535 1439 1575 1500 ad
1588 1439 1643 1501 Dei
1659 1438 1833 1520 imaginem
1847 1445 1879 1500 et
1892 1435 1984 1498 simili·

451 1535 634 1617 diligamus,
657 1555 848 1618 queramus,
873 1536 1045 1610 custodire,
1067 1535 1200 1610 nutrire,
1258 1537 1401 1600 tudinem
1418 1544 1492 1600 sunt
1507 1536 1622 1617 creati3
1638 1537 1743 1611 tertio,
1759 1536 1836 1619 quia
1850 1552 1906 1617 pro
1919 1535 1985 1615 ipso
2071 1551 2072 1602 t

454 1631 611 1714 perficere
631 1653 702 1696 eam
727 1634 760 1696 in
783 1633 876 1697 nobis
898 1652 962 1697 non
982 1634 1202 1715 negligamus;
1258 1654 1329 1696 rum
1345 1635 1446 1697 salute
1460 1635 1586 1698 occisus
1600 1643 1649 1697 est
1663 1633 1762 1697 filius
1778 1633 1985 1708 Dei,etadlruc

383 1759 440 1796 mv,
454 1737 486 1792 et
505 1730 597 1812 juxta
619 1733 792 1814 apostolica
813 1733 1016 1806 documenta,
1032 1732 1203 1814 diligamus
1257 1751 1389 1815 capaces
1413 1740 1488 1794 sunt
1509 1733 1634 1795 fruetus
1658 1741 1691 1794 et
1715 1731 1824 1795 meriti
1849 1731 1986 1812 passionis

336 1846 341 1855 ·
454 1829 566 1903 Deum,
582 1830 734 1913 quoniam
759 1830 847 1912 prior
869 1831 982 1894 dilexit
1005 1849 1072 1894 nos.
1092 1831 1204 1905 Quem·
1219 1828 1242 1890 B
1259 1831 1526 1912 Christi3quarto,
1535 1830 1688 1913 quoniam
1702 1831 1796 1894 aliter
1810 1829 1923 1892 salvari
1936 1846 1986 1891 non

453 1928 623 1991 admodum
643 1929 761 1991 etenim
781 1949 902 2011 magnae
921 1929 1072 1993 bonitatis
1091 1937 1122 1991 et
1135 1947 1205 2012 per·
1259 1947 1447 2012 possumus;
1464 1930 1586 2010 quinto,
1603 1929 1679 2010 quia
1700 1947 1758 2011 per
1777 1929 1838 1991 boc
1858 1946 1987 2008 magnam

453 2026 602 2090 fectionis
622 2035 682 2102 est,
698 2027 847 2091 inimicos
866 2036 898 2092 et
916 2029 1121 2091 adversantes
1140 2028 1203 2090 sin·
1259 2026 1351 2090 valde
1379 2028 1512 2109 gratiam
1537 2028 1571 2090 in
1594 2027 1660 2089 vita
1682 2026 1742 2090 bac
1771 2043 1987 2110 promeremur,

453 2143 526 2188 cere
541 2134 572 2188 et
587 2125 708 2208 absque
722 2127 831 2189 renisu
847 2127 998 2208 diligere3
1014 2127 1061 2189 sio
1075 2125 1204 2208 grandis
1260 2126 1421 2208 copiosam
1441 2144 1569 2209 quoque
1591 2126 1623 2188 in
1644 2125 1726 2188 coelo
1742 2125 1879 2207 gloriam
1897 2123 1989 2186 sortie-
2072 2173 2073 2190 i

453 2223 580 2287 duritiae
594 2231 626 2286 et
641 2224 833 2288 detestanda
850 2226 979 2289 malitias
994 2233 1054 2300 est,
1069 2225 1204 2306 diligen·
1260 2243 1349 2304 mur;
1375 2233 1474 2300 sexto,
1499 2225 1651 2307 quoniam
1676 2224 1821 2288 Christus
1845 2231 1877 2286 et
1900 2221 1989 2286 Sancti

452 2328 519 2384 tem
543 2329 575 2384 et
596 2321 850 2386 benefacientem
876 2341 939 2386 non
965 2324 1138 2386 redamare.
1167 2323 1205 2385 Et
1258 2341 1370 2386 omnes
1392 2324 1452 2386 hoe
1475 2323 1567 2386 nobis
1592 2322 1792 2405 implendum
1815 2321 1884 2384 suis
1904 2328 1990 2383 osten-

453 2437 529 2482 eoce
545 2427 662 2502 quanta
676 2427 725 2482 est
741 2420 924 2503 iniquorum
941 2422 1143 2503 perversitas,
1157 2421 1203 2483 in·
1259 2422 1374 2484 derunt
1388 2421 1556 2503 exemplis,
1568 2421 1643 2504 quia
1658 2427 1690 2482 et
1705 2420 1851 2483 Christus
1866 2420 1897 2481 in
1912 2437 1991 2481 cruce

453 2517 624 2599 gratitudo,
640 2518 769 2592 duritia,
784 2519 839 2600 qui
863 2539 964 2601 quum
987 2520 1205 2582 indesinenter
1259 2520 1401 2602 pendens
1415 2537 1473 2603 pro
1488 2519 1555 2582 suis
1569 2519 1748 2582 intercessit
1762 2516 1992 2581 crucifixoribus

453 2616 622 2680 beneficiis
637 2617 692 2680 llei
709 2624 840 2679 utantur
853 2635 890 2679 ac
905 2618 1204 2692 sustententur,imo
1259 2619 1490 2681 crudelissimis
1511 2617 1620 2680 nimis.

453 2720 486 2776 et
504 2715 560 2778 Dei
581 2714 814 2797 omnipotentia
833 2724 1063 2778 conserventur
1081 2716 1114 2778 in
1134 2734 1204 2778 esse
1298 2717 1460 2780 Postremo
1488 2716 1642 2799 quaritur
1667 2715 1753 2779 circa
1779 2715 1940 2798 praedicta,
1960 2732 1993 2774 an

453 2819 486 2874 et
514 2813 700 2886 tolerentur,
726 2812 829 2875 nihilo
858 2813 965 2876 minus
995 2813 1203 2895 ingratissimi
1259 2815 1374 2878 caritas
1389 2816 1423 2878 in
1439 2816 1497 2878 bac
1513 2815 1578 2878 vita
1597 2814 1697 2897 possit
1716 2832 1787 2877 esse
1801 2813 1950 2896 perfecta.
1964 2811 1994 2872 Et
2073 2845 2074 2872 r

453 2917 579 2973 exstant
593 2912 728 2974 Domino
742 2912 818 2987 Deo,
829 2930 890 2975 nec
905 2912 1023 2994 previa
1038 2913 1109 2993 ejus
1125 2912 1204 2974 dile·
1260 2914 1529 2994 respondendum,
1555 2913 1640 2995 quod
1668 2912 1782 2975 caritas
1811 2919 1917 2993 potest
1941 2908 1993 2971 dici
2073 2905 2074 2908 ’

454 3009 558 3072 ctione
579 3010 619 3072 ad
641 3010 871 3074 redamandum
892 3011 1112 3074 emolliuntur.
1219 3010 1411 3093 Cperlecta,
1437 3029 1501 3074 uno
1527 3011 1632 3086 modo,
1660 3031 1699 3074 ex
1728 3019 1818 3093 parte
1841 3007 1994 3089 diligibilis

494 3109 554 3171 Sed
570 3109 670 3190 queri
684 3108 738 3171 bic
753 3117 867 3192 potest,
884 3111 961 3193 quid
977 3111 1018 3172 sit
1036 3111 1138 3172 Deum
1158 3111 1203 3172 di·
1259 3129 1316 3172 seu
1335 3109 1465 3190 objecti,
1486 3117 1522 3172 ut
1542 3127 1641 3191 quum
1664 3109 1744 3170 illud
1765 3109 1799 3170 in
1819 3115 1941 3170 tantum
1960 3103 1995 3166 di·

454 3205 562 3286 ligere.
581 3206 619 3267 Et
634 3206 903 3288 respondendum,
915 3208 1000 3288 quod
1017 3226 1118 3290 quum
1134 3207 1205 3270 dili·
1260 3207 1369 3288 ligitur
1389 3208 1472 3270 siout
1490 3206 1647 3288 diligibile
1668 3213 1780 3269 exstat.
1798 3207 1883 3268 Deus
1903 3212 1995 3268 autem

452 3322 527 3384 gere
548 3305 591 3366 sit
612 3304 710 3366 alicui
728 3304 851 3367 bonum
871 3304 965 3378 velle,
988 3312 1019 3368 et
1039 3324 1204 3368 summum
1260 3313 1308 3368 est
1332 3325 1411 3389 pura
1433 3305 1625 3388 infinitaque
1650 3304 1775 3368 bonitas
1793 3321 1800 3366 :
1818 3304 1937 3366 ideirco
1957 3308 1996 3363 est

454 3400 575 3464 bonum
590 3402 632 3464 sit
647 3402 783 3483 ipsemet
797 3403 891 3476 fleus,
909 3403 1029 3467 idcirco
1043 3404 1144 3466 Deum
1160 3404 1205 3465 di·
1260 3403 1397 3467 infinitas
1411 3402 1628 3465 amabilitatis.
1646 3402 1685 3464 Et
1702 3401 1763 3465 boc
1781 3402 1878 3464 modo
1896 3401 1996 3462 caritas

456 3499 564 3580 ligere,
574 3507 622 3562 est
637 3501 702 3562 lleo
717 3500 799 3563 velle
815 3501 899 3582 quod
915 3501 984 3583 ipse
999 3508 1058 3575 est,
1069 3501 1205 3564 volendo
1261 3501 1367 3563 infusa
1382 3519 1446 3564 non
1461 3508 1583 3562 estnec
1602 3519 1673 3562 esse
1692 3507 1797 3582 potest
1815 3499 1954 3582 perfecta
1970 3496 1997 3557 in

456 3597 486 3659 ei
516 3616 606 3660 suam
636 3598 768 3660 omnino
797 3597 987 3660 immensam
1017 3597 1203 3672 bonitatem,
1261 3618 1463 3681 quacumque
1479 3605 1586 3661 mente
1602 3605 1716 3673 ereata,
1733 3617 1793 3661 nec
1810 3596 1995 3664 inservita

457 3694 699 3777 perfectionem,
711 3695 908 3769 felicitatem,
920 3696 1122 3777 sapientiam,
1139 3714 1203 3759 om·
1261 3716 1365 3778 neque
1381 3697 1412 3759 in
1428 3697 1547 3779 patria;
1564 3696 1619 3759 sed
1636 3695 1704 3777 ipse
1719 3693 1998 3777 supergloriosissi·

457 3791 679 3874 nipotentiam,
695 3792 980 3874 pulchritudinem,
994 3795 1202 3876 maiestatem.
1262 3815 1333 3857 mus
1348 3796 1431 3859 lleus
1446 3794 1573 3857 infinite
1586 3793 1755 3857 amabilior
1769 3801 1818 3856 est
1833 3811 1927 3876 quam
1940 3808 1999 3873 pos

458 3891 497 3953 Et
517 3891 669 3972 quoniam
689 3889 754 3951 Deo
774 3889 908 3952 debetur
926 3911 944 3953 a
962 3892 1029 3955 suis
1053 3893 1205 3956 creaturis
1262 3895 1304 3957 sit
1331 3912 1350 3956 a
1378 3893 1532 3955 creaturis
1561 3892 1672 3967 amari,
1699 3893 1833 3974 ipseque
1862 3891 1946 3953 solus
1971 3905 1998 3950 se

459 3989 616 4051 maximus
632 3989 785 4050 honorae
800 4004 959 4068 congruus
979 3990 1095 4064 cultus,
1112 3992 1205 4054 idcir·
1262 3993 1369 4074 ipsum
1385 3991 1525 4073 perfecte
1539 3998 1633 4053 amat.
1652 3991 1810 4064 Secundo,
1827 3990 1939 4052 caritas
1953 4003 1998 4069 po

458 4104 495 4150 co
515 4087 615 4150 Deum
636 4087 780 4168 diligere,
800 4095 849 4149 est
868 4088 963 4150 etiam
978 4089 1060 4152 velle
1080 4098 1111 4152 et
1126 4098 1205 4153 sata-
1262 4097 1324 4154 test
1347 4090 1409 4152 dici
1435 4089 1575 4172 perfecta
1599 4108 1638 4151 ex
1663 4095 1752 4170 parte
1777 4087 1915 4170 subjecti
1942 4086 1999 4148 sive

457 4203 531 4266 gere
546 4193 582 4246 ut
597 4185 665 4267 ipse
677 4183 717 4246 ab
733 4183 884 4247 omnibus
899 4185 1085 4248 bominibus
1099 4186 1206 4250 debita
1221 4192 1247 4255 Ι)
1261 4188 1409 4261 amantis,
1433 4188 1561 4268 quando
1583 4186 1734 4248 videlicet
1756 4186 1876 4269 aliquis
1900 4203 1999 4247 secun·

458 4284 641 4356 honoretur,
651 4282 771 4364 jugiter
786 4290 818 4345 et
833 4282 964 4345 colatur.
977 4283 1107 4365 Propter
1121 4285 1207 4366 quod
1262 4287 1338 4349 dum
1361 4294 1462 4348 totum
1485 4303 1578 4366 posse
1600 4303 1694 4347 suum
1716 4284 1823 4365 diligit
1847 4285 1954 4346 Deum.
1969 4279 2000 4342 m

457 4381 570 4444 asserit
584 4381 792 4462 Augustinus,
809 4381 894 4462 quod
910 4381 965 4444 ille
980 4382 1013 4445 in
1029 4382 1084 4444 Dei
1099 4401 1207 4446 amore
1262 4383 1323 4445 boc
1337 4383 1507 4465 tripliciter
1521 4383 1647 4445 accidit.
1669 4381 1786 4456 Primo,
1803 4383 1881 4444 dum
1897 4378 1999 4461 aliquis

458 4486 507 4540 est
522 4480 623 4561 maior
637 4479 705 4540 sive
720 4479 903 4561 perfectior,
917 4479 972 4560 qui
989 4479 1097 4561 plures
1111 4481 1208 4544 trabit
1264 4489 1327 4542 toto
1352 4481 1446 4543 corde
1476 4480 1693 4542 indesinenter
1720 4479 1889 4543 actualiter
1912 4477 2001 4540 fertur

458 4577 497 4638 ad
514 4577 614 4658 ipsius
628 4594 779 4639 amorem.
797 4577 848 4640 Sic
870 4576 977 4659 itaque
997 4578 1098 4640 Deum
1114 4578 1208 4641 fervi·
1263 4579 1296 4640 in
1312 4580 1422 4641 lleum.
1441 4579 1479 4640 Et
1494 4579 1553 4640 ista
1567 4585 1616 4640 est
1630 4577 1787 4660 perfectio
1803 4579 1924 4660 patria,
1940 4593 1999 4657 qua

460 4676 499 4737 de
515 4675 696 4755 diligamus,
707 4683 739 4736 et
755 4675 869 4737 intima
883 4677 1156 4756 congratulatione
1170 4696 1207 4739 ac
1263 4677 1295 4738 in
1311 4678 1363 4739 via
1378 4676 1487 4739 haberi
1503 4693 1566 4738 non
1583 4682 1686 4758 potest
1700 4683 1834 4758 propter
1849 4673 2000 4738 infirmita·

461 4771 691 4853 complacentia
705 4771 843 4834 velimus
862 4773 891 4834 ei
913 4772 997 4853 quod
1017 4773 1086 4854 ipse
1102 4784 1159 4848 est,
1176 4783 1209 4837 et
1262 4780 1327 4835 tem
1343 4773 1416 4836 vita
1430 4773 1588 4847 humana,
1604 4773 1756 4854 quoniam
1772 4779 1855 4835 teste
1871 4771 2000 4852 Scriptu-

461 4869 546 4953 quod
566 4868 673 4943 habet,
689 4876 784 4951 atque
806 4870 891 4951 quod
910 4870 940 4931 ei
960 4869 1103 4933 debetur.
1120 4872 1209 4946 Quod
1263 4891 1307 4946 ra,
1324 4873 1446 4954 Corpus
1464 4869 1672 4953 corruptibile
1693 4879 1845 4952 aggravat
1859 4871 1998 4940 animam,
2010 4879 2075 4948 spat

463 4986 527 5031 non
548 4968 625 5030 facit
644 4968 706 5030 nisi
728 4968 784 5049 qui
806 4968 840 5030 in
862 4967 976 5049 primis
1001 4970 1209 5050 personaliter
1263 4979 1294 5032 et
1322 4969 1473 5052 deprimit
1502 4977 1628 5031 terrena
1658 4968 1850 5034 inhabitatio
1883 4985 1999 5032 sensum

463 5068 564 5129 Deum
583 5067 728 5140 honorat,
744 5066 774 5127 ei
794 5065 827 5127 in
846 5063 997 5127 omnibus
1020 5064 1207 5144 obediendo,
1264 5068 1364 5130 multa
1379 5068 1745 5149 cogitantemsecundo,
1755 5068 1914 5151 contingit
1928 5064 2000 5130 istud

462 5163 578 5228 deinde
592 5161 712 5236 verbis,
728 5162 935 5237 orationibus,
951 5162 1079 5244 scriptis
1095 5165 1145 5227 vel
1159 5185 1211 5230 ex·
1263 5168 1339 5229 dum
1354 5167 1471 5249 aliquis
1486 5175 1587 5230 totum
1609 5167 1752 5230 studium
1772 5187 1870 5231 suurn
1889 5167 2002 5232 ordinat

462 5263 634 5348 emptis,ac
647 5261 799 5324 virtuosis
813 5261 1060 5344 operibusalios
1074 5261 1113 5325 ad
1127 5263 1211 5328 idem
1263 5265 1303 5327 ad
1322 5264 1499 5328 vacandum
1520 5265 1585 5328 Deo
1607 5271 1638 5327 et
1659 5265 1886 5348 spiritualibus
1904 5264 1999 5339 rebus,
