4140 6258
434 462 495 528 364
782 478 932 528 nomurm
951 478 984 526 ru
1004 477 1077 526 rosr
1097 475 1293 525 rnrurmrcu.
1310 495 1351 508 —
1371 477 1470 526 suerro
1490 477 1642 527 sncuunrs

435 653 486 728 da,
503 652 654 736 quoniam
670 653 809 716 maxime
824 653 956 716 dedecet
970 669 1099 715 omnem
1117 670 1183 714 cre·
1197 651 1223 716 A
1237 651 1389 714 adversus
1414 651 1501 714 illius
1525 651 1633 716 vivere
1656 650 1849 715 veluntatem
1866 670 1883 714 a
1903 671 1949 736 quo

434 758 559 815 aturam
575 752 824 815 intellectualem
840 770 876 815 ac
892 750 1184 815 rationalemCrea·
1238 751 1344 834 ipsum
1361 750 1469 814 vivere
1488 751 1651 834 accepisti,
1668 757 1700 814 et
1718 750 1803 813 illius
1821 761 1951 834 precepta

433 856 506 912 ture
526 851 647 934 quippe
667 868 705 913 eo
726 851 795 933 ipso
815 867 878 933 quo
898 857 1053 924 creatura,
1070 856 1118 912 est
1132 869 1182 912 res
1237 849 1401 933 despicere
1416 849 1472 932 qui
1487 850 1558 914 ideo
1577 849 1723 932 precipit
1737 857 1772 912 ut
1786 868 1900 912 suumn
1912 849 1951 912 ba·

434 948 618 1030 dependens
640 967 677 1011 ac
699 948 856 1030 indigene,
873 955 905 1011 et
928 949 967 1010 de
989 966 1023 1010 se
1045 965 1108 1010 non
1130 947 1184 1009 ba·
1237 946 1310 1010 beat
1332 948 1579 1011 remunerandit

434 1046 514 1110 bens
529 1047 591 1110 nisi
613 1046 763 1122 delicere,
780 1047 846 1110 imo
864 1047 946 1109 nibil
966 1065 1045 1110 esse.
1062 1047 1136 1120 Quae
1156 1046 1182 1108 si
1276 1046 1393 1121 Quinto
1417 1047 1568 1129 superbia
1589 1054 1637 1110 est
1660 1047 1797 1109 maxime
1817 1046 1951 1128 fugienda,

433 1145 473 1207 ad
501 1152 703 1208 momentum
727 1145 789 1207 sibi
815 1145 876 1228 ipsi
906 1145 1141 1227 relinqueretur
1164 1163 1182 1206 a
1237 1145 1312 1228 quia
1334 1152 1400 1207 tam
1425 1145 1525 1207 multa
1546 1165 1584 1208 ex
1608 1165 1646 1209 ea
1670 1145 1817 1209 oliuntur
1837 1155 1950 1226 peccata.

434 1243 593 1320 Creatore,
620 1244 781 1306 laberetur
809 1243 842 1306 iu
867 1243 1005 1306 nihilum
1033 1261 1039 1304 :
1064 1243 1182 1324 jugiter
1236 1243 1324 1306 Unde
1340 1243 1372 1305 in
1389 1243 1610 1308 Ecclesiastico
1630 1243 1732 1306 lertur
1749 1261 1756 1305 :
1773 1243 1890 1306 Initium
1902 1261 1952 1306 on·
1963 1267 2038 1313 ratur..

434 1359 510 1423 ergo
534 1341 629 1404 subdi
653 1341 749 1405 debet
772 1342 902 1425 proprio
924 1341 1063 1405 Creatori
1087 1349 1119 1402 et
1143 1341 1181 1404 ad
1236 1341 1286 1405 nis
1311 1341 1434 1424 peccati
1455 1351 1504 1405 est
1525 1343 1693 1426 superbia;
1709 1343 1766 1424 qui
1785 1342 1909 1406 tenuerit
1925 1343 1951 1404 il·

434 1439 542 1522 ipsum
558 1441 711 1515 converti,
729 1440 823 1523 eique
837 1447 940 1522 grates
955 1440 1131 1522 rependere
1145 1458 1181 1502 ac
1236 1439 1311 1513 lam,
1328 1439 1514 1523 implebitur
1530 1441 1719 1516 maledictis,
1732 1440 1762 1502 id
1778 1448 1826 1503 est
1837 1440 1951 1514 uitiiset

433 1538 664 1602 omnebonum
681 1537 870 1602 adscribere.
887 1538 1091 1601 Potissimum
1106 1555 1183 1620 quo·
1237 1538 1400 1602 subvertet
1414 1558 1488 1601 eum
1510 1539 1542 1601 in
1562 1540 1672 1602 linem.
1691 1539 1783 1604 Circa
1800 1539 1876 1622 quod
1889 1557 1953 1601 asse

434 1655 496 1718 que
513 1635 664 1718 superbia
680 1655 743 1700 non
758 1636 850 1700 decet
865 1637 1040 1710 hominem,
1052 1641 1182 1718 propter
1236 1637 1278 1699 rit
1302 1637 1411 1702 Glossa
1428 1655 1435 1700 τ
1453 1638 1496 1701 lle
1517 1638 1668 1721 superbia
1689 1645 1860 1700 nascuntur
1879 1637 1954 1701 here

434 1733 647 1817 multiplicem
671 1734 741 1816 ejus
763 1734 968 1817 fragilitatem
988 1742 1020 1797 et
1040 1735 1181 1817 corporis
1237 1753 1298 1809 ses,
1315 1735 1497 1810 schismata,
1514 1735 1677 1810 detractio,
1694 1735 1825 1810 invidia,
1844 1735 1954 1817 loquaci·

432 1833 601 1906 vilitatem,
628 1833 736 1896 sordes
762 1840 793 1896 et
818 1832 976 1896 loeditates
1000 1840 1120 1895 nature
1144 1851 1181 1895 ac
1199 1833 1292 1908 Btas,
1301 1835 1470 1909 contentio,
1478 1833 1635 1915 jactantia
1645 1835 1719 1897 ldeo
1734 1834 1779 1896 ait
1792 1833 1953 1896 Bernardus:

434 1932 546 2015 culpa,
566 1931 816 1995 innumerabiles
841 1949 968 2015 quoque
992 1931 1181 1994 defectuosi-
1236 1933 1367 1994 Initium
1397 1933 1502 1997 omnis
1537 1933 1660 2016 peccati
1693 1940 1725 1996 et
1759 1951 1851 1996 causa
1879 1933 1954 1995 totins

434 2039 513 2095 tates
538 2039 569 2094 et
595 2032 789 2095 calamitates
820 2032 930 2115 ipsius.
957 2033 1037 2094 ilinc
1067 2031 1182 2094 clamat
1236 2030 1435 2113 perditionis,
1466 2038 1514 2094 est
1543 2031 1702 2113 superbia.
1730 2030 1875 2112 Quisquis
1897 2047 1955 2110 ergo

288 2153 419 2206 necatas.
434 2131 597 2214 Scriptura
616 2149 623 2192 :
641 2131 723 2204 Quid
746 2130 892 2213 superbit
915 2137 999 2192 terra
1023 2136 1054 2192 et
1078 2129 1181 2192 cinisl
1236 2128 1350 2190 salvari
1373 2128 1545 2204 desideras,
1562 2136 1672 2192 contre
1694 2128 1873 2212 superbiam
1892 2127 1955 2189 habe

300 2253 377 2306 roan,
388 2257 419 2298 ra.
434 2230 525 2313 Apud
539 2229 596 2292 Job
614 2229 745 2292 demum
765 2229 918 2291 scribitur
934 2245 941 2290 :
958 2229 1012 2290 Vir
1027 2247 1128 2291 vanus
1148 2227 1180 2290 in
1237 2226 1269 2288 in
1287 2235 1393 2288 mente
1409 2245 1537 2289 crucem
1553 2226 1681 2302 Christi,
1694 2247 1734 2290 ue
1750 2228 1782 2289 iu
1798 2225 1955 2308 superbiam

434 2327 618 2410 superbiam
648 2327 792 2408 erigitur,
818 2333 850 2389 et
872 2333 1024 2409 tanquam
1055 2327 1181 2408 pullum
1235 2325 1380 2387 eleveris.
1398 2325 1551 2406 Denique,
1571 2333 1692 2407 quanto
1715 2326 1851 2408 quisque
1869 2341 1956 2405 super·

344 2424 350 2435 '
433 2426 542 2507 onagri
568 2443 602 2487 se
627 2425 765 2487 liberum
787 2432 896 2487 natum
920 2432 1017 2508 putat.
1036 2424 1115 2487 ilinc
1137 2425 1181 2488 lo·
1236 2422 1699 2504 biorluerit,tantoinjuriam
1718 2423 1780 2486 sibi
1800 2423 1908 2486 illatam
1923 2440 1957 2484 re·

433 2524 543 2607 quitur
567 2523 718 2604 Origenes
743 2541 749 2585 :
774 2523 846 2598 Cur,
873 2524 979 2597 bomo,
1003 2522 1181 2604 arrogantia
1235 2528 1327 2602 putat
1340 2521 1519 2602 graviorem
1536 2538 1543 2583 ε
1561 2521 1671 2604 sicque
1690 2521 1723 2583 in
1739 2521 1820 2584 iram
1835 2520 1956 2601 etimpa·

433 2623 578 2696 elevariS,
595 2621 789 2685 obliviscens
810 2621 887 2703 quid
910 2622 983 2695 eris,
1000 2640 1096 2704 quam
1118 2620 1179 2683 ira·
1234 2618 1379 2682 tieutiam
1395 2619 1470 2693 ruit,
1487 2626 1582 2702 atque
1602 2620 1754 2682 adversus
1772 2638 1828 2683 eos
1847 2618 1957 2701 quisue

431 2721 488 2804 gili
511 2737 643 2803 corpore
668 2719 871 2794 continearis,
895 2719 1011 2802 quibus
1037 2720 1180 2782 stercori·
1234 2717 1389 2779 voluntati
1422 2717 1666 2793 contrariantur,
1698 2717 1794 2780 iacile
1829 2717 1957 2780 invidiam

431 2820 491 2882 bus
506 2821 550 2882 sis
565 2820 746 2894 immersus,
756 2826 788 2881 ct
803 2818 909 2901 qualia
924 2837 1051 2900 semper
1066 2838 1179 2900 purga·
1234 2817 1385 2900 concipit,
1411 2825 1442 2880 et
1466 2817 1585 2879 talibus
1613 2817 1809 2897 indignatur,
1834 2813 1956 2886 detrabit,

431 2925 538 2980 menta
559 2917 599 2980 de
621 2925 675 2979 tua
696 2916 828 2998 projicis
849 2919 963 2979 cernel
1233 2915 1528 2988 maledicitQuanto
1543 2914 1640 2977 etiam
1654 2915 1726 2996 quis
1743 2921 1791 2976 est
1807 2911 1956 2995 superbior,

463 3017 579 3090 Quarto
593 3015 742 3098 superbia
756 3023 804 3077 est
819 3015 956 3077 maxime
970 3014 1177 3090 abhorrenda,
1195 3017 1216 3081 C
1233 3020 1320 3076 tanto
1336 3011 1472 3095 majores
1492 3013 1706 3076 communiter
1725 3012 1832 3076 lacere
1846 3009 1907 3073 vult
1917 3029 1957 3071 ex·

431 3113 582 3196 quoniam
599 3114 667 3196 ipsa
682 3113 887 3196 potissimum
905 3112 1131 3175 contumeliam
1147 3120 1179 3175 et
1233 3129 1359 3194 pensas,
1385 3119 1416 3174 et
1439 3111 1611 3195 pretiosius
1638 3111 1728 3173 indui
1759 3109 1957 3188 curiosiusque

430 3211 595 3293 injuriam,
620 3211 765 3295 rapinam
796 3219 827 3273 et
851 3211 973 3273 lurtum
1003 3209 1078 3273 iacit
1103 3211 1175 3274 Deo.
1232 3210 1338 3273 ornari
1356 3227 1362 3271 :
1380 3211 1490 3293 sicque
1505 3228 1543 3273 ex
1559 3209 1711 3293 superbia
1725 3216 1958 3291 generaturam·

283 3329 415 3382 imeae.
430 3309 494 3373 Soli
516 3310 635 3372 etenim
658 3310 722 3373 ileo
742 3309 899 3372 altissimo
923 3309 1057 3371 debetur
1078 3310 1178 3371 bonor
1233 3309 1316 3384 ritia,
1339 3315 1371 3370 ct
1395 3308 1471 3371 filiae
1496 3308 1577 3389 ejus,
1604 3315 1680 3391 puta
1697 3325 1705 3369 :
1723 3307 1823 3380 fraus,
1846 3306 1956 3373 lurtum,

430 3417 462 3471 et
489 3408 600 3490 glorie,
626 3407 825 3491 principatus
854 3414 885 3470 et
914 3407 1120 3486 excellentia3
1146 3414 1178 3470 et
1233 3407 1354 3489 rapina,
1375 3425 1482 3482 usura,
1504 3406 1651 3481 simonia,
1675 3406 1885 3476 mendacium,
1903 3421 1958 3485 per-

430 3505 490 3568 ista
505 3506 567 3568 sibi
584 3513 717 3588 usurpat
736 3505 905 3588 superbus,
923 3505 1074 3588 quoniam
1095 3505 1177 3568 inse
1230 3507 1364 3588 jurium,
1380 3505 1446 3568 imo
1461 3505 1621 3568 interdum
1641 3504 1738 3567 etiam
1758 3503 1956 3568 homicidium.

430 3604 520 3686 cupit
539 3604 687 3667 honorari
702 3623 738 3666 ac
758 3604 910 3686 reputari,
928 3622 1063 3686 praeesse
1082 3611 1177 3686 atque
1232 3605 1270 3667 Et
1285 3605 1329 3667 ita
1347 3603 1442 3667 facile
1461 3611 1509 3666 est
1529 3623 1663 3686 pensare
1682 3603 1822 3685 qualiter
1835 3601 1958 3666 omniurn

430 3701 597 3774 excellere,
623 3702 688 3764 imo
717 3721 751 3764 se
780 3701 886 3783 ipsum
916 3701 981 3764 Deo
1009 3701 1174 3784 praeponit.
1231 3703 1383 3767 vitiorum
1402 3702 1502 3784 origo,
1520 3703 1629 3783 regina
1647 3709 1679 3764 et
1694 3702 1786 3764 radix
1802 3699 1958 3784 appelletur

430 3801 512 3863 Deus
535 3799 683 3881 equidem
703 3798 772 3861 vult
791 3807 827 3861 ut
845 3819 910 3862 suae
929 3799 1084 3861 voluntati
1105 3799 1177 3862 obe·
1231 3800 1391 3883 superbia.
1417 3800 1539 3864 ldeirco
1565 3800 1679 3863 'lobias
1704 3799 1750 3862 ait
1764 3817 1774 3862 ἰ
1792 3797 1957 3881 Superbiaru
1970 3807 2044 3851 rasa

430 3897 552 3976 diatur;
574 3896 732 3979 superbus
756 3915 831 3961 vero
856 3917 919 3961 non
944 3898 1119 3980 acquiescit
1143 3898 1175 3959 in
1231 3917 1396 3981 nunquam
1420 3898 1530 3962 intuo
1553 3916 1649 3960 sensu
1671 3904 1726 3960 aut
1748 3898 1782 3960 in
1805 3896 1959 3960 verbotuo

429 3996 500 4071 boc,
527 3996 582 4058 sed
612 3995 731 4058 resistit
755 3997 887 4079 vultque
911 3997 1073 4080 propriam
1102 3996 1176 4060 lieri
1231 3996 1388 4060 dominari
1404 3996 1591 4078 permittas;
1608 3996 1640 4058 in
1657 3995 1726 4079 ipsa
1741 3995 1830 4058 enirn
1844 3991 1959 4075 sumpsit

428 4094 635 4158 voluntatem.
666 4094 833 4177 Quumque
865 4097 948 4158 Deus
976 4112 1040 4158 uon
1071 4095 1176 4176 exigat
1231 4095 1359 4157 initium
1390 4094 1495 4156 omnis
1520 4093 1667 4175 perditio.
1692 4094 1728 4156 ln
1756 4090 1959 4156 Ecclesiastico

428 4211 519 4256 suam
533 4192 607 4256 lieri
622 4193 825 4264 voluntatem,
835 4194 898 4256 nisi
914 4193 946 4256 in
962 4193 1058 4256 licitis
1075 4201 1106 4256 et
1120 4193 1174 4256 bc·
1190 4185 1215 4256 b
1230 4211 1357 4276 quoque
1373 4191 1558 4274 precipitur
1575 4209 1581 4253 :
1598 4191 1666 4254 Non
1680 4195 1714 4254 te
1732 4191 2044 4256 exterminasse-..1

427 4291 537 4368 uestis,
559 4291 718 4375 superbus
743 4311 833 4354 suam
858 4292 927 4354 vult
951 4291 1034 4366 lieri,
1057 4292 1121 4354 imo
1145 4298 1176 4355 et
1230 4290 1382 4373 gitatione
1412 4297 1466 4352 tua
1493 4289 1583 4353 velut
1612 4297 1732 4365 taurus,
1760 4292 1816 4354 sed
1844 4269 2018 4352 humiliabi

428 4389 504 4452 iacit
533 4391 731 4454 voluntatem
760 4390 794 4453 in
819 4391 996 4453 inhonestis
1024 4398 1119 4472 atque
1142 4390 1174 4452 in
1231 4390 1322 4454 valde
1341 4388 1490 4472 spiritum
1506 4395 1610 4463 tuum,
1628 4389 1703 4471 quia
1718 4389 1860 4452 vindicta
1872 4385 1958 4468 impii,

427 4488 561 4563 illicitis,
586 4489 696 4570 sicque
726 4489 845 4552 directe
874 4488 1008 4572 opponit
1036 4507 1071 4550 se
1099 4490 1173 4551 Deo.
1231 4489 1313 4570 iguis
1334 4496 1366 4551 et
1386 4488 1515 4550 vermis.

288 4604 371 4655 rotat.
382 4607 415 4656 ra,
428 4586 559 4668 Propter
574 4587 658 4668 quod
673 4587 829 4670 scriptum
846 4596 894 4650 est
910 4605 917 4649 :
932 4588 1012 4661 Quid
1027 4594 1058 4650 te
1073 4587 1177 4650 elevat
1271 4587 1364 4650 Sexto
1380 4586 1531 4669 superbia
1546 4586 1684 4649 maxime
1698 4595 1748 4650 est
1762 4587 1961 4666 vitandaque

283 4671 315 4710 ¹³·
429 4703 484 4748 cor
498 4692 601 4759 tuum,
618 4693 649 4746 et
664 4685 755 4767 quasi
771 4704 885 4767 magua
899 4686 1051 4768 cogitans,
1065 4687 1177 4748 attoni·
1230 4686 1317 4748 niam
1342 4685 1518 4748 maximum
1542 4685 1640 4748 iniert
1660 4685 1777 4750 anime
1801 4687 1959 4750 damnum:

428 4791 476 4846 tos
491 4781 589 4844 hebes
605 4783 731 4846 oculos?
742 4783 821 4858 Quid
837 4792 940 4847 tumet
955 4792 1063 4847 contra
1078 4786 1177 4848 Deum
1230 4784 1346 4867 primo,
1363 4783 1514 4866 quoniam
1534 4782 1638 4847 elficit
1657 4803 1727 4847 earu
1748 4784 1876 4848 diabolo
1889 4778 1960 4844 simi·

429 4880 562 4963 spiritus
584 4885 679 4944 tuusl
694 4881 774 4944 llinc
795 4882 901 4945 denuo
921 4883 966 4946 ait
987 4883 1174 4966 Scriptura:
1230 4883 1294 4945 lem
1301 4900 1310 4961 ;
1322 4882 1469 4956 secundo,
1477 4883 1553 4964 quia
1569 4901 1625 4966 per
1639 4901 1710 4946 eam
1726 4883 1871 4965 privatur
1883 4880 1962 4942 bomo

294 4997 401 5042 reraae.
430 4979 577 5043 Cucurrit
607 4979 726 5062 impius
754 4980 907 5043 adversus
938 4982 1038 5044 Deum
1069 4989 1176 5045 erecto
1231 4981 1339 5044 divino
1363 4979 1493 5056 auxilio,
1511 4981 1621 5064 sicque
1646 4981 1679 5043 iu
1704 4999 1836 5045 omnem
1860 4975 1961 5042 corruit

429 5077 522 5151 colle,
539 5083 571 5140 et
586 5077 697 5159 pingui
713 5077 838 5141 cervice
853 5086 992 5142 armatus
1008 5087 1064 5143 est.
1082 5080 1176 5142 ldcir·
1231 5079 1438 5162 pravitatem3
1461 5081 1565 5156 tertio,
1590 5080 1666 5162 quia
1691 5079 1853 5162 praecipue
1875 5073 1961 5141 allicit

429 5193 466 5238 co
482 5175 560 5238 dicit
574 5175 784 5260 Hieronymus
796 5176 893 5251 :Quid
908 5185 972 5240 tam
989 5177 1173 5260 superbum,
1230 5176 1394 5241 bominem
1415 5177 1531 5241 divine
1552 5177 1798 5240 illuminationis
1822 5186 1855 5240 et
1869 5173 1961 5257 gratie

430 5275 507 5357 quid
531 5281 597 5338 tam
622 5274 782 5356 ingratum
810 5276 913 5338 videri
939 5282 1053 5359 potest,
1079 5295 1174 5359 quam
1232 5277 1426 5361 incapacem.
1445 5276 1597 5360 Superbis
1619 5277 1714 5340 etiam
1736 5277 1822 5340 Deus
1849 5272 2045 5339 resistite-u*
