4140 6258
529 849 946 976 DOMINIGA
995 853 1089 975 XI
1137 851 1348 978 POST
1400 850 1907 977 TRINITATEM

872 1524 1175 1612 ENARRATIO
1208 1525 1262 1612 IN
1295 1524 1587 1611 EPISTOLAM

624 1789 728 1837 uoruri
748 1789 835 1836 voms
857 1788 947 1836 ricto
968 1789 1163 1836 uviucntvuu
1184 1787 1264 1845 ouon
1285 1789 1467 1846 ranorcnm,
1488 1787 1552 1835 nnc.
1570 1772 1582 1833 l
1598 1770 1666 1835 Gor.
1684 1789 1737 1846 xv,
1753 1769 1834 1835 l-ltl.

526 2068 717 2134 POSTOLUS
748 2068 781 2130 in
811 2067 959 2150 praesenti
988 2067 1134 2150 epistola,
1163 2068 1203 2129 de
1218 2066 1244 2130 A
1259 2085 1373 2130 munus
1387 2067 1485 2142 Pauli,
1503 2068 1546 2131 ita
1560 2075 1595 2130 ut
1610 2086 1707 2151 super
1722 2067 1877 2150 languidos
1888 2067 1955 2131 deler·
2039 2089 2040 2112 .

529 2167 656 2234 ,Christi
690 2167 935 2240 resurrectione,
968 2166 1006 2228 de
1040 2165 1204 2248 Evangelii
1258 2173 1547 2248 renturacorpore
1562 2167 1632 2249 ejus
1649 2167 1777 2229 sudaria
1792 2166 1842 2230 vel
1853 2166 1955 2230 somiein·
2038 2169 2040 2250 f

455 2266 659 2349 proprietate,
673 2273 769 2348 atque
787 2266 826 2328 de
846 2265 896 2327 sui
916 2265 1017 2347 ipsius
1041 2265 1203 2328 modicita·
1253 2264 1332 2339 etia,
1357 2271 1389 2326 et
1413 2264 1604 2328 recedebant
1627 2263 1667 2327 ab
1694 2266 1742 2328 eis
1771 2265 1920 2348 languores,
1936 2273 1956 2326 et
2039 2309 2040 2324 .

455 2372 486 2426 te
508 2371 688 2447 pertractat.
710 2367 834 2426 Notum
856 2366 944 2424 vodis
966 2365 1065 2441 facto,
1087 2363 1119 2425 id
1144 2370 1202 2438 est,
1258 2362 1390 2444 spiritus
1415 2381 1553 2445 nequam
1582 2362 1836 2444 egrediebantur.
1857 2363 1955 2443 benique

454 2463 495 2524 ad
515 2462 703 2526 memoriam
723 2479 847 2536 revoco,
866 2461 1046 2544 clariusque
1066 2478 1202 2544 expono,
1259 2461 1325 2524 haec
1341 2460 1496 2535 retinetis,
1512 2467 1544 2525 et
1558 2479 1616 2543 per
1632 2461 1840 2543 Evangelium
1854 2459 1956 2524 salvami-

454 2563 674 2640 Idcareqelium
693 2561 780 2640 quod
793 2562 977 2636 predicavi
992 2561 1090 2630 vobis,
1107 2560 1138 2621 id
1157 2566 1205 2623 ost
1259 2558 1303 2634 ni,
1326 2560 1394 2618 cisi
1416 2561 1561 2636 frustra,
1587 2558 1618 2621 id
1643 2568 1691 2622 est
1714 2560 1742 2622 si
1766 2577 1831 2623 non
1852 2559 1955 2626 inaniter,
2038 2599 2040 2634 ,

454 2658 673 2740 evangelicam
707 2659 895 2733 doctrinam,
926 2677 982 2721 seu
1017 2657 1132 2720 bonam
1165 2657 1204 2720 de
1258 2658 1447 2718 credidistis
1467 2657 1658 2739 evangelica
1679 2657 1890 2741 predicationi.

455 2756 580 2820 Christo
604 2757 848 2830 nuntiationem,
866 2761 952 2836 quod
974 2766 1004 2817 et
1025 2758 1203 2834 accepistis,
1301 2757 1443 2816 Tradidi
1466 2759 1565 2827 enim,
1589 2756 1621 2819 id
1645 2764 1693 2820 est
1716 2757 1884 2839 praediotvi,
1900 2756 1958 2814 audit

456 2855 487 2918 id
507 2863 565 2930 est,
587 2855 725 2918 firmiter
745 2855 936 2929 credidistis,
954 2857 990 2914 ire
1010 2876 1072 2935 quo
1092 2865 1122 2915 et
1142 2866 1206 2917 sta·
1260 2855 1490 2931 inpetentem
1510 2863 1558 2918 est
1577 2855 1661 2919 iuter
1680 2857 1840 2938 praecipua
1854 2855 1901 2918 sub
1915 2852 1958 2914 lide

456 2956 510 3025 tis,
527 2955 559 3016 id
579 2962 637 3030 est,
655 2953 866 3037 perseveratis
883 2952 1050 3028 stabiliter,
1067 2961 1099 3016 et
1119 2972 1205 3017 men·
1259 2953 1414 3028 cadentia,
1432 2955 1519 3033 quod
1532 2962 1564 3014 et
1578 2956 1697 3032 accepi,
1714 2954 1747 3016 id
1767 2963 1824 3030 est,
1838 2955 1889 3017 Deo
1900 2967 1958 3013 reve·

454 3060 520 3116 tem
540 3053 579 3116 ad
598 3053 700 3116 ileum
720 3053 875 3116 elevatam
893 3052 1029 3126 habetis,
1042 3071 1105 3129 per
1119 3056 1206 3133 quod
1259 3051 1343 3113 lente
1359 3052 1501 3133 cognovi.
1519 3053 1557 3115 Et
1575 3052 1653 3134 quid
1672 3053 1714 3115 sit
1733 3053 1823 3128 illud,
1838 3049 1959 3131 subjunp'-
2038 3105 2039 3110 ,

454 3161 485 3211 et
508 3154 697 3223 salvamini,
723 3151 756 3214 id
780 3159 839 3226 est,
865 3151 1001 3214 salutem
1025 3151 1202 3232 acquiritis,
1259 3157 1312 3212 tur
1328 3167 1335 3212 τ
1352 3153 1518 3230 quoniam,
1534 3150 1567 3213 id
1582 3158 1630 3214 est
1644 3151 1742 3233 quod,
1759 3154 1891 3214 Christus
1902 3168 1958 3208 mor·

455 3250 612 3313 erodendo
641 3256 673 3312 et
702 3249 894 3332 evangelice
927 3249 1006 3330 legis
1035 3249 1204 3331 praeceptis
1218 3248 1241 3310 B
1261 3258 1337 3310 tuus
1351 3258 1396 3310 est
1407 3267 1470 3325 pro
1485 3251 1628 3325 peccatis
1644 3252 1778 3322 nostris,
1793 3251 1848 3314 hoe
1863 3255 1908 3322 est,
1920 3261 1959 3328 pro

454 3348 650 3413 obediendo:
663 3349 739 3431 quia
753 3367 811 3432 per
826 3347 924 3412 iidem
940 3356 971 3411 et
985 3349 1203 3431 operationem
1259 3347 1439 3429 expiatione
1463 3347 1614 3411 vitiorum
1642 3350 1769 3430 generis
1796 3346 1906 3411 humani
1927 3351 1958 3406 est

454 3448 629 3511 virtuosam
645 3447 751 3511 evadit
771 3447 867 3510 homo
883 3447 1119 3510 damnationem
1135 3466 1205 3529 per·
1259 3444 1434 3508 crucifixus
1451 3445 1564 3527 :juxta
1586 3446 1665 3509 illud
1684 3446 1887 3531 Apoealypsis,
1900 3440 1959 3507 dhri-
1976 3453 2033 3512 oct

388 3622 392 3630 ,
456 3553 596 3629 petuam,
612 3553 708 3629 atque
728 3554 878 3609 aeternam
902 3553 1042 3608 meretur
1064 3565 1151 3609 nunc
1174 3554 1206 3608 et
1259 3549 1326 3605 stus
1352 3542 1465 3605 dilexit
1487 3560 1556 3619 nos,
1582 3551 1614 3606 et
1640 3543 1717 3608 lavit
1741 3562 1798 3608 nos
1820 3564 1836 3607 a
1857 3537 1959 3626 peccatis

456 3651 528 3727 post
546 3643 628 3707 hano
647 3645 746 3707 vitam
766 3644 905 3726 acquirit
922 3644 1068 3707 salutem.
1087 3644 1125 3707 Et
1144 3645 1205 3708 hoc
1259 3640 1376 3703 uostris
1399 3641 1432 3703 iu
1453 3641 1608 3724 sanguine
1629 3659 1706 3722 suo;
1721 3646 1884 3704 secundum
1898 3637 1961 3701 Scri·
2037 3651 2038 3690 t

456 3749 580 3805 constat
598 3760 667 3805 esse
681 3760 805 3818 verum,
822 3763 887 3822 qua
903 3744 1033 3803 ratione
1043 3745 1205 3819 preadica-
1254 3749 1375 3816 proras
1397 3739 1635 3822 Prophetarum,
1652 3741 1708 3823 qui
1729 3742 1789 3805 hoc
1811 3737 1960 3824 prenuntia-

456 3842 561 3901 oerim
583 3841 681 3911 vobis,
697 3842 728 3900 si
748 3842 906 3902 retinetis.
925 3840 1008 3904 Ordo
1032 3840 1205 3905 verborum
1259 3844 1418 3912 vemnt,et
1431 3837 1656 3921 Apostolorum
1670 3857 1708 3902 ae
1723 3839 1960 3921 Evangelistarum

454 3939 578 4002 est:«si
592 3938 736 4001 retinetis
744 3939 813 4013 n,id
825 3946 883 4014 est,
893 3939 925 4001 in
941 3940 1095 4002 memoria
1110 3940 1205 4004 habe·
1259 3937 1315 4018 qui
1335 3936 1395 3999 hoo
1415 3936 1584 4018 impletum
1604 3956 1674 4000 esse
1694 3939 1886 4022 scripserunt.
1900 3931 1961 3997 lhde

454 4038 601 4120 tis,<‹qua
616 4037 737 4100 ratione
746 4036 814 4112 »,id
830 4045 878 4100 est
892 4055 956 4120 quo
971 4037 1049 4112 line,
1060 4057 1123 4120 qua
1137 4059 1204 4122 spe,
1260 4034 1293 4096 in
1314 4034 1392 4098 lsaia
1412 4035 1568 4118 scriptum
1589 4043 1637 4099 est
1654 4053 1661 4098 :
1677 4037 1749 4119 lpse
1768 4043 1865 4100 autem
1881 4031 1962 4094 vulne·
1980 4045 1994 4088 r
2005 4053 2021 4082 c

454 4153 519 4220 quo
541 4142 740 4218 argumento,
767 4157 783 4195 <r
807 4136 1049 4218 predicaverim
1073 4136 1165 4200 vohis
1187 4159 1204 4198 r>
1261 4139 1347 4194 ratus
1361 4141 1409 4195 est
1423 4140 1555 4216 propter
1570 4134 1754 4217 iniquitates
1768 4141 1887 4206 nostras,
1900 4126 1963 4192 attri-

455 4235 662 4318 Evangelium
680 4234 807 4298 Christi.
825 4234 995 4297 Praedicavi
1018 4235 1105 4298 enim
1126 4235 1205 4298 illud
1260 4240 1312 4294 tus
1332 4239 1380 4294 est
1398 4239 1529 4314 propter
1548 4234 1668 4297 scelera
1687 4242 1800 4298 nostra.
1815 4235 1847 4295 lu
1862 4226 1963 4294 threnis
2036 4227 2037 4242 .

454 4334 545 4397 vobis
556 4333 596 4397 ad
609 4334 695 4396 huuc
710 4331 812 4395 linem
824 4339 855 4394 et
867 4340 997 4415 propter
1009 4334 1091 4396 hanc
1103 4352 1204 4416 spem,
1260 4347 1388 4413 quoque
1403 4331 1545 4413 loquitur
1558 4333 1711 4397 ieremias
1724 4351 1731 4397 :
1744 4332 1874 4398 Christus
1886 4323 1964 4392 boni-
1979 4341 2023 4384 oc-

454 4440 490 4493 ut
509 4431 732 4514 adipiscamini
756 4430 943 4494 felicitatem
967 4439 1129 4495 aeternam.
1150 4433 1206 4495 Ar·
1221 4431 1243 4496 c
1260 4447 1321 4490 nus
1336 4436 1447 4510 captus
1462 4436 1511 4493 est
1524 4430 1557 4492 in
1573 4431 1711 4513 peccatis
1727 4430 1844 4495 uostris.
1859 4430 1895 4490 m
1907 4409 1993 4504 quiri

454 4539 642 4610 gumentum
658 4547 786 4612 quoque
801 4547 865 4612 quo
880 4530 1025 4612 probavit
1037 4530 1206 4612 Apostolus
1261 4531 1406 4604 sepultus
1424 4539 1482 4601 est,
1497 4541 1528 4590 et
1543 4533 1623 4610 quia
1638 4531 1819 4592 resurreccit
1833 4527 1916 4589 tertie
1927 4523 1965 4582 die

456 4627 623 4690 veritatem
653 4627 844 4710 evangelice
872 4628 1116 4710 predicationis
1141 4645 1206 4692 uon
1260 4629 1437 4688 secundum
1452 4631 1654 4706 Scripturas.
1673 4630 1717 4693 De
1736 4627 1885 4713 sepultura
1901 4619 1966 4702 equi·

458 4724 521 4788 luit
549 4725 748 4789 ratiocinatio
776 4725 929 4802 humana,
954 4725 1009 4788 sed
1039 4727 1206 4790 miraculo·
1260 4723 1334 4787 dem
1360 4726 1475 4789 Christi
1499 4728 1594 4791 lsaias
1618 4729 1786 4810 praedixit:
1807 4725 1868 4789 Erit
1889 4718 1966 4804 sepul·
1987 4733 2023 4776 [ιι

460 4845 532 4889 rum
547 4825 697 4900 ostensio,
714 4843 777 4907 qua
796 4823 880 4887 Deus
899 4825 1117 4888 testimonium
1136 4845 1206 4908 per·
1262 4843 1352 4887 erum
1372 4824 1442 4907 ejus
1461 4825 1635 4906 gloriosum
1642 4845 1651 4908 3
1667 4828 1814 4910 itemque,
1830 4821 1909 4887 Dabit
1923 4820 1964 4881 in·
1974 4829 2006 4876 rt

323 4940 445 4996 recent.
461 4925 567 4989 hibuit
590 4923 725 4987 veritati.
743 4923 831 4987 Unde
851 4931 882 4985 et
906 4923 982 4986 alibi
1000 4941 1007 4986 :
1024 4924 1207 4988 Praedicatio
1261 4923 1332 5005 pios
1355 4942 1413 5007 pro
1438 4925 1612 5007 sepultura,
1629 4933 1661 4988 et
1683 4927 1792 4990 divites
1815 4941 1869 5006 pro
1890 4925 1965 4984 mort>

459 5024 593 5109 (inquit)
618 5041 688 5085 mee
711 5040 776 5085 non
799 5021 861 5086 luit
885 5023 917 5085 iu
940 5023 1206 5105 persuasibilibus
1260 5041 1327 5085 sua.
1344 5023 1388 5086 De
1402 5025 1633 5089 resurrectione
1648 5043 1771 5108 quoque
1786 5021 1891 5087 Christi
1902 5013 1964 5100 apud

459 5125 608 5187 humanae
623 5120 786 5204 sapientie
801 5121 918 5198 verbis,
935 5123 989 5186 sed
1005 5122 1038 5185 in
1054 5123 1205 5188 ostensio
1261 5121 1339 5185 Osee
1358 5122 1546 5204 preadictum
1566 5131 1614 5186 est
1630 5140 1637 5184 :
1654 5121 1832 5187 Vivilicabit
1851 5137 1899 5182 nos
1914 5119 1966 5199 post
1982 5129 2013 5167 w

314 5265 444 5319 mm
459 5243 499 5288 ne
524 5223 699 5305 signorum.
716 5220 760 5283 De
782 5220 898 5302 quibus
920 5221 952 5282 in
973 5221 1106 5284 Actibus
1129 5222 1204 5304 legi·
1261 5221 1340 5284 duos
1361 5221 1440 5296 dieS,
1457 5229 1489 5284 et
1510 5222 1541 5283 in
1564 5222 1615 5285 die
1638 5223 1730 5286 tertia
1748 5218 1899 5286 suscitabit
1915 5231 1965 5276 nos.

314 5330 347 5374 ¹²·
459 5332 510 5386 tur
527 5339 534 5386 :
551 5322 692 5384 Virtutes
707 5337 770 5382 non
791 5318 930 5383 modicas
949 5318 1027 5382 fecit
1044 5321 1128 5384 lleus
1146 5339 1204 5404 per
1261 5319 1436 5403 sophonias
1451 5338 1578 5403 quoque
1592 5321 1637 5384 ait
1654 5339 1661 5384 :
1678 5321 1827 5406 Exspecta
1842 5313 1985 5394 mediol:
