4154 6258
365 527 513 576 ooumrca
533 528 573 573 xv
594 527 668 576 rosr
687 526 882 574 rarnmursu.
902 545 943 556 -
962 527 1137 576 sumasne
1158 530 1189 576 ru
1209 529 1404 578 svesamma
1597 513 1657 576 tto

13 717 88 768 vnis.
105 694 248 770 diabolo,
268 697 325 779 qui
349 705 385 760 ut
407 698 441 762 iu
463 698 522 762 Job
545 697 708 773 asseritur,
730 704 779 760 θεῖ
802 695 899 761 rexA
952 698 1105 764 Praeterea
1119 699 1303 783 predictam
1323 698 1520 783 superfluam
1541 698 1658 762 sollici·

52 833 58 845 ·
105 813 207 876 super
221 795 388 859 universos
408 795 495 860 iiiios
512 796 681 879 superbia.
698 796 798 860 Nemo
813 815 860 859 er·
914 797 1058 861 tudinem
1083 817 1153 861 osse
1179 797 1354 873 vitandam,
1380 797 1494 881 pmbat
1517 797 1660 861 Salvator

105 910 148 974 go
163 900 269 975 potest
283 893 348 958 llao
367 894 487 958 servire
506 901 538 957 ot
556 894 693 958 diabolo.
710 894 859 969 Quicum·
913 895 1034 959 ratione
1059 904 1090 958 ct
1114 896 1262 980 exemplo
1285 896 1467 979 multiplici.
1494 896 1531 958 Et
1556 895 1661 979 primo

105 1009 172 1072 que
186 992 275 1055 enim
296 993 330 1055 iu
345 993 471 1056 mortali
487 999 536 1056 est
555 993 661 1076 culpa,
678 993 777 1056 servit
793 993 858 1056 dia·
913 1013 971 1076 per
996 994 1101 1058 locum
1125 1014 1144 1057 a
1166 995 1291 1076 majori,
1319 1013 1418 1077 quum
1443 994 1488 1057 ait
1513 1012 1521 1056 :
1544 995 1662 1058 Nonne

58 1113 89 1151 .ιι.
105 1088 183 1152 bolo
205 1098 357 1173 tanquam
379 1091 484 1156 victus
506 1091 546 1154 ab
570 1091 661 1156 eod
684 1108 749 1174 quo
772 1093 858 1154 enim
913 1094 1026 1152 anima
1036 1097 1115 1168 ptus
1129 1103 1175 1153 est
1195 1114 1293 1174 qoam
1313 1094 1408 1154 esca?
1422 1093 1454 1154 id
1474 1100 1532 1167 est,
1551 1091 1662 1173 utique

106 1189 182 1271 quis
198 1197 366 1272 superatus
387 1196 446 1264 cst,
462 1189 560 1271 hujus
575 1199 607 1253 θῖ
621 1209 733 1254 servus
748 1198 807 1266 θεῖ,
825 1197 860 1252 ιιῖ
914 1189 1021 1252 anima
1041 1192 1241 1274 praestantior
1260 1199 1309 1254 est
1326 1193 1416 1255 omni
1435 1207 1587 1272 corporeo
1606 1188 1662 1252 ali·

105 1287 249 1350 secunda
268 1288 351 1351 Petri
371 1289 516 1352 babetur.
534 1290 628 1354 Porro
648 1290 703 1372 qui
724 1289 756 1351 in
777 1306 859 1353 mor·
914 1295 1040 1368 ment03
1056 1288 1663 1370 etcospospiusquomoestimentom?

105 1387 162 1449 tali
188 1395 320 1471 peccato
344 1396 403 1463 ast,
429 1388 493 1452 Deo
518 1388 638 1452 servire
666 1407 730 1452 uon
755 1395 860 1470 potest
914 1387 945 1449 id
961 1396 1019 1462 θεῖ,
1037 1405 1152 1470 corpus
1167 1387 1308 1451 bominis
1323 1387 1450 1469 dignius
1470 1394 1518 1450 θεῖ
1532 1385 1660 1449 νθεῖίῖιι.

105 1487 264 1566 quamdiu
284 1495 449 1570 permanet
466 1487 498 1550 in
519 1494 650 1570 peceato
667 1504 674 1550 :
692 1505 766 1549 nam
784 1494 817 1549 θῖ
830 1487 857 1550 εἰ
912 1486 957 1549 Αθ
972 1485 999 1549 si
1020 1486 1104 1549 dicat
1125 1486 1223 1549 Filius
1240 1487 1296 1549 Dei
1314 1504 1321 1548 :
1338 1486 1396 1560 Qui
1417 1485 1537 1567 absque
1557 1491 1662 1548 vestra

106 1581 205 1644 iaciat
227 1601 323 1667 opera
344 1584 428 1648 bona
450 1603 489 1647 ex
510 1603 637 1666 genere,
656 1585 759 1648 dando
778 1585 859 1648 elce·
913 1584 1139 1660 sollicitudine,
1156 1603 1195 1647 ex
1210 1604 1267 1648 sua
1281 1584 1507 1648 liberalissima
1521 1583 1662 1646 bonitate

107 1698 275 1764 mosynam
290 1683 513 1766 audiendoque
527 1683 738 1758 Missam,non
753 1692 859 1747 mmcu
914 1683 1045 1764 largitus
1065 1690 1113 1745 θεῖ
1131 1683 1223 1746 vobis
1243 1701 1359 1765 corpus
1381 1690 1413 1745 θῖ
1433 1682 1585 1756 animam,
1603 1681 1660 1744 ali·

107 1787 184 1842 sunt
203 1798 300 1863 opera
320 1782 383 1844 ileo
403 1789 533 1864 accepta
551 1800 588 1844 ae
609 1783 771 1845 meritoria
785 1783 859 1846 vitae
914 1789 1058 1844 mentum
1072 1797 1200 1863 quoque
1215 1787 1247 1843 et
1261 1781 1413 1844 vestitum
1429 1779 1592 1863 praestabit
1605 1799 1660 1844 vo

106 1885 246 1954 aterna,
262 1879 416 1961 quianon
432 1878 571 1942 liuntex
590 1881 729 1942 caritate.
748 1881 793 1943 Ex
807 1881 857 1944 his
874 1877 898 1939 B
913 1879 963 1942 bis
982 1880 1052 1942 sine
1074 1878 1283 1942 immoderata
1303 1879 1518 1943 sollicitudine
1540 1887 1657 1953 vestra,

108 1977 208 2040 infert
227 1977 393 2042 Salvator:
912 1979 1085 2042 dummodo
1105 1977 1275 2041 confidatis
1297 1979 1329 2040 in
1352 1996 1399 2041 eo.
1418 1977 1453 2040 Ei
1473 1978 1560 2040 enim
1583 1997 1659 2042 cura
1673 1989 1805 2042 {Petunt

147 2078 225 2139 Noa
242 2078 375 2153 potestis
393 2079 460 2138 Deo
477 2079 601 2136 servire
619 2094 694 2140 vere
714 2084 746 2139 et
765 2076 858 2140 meri·
911 2077 1072 2160 praecipua
1094 2085 1143 2140 θεῖ
1162 2077 1202 2140 do
1223 2077 1431 2140 rationalibus
1452 2077 1615 2140 creaturis.

108 2175 201 2249 toria,
226 2184 257 2235 et
280 2195 482 2245 mammone,
508 2174 540 2238 id
566 2181 615 2238 θεῖ
641 2175 774 2251 divitiis,
800 2194 857 2238 seu
953 2175 1072 2238 Deinde
1094 2177 1184 2258 pouit
1204 2176 1300 2239 aliam
1320 2176 1476 2239 rationem
1497 2177 1536 2239 ad
1560 2176 1657 2252 idem,

108 2273 246 2336 daemoni
260 2274 300 2336 de
314 2273 448 2336 avaritia
462 2273 607 2336 tentanti.
618 2273 677 2348 Qui
693 2273 779 2336 enim
795 2292 858 2336 scr·
913 2282 1074 2357 sumptam
1095 2295 1134 2338 ex
1153 2275 1406 2339 consideratione
1428 2274 1659 2338 irrationalium

109 2371 154 2431 vit
169 2371 244 2444 Deo,
255 2371 434 2454 spiritualia
449 2379 481 2434 et
495 2377 612 2434 aeterna
626 2371 857 2454 temporalibus
913 2381 1139 2437 creaturarum.
1162 2376 1325 2451 Respicite
1346 2375 1496 2436 volatitia
1519 2376 1603 2445 coeii,
1627 2375 1659 2438 id

108 2488 143 2532 ac
166 2465 376 2533 sensibilibus
399 2469 528 2553 praefert
536 2488 545 2550 ;
565 2471 621 2552 qui
639 2487 717 2534 vero
736 2471 857 2534 divitiis
912 2480 970 2546 ost,
993 2491 1067 2536 aves
1089 2472 1259 2554 diligenter
1281 2471 1478 2536 considerate
1494 2489 1502 2534 τ
1518 2492 1589 2556 quas
1612 2473 1659 2536 di-

108 2569 218 2644 servit,
236 2577 360 2632 terrena
376 2567 505 2652 prefert
518 2567 713 2632 coelestibus.
732 2569 857 2632 Divitiis
912 2579 1029 2633 cuntur
1044 2570 1186 2635 volatilia
1206 2570 1289 2646 ciali,
1307 2571 1383 2654 quia
1401 2572 1435 2634 iu
1453 2572 1535 2636 coelo
1551 2572 1659 2636 volant

108 2687 247 2750 namque
267 2669 397 2743 servire,
414 2676 461 2730 θεῖ
480 2668 589 2731 adeas
608 2666 773 2750 superflue
787 2667 858 2731 alii·
911 2669 1008 2744 aerio,
1025 2677 1103 2752 puta
1127 2669 1160 2732 in
1182 2689 1265 2744 acro,
1282 2670 1338 2752 qui
1363 2670 1514 2734 infimum
1540 2670 1657 2733 coelum

109 2769 149 2842 ci,
165 2776 263 2850 atque
285 2767 317 2830 in
343 2766 389 2830 eis
412 2767 606 2830 constituere
629 2765 730 2830 linem
748 2784 755 2829 τ
772 2768 857 2850 quod
912 2776 1060 2847 vocatur;
1076 2770 1231 2848 quoniam
1251 2787 1314 2829 non
1335 2777 1462 2839 serunt,
1478 2788 1581 2848 neque
1595 2788 1659 2828 me-

108 2873 155 2929 ast
175 2865 359 2949 cupiditatis
375 2864 453 2928 vitio
471 2864 625 2948 superari.
642 2865 737 2928 Porro
756 2884 775 2928 a
793 2883 858 2948 quo
913 2875 1000 2936 tunt,
1015 2886 1117 2946 neque
1135 2875 1332 2944 concrepant
1348 2868 1528 2927 inhorreo.
1546 2866 1659 2930 Omnia

108 2965 181 3048 quis
203 2966 307 3028 victus
328 2971 387 3038 θεῖ,
403 2964 502 3046 hujus
523 2971 556 3027 θῖ
577 2982 688 3027 servus
709 2971 766 3027 θεῖ.
787 2964 858 3028 Pro
912 2963 999 3027 enim
1023 2965 1091 3029 baee
1115 2965 1245 3028 rationis
1269 2972 1345 3027 sunt
1366 2982 1473 3047 opera,
1499 2985 1570 3049 qua
1595 2966 1659 3030 illis

13 3103 92 3140 mm,
107 3072 180 3147 pter
204 3063 289 3146 quod
314 3063 359 3125 ait
383 3062 549 3126 Salvator:
567 3061 676 3126 Omnis
700 3063 755 3146 qui
781 3062 894 3128 lacitC
912 3071 1075 3148 nequeunt
1103 3064 1284 3127 convenire.
1308 3063 1460 3126 Videmus
1484 3071 1591 3128 tamen
1619 3066 1659 3128 ad

108 3169 287 3246 peccatum,
304 3180 415 3224 servus
435 3168 484 3224 θεῖ
499 3160 632 3244 peccati.
649 3160 734 3223 Talis
751 3162 857 3243 potius
912 3163 1054 3238 oculum,
1071 3162 1156 3246 quod
1175 3161 1283 3226 multas
1305 3181 1379 3225 aves
1401 3171 1594 3244 congregant
1612 3163 1659 3226 vi·

107 3261 290 3344 possidetur
311 3279 330 3322 a
348 3259 481 3336 divitiis,
499 3277 594 3341 quam
615 3258 774 3342 possideat
793 3278 855 3322 eas.
912 3270 999 3324 ctum
1019 3261 1052 3324 in
1073 3261 1180 3340 nidos3
1196 3259 1467 3342 quemadmodum
1481 3261 1514 3322 in
1529 3261 1658 3325 Prover-

146 3364 224 3422 Ideo
245 3361 318 3421 dieo
343 3357 429 3420 vobis
451 3378 463 3420 .·
485 3360 536 3424 Ne
557 3359 691 3419 solliciti
713 3359 798 3429 sitis,
824 3357 857 3420 id
912 3358 975 3421 biis
990 3358 1126 3421 babetur
1141 3376 1148 3420 :
1165 3357 1249 3420 Vade
1268 3358 1308 3421 ad
1323 3357 1501 3434 formicam,
1517 3375 1537 3421 o
1555 3359 1656 3441 piger,
1672 3381 1806 3436 aroana

105 3468 166 3534 cst,
190 3458 431 3522 immoderatam
453 3465 485 3520 et
507 3457 633 3520 anxiam
657 3475 767 3520 curam
792 3474 857 3520 non
912 3465 944 3519 et
958 3457 1044 3520 disce
1060 3456 1189 3519 semitas
1204 3456 1285 3536 ejus,
1301 3463 1333 3520 ct
1347 3457 1435 3519 disce
1450 3457 1657 3539 sapientiam3
1672 3447 1693 3489 ⁸·

105 3558 261 3632 babeatis,
279 3559 400 3618 anime
424 3565 549 3626 oestrae,
566 3555 597 3618 id
621 3563 670 3618 est
692 3555 766 3619 vitae
790 3556 857 3619 ani·
912 3575 982 3638 quac
1006 3574 1107 3637 quum
1131 3571 1196 3618 non
1220 3554 1335 3618 habeat
1358 3555 1485 3630 ducem,
1512 3563 1602 3638 parat
1626 3557 1658 3619 in

105 3657 184 3720 mali
208 3655 370 3718 alimoniis
394 3653 561 3735 indigenti,
587 3653 638 3716 vel
662 3653 753 3717 vobis
778 3654 856 3736 ipsis
911 3661 1018 3718 aestate
1033 3652 1155 3729 cibum,
1172 3661 1204 3716 et
1219 3661 1388 3736 congregat
1403 3654 1437 3716 in
1452 3673 1556 3718 messe
1571 3655 1656 3738 quod

102 3757 155 3837 (ut
172 3763 307 3837 ponatur
322 3772 395 3836 pars
416 3769 473 3836 pro
493 3758 569 3826 toto,
584 3751 736 3814 videlicet
750 3751 857 3814 anima
912 3752 1066 3816 comedat.
1093 3753 1213 3835 ltaque,
1240 3753 1323 3815 sicut
1351 3752 1493 3816 volatilia
1522 3761 1659 3835 pergunt

103 3872 165 3936 pro
189 3853 344 3934 bomine),
361 3853 446 3932 quid.
462 3853 678 3921 manducetis,
694 3849 725 3913 id
748 3858 797 3912 cst
817 3851 856 3912 de
911 3852 951 3915 ad
969 3869 1076 3932 grana,
1094 3858 1125 3913 θῖ
1144 3849 1299 3931 colligunt
1317 3869 1355 3913 ea
1373 3851 1550 3914 secundum
1571 3859 1659 3916 natu-

102 3953 191 4028 cibo,
207 3952 266 4015 sub
292 3969 356 4035 quo
377 3951 444 4032 jam
469 3949 657 4030 intelligitur
682 3949 778 4012 etiam
803 3967 856 4030 po
912 3950 1010 4012 ralcm
1031 3949 1230 4023 instinctum,
1247 3949 1293 4011 sic
1312 3948 1498 4013 bominibus
1514 3951 1659 4014 commit·

102 4061 174 4131 tus3
185 4071 286 4131 neque
299 4051 432 4127 corpori
445 4058 550 4110 oestro
565 4047 694 4110 solliciti
710 4047 779 4110 sitis
795 4047 855 4110 boc
911 4049 989 4110 titur
1003 4047 1092 4111 labor
1107 4054 1138 4110 ct
1152 4047 1363 4130 providentia,
1379 4065 1443 4111 non
1458 4066 1535 4112 cura
1549 4069 1658 4133 super-

102 4152 214 4226 modo,
229 4153 311 4230 quid
326 4149 530 4218 induamini,
547 4147 577 4210 id
598 4154 646 4210 θεῖ
668 4147 706 4209 de
726 4146 853 4210 vestitu.
910 4146 989 4220 ilua,
1011 4146 1103 4227 juata
1128 4144 1207 4209 illud
1230 4145 1288 4208 lob
1305 4163 1312 4208 :
1329 4145 1429 4209 Homo
1452 4148 1491 4210 ad
1516 4148 1657 4212 laborem
1682 4168 1784 4222 votvm.

101 4251 251 4332 Denique
275 4246 442 4331 superflua
466 4246 551 4309 circa
576 4246 650 4308 talis
674 4244 856 4308 sollicitudo
871 4247 896 4312 [l
910 4245 1062 4319 nascitur,
1080 4252 1111 4306 ct
1128 4243 1196 4306 avis
1215 4243 1254 4306 ad
1275 4243 1427 4307 volatum.
1445 4244 1532 4308 Unde
1552 4247 1658 4328 primo

100 4356 249 4423 vocatur,
265 4347 392 4430 quando
413 4345 549 4408 circaea
568 4344 664 4408 bomo
680 4343 712 4406 in
730 4351 855 4406 tautum
909 4343 1032 4407 homini
1057 4351 1129 4426 post
1150 4349 1317 4425 peccatum
1338 4361 1357 4404 a
1378 4342 1513 4407 Domino
1535 4345 1657 4406 dictum

99 4446 383 4530 occupatur,quod
398 4463 417 4508 a
430 4443 652 4527 spiritualibus
666 4442 783 4506 debitis
799 4461 856 4506 scu
910 4451 959 4505 est
975 4460 982 4504 z
999 4443 1034 4504 ln
1059 4442 1173 4504 sudore
1197 4441 1305 4504 vultus
1330 4441 1377 4503 tui
1399 4442 1537 4505 vesceris
1562 4461 1654 4526 panc.
1671 4468 1804 4523 cassan,

98 4547 257 4613 virtuosis
278 4544 431 4628 operibus
450 4543 490 4605 sd
510 4562 581 4625 quae
602 4549 740 4616 tenetur,
758 4541 856 4624 impe·
910 4545 954 4604 bt
965 4544 1069 4604 Pater
1082 4549 1186 4600 vester
1201 4540 1337 4600 caelestis
1348 4541 1455 4615 pascit
1470 4541 1580 4612 illa,id
1597 4549 1655 4619 est,

98 4649 207 4719 ditur,
222 4653 274 4708 aut
288 4663 326 4707 ea
340 4644 413 4727 plus
434 4641 547 4725 quasit
561 4660 658 4724 quam
677 4639 856 4704 necessaria
911 4659 968 4723 per
983 4657 1093 4701 causas
1109 4637 1277 4700 interiores
1297 4638 1445 4720 providet
1462 4645 1494 4701 ot
1511 4641 1658 4705 concedit

98 4749 172 4811 sive
189 4744 281 4807 utilia
295 4751 369 4806 sunt
385 4741 457 4804 sibi.
475 4740 662 4803 Sollicitudo
676 4757 752 4802 vcro
771 4739 856 4801 ordi·
910 4738 956 4800 ais
978 4737 1157 4800 neccssaria
1176 4736 1259 4800 vita.
1277 4736 1442 4819 Siquidem
1464 4755 1546 4820 opus
1567 4748 1657 4803 natu·

98 4854 178 4910 nata
195 4850 254 4918 est,
266 4842 341 4905 dum
357 4843 455 4904 bomo
469 4839 647 4903 secundum
662 4837 855 4919 exigentiam
910 4856 953 4900 rae
967 4854 1004 4898 ac
1020 4834 1248 4916 intelligentia,
1258 4851 1338 4917 opus
1354 4843 1403 4899 est
1418 4855 1520 4902 causae
1536 4839 1654 4920 prime.

97 4945 151 5009 sui
169 4949 273 5006 status
292 4940 406 5023 querit
425 4957 482 5002 seu
503 4938 649 5020 providet
668 4936 730 5000 sibi
747 4936 786 4998 de
802 4955 855 4998 ne·
909 4935 989 4998 Hinc
1005 4933 1106 4997 icrtur
1121 4933 1160 4996 de
1174 4933 1239 4996 Deo
1255 4933 1288 4995 iu
1302 4932 1428 4998 Psalmo
1444 4953 1451 4998 :
1468 4936 1527 5011 Qui
1542 4938 1595 5000 dat
1608 4938 1657 5019 ju·
1670 4965 1802 5019 sams,

98 5039 255 5108 cessariis
270 5040 353 5114 vitae,
370 5037 547 5101 ordinando
566 5054 603 5098 ea
620 5036 659 5098 ad
676 5035 856 5117 spiritualia
911 5034 1027 5096 mantis
1042 5051 1148 5096 escam
1165 5033 1363 5115 ipsorum‚et
1376 5032 1474 5115 pullis
1488 5052 1656 5100 corvorum

98 5145 200 5207 bona.
216 5138 359 5221 Talisque
373 5136 555 5200 sollicitudo
570 5151 642 5217 pars
658 5141 706 5198 est
720 5133 856 5216 pruden·
910 5132 1133 5196 invocantibus
1148 5122 1232 5193 eum.
1249 5131 1285 5193 In
1300 5131 1357 5194 Job
1372 5149 1499 5215 quoquc
1514 5134 1632 5198 dicitur
1647 5153 1655 5198 :

98 5243 176 5320 tiae3
195 5256 292 5320 quam
307 5253 371 5300 non
391 5234 519 5308 babere,
536 5242 620 5296 esset
638 5233 740 5296 Deum
756 5239 856 5296 tenta·
910 5231 986 5306 Quis
1007 5236 1163 5315 praeparat
1181 5249 1285 5292 escam
1307 5247 1413 5305 corvo,
1428 5231 1554 5312 quando
1575 5234 1656 5315 pulli
1669 5260 1804 5318 pamm,

98 5361 149 5419 re,
166 5343 231 5402 aut
250 5335 401 5418 ignaviter
422 5353 456 5397 se
477 5332 604 5396 babere.
911 5330 981 5412 ejus
997 5330 1135 5394 clamant
1153 5330 1192 5392 ad
1209 5329 1321 5404 Deum,
1338 5329 1499 5410 vagientes
1514 5348 1552 5394 eo
1571 5334 1656 5416 quod
1670 5325 1704 5368 ⁴¹·
