4206 6258
432 515 492 580 646
556 531 705 580 helinton
725 533 787 580 XXV
807 533 880 578 nost
900 531 1095 578 intonarent.
1115 549 1156 560 -
1176 531 1350 578 manento
1371 531 1403 578 tn
1424 529 1593 578 hennom
1612 529 1686 578 tono
1706 530 1856 578 misnens

432 711 528 788 atquc
552 707 591 770 da
612 723 696 768 verae
717 711 750 768 et
772 710 897 768 aetemm
920 701 1083 765 felicitatis
1104 701 1177 764 ade·
1191 701 1218 764 A
1233 699 1335 762 cabile
1359 708 1408 763 est
1431 700 1596 774 creaturis,
1620 698 1696 781 quia
1718 699 1901 782 impositum
1922 705 1963 764 est

433 803 554 887 ptiono,
580 821 644 867 nou
674 804 712 866 de
743 801 930 886 liberatione
955 799 1112 883 corporali
1140 816 1177 861 ao
1232 799 1297 862 [leo
1331 798 1489 862 altissimo
1521 798 1560 860 ad
1592 798 1824 879 designandum
1857 799 1962 862 nudam

376 963 379 968 Α
432 901 602 985 temporali
629 920 649 963 a
676 900 859 983 captivitate
888 899 1029 962 humana
1056 898 1095 960 ad
1127 916 1177 960 re·
1232 895 1303 977 ejus
1322 896 1491 959 essentiam
1513 895 1634 978 absque
1653 896 1740 958 omni
1759 897 1799 959 ad
1818 905 1964 960 creaturas

433 999 597 1080 guandum
626 999 659 1061 iu
689 997 805 1062 saeculo
828 997 899 1072 isto,
925 997 1008 1059 sicut
1031 995 1178 1060 excaecati
1233 1001 1391 1077 respectu.
1417 994 1573 1058 Divinitas
1599 1001 1706 1056 autem
1735 993 1853 1058 Christi
1880 996 1964 1057 etiam

433 1103 548 1179 putant
565 1097 675 1161 ludaei.
694 1096 782 1160 Unde
801 1095 884 1158 hanc
901 1093 1101 1178 spiritualem
1119 1092 1178 1156 sal·
1233 1093 1304 1156 aliis
1336 1093 1414 1158 locis
1447 1092 1695 1175 quamplurimis
1725 1093 1843 1156 veteris
1871 1093 1965 1156 Testa-

433 1195 594 1258 vationem
620 1194 743 1278 optavit
769 1193 973 1257 beatissimus
1000 1191 1180 1274 patriarcha
1234 1192 1334 1255 menti
1359 1192 1546 1267 ostenditur,
1572 1193 1843 1274 quemadmodum
1866 1191 1897 1254 in
1919 1193 1965 1256 illo

297 1313 351 1358 cen.
362 1326 417 1366 anx,
431 1294 538 1368 Jacob,
560 1294 669 1356 dicens
687 1313 693 1358 :
711 1293 853 1356 Salutare
870 1299 962 1355 tuum
976 1289 1177 1373 exspectabo,
1234 1290 1321 1354 Isaiae
1338 1308 1345 1353 :
1362 1290 1514 1353 Parvulas
1535 1298 1628 1353 natus
1648 1297 1698 1353 est
1719 1289 1824 1364 uobis,
1840 1298 1871 1353 et
1889 1307 1966 1353 rccu-
1986 1308 2003 1351 n
2016 1313 2052 1351 et

287 1379 321 1421 ¹⁸·
432 1393 577 1457 Domine.
1234 1387 1323 1451 bitur
1345 1406 1462 1452 nomen
1486 1387 1568 1468 ejus,
1588 1387 1807 1463 Admirabilis,
1830 1387 1967 1452 Consilia·

472 1493 517 1554 m
530 1494 637 1554 Israel
651 1491 810 1552 habitabit
821 1487 1100 1568 confidenter.iloc
1115 1505 1179 1550 uno
1234 1487 1312 1560 rius,
1322 1486 1637 1560 Deus,Fortis,Pater
1649 1486 1751 1548 tuturi
1766 1485 1968 1561 seculist’riu·

433 1591 528 1653 modo
553 1589 688 1670 intelligi
715 1595 820 1672 potest
843 1589 882 1652 de
905 1587 1101 1651 habitatione
1125 1586 1180 1648 itta
1234 1603 1310 1667 ceps
1329 1584 1436 1667 pacis3
1452 1584 1529 1646 item
1545 1583 1577 1646 in
1594 1583 1734 1659 ldichma,
1750 1584 1894 1665 Egressio
1907 1584 1966 1664 ejus
1976 1601 2062 1644 littra

423 1686 568 1770 'pacifica
592 1706 688 1768 quam
714 1687 747 1748 in
772 1687 877 1770 primo
901 1685 1016 1749 Christi
1040 1685 1178 1748 adventu
1234 1682 1446 1766 aprincipio,
1471 1702 1489 1744 a
1515 1681 1627 1745 diebus
1652 1683 1862 1761 aeternitatis3
1885 1689 1966 1764 atque

431 1784 593 1848 habebant
606 1785 706 1848 ludaei
720 1783 780 1847 snb
795 1785 935 1847 Romano
951 1782 1094 1866 imperio,
1104 1782 1179 1866 quia
1235 1781 1268 1843 in
1286 1780 1420 1856 Psalmo,
1435 1779 1482 1843 Sit
1500 1797 1616 1843 nomen
1637 1781 1706 1862 ejus
1724 1779 1923 1844 benedictum
1939 1781 1966 1842 in
1977 1794 2062 1836 enm

432 1891 509 1945 tunc
521 1881 634 1945 multis
649 1883 741 1945 aunis
761 1883 903 1945 inaudita
922 1901 984 1964 pax
998 1881 1060 1943 tuit
1077 1882 1110 1942 in
1125 1900 1179 1943 sae-
1197 1879 1360 1954 Baecula,
1376 1887 1449 1941 anto
1465 1878 1564 1941 solem
1583 1886 1750 1960 permanet
1765 1897 1882 1942 nornen
1896 1879 1965 1959 ejus.

432 1981 517 2056 culo,
534 1982 577 2044 ita
591 1981 676 2063 quod
694 1981 734 2043 ad
755 1981 850 2042 unius
866 1979 1028 2044 Octaviani
1046 1979 1180 2062 impera·
1235 1978 1322 2054 Quod
1344 1978 1415 2041 aliis
1438 1997 1520 2061 pene
1540 1979 1832 2041 innumerabilibus
1854 1979 1967 2061 probari

298 2101 411 2152 menn.
432 2081 510 2143 toris
530 2086 726 2162 preceptum
746 2085 831 2142 totus
851 2078 938 2141 orbis
960 2077 1180 2141 conscribeba-
1235 2077 1427 2141 testimoniis
1460 2084 1573 2159 potest.
1605 2078 1714 2159 ltaque
1749 2078 1912 2141 credentes
1942 2077 1968 2139 in

431 2187 494 2242 tur.
512 2178 599 2242 Unde
622 2177 663 2240 ab
687 2177 766 2239 isaia
789 2184 821 2239 et
842 2177 970 2239 Michaea
992 2176 1179 2258 predictum
1235 2176 1395 2240 Christum
1411 2198 1428 2236 e
1438 2175 1599 2238 vocabunt
1611 2177 1866 2250 eum,Dominus
1877 2176 1970 2257 justus

308 2276 506 2350 n.1·,a;fuit,
524 2276 591 2338 Erit
605 2275 638 2336 in
654 2274 837 2338 novissimis
853 2274 967 2337 diebus
986 2281 1180 2356 praeparatus
1235 2281 1343 2338 noster
1359 2295 1385 2335 a.
1409 2274 1534 2336 Etenim
1561 2273 1593 2336 in
1619 2293 1653 2336 sc
1677 2274 1748 2356 ipso
1772 2273 1971 2337 essentialiter

284 2361 419 2412 ΜΝ·
435 2393 527 2438 mons
546 2374 659 2436 domus
681 2373 809 2436 Domini
830 2373 863 2435 in
884 2373 1003 2436 vertice
1023 2372 1179 2436 montium
1234 2374 1340 2455 justus
1359 2380 1408 2435 est
1428 2372 1605 2435 secundum
1630 2373 1715 2454 quod
1734 2373 1830 2448 Deus,
1846 2380 1877 2435 et
1893 2372 1970 2435 omni

434 2472 533 2554 (quod
555 2488 667 2534 omnes
691 2471 730 2533 de
752 2471 856 2552 primo
879 2470 996 2534 Christi
1017 2477 1182 2553 exponunt
1234 2471 1358 2554 justitia
1374 2479 1530 2553 quantum
1553 2479 1696 2534 creatura
1715 2490 1815 2554 capax
1836 2479 1894 2544 est,
1914 2471 1970 2553 plc-

306 2596 338 2640 n.
354 2609 376 2646 n,
391 2597 418 2646 t;
434 2571 605 2652 adventu);
622 2577 654 2632 et
673 2569 822 2631 subditur
836 2569 892 2644 ibi,
909 2568 1101 2632 Conttabunt
1116 2569 1180 2650 gla-
1236 2589 1297 2633 nus
1324 2576 1359 2631 ut
1382 2570 1487 2632 homo.
1504 2569 1574 2651 lpse
1598 2587 1726 2651 quoquc
1747 2568 1904 2650 justificat
1923 2586 1970 2631 eos

286 2659 419 2708 MCC·
434 2670 504 2733 dios
525 2686 600 2732 suos
622 2669 654 2730 in
676 2685 834 2742 vomeres,
851 2674 883 2730 et
905 2667 1029 2730 lanceas
1051 2685 1124 2729 suas
1148 2667 1181 2728 in
1237 2669 1292 2751 qui
1308 2668 1442 2731 creduut
1457 2667 1490 2729 in
1506 2667 1624 2749 ipsum,
1638 2668 1730 2748 juxta
1746 2667 1827 2730 illud
1843 2685 1851 2730 :
1868 2669 1901 2730 ln
1918 2667 1969 2730 hoc
1981 2683 2062 2722 rens

434 2768 543 2831 falces.
561 2766 707 2830 Secundo
722 2773 827 2848 potest
843 2765 927 2828 istud
943 2765 1058 2847 exponi
1074 2765 1114 2827 de
1128 2765 1182 2826 ha·
1237 2767 1341 2830 omnis
1362 2765 1419 2848 qui
1440 2766 1552 2841 credit,
1572 2765 1777 2847 justificatur.

434 2866 588 2929 bitatione
604 2864 660 2926 illa
675 2863 893 2926 confidentiali
908 2871 939 2926 et
960 2882 1072 2925 secura
1085 2882 1181 2944 quarn
1277 2869 1420 2941 Propter
1443 2866 1513 2935 boc,
1537 2885 1605 2924 ecce
1629 2867 1700 2926 dies
1729 2867 1878 2934 veniunt,
1900 2867 1972 2924 dabit

433 2965 502 3029 veri
524 2963 673 3026 Israelitae
694 2963 728 3024 in
751 2961 912 3025 Christum
937 2962 1112 3036 credent-eo,
1129 2962 1182 3024 ha·
1228 2965 1462 3032 .Dominus;et
1482 2965 1676 3024 mendicent
1695 2967 1799 3034 ultra,
1823 2965 1974 3026 llicitDo

434 3063 574 3126 buerunt
588 3069 660 3144 post
674 3061 745 3141 ejus
760 3059 1022 3123 resurrectionem
1037 3059 1219 3142 susceptoC
1238 3063 1350 3122 minus
1371 3063 1431 3141 qui
1451 3063 1568 3122 eduetc
1591 3065 1679 3139 filios
1701 3065 1808 3125 Israel
1831 3065 1872 3122 de
1895 3072 1975 3122 terre

436 3161 556 3244 Spiritu
588 3160 713 3233 Sancto,
744 3158 872 3240 quando
902 3158 999 3220 etiam
1029 3176 1088 3240 pro
1117 3157 1183 3221 tide
1238 3161 1400 3239 AEgypti;
1415 3163 1481 3230 sed,
1502 3161 1587 3222 Vicit
1605 3162 1767 3222 Dominus
1787 3162 1848 3240 pua·
1871 3162 1975 3220 ederit

406 3317 414 3334 s
437 3260 553 3324 Christi
574 3277 637 3322 non
658 3256 854 3332 metuebant,
870 3257 925 3318 sed
945 3256 1118 3339 cupiebant
1132 3275 1183 3320 oc·
1239 3267 1270 3318 et
1291 3259 1435 3318 eddeceit
1456 3277 1562 3318 semen
1580 3260 1695 3318 domus
1712 3261 1820 3321 Israel
1836 3261 1879 3319 de
1897 3268 1977 3318 terre

438 3359 512 3433 cidi,
529 3363 639 3441 utpote
664 3356 751 3439 pleni
773 3355 895 3418 fiducia
914 3356 980 3418 Dei.
999 3356 1043 3418 De
1066 3356 1184 3438 quibus
1239 3359 1417 3437 aquilonis,
1440 3366 1470 3417 et
1494 3360 1533 3416 de
1560 3359 1687 3418 cunctis
1711 3359 1812 3418 terris
1834 3361 1881 3418 ed
1907 3377 1978 3437 quos

304 3478 423 3530 tesan.
438 3459 471 3521 in
486 3456 618 3520 Actibus
633 3455 785 3518 habetur:
798 3454 914 3517 Omnes
929 3455 985 3536 qui
1001 3455 1183 3531 credebant,
1239 3457 1395 3534 ejeceram
1411 3475 1461 3515 eos
1476 3458 1569 3526 illue,
1584 3464 1614 3515 et
1629 3457 1823 3517 habitabunt
1843 3459 1881 3516 in
1897 3465 1977 3516 terre

290 3544 369 3593 Μ·
438 3562 528 3620 eraut
541 3554 670 3637 pariter,
687 3561 719 3616 et
733 3552 903 3615 sumebant
917 3553 1026 3615 cibum
1041 3572 1115 3616 cum
1134 3572 1184 3617 ex·
1240 3575 1309 3614 sua.
1336 3553 1448 3616 notum
1473 3553 1559 3615 huuc
1582 3561 1688 3616 textus
1704 3569 1844 3637 'passum
1870 3555 1977 3636 pariter

438 3653 610 3717 suttatioue
625 3660 655 3715 et
671 3651 875 3734 simplicitate
891 3651 1010 3731 cordis3
1026 3660 1058 3714 ot
1072 3652 1187 3716 collau·
1240 3651 1344 3735 posui,
1367 3668 1405 3714 eo
1429 3651 1513 3732 quod
1538 3651 1694 3733 expositio
1718 3651 1750 3714 id
1774 3652 1926 3734 requirat,
1949 3659 1977 3712 ut

438 3751 556 3814 dabant
568 3749 840 3824 'Deum,hahentes
853 3751 987 3830 gratiam
1002 3750 1041 3813 ad
1056 3768 1185 3814 omnem
1240 3749 1356 3812 veritas
1372 3749 1499 3831 plenius
1515 3749 1701 3812 innotescat.
1717 3750 1830 3831 ltaque
1844 3752 1978 3812 doctores

292 3872 423 3923 niumm.
440 3848 578 3932 plebem.
596 3849 634 3910 Et
656 3866 781 3909 rursum
800 3864 807 3909 :
824 3847 927 3921 Quum
952 3857 1105 3923 orassent,
1122 3866 1186 3912 mo·
1240 3847 1401 3922 catholici,
1417 3855 1587 3930 sequentes
1602 3848 1845 3931 hieronymum,
1862 3850 1920 3911 ista
1933 3867 1978 3910 ex-

438 3956 490 4010 tus
507 3955 555 4009 est
569 3946 657 4009 locus
673 3946 705 4007 in
725 3963 789 4027 quo
804 3953 911 4026 crant3
927 3954 958 4009 et
979 3947 1092 4030 repleti
1111 3955 1186 4010 sunt
1240 3953 1365 4030 ponunt
1386 3946 1425 4008 da
1447 3947 1627 4010 ludaeorum
1653 3947 1863 4012 conversione
1886 3949 1924 4011 ad
1945 3947 1977 4008 ii·

439 4063 550 4108 omnes
567 4044 686 4127 Spiritu
702 4043 827 4118 Sancte,
844 4051 875 4107 et
890 4043 1103 4127 loquebantur
1116 4065 1185 4108 ver·
1241 4046 1324 4121 dem,
1342 4064 1399 4128 per
1418 4063 1514 4127 quarn
1534 4045 1743 4128 spiritualiter
1760 4047 1893 4110 adunati
1913 4054 1976 4108 sunt

439 4143 518 4206 bum
547 4134 612 4207 Dei¹
629 4161 702 4205 cum
731 4141 860 4205 fiducia.
887 4143 967 4204 Hinc
991 4161 1048 4225 per
1070 4144 1184 4206 isaiam
1241 4143 1272 4205 in
1294 4143 1429 4218 Christo,
1445 4149 1540 4226 atque
1558 4144 1597 4206 ad
1617 4144 1717 4207 Deum
1740 4144 1884 4224 reducti3
1900 4143 1976 4207 habi·

291 4242 523 4314 remansimus
545 4240 691 4325 praedixit
709 4259 715 4302 :
733 4240 862 4303 Sedebit
884 4241 1021 4323 populus
1041 4260 1131 4305 meus
1152 4243 1184 4304 iu
1200 4240 1450 4323 Dtavernntque
1471 4241 1504 4304 in
1523 4248 1607 4304 terra
1625 4261 1692 4318 sua,
1710 4242 1863 4307 videlicet
1882 4244 1913 4306 in
1930 4243 1978 4304 Ee·

437 4439 550 4510 duciae,
567 4446 599 4500 et
614 4438 647 4500 in
663 4436 773 4518 requie
788 4436 948 4518 opulenta.
963 4436 1067 4500 Tertio
1081 4446 1186 4519 potest
1238 4437 1348 4519 phanti
1371 4445 1403 4500 et
1425 4455 1523 4517 regno
1544 4437 1710 4510 coelorum,
1726 4440 1813 4520 quod
1835 4447 1885 4502 est
1906 4448 1980 4502 terra

437 4536 521 4599 istud
539 4535 673 4617 intelligi
688 4535 727 4597 de
743 4534 852 4596 electis
867 4534 1016 4597 israelitis
1031 4553 1088 4617 pro
1103 4543 1184 4598 statu
1237 4535 1427 4609 viventium,
1445 4535 1596 4618 regioque
1611 4536 1770 4610 vivorum,
1787 4557 1886 4619 quam
1905 4539 1979 4601 Dens

436 4652 548 4697 eorum
571 4633 604 4695 in
628 4631 769 4695 Ecclesia
790 4632 1011 4714 triumphanti.
1238 4633 1382 4715 patribus
1403 4634 1544 4717 antiquis
1565 4633 1625 4697 sub
1647 4634 1778 4698 nomine
1803 4643 1898 4700 terrm
1918 4653 1979 4718 pro

475 4734 520 4795 m
539 4733 596 4792 boc
613 4741 658 4792 est
677 4751 793 4792 acmen
813 4733 899 4810 quod
918 4733 1075 4792 vocabunt
1097 4752 1182 4803 enm,
1238 4731 1401 4795 missionis
1430 4733 1650 4815 principaliter
1675 4734 1826 4817 promisit
1850 4735 1885 4798 in
1908 4755 1977 4817 prm

435 4831 597 4893 Dominus
610 4832 726 4908 justus
747 4839 864 4890 noster.
883 4829 927 4891 Ex
949 4828 1010 4892 hoc
1031 4830 1183 4894 vaticinio
1237 4829 1349 4893 mium.
1368 4830 1428 4893 Sed
1448 4830 1524 4892 huic
1542 4833 1733 4914 expositioni
1752 4832 1887 4896 obviare
1901 4833 1979 4895 vide

436 4929 588 5011 probatur
610 4927 760 4990 diviuitas
780 4926 907 4990 Christi.
924 4927 1046 5009 Nempe
1068 4945 1126 5011 pro
1145 4946 1182 4992 eo
1236 4935 1299 5002 tur,
1315 4928 1400 5010 quod
1415 4929 1478 4992 alio
1497 4931 1635 5011 quodam
1654 4931 1724 4993 loco
1742 4932 1902 5006 Jeremiae‚
1917 4932 1977 4995 hac
1988 4949 2071 4992 rau-u

435 5028 520 5111 quod
543 5026 660 5089 dicitur
681 5025 745 5100 hic,
762 5025 914 5089 Dominus
935 5025 1052 5106 justus,
1070 5025 1102 5088 iu
1123 5025 1182 5090 He·
1236 5028 1347 5090 eadem
1369 5027 1477 5101 verba,
1494 5028 1583 5111 quasi
1609 5028 1669 5091 sub
1690 5030 1803 5093 eadem
1825 5015 2013 5095 habentur¹²

436 5127 520 5190 brasc
546 5125 676 5209 ponitur
700 5141 817 5187 nomen
842 5123 968 5186 Domini
997 5130 1181 5206 tetragram-
1235 5123 1348 5200 torma,
1365 5132 1518 5189 ettamen
1538 5127 1657 5190 ibidem
1674 5128 1714 5190 de
1730 5129 1836 5191 reditu
1856 5129 1979 5212 acapti-

436 5233 554 5298 maton,
571 5224 656 5307 quod
678 5222 855 5286 secundum
877 5221 977 5284 Rabbi
1000 5222 1127 5305 Moysen
1149 5231 1180 5286 et
1234 5224 1331 5286 vitate
1351 5223 1543 5306 Babylonica
1563 5235 1777 5308 exponuntur.
1796 5228 1835 5290 Et
1854 5247 1977 5310 respon·

435 5331 555 5386 ceteros
571 5322 774 5386 llebraeorum
793 5320 949 5394 doctores,
966 5321 1179 5383 incommuni-
1233 5322 1385 5397 dendum,
1407 5322 1491 5404 quod
1514 5323 1666 5387 ieremias
1692 5325 1738 5387 ibi
1764 5327 1922 5409 premisit
1943 5327 1977 5389 dc
