4140 6258
311 491 459 542 ncuvmca
479 495 500 540 x
521 493 594 542 rosv
613 493 807 542 rmvvrsvuu.
827 512 868 524 -
887 494 930 543 an
950 495 1146 560 nnnvcvosos3
1168 497 1267 546 scano
1288 497 1424 556 ausurus
1578 482 1638 546 349

532 871 646 954 AD
695 869 1197 954 RELIGIOSOS

638 1333 814 1420 SERMO
848 1333 1092 1436 QUARTUS

170 1585 208 1632 D!
228 1584 391 1643 mannaan,
412 1583 630 1631 ttlsnntconnla
651 1583 688 1629 BT
709 1583 927 1630 truncantem
948 1583 1000 1630 nat
1020 1585 1063 1630 Ab
1083 1585 1239 1647 flottttvlts3
1259 1585 1298 1631 DE
1320 1585 1563 1634 msunnlctnrvvm

547 1681 666 1738 QUOQUE
687 1681 1010 1738 nnnncnnosmatnoun
1031 1683 1184 1730 ftotfllttttf.

193 1947 275 2010 NIA
287 1955 444 2024 operatur
457 1965 545 2006 unus
559 1954 656 2024 atque
670 1947 756 2006 idem
766 1947 839 2022 Spi·
851 1945 877 2008 A
892 1943 1069 2007 formamur
1081 1961 1088 2006 :
1101 1944 1215 2027 primo,
1226 1952 1261 2008 ut
1273 1943 1403 2008 salutari
1419 1943 1532 2008 notitia
1545 1961 1640 2026 agno-

171 2047 270 2116 rttus,
294 2045 446 2106 dividens
468 2045 609 2122 singulis
628 2053 730 2120 prout
754 2047 835 2104 uult.
891 2061 1017 2106 scamus
1031 2060 1088 2106 nos
1103 2041 1354 2125 ipsos,videlioet
1367 2062 1462 2126 quam
1478 2043 1640 2126 pauperri-

98 2145 109 2206 Ι
126 2143 189 2206 Cor.
205 2161 262 2218 nn,
281 2141 328 2204 ll.
892 2140 946 2214 mi,
954 2139 1233 2216 defectuosissimi,
1245 2141 1493 2222 indigentissimi
1508 2159 1638 2222 sumus3

133 2242 275 2304 lleliores
297 2249 329 2304 et
352 2239 537 2304 subtiliores
561 2239 743 2323 philosophi
768 2257 838 2322 pro-
891 2240 1080 2314 secundent
1091 2257 1129 2301 en
1141 2239 1201 2302 boc
1214 2239 1246 2302 in
1258 2239 1420 2302 infinitum
1435 2240 1640 2303 humiliemus

98 2341 194 2402 testati
210 2349 297 2414 sunt,
314 2340 399 2421 quod
419 2338 539 2420 absque
555 2337 747 2401 indesinenti
764 2356 838 2400 con·
892 2345 922 2400 et
947 2337 1037 2419 parvi
1062 2337 1239 2419 pendamus
1263 2354 1320 2401 nos
1346 2338 1449 2420 ipsos3
1474 2337 1578 2413 tertio,
1605 2345 1640 2400 ut

97 2439 268 2502 servatione
297 2437 527 2520 omnipotentis
556 2435 722 2510 creatoris,
749 2436 838 2499 nulla
893 2433 1149 2498 inestimabilem
1173 2435 1348 2510 caritatem,
1375 2435 1638 2510 misericordiam,

98 2537 189 2618 possit
208 2545 353 2600 creatura
371 2537 411 2599 ad
429 2542 627 2598 momentum
646 2534 836 2613 subsistere3
893 2532 1149 2596 munificentiam
1165 2534 1221 2597 Dei
1239 2535 1279 2596 ad
1298 2551 1356 2598 nos
1376 2542 1408 2598 et
1427 2535 1460 2597 in
1480 2533 1573 2598 nobis
1594 2553 1640 2598 re-

96 2635 173 2716 quod
189 2635 266 2698 item
282 2634 351 2698 sine
367 2634 484 2698 virtute
500 2639 531 2695 et
546 2633 713 2696 influentia
728 2632 837 2715 prime
893 2649 1131 2714 cognoscamus,
1153 2631 1319 2708 miremur,
1336 2632 1506 2716 diligamus
1527 2653 1564 2696 ac
1587 2652 1639 2697 ve·

96 2752 201 2808 cause,
222 2732 313 2795 nulla
336 2731 439 2796 valeat
463 2749 558 2794 causa
582 2731 722 2794 secunda
745 2731 836 2814 quid·
892 2749 1063 2810 neremur;
1088 2739 1212 2813 quarto,
1239 2739 1273 2794 ut
1301 2749 1396 2794 omne
1424 2732 1545 2796 bonum
1575 2734 1639 2796 Deo

96 2831 176 2913 piam
197 2831 336 2914 operari,
353 2830 387 2893 in
409 2837 533 2892 tantum
556 2829 641 2912 qnod
662 2830 767 2893 omnis
791 2848 838 2892 se·
890 2837 978 2910 grata
1001 2847 1038 2892 ac
1061 2829 1178 2893 humili
1203 2837 1310 2892 mente
1333 2830 1556 2906 attribuamus,
1579 2849 1639 2894 nec

96 2931 267 2992 cundarum
297 2928 433 2992 effectus
462 2946 642 3003 causarum,
668 2928 768 3010 magis
796 2927 837 2990 sit
892 2947 1033 3010 unquam
1061 2927 1197 2991 inaniter
1224 2927 1409 3010 gloriemur,
1432 2929 1556 2994 etiamsi
1581 2931 1640 2993 sci·

96 3028 320 3091 adscribendus
335 3045 438 3091 cause
453 3027 576 3109 prime,
593 3045 664 3110 que
679 3027 762 3090 Deus
777 3034 835 3100 est,
892 3045 999 3088 remus
1019 3045 1058 3089 ex
1077 3027 1270 3090 revelatione
1293 3027 1470 3092 certissima
1492 3045 1549 3092 nos
1569 3047 1639 3092 esse

97 3145 186 3208 quam
201 3127 396 3209 cuicumque
411 3145 514 3190 cause
531 3127 687 3190 secunde.
704 3126 836 3208 Propor·
854 3124 925 3191 Bin
954 3126 1062 3206 gratia.
1089 3125 1144 3188 Est
1173 3145 1311 3208 namque
1334 3145 1353 3188 a
1377 3125 1497 3210 Spiritu
1526 3127 1640 3191 Sancto

97 3225 287 3288 tionabiliter
311 3225 424 3288 dicunt
451 3223 552 3287 sancti
576 3223 726 3306 theologi,
752 3224 836 3306 qnod
891 3240 986 3286 omne
1006 3223 1127 3286 bonnm
1147 3223 1232 3306 quod
1251 3224 1386 3305 agimus,
1402 3225 1537 3308 ejusque
1556 3225 1640 3288 dono

96 3323 252 3386 rationalis
268 3331 409 3386 creatura
424 3322 469 3385 nil
484 3329 580 3405 queat
596 3322 756 3386 meritorie
770 3341 838 3404 age·
892 3322 1048 3403 contingit
1070 3329 1106 3384 ut
1134 3322 1217 3385 mala
1240 3323 1389 3386 vitemus.
1416 3323 1464 3386 Ab
1494 3323 1563 3406 ipso
1593 3331 1641 3386 est

96 3439 137 3494 re,
153 3421 303 3503 cogitare,
319 3427 481 3504 appetere,
498 3419 597 3502 loqui,
615 3419 746 3483 efficere
767 3420 837 3484 abs·
891 3421 991 3502 gratia
1011 3420 1209 3503 preveniens
1224 3429 1256 3484 et
1271 3421 1482 3502 subsequens,
1499 3421 1574 3486 boni
1596 3423 1642 3484 in-

97 3539 154 3601 que
182 3519 402 3582 babitualibus
431 3518 524 3582 donis
552 3519 690 3601 Spiritus
718 3519 836 3594 Sancti,
892 3520 1008 3601 ceptio,
1034 3518 1242 3593 continuatio,
1268 3519 1513 3595 consummatio,
1538 3527 1639 3583 tenta-

95 3637 160 3699 qne
185 3627 262 3680 sunt
285 3617 387 3700 gratia
415 3624 540 3699 gratum
565 3616 698 3692 faciens,
723 3617 838 3680 caritas
892 3617 1016 3680 tionum
1028 3617 1162 3680 victoria
1177 3623 1209 3679 et
1220 3617 1325 3680 omnis
1340 3617 1466 3681 devotio
1478 3636 1559 3682 vera
1568 3619 1641 3682 ldeo

94 3735 127 3778 ac
147 3725 260 3780 cetere
280 3716 416 3780 virtutes
437 3714 562 3792 infuse,
570 3711 766 3799 'septemque
787 3716 837 3780 de
892 3715 1088 3796 Augustinus
1104 3715 1224 3780 oravit:
1237 3716 1389 3779 Sanctum
1404 3734 1484 3800 opus
1500 3735 1638 3800 semper,

93 3835 141 3890 na,
172 3825 203 3879 et
232 3815 355 3898 absque
385 3813 500 3878 actuali
532 3813 672 3877 motione
701 3814 838 3896 Spiritus
893 3831 912 3876 o
928 3813 1064 3895 Spiritus
1081 3815 1205 3888 Sancte,
1223 3813 1256 3876 in
1272 3833 1324 3878 me
1340 3815 1426 3897 spira
1441 3823 1476 3877 ut
1491 3815 1638 3898 cogitem,

93 3914 206 3990 Sancti,
234 3915 279 3976 ita
307 3913 392 3996 qnod
421 3912 460 3976 ad
489 3913 647 3994 agendum
677 3913 838 3976 meritorie
894 3930 986 3976 move
1011 3920 1047 3974 ut
1069 3911 1196 3986 faciam,
1219 3913 1357 3976 accende
1383 3922 1417 3976 nt
1441 3922 1472 3978 te
1496 3915 1639 3997 diligam,

93 4013 272 4094 indigemus
295 4021 432 4094 utroque
454 4011 516 4074 isto
535 4011 769 4094 supernaturali
790 4011 839 4093 ju·
894 4011 1051 4074 confirma
1072 4029 1122 4073 me
1138 4019 1173 4072 ut
1187 4019 1219 4078 te
1234 4019 1371 4086 teneam,
1388 4013 1511 4076 custodi
1532 4033 1583 4076 me
1599 4033 1639 4076 ne

93 4112 225 4175 vamina.
239 4112 370 4194 Propter
385 4110 471 4192 quod
487 4109 628 4192 loquitur
642 4109 738 4172 lsaias
752 4110 836 4173 Deo:
894 4116 925 4172 te
941 4110 1081 4192 perdam.
1099 4109 1137 4170 Et
1151 4109 1330 4172 Bernardns
1347 4129 1354 4173 :
1371 4110 1549 4174 Paracletus
1569 4112 1639 4194 Spi-

11 4236 77 4280 ntu.
91 4211 201 4274 Omnia
217 4229 315 4294 opera
334 4217 442 4274 nostra
461 4217 610 4292 operatus
626 4227 660 4271 es
679 4209 712 4271 in
733 4209 835 4272 nobis.
893 4208 973 4270 ritus
1003 4209 1136 4270 Sanctus
1166 4208 1218 4269 dat
1248 4208 1363 4289 pignus
1392 4206 1514 4282 salutis,
1540 4209 1638 4272 robur

11 4329 77 4384 :aa
91 4310 126 4372 Et
154 4310 327 4393 Apostolus
353 4327 361 4371 :
387 4309 551 4372 Fiduciam
580 4308 713 4389 (inquit)
741 4308 836 4371 talem
852 4316 874 4380 c
892 4306 974 4380 vite,
996 4306 1137 4368 scientie
1159 4305 1277 4367 lumen.
1300 4305 1357 4367 Dat
1375 4305 1491 4388 pignus
1512 4305 1635 4382 salutis,

91 4409 245 4472 habemus
268 4409 306 4472 ad
326 4410 438 4481 Deum,
455 4406 540 4490 quod
560 4425 624 4470 non
648 4407 750 4470 simus
771 4407 837 4470 suf·
892 4413 927 4468 ut
942 4406 1009 4488 ipse
1025 4404 1161 4486 Spiritus
1177 4403 1310 4466 Sanctus
1326 4403 1544 4467 testimonium
1566 4404 1635 4469 red·
1662 4433 1781 4488 pm,

90 4509 236 4572 ficientes
257 4509 395 4590 cogitare
414 4505 534 4589 aliquid
552 4525 570 4568 a
585 4506 677 4570 nobis
692 4506 782 4590 quasi
798 4526 836 4570 ex
891 4505 943 4568 dat
967 4502 1095 4586 spiritui
1119 4509 1176 4565 tuo
1199 4502 1284 4583 quod
1308 4500 1397 4564 filius
1419 4502 1475 4565 llei
1497 4502 1559 4582 sis3
1583 4505 1635 4568 dat
1651 4501 1683 4542 ¹⁶·

91 4607 192 4683 nobis,
210 4607 268 4670 sed
287 4604 485 4670 sufficientia
504 4613 610 4668 nostra
629 4625 668 4668 ex
688 4606 751 4668 fleo
770 4615 835 4686 est;
891 4603 989 4666 robur
1003 4603 1086 4675 vite,
1103 4609 1138 4662 ut
1156 4601 1242 4682 quod
1262 4619 1319 4683 per
1340 4609 1487 4664 naturam
1508 4601 1567 4666 tibi
1588 4613 1636 4667 est

11 4731 75 4786 ppt,
90 4706 243 4790 itemque,
269 4706 352 4769 [lens
381 4713 429 4768 est
452 4703 524 4786 (ait)
547 4705 603 4787 qni
627 4712 775 4787 operatur
803 4705 835 4766 in
891 4699 1100 4783 impossibile,
1117 4718 1174 4782 per
1194 4699 1327 4779 gratiam
1349 4699 1419 4780 ejus
1443 4718 1507 4764 non
1531 4702 1635 4765 solum

89 4805 179 4868 nobis
199 4813 232 4868 et
255 4805 338 4868 velle
360 4812 391 4867 et
413 4802 579 4886 perlicere,
602 4822 659 4886 pro
680 4803 764 4866 bona
784 4821 837 4866 ve
890 4799 1054 4883 possibile,
1071 4799 1125 4861 sed
1143 4797 1237 4860 etiam
1252 4797 1347 4860 facile
1365 4798 1440 4878 fiat;
1456 4801 1509 4864 dat
1525 4801 1634 4865 lumen

89 4904 220 4980 luntate,
248 4903 281 4967 id
310 4911 358 4966 est
381 4922 419 4966 ex
450 4921 507 4966 sua
536 4903 836 4966 benevolentissima
890 4899 1041 4971 scientie,
1059 4904 1094 4958 ut
1113 4897 1271 4979 quidquid
1293 4898 1370 4961 boni
1391 4899 1424 4961 in
1446 4906 1477 4962 te
1495 4901 1633 4976 noveris,

88 5011 180 5086 atque
199 5002 350 5086 piissima
368 5001 542 5076 voluntate,
558 5019 621 5064 non
640 5001 836 5082 originaliter
889 4998 918 5060 ei
943 4996 1098 5060 attribuas
1126 5015 1145 5058 a
1168 5015 1233 5079 quo
1256 5015 1351 5061 omne
1374 4998 1495 5061 bonum
1519 5001 1781 5078 est.lnre0v.1,vr.

88 5109 217 5185 propter
239 5101 355 5164 merita
375 5107 491 5164 nostra.
889 5097 992 5160 tribus
1022 5096 1090 5158 istis
1120 5096 1257 5179 Spiritus
1285 5097 1418 5160 Sanctus
1448 5099 1575 5162 docebit
1603 5107 1634 5164 te

126 5201 208 5264 Ecce
224 5219 266 5264 ex
281 5199 387 5262 verbis
407 5200 487 5276 istis,
503 5199 530 5262 si
545 5206 652 5262 tamen
670 5200 835 5262 advertere
888 5195 997 5260 omnia
1017 5215 1087 5278 que
1109 5195 1271 5278 pertinent
1290 5197 1330 5259 ad
1352 5196 1498 5260 salutem.

87 5300 249 5374 volumuS,
266 5299 485 5382 copiosissime
505 5316 541 5362 ac
562 5295 770 5362 saluberrime
787 5297 834 5359 in·
929 5297 1055 5372 Quinto,
1072 5315 1110 5359 ex
1126 5296 1286 5378 predictis
1302 5296 1492 5359 instruimur
1506 5317 1633 5383 semper
