4214 6254
398 483 546 532 nouimus
568 484 588 530 u
610 484 683 532 rosr
703 481 898 530 ruminarunt.
920 499 960 510 -
979 481 1155 530 ruanuarro
1176 481 1208 528 ru
1229 481 1423 530 nvauomrurr
1628 465 1686 530 lot

130 653 218 734 juste
232 671 269 716 ac
285 653 432 717 timorate
448 655 643 728 vivendo,nd
660 653 795 737 patriam
811 654 885 717 Bea·
899 654 924 716 Α
939 653 1010 735 ejus
1033 654 1179 736 accipere
1203 661 1252 716 ast
1275 653 1413 734 indigna.
1437 653 1609 728 Postremo,
1630 671 1687 735 per

133 760 241 815 torum
264 753 523 836 appropinquare
548 753 721 817 studerent.
742 754 802 816 Sed
827 771 885 815 cur
938 751 999 815 boc
1019 753 1104 834 quod
1123 752 1178 827 ait,
1197 775 1213 812 a
1229 752 1315 834 Rogo
1329 759 1371 825 tc,
1388 750 1471 813 habe
1491 769 1541 813 me
1558 769 1688 814 excusa·

131 849 187 923 ait,
205 850 417 924 «invitatis»,
434 852 526 933 quasi
544 851 692 914 homines
707 859 780 913 ante
796 850 884 914 Chri·
940 858 1007 912 tum
1025 873 1053 926 »,
1070 851 1163 913 datur
1183 850 1318 931 intelligi
1339 850 1423 932 quod
1446 849 1587 932 superbi,
1604 849 1688 911 sicut

130 948 171 1008 sti
188 955 220 1009 et
235 949 461 1030 Apostolorum
481 949 741 1031 praedicationem
759 947 882 1010 invitati
939 958 970 1012 at
991 950 1088 1011 ceteri
1112 949 1230 1024 vitiosi,
1252 949 1391 1011 marimo
1413 955 1518 1010 tamma
1543 947 1686 1029 superbi,

131 1045 170 1106 ad
187 1045 317 1108 coeleste
334 1065 397 1109 nou
413 1046 534 1109 luerint
550 1050 707 1128 reguuml
723 1047 761 1109 Et
776 1048 883 1108 dicen·
939 1047 978 1110 de
1003 1049 1070 1109 suis
1096 1067 1129 1110 se
1154 1054 1307 1110 excusant
1331 1047 1480 1129 peccatis.
1501 1045 1579 1110 Nam
1604 1046 1688 1109 sicut

131 1143 221 1218 dum,
238 1145 356 1226 quoda
371 1145 531 1227 principio
546 1145 657 1208 mundi
674 1145 820 1208 homines
837 1145 884 1207 in·
938 1145 1098 1208 accusatio
1120 1146 1170 1208 sui
1193 1145 1305 1227 ipsius,
1322 1152 1369 1207 est
1391 1142 1538 1218 allectus,
1559 1144 1686 1226 signum

132 1241 316 1304 vitabantur
333 1242 374 1304 ad
396 1243 644 1325 promerendum
667 1261 800 1324 reguum
822 1260 884 1306 coe-
939 1251 969 1306 et
989 1261 1095 1307 comes
1115 1244 1321 1322 humilitatis3
1343 1243 1389 1306 sic
1409 1243 1612 1325 propriorum
1634 1261 1686 1305 ex-

133 1339 251 1414 lorum,
281 1348 345 1402 tam
380 1359 438 1424 per
470 1341 630 1422 angelicas
660 1341 884 1424 inspirationes
939 1341 1061 1404 cusatio
1082 1341 1245 1416 vitiorum,
1268 1349 1316 1404 est
1337 1340 1484 1416 effectus,
1506 1340 1633 1422 signum
1655 1348 1687 1402 et

133 1458 232 1520 quam
266 1457 323 1520 per
357 1438 552 1502 Patriarcbas
583 1447 615 1503 et
645 1441 816 1523 Prophetas
848 1458 884 1502 ac
939 1457 1047 1502 comes
1076 1440 1231 1502 elationis.
1259 1440 1380 1502 ldcirco
1404 1438 1560 1521 Propheta
1584 1439 1685 1501 licum

131 1537 245 1618 justos.
268 1539 353 1606 Quia
370 1540 446 1616 jam
465 1549 589 1615 parata
612 1549 690 1600 sunt
710 1541 832 1609 omnia,
853 1539 883 1600 id
939 1545 1047 1600 exorat
1064 1559 1071 1602 :
1087 1538 1156 1601 Non
1176 1538 1317 1600 declines
1338 1555 1392 1602 cor
1412 1556 1519 1600 meum
1541 1538 1574 1600 in
1589 1536 1687 1600 verba
1716 1557 1833 1609 ramur.

133 1643 193 1710 est,
211 1635 354 1698 coelestia
368 1637 483 1718 gaudia
497 1637 611 1700 merito
625 1638 782 1720 passionis
797 1637 884 1700 Chri·
939 1635 1079 1710 malitiae,
1108 1637 1149 1698 ad
1177 1636 1373 1699 excusandas
1402 1636 1623 1699 excusationes
1654 1635 1686 1697 in

132 1735 175 1796 sti
195 1734 382 1798 bominibus
402 1743 477 1798 sunt
495 1743 614 1819 parata,
630 1737 804 1800 dummodo
819 1755 883 1798 me·
939 1736 1087 1816 peccatis.
1110 1735 1176 1797 lmo
1199 1735 1359 1817 pracipue
1382 1735 1531 1817 displicet
1551 1735 1614 1798 lieo
1636 1753 1687 1798 ex·

132 1833 233 1896 ritum
249 1834 406 1916 passionis
422 1833 538 1898 Christi
554 1835 601 1898 cis
616 1854 674 1916 per
687 1831 920 1898 sacrament
939 1835 1061 1897 cusatio
1083 1834 1156 1898 talis
1177 1851 1183 1896 :
1207 1842 1337 1917 propter
1358 1835 1443 1917 quod
1463 1835 1507 1896 ait
1528 1853 1585 1917 per
1602 1835 1687 1898 lere-

131 1932 284 1996 Ecclesiae
298 1932 490 2016 applicetur,
507 1935 533 1996 si
553 1935 637 1996 adsit
651 1933 784 1996 facultas
798 1935 883 2016 (quas
938 1933 1048 2008 miam,
1059 1933 1139 1996 Ecce
1154 1950 1212 2014 ogo
1225 1933 1349 2013 jndicio
1364 1934 1552 1996 contendam
1567 1941 1685 2006 tecum,
1714 1960 1834 2014 iffi,

132 2031 159 2092 si
185 2031 279 2104 desit,
304 2031 429 2094 suflicit
456 2032 651 2096 desiderium
676 2033 882 2094 ecclesiastici
938 2050 977 2094 co
997 2032 1082 2114 quod
1106 2031 1236 2102 dixeris,
1257 2031 1325 2094 Non
1351 2031 1490 2113 peccavi.
1513 2032 1685 2106 Postremo,

131 2132 324 2193 sacramenti
350 2149 423 2194 cum
453 2131 616 2215 proposito
643 2131 822 2214 accipiendi
847 2131 883 2193 il-
939 2130 1022 2210 quod
1037 2130 1092 2204 ait,
1110 2152 1126 2188 «
1137 2129 1223 2210 Rogo
1237 2137 1279 2202 te,
1296 2129 1377 2191 baba
1393 2147 1444 2192 me
1459 2136 1644 2192 excusatum
1656 2151 1685 2204 n,

131 2229 201 2303 lud,
218 2229 244 2290 si
259 2229 394 2292 facultas
413 2249 553 2313 unquam
568 2230 729 2310 adiuerit),
746 2237 778 2292 et
792 2231 883 2292 dum·
938 2229 1115 2291 secundum
1141 2228 1339 2310 Gregorium,
1365 2236 1489 2291 tantum
1517 2237 1564 2291 est
1592 2248 1629 2292 ac
1659 2229 1686 2291 si

132 2328 230 2390 modo
246 2328 307 2411 ipsi
328 2346 390 2392 non
412 2338 531 2412 ponant
546 2329 672 2392 obicem
692 2349 757 2393 suae
776 2330 880 2392 saluti.
939 2328 1024 2390 dicat
1048 2345 1055 2389 :
1081 2328 1141 2391 Ora
1170 2345 1227 2409 pro
1257 2346 1319 2400 me,
1346 2327 1421 2410 quia
1450 2327 1594 2390 converti
1621 2345 1684 2390 nou

132 2427 209 2490 ldeo
226 2427 304 2490 dicit
324 2428 493 2509 Gregorius
511 2445 518 2490 :
535 2427 648 2491 Omnia
669 2437 743 2491 suut
763 2437 882 2511 parata,
939 2444 1079 2509 possum.
1102 2425 1217 2508 Sicque
1238 2426 1403 2488 humilitas
1427 2433 1517 2490 sonat
1541 2427 1574 2488 in
1595 2444 1684 2501 voce,

132 2525 288 2606 quoniam
305 2525 429 2589 Christo
445 2526 620 2601 immolato,
633 2535 719 2609 patet
734 2528 882 2590 introitus
938 2525 1014 2587 dum
1031 2525 1085 2598 ait,
1103 2547 1121 2584 a
1135 2524 1220 2605 llogo
1235 2531 1266 2586 te
1282 2543 1318 2604 »3
1334 2524 1486 2608 superbia
1501 2525 1533 2587 in
1549 2525 1684 2599 actione,

134 2625 226 2705 regni
242 2625 460 2699 coelcstis.Qui
475 2625 585 2705 etjam
602 2626 749 2708 passione
765 2626 882 2689 iustau-
938 2625 1015 2685 dum
1038 2623 1147 2686 venire
1169 2632 1200 2685 et
1221 2623 1351 2686 obedire
1372 2623 1559 2686 coutemnit.

133 2731 167 2784 tc
183 2722 264 2784 dixit
281 2742 288 2786 :
305 2723 391 2785 l'ado
406 2742 517 2806 parare
532 2723 623 2786 vobis
644 2725 761 2798 locum,
778 2733 811 2786 ut
827 2724 883 2786 ubi
978 2725 1022 2784 m
1044 2727 1130 2782 atter
1150 2723 1240 2782 dmin
1260 2743 1272 2782 .·
1288 2725 1374 2799 loqu
1394 2723 1487 2784 boum
1505 2726 1571 2784 emi
1591 2725 1686 2803 quin-

18 2845 24 2856 ·
134 2840 208 2883 sum
232 2839 302 2903 ego,
324 2829 356 2884 ct
378 2839 435 2885 vos
459 2821 539 2885 sitis.
561 2823 649 2886 Unde
673 2823 711 2885 ad
736 2823 884 2886 Hebraeos
941 2841 1014 2900 que,
1040 2821 1070 2882 id
1100 2827 1149 2881 est
1172 2820 1316 2901 quinque
1345 2821 1434 2902 paria
1462 2821 1571 2896 boum,
1597 2831 1627 2880 et
1651 2841 1686 2881 eo

15 2961 28 2990 ε
61 2979 66 2988 .
83 2959 116 2996 u,
133 2920 272 2984 habetur
288 2938 296 2981 ε
313 2921 491 2984 Praeoursor
510 2938 568 3002 pro
588 2920 679 2983 nobis
699 2921 822 2983 introiit
834 2921 882 2983 Je-
937 2921 1076 2998 probare
1101 2922 1180 2988 illa:
1205 2937 1280 2996 rogo
1307 2928 1348 2988 te,
1374 2921 1452 2978 habe
1480 2940 1530 2980 me
1553 2940 1686 2980 acccusa-

133 3039 201 3094 sus,
218 3027 277 3081 eto.
898 3018 920 3082 (l
940 3019 1079 3081 tuimPcr
1090 3017 1176 3079 bunc
1191 3017 1367 3079 secuudum
1383 3018 1687 3100 intelligunturava·

175 3121 219 3180 m
233 3127 399 3195 caeperunt
418 3119 518 3178 amul
536 3137 644 3178 omnes
662 3137 696 3181 se
716 3138 883 3190 examore,
937 3117 965 3177 ri
983 3137 990 3180 :
1008 3116 1063 3200 qui
1087 3115 1172 3177 circa
1192 3121 1333 3176 terrenas
1354 3114 1482 3176 divitias
1505 3116 1548 3176 ita
1570 3116 1684 3179 intenti

133 3217 167 3278 id
188 3225 246 3291 est,
262 3215 400 3298 quilibet
418 3233 540 3290 corum,
556 3216 607 3278 val
628 3217 734 3298 potius
752 3218 882 3300 quidam
938 3221 1022 3284 sunt,
1040 3213 1124 3295 quod
1146 3211 1363 3294 spiritualium
1387 3219 1482 3294 atque
1505 3213 1683 3276 coelestium

131 3315 173 3378 de
189 3315 277 3379 omni
292 3333 408 3395 gauere
424 3314 883 3388 invitatorum,excusaverunt
937 3312 1173 3375 obliviscuntur
1187 3310 1361 3390 bonorum3
1372 3310 1481 3393 sicque
1496 3311 1686 3375 alliciuntur

131 3432 168 3474 se
191 3412 233 3475 ab
257 3413 460 3476 exsecutione
490 3421 721 3496 praceptorum
746 3414 882 3476 coelesti-
936 3411 974 3472 ad
991 3410 1072 3483 illua,
1089 3409 1179 3491 quasi
1195 3427 1360 3490 nunquam
1375 3408 1524 3472 amissuri
1540 3411 1604 3472 siut
1619 3430 1683 3485 aas,

131 3531 200 3584 um,
217 3520 249 3574 ct
262 3530 281 3572 a
296 3527 465 3593 progressu
485 3511 524 3574 ad
544 3530 678 3592 reguum
701 3513 854 3576 coelorum
872 3533 880 3577 :
935 3517 967 3572 et
981 3509 1071 3591 qnasi
1087 3525 1150 3570 nou
1166 3507 1208 3570 sit
1221 3507 1286 3570 vita
1301 3513 1372 3588 post
1385 3507 1483 3570 vitam
1499 3507 1603 3582 istam,
1621 3527 1684 3574 uon

129 3609 285 3692 quoniam
301 3608 467 3672 sensibilia
481 3618 513 3672 et
529 3618 653 3673 terrena
669 3612 770 3692 magis
784 3631 879 3694 quam
936 3607 1173 3670 considerantes
1194 3605 1274 3667 illud
1288 3605 1346 3667 lob
1363 3623 1371 3669 :
1388 3605 1482 3670 Dives
1497 3625 1598 3688 quum
1613 3608 1683 3671 dor·
1717 3635 1830 3692 rasura,

129 3708 313 3790 spiritualia
334 3715 366 3770 ct
387 3708 496 3770 divina
517 3707 676 3782 amabant,
698 3711 769 3772 ideo
789 3729 883 3773 arcu·
936 3705 1053 3778 mierit,
1074 3704 1155 3766 nibil
1177 3722 1286 3766 secum
1307 3703 1446 3784 auleret;
1465 3705 1684 3787 apprehendet
1699 3702 1776 3752 Μ·

130 3815 285 3869 severunt
305 3825 351 3881 se,
367 3807 427 3868 etsi
448 3824 511 3869 non
531 3806 641 3881 verbo,
659 3815 765 3870 tamen
786 3807 878 3873 iacto.
936 3823 1010 3866 cum
1032 3804 1124 3885 quasi
1145 3821 1227 3885 aqua
1249 3803 1367 3884 inopia.
1385 3803 1465 3865 Hinc
1486 3803 1530 3866 ait
1550 3805 1682 3886 Aposto-

172 3908 312 3968 Primus
326 3906 415 3965 dimit
430 3907 462 3964 εἰ
476 3926 487 3964 .·
499 3907 613 3967 Villam
629 3909 704 3976 emi,
716 3917 744 3966 ct
761 3929 883 3968 caecasse
937 3903 986 3965 lus
1008 3920 1015 3964 τ
1037 3903 1122 3964 Nihil
1148 3902 1316 3964 intulimus
1340 3901 1373 3964 in
1398 3901 1483 3964 bunc
1507 3903 1829 3986 mundum31r,·,‚,‚,„‚7¹

129 4005 231 4063 habeo
246 4005 339 4062 exire
353 4011 383 4062 et
400 4003 510 4062 videre
526 4004 639 4072 ittam:
654 4023 730 4081 rapo
745 4015 787 4075 te,
802 4008 882 4066 liade
936 4002 1020 4064 haud
1040 3999 1174 4063 dubium
1196 4001 1272 4082 quia
1290 4019 1349 4062 uec
1367 3999 1494 4063 auferre
1513 4001 1591 4083 quid
1610 4021 1681 4085 pos·

129 4121 183 4160 me
197 4109 399 4160 excusatum.
415 4099 472 4162 Per
491 4099 577 4162 bunc
596 4102 749 4182 primum,
766 4104 821 4186 qui
842 4125 880 4166 ex
936 4119 1058 4163 sumus.
1707 4085 1711 4094 ⁴

129 4198 343 4280 occupatione
365 4198 450 4260 circa
470 4198 580 4260 villam
602 4217 698 4280 quarn
721 4201 810 4275 emit,
827 4208 920 4269 ne-l)
976 4203 1018 4261 Et
1038 4199 1261 4258 aliusdicit:
1280 4201 1419 4260 Uxorem
1440 4201 1538 4270 duci,
1557 4209 1587 4260 et
1610 4203 1681 4262 ideo

128 4297 232 4379 glcxit
254 4298 318 4359 lieo
340 4297 459 4359 servire
480 4315 517 4358 ac
539 4296 681 4372 obedire,
697 4299 881 4380 designatur
936 4319 999 4360 nou
1012 4318 1143 4374 possum
1159 4299 1278 4358 venire.
1296 4298 1353 4360 Per
1372 4298 1457 4360 hunc
1478 4299 1608 4362 tertium
1630 4301 1682 4362 de-

130 4396 324 4459 universitas
339 4394 550 4478 superborum
567 4404 598 4458 ct
612 4396 879 4464 ambitiosorum:
935 4398 1101 4479 signantur
1124 4395 1287 4458 luxuriosi.
1305 4395 1383 4458 Nam
1405 4397 1551 4478 quamvis
1576 4399 1682 4461 matri-

129 4495 189 4578 qui
205 4495 248 4556 ita
263 4513 296 4556 se
312 4502 470 4577 occupant
484 4495 568 4558 circa
581 4495 735 4558 bonorem
751 4504 781 4560 et
796 4499 881 4580 prin·
936 4497 1080 4560 monium
1105 4495 1146 4557 sit
1168 4493 1287 4558 bouum
1312 4513 1348 4556 ac
1370 4494 1506 4570 licitum,
1526 4504 1621 4578 atque
1642 4499 1681 4560 ad

130 4595 276 4676 cipetum
295 4593 526 4674 acquirendum
546 4600 600 4655 aut
621 4595 823 4658 retinendum
847 4598 879 4660 in
936 4593 1203 4678 prolilicationem
1232 4592 1341 4654 diviua
1366 4593 1564 4674 providentia
1594 4595 1682 4658 insti·

130 4691 251 4756 saeculo
270 4692 341 4765 isto,
362 4691 447 4773 quod
473 4691 527 4754 Dei
549 4694 697 4756 mandata
716 4695 881 4777 negligunt
935 4702 1051 4768 tutum,
1069 4692 1161 4755 multi
1177 4699 1283 4754 tamen
1304 4711 1361 4774 per
1375 4692 1435 4755 hoc
1455 4710 1517 4755 nou
1538 4693 1683 4757 lecuudi-

128 4791 386 4874 adimplerc‚nec
401 4791 579 4854 adaetcrnae
594 4791 799 4856 beatitudiuis
815 4815 881 4858 sus·
936 4801 1032 4856 tatem
1058 4791 1167 4873 prolis,
1192 4791 1248 4853 sed
1273 4790 1503 4872 turpitudinem
1528 4801 1683 4875 expetunt

130 4892 240 4976 pirant
255 4889 403 4964 bonores,
419 4889 475 4950 sed
490 4890 679 4970 temporalia
693 4899 787 4973 atquc
802 4913 881 4974 prae-
936 4889 1118 4973 voluptatis.
1140 4891 1213 4952 ldeo
1238 4907 1294 4970 per
1318 4908 1385 4952 rem
1409 4890 1528 4971 justam
1551 4911 1587 4955 ac
1613 4893 1682 4955 lici-

129 4988 235 5054 santia
249 4987 376 5052 aetarnis
390 4987 565 5071 praeierunt
578 5007 615 5050 ac
628 4988 882 5074 futuris,propria
936 5000 1012 5065 tarn,
1029 5008 1093 5053 nou
1116 4989 1289 5070 incongrue
1311 5007 1360 5052 res
1383 4990 1567 5072 designatur
1590 4992 1683 5056 illici-

129 5089 281 5152 excaecati
300 5085 549 5170 superbiaque
569 5094 709 5150 mentem
730 5089 882 5152 mirabili·
936 5099 978 5164 ta,
996 5089 1173 5152 secundum
1188 5087 1384 5168 Gregorium.
1403 5088 1441 5150 lit
1455 5091 1531 5171 quia
1545 5092 1682 5154 carnalis

131 5199 183 5252 ter
204 5185 493 5267 damnabiliterque
515 5185 714 5262 obtenebrat,
733 5189 776 5251 ita
797 5191 882 5271 quod
936 5189 1083 5272 voluptas
1098 5188 1271 5252 fortissime
1287 5187 1372 5270 ligat,
1384 5199 1529 5273 occupat,
1546 5191 1682 5254 infimis-

121 5293 195 5352 'suo
212 5306 247 5350 se
266 5305 330 5350 non
350 5285 458 5351 subdit
477 5285 616 5349 Creatori
633 5285 729 5352 :ideo
747 5289 880 5369 gratiam
937 5306 999 5372 que
1015 5288 1176 5369 immergit
1195 5287 1359 5350 bominem
1377 5306 1383 5350 :
1401 5289 1472 5352 ideo
1491 5291 1603 5352 tertius
1622 5290 1681 5355 iste
