4140 6258
437 470 497 536 378
784 487 933 537 construet
954 488 999 536 ΧΠ
1018 487 1092 535 Posr
1113 485 1308 536 solutumst.
1327 505 1367 518 -
1388 487 1488 536 sunlto
1507 490 1618 538 Pulsus

437 660 581 744 tiamque
594 660 740 744 augebat,
757 660 893 743 eoquod
910 660 1049 722 humana
1064 676 1190 741 perver-
1204 660 1230 723 A
1244 678 1356 735 nuum,
1373 660 1623 742 repercutientes
1642 663 1812 745 adspectum
1827 663 1933 730 liliomn

438 760 514 822 sitas
534 760 654 824 nitatur
676 761 709 824 in
728 761 880 840 vetitum3
899 759 988 821 auxit
1006 759 1103 821 etiam
1122 758 1188 820 cul·
1243 759 1585 843 lsraelzpropterquod
1598 762 1934 845 lloysesposnitvelanen

299 877 317 922 u
330 878 424 930 man.
439 877 525 942 pam,
543 858 618 941 quia
633 867 705 942 post
719 858 862 921 veritatis
877 858 1022 921 notitiam
1039 865 1069 919 θῖ
1085 855 1188 938 legem
1244 876 1341 940 super
1363 857 1478 921 taciem
1500 879 1601 922 suanr.
1624 863 1700 930 Quae
1718 860 1935 938 ministrationi

292 942 326 985 '¹'
438 956 580 1019 divinam
592 957 726 1020 naturali
739 955 802 1038 legi
815 955 1050 1039 superadditam
1061 955 1188 1036 gravius
1244 975 1314 1037 quae
1336 957 1462 1020 claritas
1483 958 1607 1041 Moysis,
1625 959 1935 1032 evacuatur,idast,li-

439 1053 501 1116 luit
525 1073 657 1136 peceare
682 1074 779 1137 quam
804 1061 887 1117 ante.
914 1053 1036 1118 Occidit
1061 1071 1187 1136 quoque
1243 1073 1314 1117 nem
1329 1055 1548 1138 accepit.Nam
1561 1057 1685 1120 claritas
1699 1057 1749 1119 illa
1762 1058 1935 1138 successerit

439 1154 647 1236 corporaliter
661 1162 693 1217 et
708 1155 839 1229 directe,
851 1155 1003 1236 quoniam
1018 1161 1189 1233 transgres-
1243 1153 1426 1235 evangelica
1450 1173 1577 1238 quoque
1603 1156 1671 1237 lege
1693 1155 1817 1236 vulgata,
1838 1157 1936 1219 llosaiu

439 1271 526 1316 sores
550 1254 629 1335 legis
651 1255 803 1337 praecepit
824 1253 936 1317 occidi.
957 1255 1108 1330 Spiritus
1132 1273 1189 1313 cu·
1244 1252 1294 1315 lex
1310 1254 1454 1315 cessavit.
1464 1256 1626 1323 Quomodo
1637 1274 1700 1314 uon
1710 1255 1936 1332 utcpisministru·

441 1361 503 1412 teis
519 1354 678 1430 vivificat,
694 1353 725 1415 id
741 1360 800 1428 θεῖ,
817 1353 955 1436 Spiritus
970 1352 1115 1426 Sanctus,
1130 1351 1186 1433 qui
1244 1354 1288 1411 tio
1304 1353 1466 1428 Spiritus,
1475 1353 1506 1415 id
1522 1360 1570 1416 est
1585 1353 1636 1416 lex
1651 1351 1821 1432 evangelica
1833 1371 1878 1434 per
1889 1353 1935 1434 Spi-

291 1468 498 1532 sa.v=1=,n;per
522 1451 761 1533 impositionem
784 1470 937 1514 manuum
962 1451 1186 1533 Apostolorum
1244 1450 1341 1511 ritum
1366 1450 1517 1512 Sanctum
1540 1451 1639 1513 indita
1661 1458 1692 1513 et
1712 1451 1820 1524 edocta,
1839 1451 1934 1532 gratian

292 1535 411 1584 ¹¹⁴‘³⁰‘⁰·
439 1556 472 1612 et
490 1567 547 1630 per
567 1549 896 1614 subministrationem
918 1567 1029 1612 eorum
1054 1549 1188 1612 dabatur
1243 1548 1409 1611 continens
1424 1550 1546 1612 ratione
1562 1556 1818 1612 sacramentorum
1830 1566 1933 1621 suumn,

439 1647 709 1722 fidelibus,vitam
723 1650 831 1731 gratiae
847 1656 974 1731 praestat
989 1648 1187 1711 infundendo
1242 1647 1307 1705 erit
1323 1647 1357 1705 iu
1371 1648 1493 1723 picria,
1509 1646 1541 1708 id
1562 1654 1619 1720 est,
1636 1645 1812 1726 dignitatern
1829 1653 1854 1708 et
1869 1645 1934 1726 glori-

439 1746 582 1808 virtutcs.
600 1747 656 1809 Vel
672 1748 718 1810 sic
736 1767 743 1811 :
762 1747 907 1811 «Littera
922 1748 1039 1810 occidit
1050 1769 1078 1822 u,
1092 1748 1122 1810 id
1139 1754 1187 1810 est
1242 1761 1293 1806 arn
1310 1744 1441 1806 habebit
1456 1745 1489 1806 in
1505 1745 1571 1807 suis
1587 1744 1752 1818 ministris,
1766 1751 1832 1826 puta
1844 1743 1935 1825 Aposto
1950 1767 2012 1810 nna

439 1863 551 1906 sensus
567 1844 794 1927 superficialis,
814 1846 869 1928 qui
886 1846 1031 1909 litteralis
1048 1845 1184 1920 videtur,
1203 1842 1226 1904 B
1243 1843 1292 1916 lis,
1314 1843 1370 1925 qui
1394 1843 1553 1925 primitias
1573 1843 1712 1926 Spiritus
1730 1843 1824 1906 Sancti
1841 1861 1935 1924 escape
1943 1831 1963 1870 ³²·

439 1949 580 2004 mentem
595 1951 740 2018 excaecat,
757 1944 833 2026 quia
848 1961 997 2007 erroneus
1012 1951 1075 2023 est3
1093 1966 1109 2004 ι(
1122 1944 1185 2026 spi·
1241 1949 1326 2016 runt,
1344 1949 1455 2005 ettam
1472 1942 1504 2003 in
1521 1942 1637 2005 saeculo
1654 1942 1715 2004 isto
1729 1961 1815 2023 quarn
1828 1941 1854 2003 iu
1866 1958 1934 2020 regno

438 2041 517 2103 ritus
536 2049 641 2104 autem
657 2064 686 2116 n,
707 2042 740 2104 id
760 2050 808 2105 est
827 2042 1002 2124 spiritualis
1022 2061 1058 2104 ac
1079 2043 1186 2125 mysti-
1242 2041 1363 2104 coelesti
1395 2040 1530 2123 gloriam
1560 2047 1591 2102 θῖ
1623 2040 1802 2120 dignitatem
1827 2057 1934 2120 maguam

439 2157 495 2200 cus
511 2135 702 2216 intellectus,
716 2162 733 2200 a
744 2139 887 2203 vivificat
898 2140 1010 2222 aquia
1025 2140 1185 2203 illuminat
1241 2139 1343 2201 sortiti
1364 2141 1460 2201 suntt
1480 2139 1524 2200 De
1542 2139 1661 2220 quibus
1678 2137 1813 2220 predixit
1821 2136 1934 2217 Pmpbeta

438 2245 588 2300 mentem.
1240 2237 1278 2300 ad
1295 2237 1466 2300 Dominum
1479 2256 1486 2300 :
1497 2236 1678 2300 Constitues
1693 2254 1745 2299 eos
1759 2235 1891 2318 principes
1901 2253 2008 2295 sunnon·

479 2335 620 2398 Subinde
642 2337 820 2400 ostenditur
842 2337 1031 2400 excellentia
1052 2356 1185 2419 evange·
1241 2354 1299 2418 per
1314 2353 1443 2398 omnem
1459 2342 1592 2414 terram3
1606 2342 1638 2397 θῖ
1653 2335 1777 2408 iterum,
1786 2333 1847 2394 blibi
1858 2339 1934 2393 suun
1943 2351 2013 2392 uras.

439 2430 509 2495 licae
525 2433 715 2514 legis.Quoci
729 2437 769 2504 si,
779 2435 811 2497 id
825 2443 873 2497 θεῖ
887 2435 1185 2510 Quia,miuistrctio
1241 2434 1337 2497 nimis
1353 2433 1497 2496 honorati
1513 2443 1588 2496 sunt
1603 2433 1700 2496 amici
1715 2433 1855 2508 tui‚llsus.
1868 2430 1935 2492 isaias
1945 2415 1964 2453 ¹⁷·

439 2533 566 2602 mortis,
583 2531 612 2594 id
629 2540 677 2594 θεῖ
692 2531 743 2594 lex
758 2541 860 2608 natue,
872 2553 942 2616 quas
957 2534 1074 2596 dicitur
1093 2535 1186 2597 mini·
1240 2551 1367 2616 quoquc
1378 2550 1384 2592 :
1394 2532 1453 2604 Oui
1467 2538 1542 2594 sunt
1557 2531 1608 2593 isti
1625 2532 1682 2614 qui
1697 2539 1732 2593 ut
1745 2530 1834 2593 nubes
1846 2527 1935 2590 volanti
1949 2543 2005 2586 aas.

439 2627 549 2690 stratio
562 2629 672 2692 mortis
684 2647 722 2693 θο
737 2649 831 2693 sensu
848 2648 911 2714 quo
926 2632 1047 2694 dictum
1063 2632 1186 2706 estLit·
1280 2634 1366 2694 Nam
1381 2632 1412 2690 si
1425 2632 1629 2691 ministratio
1643 2630 1859 2697 damnationis,
1870 2626 1894 2687 id
1905 2633 1937 2686 tsi
2028 2617 2029 2630 ἦ

439 2734 506 2788 tera
520 2727 637 2790 occidit
650 2729 749 2809 (unde
765 2736 797 2791 et
810 2728 888 2791 alibi
903 2729 981 2792 dicit
995 2731 1183 2812 Apostolus:
1241 2730 1291 2792 lex
1311 2736 1413 2803 vetus,
1430 2747 1501 2811 qua
1521 2728 1639 2790 dicitur
1660 2751 1678 2787 c
1694 2725 1864 2790 ministratio
1877 2723 1937 2784 dan·

439 2824 546 2887 Virtus
566 2827 688 2906 peccati
706 2826 781 2905 lex),
798 2829 921 2887 titteris
940 2830 1136 2904 deformata,
1154 2829 1185 2890 id
1239 2828 1378 2892 nationis
1403 2849 1420 2886 »
1451 2827 1603 2908 quoniam
1633 2843 1709 2889 suos
1738 2833 1937 2905 transgressores

321 2942 326 2954 ·
439 2931 488 2985 θεῖ
503 2923 579 2986 loris
595 2923 730 2988 lormata
744 2943 800 2987 seu
816 2925 944 3007 scripta,
955 2928 992 2985 iu
1007 2928 1184 3002 lapidibus,
1240 2926 1392 3008 obligavit
1418 2926 1457 2988 ad
1480 2924 1719 2988 damnationem
1742 2930 1879 2994 eternam,
1897 2935 1936 2980 nec

440 3021 471 3083 id
488 3029 536 3083 est
556 3021 689 3104 lapideis
710 3023 839 3098 tabulis,
855 3023 889 3085 in
908 3023 1026 3105 quibus
1046 3022 1185 3105 scriptus
1202 3019 1224 3083 C
1241 3035 1346 3089 tamen
1361 3023 1495 3106 gratiam
1511 3023 1645 3086 contulit
1660 3024 1700 3086 ad
1714 3021 1937 3094 servandumplo

439 3118 501 3181 fuit
516 3120 690 3202 Decalogus
705 3122 796 3203 legis,
809 3122 959 3185 videlicet
975 3122 1087 3184 decern
1109 3139 1185 3202 prae
1242 3126 1296 3185 ric
1306 3133 1364 3194 est,
1375 3123 1407 3185 id
1424 3130 1472 3184 est
1487 3122 1588 3184 bonor
1602 3129 1634 3184 et
1648 3121 1782 3203 dignitas
1795 3116 1888 3200 ldoysis
1900 3131 1937 3197 per

440 3226 542 3300 cepta,
551 3221 621 3296 fuit
636 3222 673 3280 iu
685 3223 807 3298 picria,
818 3221 848 3282 id
865 3228 922 3295 est,
935 3220 1138 3302 splendorem
1154 3226 1186 3282 et
1241 3242 1337 3305 quem
1358 3223 1431 3283 data
1449 3228 1497 3283 θεῖ
1506 3238 1514 3300 ;
1530 3224 1633 3281 multo
1648 3222 1753 3297 magis
1765 3219 1887 3278 abundat
1898 3215 1938 3272 mi·
2027 3261 2028 3290 ,

439 3317 574 3398 gloriam
590 3317 702 3381 babuit
721 3318 754 3381 in
775 3336 832 3382 suo
854 3319 950 3382 latore
970 3318 1183 3392 ministeriali,
1241 3325 1418 3382 misterium
1430 3320 1588 3397 justitie,
1605 3319 1635 3381 id
1657 3327 1706 3380 θεῖ
1725 3315 1862 3380 exhibitio
1875 3328 1938 3374 nova
2027 3301 2028 3334 ¹

439 3416 563 3479 scilicet
587 3417 703 3500 bloyse,
723 3419 772 3477 ita
787 3427 824 3477 ut
840 3438 904 3478 nou
915 3427 1046 3494 possent
1059 3419 1127 3495 filii
1140 3419 1186 3478 Is·
1242 3419 1332 3501 legis,
1349 3436 1458 3480 veram
1476 3415 1608 3497 justitiae
1628 3414 1844 3498 perlectionem
1856 3410 1938 3471 docen-

293 3513 363 3551 *Μ’
406 3525 415 3533 “
440 3519 510 3575 rael
530 3517 711 3587 intendere,
732 3516 765 3578 id
789 3524 838 3578 θεῖ
858 3517 963 3578 visum
989 3515 1186 3598 corporalem
1242 3519 1283 3580 tis
1298 3524 1330 3579 et
1343 3515 1478 3597 gratiam
1491 3513 1577 3595 juste
1593 3513 1722 3576 vivendi
1737 3505 1938 3578 conterentisin

321 3594 326 3606 ’
439 3612 550 3694 figere,
568 3616 734 3691 infaciem
750 3617 874 3693 Moysis
884 3625 1020 3691 propter
1030 3616 1185 3692 pieriam,
1239 3618 1360 3694 picria,
1377 3614 1408 3676 id
1430 3621 1489 3688 est,
1506 3611 1717 3694 copiosiorem
1738 3609 1856 3692 gloriam
1872 3602 1938 3666 babet

440 3712 472 3774 id
496 3720 544 3774 est
568 3712 753 3788 claritatem,
775 3719 886 3774 cultris
905 3716 987 3792 ejus,
1008 3714 1064 3796 qui
1083 3713 1187 3776 luerat
1242 3730 1410 3787 annexam,
1437 3717 1472 3773 ut
1496 3711 1619 3773 dictum
1648 3717 1706 3772 θεῖ.
1733 3707 1842 3770 Dicitur
1863 3707 1938 3765 anun

440 3810 621 3873 luminosus
640 3829 679 3873 ex
699 3813 858 3875 consortio
873 3813 938 3874 Dei.
952 3812 1039 3874 Unde
1055 3811 1088 3873 in
1104 3810 1186 3874 facie
1243 3813 1294 3874 lex
1312 3810 1427 3893 Moysis
1447 3809 1581 3890 gratiam
1599 3825 1665 3871 non
1684 3807 1812 3878 dedisse,
1826 3799 1937 3884 quonian

440 3908 555 3991 ltloysis
575 3917 791 3991 apparuerunt
807 3911 885 3972 radii
902 3910 1073 3992 splendidi,
1090 3928 1186 3989 angu-
1240 3915 1438 3973 sacramanta
1454 3907 1571 3971 veteris
1589 3906 1668 3988 legis
1687 3904 1813 3987 gratiam
1828 3917 1879 3962 nou
1890 3912 1940 3958 con·
2026 3965 2027 3990 χ

438 4006 547 4071 lariter
575 4007 782 4070 ascendentes
811 4007 844 4069 in
878 4008 1089 4071 similitudine
1118 4026 1185 4071 cor·
1241 4008 1387 4071 tinebant
1407 4025 1466 4070 nec
1489 4004 1706 4070 conterebant.

988 4447 1179 4535 sunno
1218 4383 1437 4536 rnruus

764 4715 804 4760 DE
825 4713 1031 4762 rumucrrouu
1053 4715 1090 4761 ΕΤ
1110 4714 1317 4762 excussorium
1338 4715 1537 4764 EVANGELlGAE
1559 4715 1656 4762 Lucis.

511 5005 684 5068 OMINUS
697 5004 807 5080 judeos
828 5013 948 5074 noster,
963 5004 1125 5066 Dominus
1146 5007 1188 5064 lc·
1202 5005 1227 5066 D
1242 5012 1290 5067 est
1311 5005 1399 5080 linis,
1416 5005 1497 5068 nibil
1516 5023 1536 5068 a
1554 5023 1630 5068 casu
1651 5013 1705 5067 aut
1726 5001 1846 5066 fortuito
1865 4987 1941 5058 condi·

519 5103 611 5181 pifer
639 5111 760 5172 noster,
786 5104 946 5163 Dominus
975 5123 1035 5162 reu
1064 5113 1184 5165 noster.
1241 5105 1299 5179 dit,
1315 5105 1371 5167 scd
1393 5105 1542 5168 universa
1564 5112 1595 5168 ct
1617 5104 1741 5186 singula
1763 5105 1876 5184 propter
1891 5107 1942 5153 ⁰⁰³·

437 5205 476 5268 ls.
494 5220 605 5276 xxxin,
622 5200 671 5264 22.
1241 5223 1356 5286 gruum
1379 5212 1411 5266 θῖ
1431 5211 1552 5267 certum
1572 5204 1673 5266 finem
1692 5199 1823 5265 institnit
1837 5213 1867 5258 ac
1882 5205 2015 5277 uret-gn„

479 5303 562 5367 Deus
591 5300 778 5375 altissimus,
809 5299 901 5383 cujus
931 5300 1094 5384 sapientia
1124 5319 1188 5366 non
1242 5303 1434 5388 vitPropter
1448 5304 1531 5387 quod
1544 5303 1697 5386 Propheta
1710 5297 1941 5365 oratmtensrus
1950 5299 1969 5340 t
2024 5325 2025 5334 ,
