4192 6258
451 479 512 546 562
675 497 824 546 noumrca
844 497 887 544 xx
906 495 980 544 aosr
999 495 1193 544 murrinam.
1213 511 1254 525 -
1273 495 1316 542 an
1335 493 1530 560 marciosos3
1552 495 1651 542 sanato
1670 495 1783 544 saxrns

453 667 520 732 lum
535 668 693 752 solvitque
707 667 844 732 asinum.
857 668 889 732 Si
904 667 964 731 hoc
980 667 1061 731 dixit
1075 668 1114 730 de
1129 667 1199 729 Fra·
1214 664 1240 727 Α
1255 665 1285 728 ei
1300 683 1358 749 pro
1374 684 1466 749 posse
1482 665 1586 730 vicem
1601 684 1638 729 ac
1653 664 1921 729 honorificentiam
1935 665 1974 727 tri-

452 765 556 830 tribus
578 767 634 849 qui
653 773 760 830 umen
782 767 821 828 de
844 765 965 828 illicitis
986 784 1050 829 non
1074 765 1200 828 fuerant
1255 763 1394 838 buendo,
1415 783 1455 826 ne
1477 764 1562 826 dicat
1585 765 1625 826 de
1646 763 1737 826 nobis
1757 783 1765 827 :
1785 761 1915 843 Populus
1935 764 2051 826 liciam:

453 865 614 938 collocuti,
630 865 708 948 quid
724 865 763 928 de
778 863 871 928 nobis
886 863 1058 926 dicendum
1074 871 1131 937 est,
1143 863 1199 946 qui
1256 862 1349 925 labiis
1366 881 1416 926 me
1431 863 1580 942 honorat;
1593 880 1648 926 cor
1661 869 1767 924 autem
1783 879 1888 924 eorum
1902 845 2051 950 longeJi'l

453 979 516 1024 non
537 961 641 1024 solum
657 962 824 1025 venialiter
843 962 955 1025 illicita
970 961 1078 1036 verba,
1094 962 1150 1025 sed
1169 969 1200 1023 ct
1255 967 1303 1022 est
1318 980 1336 1023 a
1351 979 1412 1022 me.
1430 960 1474 1024 De
1494 960 1582 1023 omni
1605 959 1702 1041 igitur
1719 958 1805 1022 bono
1824 959 1902 1040 quod
1917 958 1971 1020 fieri

453 1078 492 1122 ex
515 1077 574 1123 suo
602 1079 718 1142 genere
746 1078 874 1143 quoqne
903 1059 1047 1124 mortalia
1075 1058 1198 1134 crebro,
1255 1059 1417 1121 cernimus
1436 1066 1491 1120 aut
1505 1057 1666 1130 andimus,
1682 1056 1828 1119 omnium
1847 1055 1917 1119 fonti
1933 1056 1972 1119 bo

452 1159 554 1222 Deum
576 1159 667 1222 obliti
687 1159 808 1240 atejus
826 1159 985 1241 judicium
1009 1177 1072 1222 non
1091 1177 1200 1222 veren-
1254 1174 1368 1220 norum
1392 1157 1601 1239 regratiemur
1621 1175 1660 1219 ex
1681 1156 1800 1219 animo.

452 1257 671 1340 tos,proferre
690 1258 909 1333 audemusne
930 1263 1006 1319 sunt
1026 1256 1123 1320 verba
1144 1256 1198 1319 ob·
1294 1255 1465 1330 Postremo,
1488 1255 1580 1336 juxta
1602 1254 1777 1338 apostolica
1799 1254 1969 1326 documenta,

453 1355 618 1430 locutoria,
639 1356 861 1430 susurratoris,
880 1355 1046 1419 discordie
1065 1355 1200 1418 semina·
1254 1353 1392 1435 subjecti
1413 1352 1551 1416 invicem
1572 1353 1672 1416 simus
1692 1353 1726 1416 in
1746 1354 1859 1415 timore
1872 1353 1917 1415 [lei
1933 1372 1969 1414 ca-
1987 1375 2048 1428 ape¹¹

453 1453 529 1529 tiva,
552 1453 793 1528 contumeliosa,
816 1455 991 1517 mendosat
1013 1454 1103 1516 Nunc
1125 1471 1200 1536 ergo
1254 1460 1302 1515 sto
1317 1471 1353 1515 ac
1368 1452 1460 1515 filiali
1473 1471 1480 1515 :
1493 1460 1524 1515 et
1538 1453 1609 1527 hoo,
1621 1471 1660 1514 cx
1675 1451 1862 1516 obedientie
1876 1451 1967 1527 debito,
1978 1440 1999 1479 ³¹·

453 1552 493 1614 de
508 1560 613 1615 cetero
628 1553 729 1616 Deum
749 1552 901 1615 habentes
922 1570 986 1635 pre
1005 1552 1118 1627 oculis,
1135 1570 1200 1616 non
1253 1559 1309 1614 aut
1333 1559 1417 1615 certe
1446 1571 1485 1615 ex
1509 1551 1716 1615 condecentia
1744 1558 1778 1612 et
1800 1569 1969 1632 supereroga-

452 1649 516 1712 nisi
546 1649 763 1727 edificatoria,
788 1649 928 1714 salubria
956 1657 988 1713 et
1015 1651 1124 1714 divina
1153 1650 1199 1714 lo·
1254 1650 1341 1713 tione
1365 1650 1505 1713 caritatis
1529 1669 1567 1713 ac
1591 1649 1795 1713 humilitatis.
1816 1648 1969 1731 Superiores

452 1767 599 1830 quamur.
1255 1749 1404 1832 equidem
1435 1767 1492 1832 per
1522 1749 1686 1813 caritatem
1720 1755 1753 1810 et
1786 1747 1969 1810 humilitatem

494 1847 608 1929 Atque,
630 1855 666 1909 ut
688 1854 920 1929 consequenter
943 1853 1052 1910 monet
1070 1847 1200 1929 Aposto
1216 1841 1240 1904 B
1255 1855 1367 1930 sponte
1387 1867 1421 1910 se
1445 1847 1586 1910 subdunt
1607 1847 1827 1921 inferioribus,
1846 1845 1919 1908 salva
1931 1845 1969 1926 ju·

320 1957 403 2017 aptes.
416 1972 437 2011 v,
453 1944 514 2020 lus,
529 1945 645 2026 gratias
660 1946 725 2010 Deo
739 1945 821 2008 Patri
841 1944 874 2007 in
894 1946 1024 2008 nomine
1039 1945 1111 2007 Filii
1129 1944 1200 2026 ejus
1255 1946 1349 2010 stitiae
1375 1945 1565 2028 disciplina;
1588 1945 1759 2008 inferiores
1781 1952 1881 2007 autam
1900 1963 1970 2024 snpe-

304 2025 339 2066 ΞΟ.

450 2041 525 2106 lesu
549 2042 666 2106 Christi
690 2061 820 2125 agamus
842 2061 900 2126 pro
924 2044 1083 2106 universis
1107 2043 1200 2106 bene·
1255 2041 1404 2117 rioribus,
1417 2062 1455 2106 ex
1470 2043 1659 2106 obedientie
1674 2041 1841 2124 exigentia
1854 2042 1925 2105 Unde
1935 2042 1968 2103 ait

450 2140 537 2204 ficiis
551 2149 616 2204 tam
633 2139 725 2204 nobis
740 2160 837 2224 quam
856 2141 927 2204 aliis
942 2143 1079 2224 desuper
1093 2142 1199 2205 distri·
1255 2141 1420 2205 Salvator:
1438 2141 1496 2216 Qui
1516 2141 1618 2223 maJor
1640 2149 1688 2205 est
1709 2149 1860 2215 vestrum,
1878 2141 1912 2202 sit
1929 2157 1967 2202 vc·
1993 2156 2034 2197 vs

451 2238 554 2321 butis3
569 2247 601 2302 et
615 2259 654 2303 ex
671 2240 800 2302 caritate
815 2247 848 2303 et
863 2239 955 2302 latria
968 2259 1005 2302 ao
1025 2241 1093 2303 zelo
1106 2239 1198 2321 justi·
1254 2246 1319 2302 ster
1343 2239 1498 2302 minister.
1525 2240 1643 2304 Ceteris
1669 2247 1781 2303 antem
1803 2239 1845 2302 ait
1863 2233 2006 2321 Aposto¹¹¹
2018 2227 2033 2259 ²''

451 2337 503 2401 tie
518 2339 579 2401 hoc
597 2357 739 2420 agamus,
756 2356 829 2400 curn
851 2339 940 2401 omni
955 2340 1060 2402 cordis
1078 2338 1198 2402 ellectu
1254 2338 1304 2402 lus
1331 2358 1338 2402 :
1364 2339 1488 2402 Honore
1515 2338 1654 2401 invicem
1678 2338 1915 2419 prevenientes;
1934 2345 1965 2408 et,
1984 2351 2044 2392 aaa

450 2435 666 2499 inestimabili
690 2434 835 2510 bonitati,
859 2437 993 2513 caritati,
1020 2437 1198 2501 misericor·
1254 2437 1311 2499 Per
1325 2437 1488 2499 caritatem
1504 2437 1620 2500 servite
1635 2435 1789 2500 invicem.
1797 2436 1871 2498 Ecce
1883 2417 2042 2519 οιιιιιίιξζῊΙίῐί
2060 2505 2061 2510 1

450 2533 561 2597 dieas
577 2533 809 2597 munificentie
826 2534 882 2598 Dei
903 2536 1002 2598 nostri
1022 2536 1199 2618 sepissime
1254 2535 1314 2598 ista
1337 2535 1462 2598 cunctis
1486 2533 1762 2598 christifidelibus
1785 2535 1891 2616 scripta
1909 2542 1965 2594 sunt

449 2632 665 2714 regratiantes.
680 2633 795 2716 Sisque
810 2634 849 2698 de
866 2634 995 2717 proprio
1010 2633 1198 2716 imperfecto
1254 2641 1285 2697 et
1299 2633 1452 2715 injuncta.
1470 2634 1592 2710 Quanto
1607 2634 1709 2715 magis
1731 2633 1885 2717 religiosos
1898 2651 1965 2714 opor-

449 2738 480 2793 et
500 2731 539 2793 de
559 2730 676 2794 nostris
699 2731 850 2813 pcccatis,
867 2732 906 2794 de
928 2732 1100 2815 multiplici
1120 2750 1198 2815 quo
1245 2740 1298 2826 ‘tet
1312 2751 1349 2795 ea
1368 2731 1550 2796 sublimiter
1569 2732 1761 2815 adimplere,
1777 2741 1866 2814 atque
1882 2730 1965 2793 evulsa

450 2845 512 2912 que
529 2829 622 2892 ruina
637 2829 787 2894 Ecclesiae
803 2831 1082 2907 contristemur‚ao
1096 2832 1197 2894 Deum
1253 2831 1341 2894 omni
1362 2831 1523 2913 snperbia,
1546 2831 1579 2892 in
1600 2848 1686 2905 vera,
1705 2838 1825 2904 sancta,
1842 2828 1966 2912 profunda

449 2946 507 3011 pro
532 2928 743 2992 subventione
767 2936 800 2992 et
822 2929 990 2993 affluentia
1012 2932 1120 3012 gratie
1144 2932 1199 2994 de·
1253 2949 1290 2992 ac
1305 2929 1412 2992 stabili
1428 2929 1609 2992 humilitate
1624 2929 1748 3011 pariter
1763 2927 1930 2998 conversari,
1943 2932 1964 2986 et

449 3045 629 3110 precemur,
645 3034 681 3090 nt
702 3027 803 3091 nihilo
828 3028 935 3091 minus
957 3028 996 3092 de
1019 3030 1107 3092 omni
1130 3030 1196 3112 pie·
1212 3030 1234 3095 C
1253 3029 1286 3092 in
1311 3031 1367 3093 liei
1393 3029 1506 3092 timore
1531 3029 1714 3112 persistere,
1742 3049 1782 3091 ne
1805 3028 1871 3111 quis
1890 3027 1964 3088 alium

448 3133 511 3189 tate
530 3134 562 3188 et
580 3126 680 3207 gratia
704 3125 797 3188 nobis
819 3126 955 3209 aliisque
978 3127 1111 3204 collatis,
1131 3129 1197 3193 Deo
1252 3128 1452 3204 scandalizet,
1464 3135 1584 3210 gravet,
1601 3127 1824 3210 perturbet,ct
1837 3127 1963 3190 Christum

447 3223 631 3287 humillime
645 3242 682 3287 ao
696 3223 882 3307 frequenter
896 3233 999 3306 grates
1014 3227 1196 3307 agemussi
1253 3227 1286 3290 in
1302 3228 1368 3290 suis
1384 3227 1538 3290 membris
1552 3226 1713 3290 trucidetf
1731 3227 1791 3291 Sed
1805 3244 1901 3289 omncs
1913 3242 1963 3285 mu·

448 3340 543 3386 omne
564 3322 684 3386 bonum
704 3323 918 3398 attribuendo,
936 3331 967 3386 et
982 3324 1021 3387 de
1036 3325 1124 3388 omni
1144 3324 1197 3388 be·
1250 3334 1306 3390 tuo
1329 3325 1538 3398 aedificatorii,
1558 3325 1689 3408 pacifici
1714 3324 1916 3406 caritativiquc
1933 3321 1963 3382 si·

448 3420 566 3485 aeficio
595 3438 653 3484 suo
682 3420 789 3504 ipsum
814 3428 880 3486 toto
908 3422 1003 3486 corde
1027 3423 1194 3500 laudando,
1251 3444 1334 3500 mus,
1350 3425 1390 3487 ad
1409 3424 1536 3488 laudem
1557 3431 1588 3487 et
1602 3423 1739 3506 gloriam
1755 3420 1960 3506 omnipotentis.

448 3538 508 3583 nec
529 3519 637 3584 verbis
659 3527 794 3597 tantum,
816 3521 871 3585 sed
896 3521 1048 3603 operibus
1067 3539 1196 3606 quoquo
1249 3524 1361 3587 Amen.

996 3953 1190 4042 SERMO
1228 3953 1448 4045 SEXTUS

590 4221 630 4268 ΒΕ
651 4223 753 4270 vallils
774 4223 904 4282 aursus,
925 4223 964 4270 ΕΤ
984 4224 1201 4272 flammantis
1223 4225 1427 4273 rennuebant
1447 4225 1490 4272 AD
1510 4225 1640 4273 horrus
1662 4225 1852 4274 srmwauas

959 4321 1247 4380 Pnhrnctlortltlotttt
1272 4323 1479 4371 lonasrlcart.

509 4599 646 4660 IMILIi'
665 4607 711 4660 est
733 4618 870 4677 repetam
893 4603 1047 4660 celorum
1070 4599 1197 4660 bomini
1210 4600 1235 4662 D
1251 4599 1368 4664 Christi
1397 4608 1492 4683 atque
1521 4599 1681 4666 Ecclesiae.
1708 4602 1788 4666 Sunt
1814 4609 1842 4663 et
1867 4595 1956 4679 nuptie

525 4697 598 4773 rapi
610 4698 670 4775 qui
682 4698 762 4774 fecit
777 4699 912 4774 nuptias
924 4699 996 4776 filio
1010 4697 1192 4760 suoidatth.
1251 4697 1423 4761 infernales
1446 4707 1479 4762 et
1501 4700 1619 4781 gratie,
1643 4708 1755 4783 utpote
1779 4699 1850 4763 unio
1869 4691 1956 4760 Christi

446 4812 523 4868 xxn,
539 4792 568 4855 2.
1250 4814 1324 4860 cum
1343 4798 1450 4859 anima
1470 4797 1559 4861 fideli
1581 4817 1638 4881 per
1656 4798 1768 4874 fidem,
1784 4797 1922 4861 caritatem
1934 4797 1956 4851 et

487 4893 568 4956 Sunt
590 4892 709 4974 nuptie
733 4893 885 4968 carnales,
903 4901 978 4956 sunt
996 4900 1028 4956 et
1047 4894 1194 4976 spiritua·
1248 4895 1393 4976 gratiam.
1411 4895 1490 4958 Sunt
1505 4897 1601 4960 etiam
1617 4898 1738 4980 nuptie
1752 4894 1956 4980 supercoelestes

447 4993 502 5055 les.
521 4992 559 5053 Et
574 4991 696 5074 nuptie
714 4991 896 5074 spirituales
916 5000 990 5054 sunt
1013 4991 1131 5067 multae,
1149 4993 1194 5054 vi·
1249 5001 1281 5056 et
1295 4993 1414 5075 glorie,
1431 5014 1501 5076 qne
1520 5003 1596 5057 sunt
1613 4994 1765 5059 beatifica
1783 4995 1853 5058 unio
1869 4988 1956 5054 mentis

446 5091 587 5154 delicet:
605 5090 798 5173 personales,
818 5110 889 5172 que
909 5098 983 5153 sunt
1002 5091 1079 5154 unio
1098 5091 1194 5154 Verbi
1249 5101 1361 5156 create
1376 5112 1451 5156 cnm
1466 5094 1530 5157 Deo
1547 5111 1553 5156 :
1569 5095 1608 5156 ad
1624 5113 1703 5177 quas
1721 5095 1853 5179 prefate
1865 5089 1955 5172 nupia

447 5189 557 5254 eterni
582 5207 656 5252 oum
686 5196 799 5250 natura
822 5189 962 5252 hnmana
986 5189 1019 5251 in
1044 5190 1192 5268 Christ03
1247 5190 1444 5254 ordinantur.

450 5287 526 5351 item
548 5286 804 5364 sacramentales,
825 5307 896 5370 qne
914 5295 989 5351 sunt
1011 5288 1195 5370 conjunctio
1288 5289 1420 5372 Nuptias
1435 5290 1618 5372 personales
1631 5290 1709 5355 feeit
1723 5291 1803 5356 Deus
1816 5292 1893 5356 Pater
1904 5283 1955 5352 t'ni
2055 5353 2056 5360 ,
