4214 6254
420 443 478 511 lot
723 461 871 511 nummus
893 462 936 509 ss.
957 461 1138 509 sumimus.
1160 479 1200 490 —
1220 459 1395 507 uuumurm
1415 459 1448 506 ru
1468 457 1664 506 nrauomruu

418 656 503 700 unus
515 637 554 698 de
567 635 798 720 principalibus
814 635 996 699 doctoribus
1012 643 1106 717 atque
1121 632 1204 696 red
1218 633 1348 706 loelem,
1366 633 1527 695 Exsultate
1549 632 1581 695 in
1603 630 1738 694 Domino
1758 630 1823 693 Deo
1843 636 1956 704 vestro,
1975 648 2062 703 ιιιιι
2082 625 2083 638 ’

420 735 562 798 ctoribus
584 736 721 798 ludaicaa
748 735 862 817 plebis,
887 755 958 816 quae
986 741 1058 817 post
1087 750 1165 795 mor·
1217 731 1294 812 quia
1307 730 1396 792 dedit
1408 730 1499 792 vobis
1515 731 1675 793 doctorem
1690 726 1829 809 justitias.
1842 725 1956 790 Deinde

419 842 483 897 tem
496 835 590 896 losue
610 834 778 915 regebatur
792 852 849 916 per
862 833 986 914 judices
1006 825 1106 914 usque
1125 830 1164 893 ad
1218 848 1313 892 causa
1328 829 1424 909 hujus
1440 829 1581 891 scientiae
1596 827 1752 890 subditur.
1762 827 1864 888 Nemo
1875 827 1958 885 enim

420 933 601 995 Samuelem
622 932 788 1006 inclusive,
805 931 920 994 deinde
940 949 997 1013 per
1011 948 1101 1011 reges
1116 949 1166 991 us·
1214 937 1318 1004 potest
1334 931 1400 988 ιιι
1415 929 1509 1005 scyno
1523 929 1632 1004 facere
1647 946 1719 1006 quse
1735 934 1771 985 tu-
1785 925 1882 1002 facfs,
1897 925 1960 982 nisi

419 1050 482 1113 que
506 1031 545 1092 ad
571 1030 786 1112 captivitatem
815 1029 1050 1113 Babylonicam,
1076 1029 1165 1090 exin·
1217 1029 1323 1104 fuerit
1336 1031 1424 1089 Deus
1438 1047 1511 1087 cum
1526 1046 1571 1096 eo,
1582 1025 1611 1088 ei
1627 1023 1836 1106 cooperando,
1851 1029 1884 1084 et
1897 1039 1959 1102 gra-

420 1130 459 1192 de
482 1148 539 1211 per
553 1130 701 1197 doctores
725 1136 757 1191 et
776 1129 966 1202 sacerdotes,
988 1127 1163 1209 praesertim
1217 1125 1294 1186 tiam
1310 1143 1346 1186 ac
1361 1125 1511 1187 virtutem
1526 1122 1663 1186 faciendi
1677 1121 1827 1184 miracula
1842 1121 1871 1183 ei
1887 1139 1959 1202 pra·

419 1247 476 1310 per
492 1227 822 1310 pontifices,quorum
839 1226 931 1288 multi
947 1227 1078 1288 fuerunt
1091 1225 1166 1287 Pha·
1218 1225 1339 1285 stando.
1372 1223 1463 1286 Solus
1495 1223 1616 1304 quippe
1647 1221 1849 1302 omnipotens
1880 1219 1958 1281 Deus

419 1327 512 1389 risaei.
539 1327 764 1388 Verumtamen
793 1325 984 1387 Nicodamus
1014 1325 1072 1385 iste
1101 1341 1163 1385 non
1217 1321 1294 1384 facit
1309 1321 1462 1383 miracula
1478 1321 1605 1403 proprie
1620 1320 1704 1382 dicta
1718 1326 1865 1400 tanquam
1881 1317 1960 1399 prin·

419 1424 481 1486 luit
500 1443 645 1486 summus
665 1425 814 1506 princeps
834 1430 888 1484 aut
908 1421 1051 1505 pontifex
1065 1422 1165 1484 ludae·
1219 1419 1330 1500 cipalis
1346 1418 1494 1497 effect0r3
1505 1417 1588 1480 servi
1603 1424 1710 1479 autem
1725 1416 1827 1498 ipsius
1842 1415 1960 1477 faciunt

418 1539 522 1584 orum.
1218 1536 1255 1580 ea
1280 1517 1531 1579 ministerialiter
1551 1535 1588 1578 ao
1609 1513 1895 1578 instrumentaliter
1915 1529 1960 1574 so

460 1621 524 1681 Hic
539 1620 627 1678 veuit
642 1621 686 1677 ad
699 1621 821 1689 lesum,
837 1617 930 1697 cujus
944 1617 1010 1698 jam
1030 1617 1165 1678 miracu·
1219 1617 1286 1679 lum
1309 1635 1316 1678 :
1340 1616 1430 1696 juxta
1454 1616 1534 1694 illud
1558 1615 1590 1676 in
1615 1615 1749 1688 Psalmo,
1774 1613 1960 1676 Benedictus
1972 1631 2063 1682 ιιιιιιι

420 1718 450 1779 la
468 1717 576 1798 aliqua
595 1717 684 1790 vidit,
708 1723 740 1777 et
761 1717 951 1778 documenta
970 1716 1111 1798 audivit;
1135 1724 1166 1778 et
1221 1715 1374 1777 Dominus
1397 1715 1481 1777 Dens
1502 1712 1608 1784 lsrael,
1629 1713 1684 1794 qui
1707 1712 1783 1774 facit
1805 1709 1961 1772 mirabilia

419 1834 458 1877 ex
483 1822 617 1896 utroque
637 1813 805 1896 perpendit
825 1813 946 1895 aliquid
971 1832 1093 1894 magnae
1115 1834 1166 1877 ex·
1183 1813 1206 1875 B
1221 1814 1316 1876 solus.

420 1913 576 1976 cellentiae
595 1931 664 1974 esse
685 1912 716 1974 in
733 1912 819 1984 lesu,
835 1911 927 1991 cujus
943 1919 1061 1973 tanmm
1078 1921 1165 1994 potc—
1260 1911 1354 1973 Porro
1385 1909 1574 1971 miraculum
1605 1909 1734 1992 proprie
1761 1909 1895 1980 dictum,
1920 1915 1964 1970 est

419 2018 532 2074 statem
553 2029 590 2072 ac
610 2010 811 2091 sapientiam,
833 2018 952 2071 tantam
972 2028 1099 2092 quoque
1117 2011 1167 2090 J'u-
1220 2009 1356 2072 effectus
1377 2016 1475 2070 totam
1496 2009 1647 2070 virtutem
1669 2016 1701 2069 et
1720 2007 1823 2088 legem
1846 2014 1963 2068 nature

419 2109 538 2172 stitiam
556 2107 866 2189 imperterritamque
881 2108 1089 2170 constantiam
1105 2107 1167 2170 fuit
1221 2115 1333 2169 creatas
1348 2106 1513 2168 excedens.
1523 2106 1558 2167 Et
1571 2107 1645 2167 talia
1658 2114 1748 2168 eraut
1759 2105 1867 2187 aliqua
1881 2104 1964 2167 Chri-

419 2215 581 2289 expertus,
598 2206 641 2268 ita
658 2213 691 2266 ut
706 2205 868 2267 neminem
890 2214 1046 2280 metuens,
1062 2213 1094 2268 et
1109 2224 1166 2288 pro
1221 2206 1260 2267 sti
1277 2204 1441 2276 miracula,
1454 2210 1489 2264 ut
1504 2203 1696 2265 illuminatio
1712 2203 1787 2266 ceci
1802 2202 1881 2276 nati,
1899 2221 1963 2265 sus·

419 2304 484 2366 Deo
509 2303 625 2377 zelam,
651 2319 762 2364 omnes
787 2303 959 2364 vendentes
990 2303 1022 2364 in
1046 2301 1165 2382 templo
1222 2302 1329 2365 citatio
1345 2310 1554 2375 mortuorum,
1571 2301 1701 2382 eclipsis
1718 2300 1794 2363 solis
1811 2300 1844 2362 in
1864 2299 1963 2381 pleni·

419 2402 561 2482 ejiceret,
583 2420 738 2482 suamque
759 2401 935 2463 doctrinam
961 2400 1166 2463 confirmaret
1221 2400 1310 2463 lunio
1325 2409 1468 2481 tempore
1489 2400 1655 2480 passionis.
1673 2399 1711 2460 Et
1731 2399 1792 2461 ista
1812 2397 1963 2460 miracula

420 2499 593 2561 miraculis.
608 2499 686 2561 llinc
701 2499 903 2572 Nicodemus‚
915 2500 982 2561 zelo
997 2516 1166 2579 agnoscen-
1221 2508 1295 2562 sunt
1310 2507 1396 2560 certa
1410 2518 1445 2561 ac
1461 2498 1658 2560 sufficientia
1673 2505 1870 2578 argumenta,
1881 2496 1962 2578 quod

420 2599 467 2660 dae
489 2597 631 2660 veritatis
650 2617 686 2660 ac
706 2597 881 2680 spiritualis
901 2596 1062 2679 profectus
1084 2596 1165 2659 desi·
1220 2605 1307 2660 actor
1336 2616 1446 2660 eorum
1478 2597 1519 2659 sit
1546 2615 1620 2658 vera
1645 2597 1774 2668 docens,
1800 2603 1832 2658 et
1856 2595 1963 2658 divina

420 2695 509 2758 derio
524 2695 751 2768 inflammatus,
769 2696 857 2757 venit
871 2696 910 2756 ad
924 2696 1031 2758 Jesum
1049 2703 1085 2757 ut
1101 2694 1167 2776 ple·
1221 2697 1338 2758 virtute
1358 2714 1464 2775 agene,
1481 2714 1581 2777 quum
1601 2696 1684 2756 Deus
1705 2712 1767 2756 non
1785 2694 1828 2756 sit
1847 2693 1963 2756 confir-

419 2813 492 2854 mus
512 2793 679 2855 doceretur
697 2793 738 2855 ab
758 2811 804 2856 eo
822 2793 978 2875 lcmtque
993 2802 1092 2852 noc
1053 2793 1164 2855 revel
1222 2793 1499 2856 maturauttestis
1524 2792 1680 2855 falsitatis.
1704 2792 1844 2855 Hincad
1869 2792 1963 2854 disci-

419 2891 890 2973 quiaaliorumearisaeorum
910 2909 946 2952 ac
966 2891 1164 2953 sacerdotum
1221 2892 1313 2974 pulos
1335 2909 1408 2955 suos
1428 2891 1508 2952 dixit
1529 2891 1700 2954 Christus:
1722 2891 1754 2952 Si
1779 2908 1876 2972 opera
1900 2903 2016 3007 nonpa
2016 2914 2065 2944 uu

418 2989 600 3052 offensam
592 3008 755 3052 incurrere
771 2989 1166 3070 verebatur(quemadmo-
1181 2989 1407 3054 Cfecissem'
1400 3009 1432 3051 m
1461 2990 1507 3051 eis
1536 3008 1608 3071 quaa
1633 2989 1742 3051 nullus
1769 2987 1851 3050 alius
1874 2969 2004 3062 fecit'*

355 3089 495 3163 ,dum
512 3089 637 3152 Gedeon
654 3096 746 3151 nocte
762 3089 918 3168 confregit
932 3096 1066 3150 statuam
1080 3088 1164 3161 ltaal,
1221 3095 1386 3170 peccatum
1407 3106 1470 3151 non
1490 3087 1653 3150 haberent

300 3205 306 3217 ·
419 3186 565 3270 proprios
590 3187 707 3248 timens
730 3186 890 3266 concives)
911 3204 918 3248 :
940 3193 972 3248 ιι
994 3185 1047 3247 hic
1071 3187 1167 3248 timor
1259 3187 1353 3250 Porro
1373 3186 1481 3267 aliqua
1501 3185 1665 3258 miracula,
1686 3185 1965 3248 communiter-lo

365 3339 370 3349 .
384 3321 406 3359 ι,
418 3284 480 3346 fuit
495 3285 757 3366 imperfectionis
769 3304 865 3367 quem
882 3284 1023 3367 perfecta
1037 3284 1166 3347 dilectio
1220 3284 1347 3366 quondo
1367 3284 1405 3346 de
1426 3283 1600 3357 miraculis,
1617 3282 1689 3346 fieri
1705 3293 1839 3366 possunt
1853 3301 1964 3366 coope-

300 3405 306 3417 ·
420 3382 517 3444 mittit
532 3383 624 3445 forae.
642 3383 698 3445 Vel
713 3383 799 3465 quia,
811 3402 911 3464 quum
927 3390 1011 3446 esset
1025 3383 1167 3445 nomina·
1220 3384 1342 3445 ratione
1362 3382 1490 3455 diaboli,
1512 3383 1595 3444 sicut
1617 3383 1655 3446 de
1674 3383 1869 3446 Antichristo
1888 3383 1965 3444 dicit

420 3490 470 3542 tus
486 3481 594 3543 doctor
609 3499 645 3542 ac
661 3481 809 3561 magister
824 3481 856 3542 in
872 3481 1167 3563 lsrael,aliqualiter
1219 3480 1389 3589 Apostolus
1406 3498 1413 3541 :
1431 3480 1528 3561 Cujus
1544 3481 1697 3543 adventus
1712 3481 1774 3544 crit
1788 3482 1963 3544 secundum
1977 3497 2067 3542 urea.

420 3577 695 3642 verecundabatur
715 3597 748 3640 se
767 3577 955 3640 submittere
975 3578 1129 3660 publice
1122 3599 1167 3641 m-
1219 3587 1330 3690 operat
1331 3578 1437 3641 ionem
1458 3579 1614 3653 Sctanae,¹
1608 3599 1639 3641 m
1660 3579 1746 3641 omni
1769 3580 1994 3653 seductione,
1976 3565 2027 3612 ⁹¹⁰

281 3691 392 3734 ιιιιιιι
371 3705 406 3743 ιι,
421 3676 665 3740 formationibus
686 3676 770 3748 lesu,
787 3676 842 3757 qui
866 3674 1026 3737 sciebatur
1047 3676 1166 3738 litteras
1221 3677 1253 3738 in
1269 3677 1413 3758 signiset
1426 3676 1584 3758 prodigiis
1593 3678 1627 3738 ln
1641 3677 1830 3760 Apocalypsi
1842 3695 1965 3760 quoque

275 3757 308 3798 ¹⁵
420 3792 484 3837 non
505 3773 678 3836 didicisse:
696 3781 727 3835 et
742 3774 801 3835 hoc
821 3773 935 3835 fuisset
953 3773 1089 3853 alicujus
1107 3775 1167 3836 ela
1220 3776 1264 3837 art
1277 3775 1435 3837 loannes
1453 3775 1533 3837 Sunt
1547 3794 1634 3837 emm
1650 3775 1781 3856 spiritus
1797 3775 1965 3839 daemomo
1988 3795 2062 3847 uper

420 3873 526 3937 tionis.
550 3872 618 3947 Vel,
642 3881 676 3934 nt
701 3890 738 3934 eo
761 3871 905 3945 liberine,
929 3889 993 3952 quo
1014 3873 1166 3935 secretius
1221 3894 1293 3936 rum
1309 3873 1462 3936 facientes
1482 3875 1582 3955 signa.
1600 3875 1750 3948 Quamvis
1769 3882 1876 3938 autem
1893 3858 2001 3938 talia¹
2002 3887 2007 3896 ·

421 3973 604 4055 loqueretur
635 3989 708 4032 cum
738 3970 823 4032 lesu.
855 3970 1010 4033 Convenit
1039 3989 1166 4052 quoque
1221 3972 1286 4034 sint
1301 3972 1454 4033 miracula
1469 3979 1623 4053 quantum
1638 3971 1677 4034 ad
1693 3973 1823 4035 modum
1841 3974 1964 4054 agendi,

420 4079 547 4151 tempus
578 4068 737 4151 mysterio,
764 4067 843 4130 Nam
868 4067 940 4149 quia
969 4069 1001 4130 in
1025 4069 1166 4132 tenebris
1221 4088 1284 4132 uon
1301 4076 1406 4132 tamen
1423 4070 1583 4132 excedunt
1601 4070 1785 4133 facultatem
1801 4071 1898 4134 totius
1914 4091 1965 4133 na·

421 4168 537 4230 mentis
557 4165 793 4250 quodammodo
815 4165 885 4239 fuit,
900 4165 1087 4248 imperfecte
1102 4186 1166 4229 cre·
1181 4166 1206 4228 D
1221 4176 1300 4231 turae
1321 4175 1444 4242 creatae,
1460 4168 1514 4229 sed
1538 4187 1594 4250 per
1615 4168 1755 4230 occultas
1775 4170 1966 4232 naturalium

420 4266 525 4328 dendo
540 4266 705 4338 inlesum,
722 4271 753 4325 et
773 4263 988 4344 spiritualium
1005 4261 1167 4348 mysterio·
1221 4285 1327 4328 rerum
1354 4266 1487 4328 virtutes
1511 4274 1648 4347 aguntur
1670 4285 1676 4328 :
1698 4269 1965 4349 quemadmodum

420 4383 491 4426 rum
508 4363 652 4426 notitiam
668 4381 731 4425 non
748 4361 904 4436 habende,
916 4369 1000 4425 recte
1015 4364 1167 4426 asseritur
1221 4365 1303 4445 magi
1318 4383 1373 4426 seu
1386 4365 1614 4426 necromantici
1628 4365 1805 4442 Pharaonis,
1810 4367 1925 4430 lennes
1937 4375 1966 4430 ιι

272 4477 332 4522 ιιιιι
341 4483 406 4531 ιιι
420 4469 513 4524 ιιοιιι
529 4478 675 4523 venisse
693 4461 962 4541 quemadmodum
977 4462 1072 4523 lllarra
1087 4463 1166 4542 Mag
1220 4463 1387 4536 Mambrcs,
1405 4463 1609 4544 projecerunt
1624 4483 1728 4544 virgas
1743 4484 1827 4540 suas
1839 4484 1966 4528 comer
1980 4475 2067 4584 ψ’·-

419 4560 532 4622 dalene
556 4558 644 4620 seuit
664 4559 701 4620 ad
726 4567 969 4621 mouumentum
993 4579 1092 4641 quum
1115 4562 1167 4622 ad·
1220 4561 1431 4642 labunturque
1448 4561 1604 4642 protinus,
1621 4563 1820 4636 utdiciturs
1813 4584 1845 4626 ru
1860 4543 2021 4627 draco-¹²¹*
1978 4608 1995 4646 7
2012 4542 2066 4582 ’Μ’

418 4658 482 4720 buc
498 4655 638 4718 tenebra
653 4663 768 4732 essent,
779 4674 842 4719 non
861 4657 992 4720 credens
1008 4657 1113 4720 Christ
1100 4666 1167 4721 tum
1220 4678 1297 4738 nes;
1322 4653 1541 4769 produxerunt
1555 4660 1652 4722 etiem
1672 4680 1775 4736 ranas,
1796 4669 1828 4724 et
1845 4662 1963 4725 malefi-

418 4754 640 4818 resurrexisse.
1220 4757 1278 4820 ciis
1292 4757 1357 4819 suis
1371 4765 1596 4820 converterunt
1610 4778 1706 4841 aquas
1720 4760 1752 4822 in
1766 4759 1962 4841 sanguinem,

458 4857 502 4916 Er
521 4853 611 4912 dimit
629 4855 661 4912 ci
674 4875 686 4913 :
701 4855 817 4923 Radbt',
833 4856 953 4914 scimus
972 4856 1051 4933 quio
1066 4875 1085 4914 a
1099 4859 1165 4917 Deo
1220 4864 1255 4918 ut
1280 4856 1395 4937 legitur
1419 4856 1451 4917 in
1475 4857 1591 4919 Exodo.
1612 4857 1698 4919 Talia
1718 4877 1794 4921 vero
1814 4859 1964 4922 miracula

419 4953 549 5022 venisti,
566 4951 596 5013 id
617 4960 675 5026 est,
692 4951 846 5013 divinitus
867 4951 982 5014 missus
1003 4971 1048 5026 es,
1064 4956 1167 5030 mcpr'-
1219 4956 1315 5018 etiam
1346 4955 1446 5017 multa
1469 4954 1547 5018 fecit
1571 4956 1725 5032 Christus,
1753 4959 1964 5020 convertendo

418 5061 485 5110 ster
509 5049 661 5112 veritatis.
688 5049 732 5111 De
757 5066 820 5130 quo
849 5049 881 5110 in
907 5049 985 5112 Osee
1010 5051 1163 5132 scriptum
1218 5072 1334 5134 aquam
1351 5053 1383 5114 in
1398 5053 1522 5126 vinum,
1539 5055 1623 5136 quod
1639 5053 1717 5116 facit
1732 5061 1844 5117 natura
1861 5055 1964 5138 paula-

278 5164 403 5216 omnm
417 5155 466 5210 est
482 5165 489 5208 :
506 5147 645 5228 Tempus
665 5146 847 5228 requirendi
865 5147 1047 5222 Dominum,
1064 5168 1163 5230 quum
1219 5151 1277 5213 tim
1294 5151 1327 5212 in
1342 5151 1476 5231 vitibus3
1488 5159 1520 5214 et
1535 5152 1746 5215 illuminando
1761 5155 1961 5236 caecos,quod

417 5245 541 5309 venerit
555 5243 609 5326 qui
625 5243 753 5306 docebit
767 5262 823 5306 vos
837 5243 1016 5327 justitiam3
1033 5252 1064 5308 et
1078 5248 1161 5329 apud
1220 5248 1379 5311 interdum
1397 5248 1434 5310 fit
1448 5255 1515 5312 arte
1532 5250 1707 5314 medicinae.
1725 5251 1762 5314 Et
1782 5251 1843 5314 ista
1859 5271 1916 5335 per
1930 5270 1962 5314 se
